4244 6254
333 608 343 615 ’
1023 603 1292 703 ΑΝ.
1385 603 1872 709 MANL.

1982 607 2329 711 SEV.
2425 612 2957 720 ΒΟΕΤΙΙ

848 820 1023 940 ΙΝ
1118 814 2303 946 PORPHYRIUM
2396 824 3177 958 DIALOGI

1334 1035 1392 1110 Α
1443 1035 1997 1118 VICTOBINO
2050 1037 2643 1123 TBANSLATI.

1374 1290 2009 1395 DIALOGUS
2074 1295 2596 1403 PRIMUS.

427 1534 731 1589 lliemantis
754 1536 879 1590 anni
911 1545 1151 1604 tempore
1171 1538 1224 1590 in
1252 1535 1484 1591 Aurelia:
1515 1540 1790 1594 mrmtibus
1810 1556 1937 1595 con-
1963 1547 2013 1604 Α
2040 1552 2228 1596 essent
2261 1544 2471 1599 subdita
2501 1550 2713 1616 species
2738 1554 2993 1622 appellari
3030 1574 3043 1609 :
3077 1573 3236 1628 porro
3267 1569 3443 1618 autem
3483 1581 3615 1621 unn-

345 1640 719 1688 cesseramus,
777 1636 935 1695 atque
974 1627 1043 1680 ibi
1086 1638 1210 1680 tunc
1256 1642 1376 1680 cum
1430 1627 1714 1683 violentior
1760 1641 1939 1686 auster

347 1714 612 1781 ejecisset
638 1717 809 1768 noctis
840 1716 1292 1786 placidamatque
1318 1719 1655 1774 exturbasset
1680 1721 1936 1789 quietem,

349 1818 639 1860 recensere
669 1805 875 1859 libitum
910 1816 992 1860 est
1026 1822 1089 1860 ea
1117 1822 1232 1876 qua:
1254 1809 1551 1863 άοοιίε›ὶιιιί
1591 1810 1689 1863 viri
1718 1812 1784 1864 ad
1815 1812 1938 1865 illu-

350 1894 632 1949 minandas
680 1895 1075 1965 quodammodo
1127 1899 1265 1952 acies
1319 1898 1623 1956 intellectus
1670 1901 1937 1960 densitate

344 1985 816 2054 caligantissimas,
844 1986 1162 2055 quibusdam
1189 1991 1338 2057 quasi
1363 1991 1763 2048 introductoriis
1784 2010 1935 2050 cum-

352 2075 628 2129 mentariis
672 2075 976 2130 ediderunt.
1019 2076 1148 2146 Ejus
1196 2093 1329 2133 vero
1369 2081 1448 2134 rei
1494 2082 1687 2137 Fabius
1720 2083 1931 2139 initium

351 2166 499 2230 fecit,
526 2166 617 2235 qui
649 2180 769 2219 cum
803 2182 888 2220 me
927 2166 1126 2220 lectulo
1154 2168 1577 2236 recumbentem,
1602 2183 1654 2225 et
1687 2172 1930 2242 quaedam

349 2268 510 2322 super
554 2255 756 2309 eisdem
780 2255 947 2331 rebus
985 2255 1309 2325 cegitantem
1360 2258 1811 2333 meditantemque
1857 2265 1933 2319 vi-

350 2343 535 2409 disset,
580 2345 844 2411 hortatus,
876 2354 933 2399 ut
972 2346 1113 2415 quod
1142 2362 1285 2415 smpe
1315 2364 1463 2403 eram
1503 2351 1788 2419 pollicitus,
1831 2355 1933 2409 ali-

349 2449 504 2503 quam
541 2434 613 2489 illi
639 2435 755 2504 ejus
784 2437 861 2491 rei
908 2437 1173 2491 traderem
1217 2439 1576 2508 disciplinam.
1623 2442 1926 2514 Complaci-

348 2530 458 2577 tnm
488 2531 571 2578 est
605 2526 783 2594 igitur,
811 2526 1064 2595 quoniam
1107 2536 1234 2582 tunc
1263 2538 1316 2582 et
1347 2529 1689 2587 familiarium
1727 2536 1924 2591 saluta-

348 2609 551 2677 tiones,
578 2621 633 2665 et
663 2612 958 2666 domestica
986 2614 1197 2681 negotia
1227 2617 1527 2672 cessabant.
1560 2620 1923 2692 Interrogatus

345 2712 374 2753 ἢ
413 2715 505 2754 me
532 2715 661 2770 ergo
685 2715 848 2770 super
878 2702 1066 2772 quibus
1094 2705 1249 2759 vellet
1271 2708 1426 2763 rebus
1457 2726 1543 2765 me
1578 2713 1814 2770 enodare
1844 2724 1947 2777 ιιι-η

345 2804 453 2859 que
480 2792 749 2858 expedire,
771 2801 895 2846 tunc
926 2791 1120 2849 Fabius
1143 2813 1156 2847 :
1182 2796 1463 2865 Quoniam,
1486 2801 1680 2871 inquit,
1714 2814 1924 2871 tempus

345 2880 412 2933 ad
435 2881 607 2933 studia
640 2890 811 2946 vacat,
845 2882 1026 2937 ethoc
1054 2886 1219 2940 otium
1262 2888 1313 2941 in
1339 2888 1620 2945 honestum
1652 2897 1921 2963 negotium

345 2973 583 3026 converti
605 2973 747 3038 licet,
790 2989 920 3043 rogo
947 2984 1001 3029 ut
1026 2978 1153 3031 mihi
1186 2980 1420 3048 explices
1444 2984 1494 3037 id
1522 2985 1662 3053 quod
1690 2986 1920 3041 Victori-

343 3077 443 3116 nus
470 3072 646 3117 orator
671 3065 752 3116 sui
789 3066 1048 3133 temporis
1080 3065 1609 3129 ferme‘doctissimus
1629 3091 1657 3129 a
1682 3076 1919 3149 Porphy-

343 3153 425 3207 rio
477 3167 570 3222 per
614 3157 935 3227 εἰσαγωγὴ),
990 3155 1043 3209 id
1094 3169 1175 3212 est
1221 3175 1317 3227 per
1365 3162 1667 3219 iutroductb
1692 3180 1812 3221 nem
1867 3169 1918 3222 in

344 3244 640 3299 Aristotelis
661 3244 701 3299 C
720 3246 971 3316 .tegorias
999 3247 1189 3303 dicitur
1211 3254 1567 3311 transtulisse.
1600 3257 1667 3312 Et
1690 3260 1915 3326 primum

341 3332 637 3401 disciplinis
663 3335 996 3389 didascalicis
1032 3340 1259 3407 quibusd
1299 3358 1349 3396 m
1388 3360 1474 3398 me
1502 3346 1703 3411 imbue,
1728 3351 1918 3418 quibus

343 3424 670 3491 rxpositores
701 3426 784 3480 vel
825 3428 989 3483 etiam
1030 3441 1502 3499 commentatores,
1538 3446 1593 3492 ut
1627 3438 1919 3509 discipulo-

342 3527 452 3567 rum
481 3515 690 3569 animos
717 3516 991 3573 docilitate
1030 3520 1257 3589 quadam
1298 3536 1631 3590 assuescant,
1678 3538 1918 3587 utuntur.

340 3602 485 3657 l'unc
521 3620 657 3674 ego:
691 3606 793 3661 Sex
834 3608 1073 3676 omnino,
1119 3610 1355 3681 inquam,
1392 3615 1630 3684 magistri
1676 3617 1725 3671 in
1771 3621 1915 3675 omni

340 3694 669 3761 expositione
700 3698 1002 3765 prmlibant.
1042 3700 1360 3757 Praedocent
1388 3708 1530 3759 enim
1563 3722 1682 3776 quae
1722 3711 1792 3765 sit
1824 3727 1918 3766 cu-

336 3798 635 3854 iuscunque
675 3788 851 3855 operis
893 3788 1139 3856 intentio,
1187 3794 1327 3861 quod
1375 3797 1512 3864 apud
1559 3798 1680 3854 illos
1723 3804 1917 3865 σκόπος

337 3884 579 3927 vocatur.
605 3876 907 3931 Secundum
931 3895 1049 3949 quae
1078 3882 1296 3950 utilitas,
1328 3887 1471 3954 quod
1495 3904 1525 3941 a
1551 3889 1750 3946 Graecis
1775 3899 1915 3968 χρή-

338 3985 487 4035 τιμον
518 3965 835 4033 appellatur.
872 3969 1109 4025 Tertium
1138 3975 1226 4043 qui
1272 3977 1428 4042 ordo,
1456 3981 1597 4047 quod
1630 3982 1800 4039 ϐπ·ωοί
1821 3965 1915 4041 tvo-

335 4066 464 4108 cant
510 4059 669 4120 τάξιν.
699 4058 929 4125 Quarum
959 4064 1002 4116 si
1033 4064 1149 4133 ejus
1193 4068 1344 4135 cujus
1384 4084 1503 4126 esse
1531 4087 1663 4142 opus
1695 4076 1914 4146 dicitur,

2040 1647 2198 1701 quam
2230 1650 2397 1705 genus
2422 1640 2511 1692 uni
2546 1644 2741 1710 speciei
2780 1660 2944 1715 genus
2976 1664 3094 1705 esse
3128 1666 3303 1720 posse,
3335 1656 3427 1710 sed
3457 1660 3615 1726 pluri-

2042 1723 2159 1777 bus.
2192 1724 2379 1781 Plurcs
2421 1738 2598 1785 autem
2636 1735 2844 1801 species
2887 1752 2991 1792 non
3023 1755 3180 1808 posse
3210 1758 3332 1800 esse
3362 1748 3615 1817 multipli-

2039 1830 2151 1883 ces,
2187 1818 2290 1872 nisi
2330 1835 2422 1875 eas
2448 1823 2623 1893 aliqua
2668 1826 2918 1884 discretio
2947 1844 3177 1901 separet.
3222 1836 3278 1893 Si
3306 1841 3448 1894 enim
3486 1842 3614 1897 nihil

2038 1911 2138 1964 sibi
2164 1911 2454 1970 dissimiles
2475 1915 2667 1982 forent,
2694 1935 2795 1975 una
2824 1926 3031 1991 Species
3053 1943 3156 1981 non
3190 1930 3510 2001 multiplices
3534 1936 3612 1988 vi-

2038 1998 2314 2057 derentur.
2357 2003 2446 2059 Illa
2478 2006 2643 2077 igitur
2669 2010 2861 2066 divisio
2908 2023 2965 2069 et
2996 1998 3372 2076 dissimilitudo
3408 2026 3611 2093 specie-

2038 2107 2155 2146 rum
2190 2093 2504 2152 diﬂ‘erentia:
2532 2102 2746 2157 nomine
2778 2106 3077 2164 vocitantur
3125 2111 3310 2167 Omnia
3334 2130 3460 2170 ver.»
3494 2132 3612 2185 qua:

2037 2182 2213 2252 aliqua
2245 2201 2302 2239 re
2322 2186 2595 2254 differunt,
2631 2192 2744 2248 ﬁeri
2772 2195 2931 2251 aliter
2969 2215 3073 2253 non
3104 2213 3330 2270 possunt
3360 2207 3457 2260 nisi
3490 2182 3610 2274 qni-

2035 2270 2260 2328 busdam
2295 2282 2527 2348 propriis
2557 2284 2912 2355 solitariisque
2957 2291 3159 2344 naturis
3190 2293 3436 2363 insignita
3480 2297 3606 2349 sint.

2034 2362 2211 2433 Atque
2245 2365 2359 2421 lucc
2398 2369 2677 2426 hactenus.
2711 2373 2911 2429 Videns
2948 2392 3076 2448 ergo
3118 2382 3260 2450 quod
3292 2362 3467 2438 omnis
3494 2401 3611 2440 om-

2029 2453 2177 2508 nium
2206 2456 2535 2526 disparilitas
2567 2462 2617 2515 in
2644 2466 2850 2532 gemina
2881 2482 3059 2523 rerum
3101 2473 3359 2543 principia
3400 2491 3608 2535 secare-

2029 2552 2133 2608 tar,
2170 2545 2221 2598 in
2249 2547 2600 2605 substantiam
2625 2563 2784 2623 atque
2822 2559 3089 2629 accidens,
3123 2562 3193 2618 ita
3225 2573 3281 2618 ut
3320 2581 3490 2638 neque
3519 2585 3607 2627 ae-

2025 2634 2208 2690 cidens
2254 2638 2374 2694 sine
2419 2642 2733 2710 substantia,
2785 2662 2957 2718 neque
3002 2653 3119 2709 sine
3169 2634 3431 2714 accidenti
3479 2663 3605 2717 sub-

2024 2726 2220 2779 stantia
2279 2741 2397 2783 esse
2457 2734 2641 2798 possit.
2701 2737 2967 2795 Accidens
3012 2743 3209 2813 quippe
3256 2747 3373 2805 sine
3422 2751 3604 2821 aliquo

1953 2834 2001 2892 Β
2026 2816 2333 2872 substantiae
2366 2819 2711 2878 fundamento
2757 2842 2877 2883 esse
2918 2846 3021 2895 non
3065 2843 3277 2901 potest:
3303 2816 3602 2899 substantia

2030 2922 2159 2960 vero
2187 2909 2297 2976 ipsa
2321 2911 2436 2964 sine
2459 2916 2762 2982 superjecto
2788 2920 3063 2977 accidente
3084 2920 3251 2982 videri
3277 2932 3423 2986 nullo
3438 2936 3602 2991 modo

2026 3007 2219 3065 potest.
2256 3001 2325 3056 Ut
2353 3004 2494 3057 enim
2525 3008 2673 3059 color
2705 3008 2771 3062 sit
2801 3011 2940 3079 quod
2968 3022 3049 3067 est
3083 3016 3348 3086 accidens,
3380 3022 3437 3077 in
3480 3040 3601 3081 cor-

2023 3104 2153 3157 pore
2180 3092 2281 3144 erit
2306 3093 2447 3161 quod
2469 3107 2548 3149 est
2576 3097 2891 3169 substantia.
2928 3102 3093 3160 Porro
3121 3116 3296 3163 autem
3320 3125 3445 3168 cum
3474 3130 3599 3172 cor-

2023 3192 2156 3246 pus,
2191 3179 2245 3234 id
2300 3192 2383 3238 est
2428 3185 2779 3244 substantiam
2828 3192 3061 3262 videris,
3122 3198 3425 3272 insignitam
3473 3222 3594 3267 eam

2021 3270 2307 3335 accidenti,
2356 3272 2525 3330 idest
2553 3278 2731 3349 aliquo
2775 3283 2957 3340 colore
2994 3270 3268 3361 respicies.
3318 3296 3498 3368 Itaque
3538 3301 3597 3357 Iit

2022 3368 2079 3411 ut
2107 3374 2281 3457 neque
2308 3364 2603 3423 substantia
2636 3381 2828 3438 praeter
2856 3371 3105 3433 accidens
3125 3381 3216 3450 sit,
3249 3364 3425 3457 neque
3449 3392 3594 3446 arci.

2020 3448 2155 3504 dens
2180 3439 2223 3505 'a
2262 3454 2560 3512 subsutntia
2600 3461 2948 3530 relinquatur.
2997 3468 3093 3525 Ubi
3125 3439 3267 3529 enim
3297 3439 3590 3538 substantia

2021 3541 2140 3607 fuit,
2170 3558 2291 3598 mox
2317 3548 2563 3605 accidens
2589 3567 2931 3613 consecutum
2960 3572 3061 3617 est.
3100 3565 3416 3635 Speculatus
3438 3571 3597 3642 igitur

2020 3630 2348 3703 Porphyrius
2379 3638 2431 3690 in
2473 3639 2556 3695 his
2594 3642 2662 3697 du
2700 3645 2796 3701 bus
2824 3651 3003 3719 rebus,
3036 3654 3086 3709 id
3122 3630 3208 3711 est
3250 3630 3512 3719 accidenti
3541 3630 3597 3722 et

2017 3720 2334 3793 substantia,
2372 3742 2590 3797 genera,
2632 3738 2858 3804 species,
2890 3744 3124 3813 propria,
3154 3746 3595 3827 dilfiarcntiasque

2018 3813 2239 3877 versari,
2270 3823 2325 3869 et
2352 3819 2491 3885 quod
2520 3820 2631 3890 ipsa
2662 3839 2754 3894 per
2783 3843 2843 3883 se
2886 3831 2992 3887 sint
3018 3849 3211 3904 genera
3254 3813 3522 3913 subjectis
3536 3857 3592 3905 et

2017 3901 2415 3969 sutijaceutibus
2446 3913 2749 3982 speciebus,
2780 3934 2898 3989 qua:
2933 3901 3249 3986 diﬁbrentiis
3282 3901 3595 4008 etpropriis

2017 3991 2281 4061 insignita:
2312 4007 2467 4064 sunt,
2499 4006 2684 4058 statuit
2718 4010 3082 4079 principaliter
3111 4019 3179 4073 de
3208 3991 3434 4095 genere,
3465 3991 3590 4098 spe-

2017 4081 2120 4147 cie,
2162 4083 2480 4153 differentia,
2538 4096 2872 4166 propriisque
2925 4109 3175 4161 tractare.
3209 4081 3589 4183 VEt’quoniam

328 4161 617 4212 germanus
643 4153 997 4222 propriusque
1025 4155 1160 4211 liber
1195 4168 1296 4223 est,
1332 4162 1471 4230 quod
1498 4171 1704 4236 γνήσιον
1734 4170 1904 4225 inter-
1932 4160 1977 4222 C
2012 4178 2263 4228 tractatus
2300 4174 2385 4231 hic
2433 4178 2486 4233 in
2525 4181 2964 4259 definitionibus,
3014 4204 3070 4249 ut
3108 4209 3229 4269 post
3256 4153 3591 4277 docebimus,

332 4236 529 4277 nrelnri
553 4238 686 4277 cnlm
739 4240 993 4277 ﬂuintnm
1021 4260 1138 4277 num
1170 4248 1231 4277 ρει
1264 4248 1376 4277 AL...
1410 4256 1582 4277 ...η-τ-
1613 4257 1876 4277 :_--_s_.o-
2038 4276 2041 4277 ,
2138 4262 2151 4277 ι
2223 4265 2234 4277 .
2346 4267 2357 4277 .
2462 4272 2473 4277 -

332 4236 530 4303 pretari
552 4238 708 4291 solet.
739 4240 994 4305 Quintum
1021 4260 1138 4313 quae
1169 4248 1237 4301 sit
1263 4248 1379 4316 ejus
1408 4256 1584 4320 Operis
1612 4257 1909 4328 inscriptio,

334 4327 470 4396 quod
512 4330 786 4403 ἐπιγραφήν
828 4333 1000 4388 Graeci
1034 4339 1333 4398 nominant.
1373 4343 1425 4396 In
1459 4346 1559 4400 hoc
1586 4351 1744 4404 etiam
1771 4353 1909 4421 quod

334 4422 679 4477 rntentionem
721 4425 980 4495 cujusque
1014 4429 1133 4484 libri
1175 4434 1458 4492 insolenter
1496 4440 1912 4512 interpreiaren-

333 4520 438 4573 tur,
484 4511 551 4565 de
600 4513 953 4584 inscriptione
992 4535 1199 4590 quoque
1247 4529 1423 4593 operis
1466 4532 1604 4599 apud
1642 4511 1907 4603 quosdam

332 4600 508 4651 minus
536 4600 789 4655 callentes
813 4604 1114 4662 hzes‘tatum
1145 4622 1246 4665 est.
1274 4614 1493 4672 Sestum
1520 4600 1680 4676 estid
1703 4626 1904 4696 dicere,

332 4689 393 4740 ad
425 4705 582 4759 quam
602 4704 805 4760 partem
836 4698 1185 4768 philosophia:
1213 4707 1578 4781 cujuscunque
1601 4716 1718 4770 libri
1752 4689 1912 4773 duca;

332 4789 419 4833 tur
455 4782 696 4852 intentio,
748 4791 887 4856 quod
932 4791 1117 4847 Grmca
1162 4801 1400 4858 oratione
1447 4805 1640 4862 dicitur
1666 4814 1737 4872 εἰς
1769 4822 1911 4867 ποῖον

328 4877 487 4949 μέρος
511 4878 789 4951 φιλννσοφίας
816 4885 1076 4956 ἀνάγετκι.
1106 4888 1229 4945 "me
1249 4908 1377 4964 ergo
1390 4898 1565 4954 omnia
1595 4902 1646 4955 in
1670 4904 1911 4972 quolibet

328 4964 681 5033 philosophiae
722 4970 856 5025 libro
894 4977 1063 5042 qureri
1110 4986 1379 5051 convenit,
1432 4996 1594 5055 atque
1640 4964 1906 5062 espediri.

326 5053 475 5108 Tunc
502 5057 721 5123 Fabius,
753 5077 872 5130 qua:
893 5076 1038 5121 esset
1058 5068 1465 5130 introductionis
1492 5053 1908 5141 intentio'inter-

327 5150 550 5217 rogavit.
593 5153 659 5205 Et
684 5168 787 5223 ego
830 5156 1085 5227 inquam:
1119 5164 1458 5232 Aristoteles,
1496 5174 1584 5239 qui
1617 5173 1786 5230 factus
1827 5187 1910 5232 est

329 5238 735 5299 introductionis
777 5261 933 5315 pons,
979 5267 1083 5305 non
1135 5256 1287 5310 aliter
1310 5238 1531 5331 intelligi
1565 5274 1760 5332 potest,
1804 5269 1907 5323 nisi

324 5330 482 5395 ipsas
510 5344 593 5384 res
617 5333 682 5387 de
718 5336 919 5407 quibus
952 5339 1319 5409 disputaturus
1362 5356 1463 5411 est,
1494 5330 1576 5404 ad
1607 5357 1909 5427 intelligen-

2022 4262 2281 4332 proderit,
2314 4267 2360 4322 si
2386 4272 2505 4340 quis
2535 4284 2710 4331 autem
2742 4278 2795 4335 in
2825 4282 3137 4346 definitione
3167 4299 3403 4364 generali
3432 4315 3594 4371 ponat

2018 4356 2286 4425 accidens,
2334 4377 2453 4417 eum
2504 4380 2611 4421 non
2655 4380 2801 4426 recte
2841 4373 3064 4434 deﬁnire
3113 4356 3450 4444 manifestum
3490 4402 3593 4460 est,

2016 4447 2156 4513 quod
2189 4464 2287 4505 suo
2313 4452 2429 4509 loco
2468 4459 2801 4529 tractabitur,
2834 4470 3017 4523 statuit
3057 4486 3220 4541 pauca
3252 4478 3318 4534 de
3346 4447 3594 4541 acciden:

2018 4540 2157 4595 tibus
2187 4546 2482 4611 prtelibare.
2523 4552 2596 4606 Ita
2624 4556 2765 4610 enim
2800 4574 2897 4614 nos
2930 4540 3375 4631 prudentissimus
3407 4575 3593 4634 doctor

2016 4630 2265 4699 instituit,
2297 4645 2352 4690 ut
2375 4647 2500 4692 tunc
2530 4641 2581 4695 in
2607 4630 3004 4706 deﬁnitionibus
3026 4656 3349 4721 quibuslibet
3378 4664 3589 4731 plenam

2014 4722 2291 4777 scienti-m
2341 4741 2595 4794 queamus
2643 4737 2906 4804 accipere,
2952 4758 3071 4795 cum
3119 4748 3259 4816 quod
3308 4754 3474 4819 prosit
3517 4759 3594 4813 di-

2015 4819 2155 4862 ctum
2190 4811 2278 4880 sit,
2310 4824 2364 4869 et
2390 4818 2531 4885 quod
2573 4836 2677 4876 non
2710 4826 2778 4880 sit
2802 4828 2956 4897 utile,
2984 4811 3321 4909 segregetur:
3346 4845 3468 4903 Htec
3500 4811 3595 4922 igi-

2016 4907 2102 4954 tur
2130 4901 2284 4972 hujus
2314 4908 2492 4976 operis
2534 4911 2755 4972 intentio
2785 4930 2888 4989 est,
2918 4923 2987 4980 de
3015 4901 3231 4999 genere,
3263 4938 3461 5009 Specie,
3495 4901 3596 4997 dcit?-

2013 4990 2277 5061 ferentiis,
2311 5003 2564 5070 propriis,
2593 4990 3067 5088 aceideutibusque
3099 4990 3344 5083 tractare.
3380 4990 3473 5086 Hie
3502 5033 3595 5086 Fa-

2014 5082 2168 5138 bius:
2207 5088 2499 5158 Expedisti,
2532 5095 2723 5166 inquit,
2766 5102 2834 5157 de
2872 5082 3189 5179 intentione,
3232 5133 3368 5173 nunc
3394 5122 3594 5176 utilita-

2015 5181 2119 5228 tem
2169 5179 2398 5247 explica.
2455 5183 2635 5253 Varia,
2683 5190 2918 5262 inquam,
2969 5208 3023 5254 et
3069 5207 3342 5274 multiplex
3389 5209 3439 5261 in
3490 5211 3591 5264 hoc

2012 5278 2176 5332 opere
2235 5274 2587 5332 commoditas
2646 5282 2953 5356 utilitasque
3016 5304 3277 5349 versatur.
3348 5298 3586 5357 Primum

2012 5356 2149 5413 enim
2206 5358 2257 5413 in
2312 5363 2615 5425 Aristotelis
2655 5379 2953 5445 categorias
3007 5397 3261 5450 perquam
3318 5389 3586 5451 uberrime
3640 5373 3645 5378 ’

1778 5417 1807 5427 ν
2419 5417 2424 5418 ⁷
2471 5417 2614 5425 """
2657 5417 2859 5445 ""‘"O‘"
2874 5417 2953 5432 ⁵⁸⁵⁸
3007 5417 3261 5450 γυιιιυαιιι
3319 5417 3585 5451 υυιτηιιιιϐ

324 5417 463 5469 tiam
497 5431 868 5487 prmparemus.
905 5426 1103 5485 Videris
1148 5434 1288 5491 enim
1320 5437 1648 5511 Porphyrius
1682 5448 1822 5515 quod
1854 5449 1905 5503 in
1933 5454 1985 5512 Ι)
2014 5452 2265 5518 prodest.
2297 5456 2432 5523 Quid
2486 5475 2661 5520 autem
2694 5472 2860 5537 prosit
2896 5471 3156 5541 dicemus,
3199 5494 3319 5536 cum
3361 5485 3428 5542 de
3471 5490 3585 5561 ejus

324 5506 493 5560 rebus
516 5511 759 5561 omnibus
781 5527 964 5561 CSSRI‘II
990 5521 1237 5561 nuntiam
1270 5526 1437 5561 ηιιῖηιο
1468 5539 1653 5561 nul-ann
1714 5549 1776 5561 Α-
1804 5540 1887 5561 ---ε
2016 5539 2027 5561 I
2056 5542 2131 5561 ιψε
2184 5544 2195 5556 ο
2332 5549 2343 5561 ο
2412 5550 2423 5561 .
2758 5559 2767 5561 _

319 5506 493 5560 rebus
516 5511 759 5566 omnibus
781 5527 964 5572 essent
990 5521 1237 5588 quaedam
1270 5506 1441 5595 prima
1468 5506 1677 5599 natura,
1697 5506 1777 5589 ex
1799 5540 1909 5607 qui-

315 5593 678 5662 bus’omnia,
722 5602 858 5659 velut
886 5621 951 5661 ex
996 5609 1175 5680 aliquo
1222 5593 1371 5672 fonte
1405 5632 1703 5689 manarent,
1736 5636 1789 5681 et
1819 5628 1906 5683 illa

314 5699 440 5751 qua:
483 5688 657 5754 prima
708 5705 906 5764 essent,
940 5709 993 5754 et
1038 5704 1378 5763 subsistentia
1425 5727 1565 5779 esse,
1607 5727 1660 5770 et
1696 5724 1908 5787 generis

314 5775 579 5832 vocabulo
608 5789 930 5854 nuncupari.
974 5790 1143 5847 Porro
1175 5808 1350 5852 autem
1385 5817 1652 5874 nunquam
1678 5824 1797 5865 esse
1822 5827 1906 5879 ge-

312 5879 411 5919 nus
452 5883 625 5936 posse,
661 5875 761 5928 nisi
795 5878 843 5928 ei
877 5881 1121 5944 quaedam
1157 5887 1255 5939 alia
1300 5892 1675 5965 subderentur,
1706 5908 1759 5952 et
1784 5916 1905 5968 qua:

676 5965 790 6022 Ρη
809 5982 953 6024 λοι...
988 5970 1211 6032 LXIV.

2014 5539 2132 5596 libri
2184 5544 2534 5617 inscriptione
2584 5559 2947 5628 tractameus,
2996 5565 3091 5619 sed
3136 5571 3186 5623 in
3229 5576 3420 5640 quibus
3466 5539 3583 5637 aliis

2013 5635 2200 5701 prosit,
2232 5642 2409 5702 paucis
2440 5642 2786 5710 philos0phize
2813 5648 2979 5717 ipsius
3009 5635 3269 5716 divisione
3300 5664 3435 5722 facta
3468 5686 3582 5741 per.

2011 5721 2286 5791 stringam.
2318 5726 2381 5779 Et
2411 5729 2555 5795 prius
2585 5732 2707 5799 quid
2735 5737 2804 5793 sit
2834 5738 2943 5808 ipsa
2978 5746 3310 5822 philosophia
3339 5721 3581 5819 conside-

2012 5814 2235 5867 randum
2267 5826 2366 5871 est.
2405 5819 2497 5873 Est
2541 5825 2680 5880 enim
2708 5830 3039 5905 philosophia
3069 5814 3220 5901 amor
3262 5858 3317 5904 et
3350 5855 3582 5913 studium

2014 5911 2067 5955 et
2106 5904 2334 5962 amicitia
2365 5912 2754 5981 quodammodo
2800 5904 3095 5997 sapientius.
3141 5938 3424 6007 Sapientia:
3455 5959 3582 6004 vero

3111 6025 3145 6084 1
