4244 6254
628 288 688 343 “
1841 303 1951 360 AN.
1998 305 2199 361 MANL.

2299 308 2390 362 sv.
2436 311 2654 368 BOE'I‘II
3824 340 3888 395 ιε

626 418 743 512 ιιοῇ
763 403 918 507 hujus
948 421 1062 507 qua:
1095 406 1153 509 in.
1179 410 1383 510 artibus
1409 411 1723 479 quibusdam
1757 423 1811 469 et
1843 417 1891 470 in
1918 418 2093 488 aliqua
2124 419 2198 473 fa-
2230 423 2279 480 Α
2310 420 2507 479 faciens
2540 428 2926 494 paenitendum.
2957 430 3199 487 Secunda
3234 450 3359 490 vero
3386 448 3467 493 est
3490 456 3607 509 qua:
3637 444 3886 512 reipubli-

626 494 743 549 brili
786 497 1005 550 scientia
1047 498 1339 569 notitiaque
1380 512 1645 571 versatur,
1676 505 1768 560 sed
1800 505 1940 562 illius
1983 510 2199 578 sapien-

624 585 730 652 tiae,
758 601 875 653 qua:
907 586 1106 643 nullius
1132 588 1394 655 indigens,
1420 591 1569 645 vivat
1598 609 1767 660 mens,
1803 605 1857 653 et
1883 598 1998 652 sola
2026 614 2202 653 rerum

625 679 877 745 primaeva
917 681 1051 732 ratio
1100 690 1201 734 est.
1254 680 1348 735 Est
1400 694 1578 737 autem
1621 685 1705 738 hic
1742 702 1893 739 amor
1930 690 2203 756 sapientiae

624 770 973 836 intelligentis
999 770 1164 824 animi
1194 771 1261 824 ab
1292 773 1380 826 illa
1412 789 1540 842 pura
1571 777 1831 845 sapientia
1864 776 2200 847 illuminatio,

620 868 674 912 et
703 860 1096 927 quodammodo
1126 860 1192 915 ad
1231 861 1463 930 seipsam
1496 866 1748 920 retraetio
1777 876 1935 935 atque
1970 869 2203 925 advoca—

624 948 716 1013 tio,
748 957 804 1001 ut
831 950 1075 1003 videatur
1096 951 1331 1005 studium
1364 968 1516 1021 teque
1539 954 1833 1023 sapientize,
1863 959 2094 1013 studium
2122 960 2203 1014 di-

620 1040 851 1093 vinitatis
890 1050 943 1094 et
984 1057 1129 1109 pura:
1169 1043 1365 1099 mentis
1396 1045 1540 1100 illius
1585 1048 1838 1103 amicitia.
1886 1051 2011 1108 llaec
2045 1054 2201 1123 igitur

623 1128 880 1194 sapientia
912 1140 1106 1182 cuncto
1137 1132 1437 1187 animarum
1471 1138 1650 1203 generi
1683 1140 1933 1194 meritum
1962 1157 2075 1195 sua:
2119 1143 2199 1197 di-
2240 1155 2243 1157 ‘

2307 529 2383 568 ca:
2430 531 2608 571 curam
2655 522 2973 589 suscipiens,
3015 535 3325 581 cunctorum
3364 532 3521 585 saluti
3563 548 3676 590 sua:
3708 540 3883 601 provi-

2283 606 2501 661 dentia:
2527 611 2763 680 solertia,
2791 623 2843 667 et
2865 614 3083 681 ju5tiiia:
3114 618 3267 683 libra,
3297 630 3351 674 et
3375 621 3700 681 fortitudinis
3722 628 3885 681 stabi-

2308 697 2477 764 litate,
2500 710 2551 754 et
2575 705 2939 769 temperantiae
2976 705 3227 773 patientia
3258 710 3520 767 medetur.
3547 715 3724 770 Tertia
3754 733 3883 771 vero

2307 803 2426 854 qua:
2445 790 2520 843 rei
2553 790 2830 845 familiaris
2863 792 3099 848 officium
3130 796 3385 853 mediocri
3415 815 3740 869 componens
3771 807 3884 859 dis-

2308 880 2574 945 positione
2625 881 2980 936 distribuitur.
3016 883 3153 940 Sunt
3178 886 3364 941 harum
3409 890 3568 944 etiam
3599 893 3718 947 alia:
3758 897 3883 951 sub-

2305 965 2616 1033 divisiones,
2655 984 2789 1038 quas
2832 987 2971 1026 nunc
3001 976 3247 1044 persequi
3288 982 3745 1046 supersedendum
3776 996 3881 1041 est.

2304 1059 2385 1113 Ad
2414 1061 2526 1114 hinc
2557 1060 2713 1130 igitur
2745 1072 2795 1116 ut
2826 1064 2948 1119 sciri
2991 1067 3200 1134 possint
3242 1078 3297 1123 et
3333 1074 3609 1141 superiora
3653 1054 3945 1146 intellig-if

2303 1159 2533 1217 queant,
2566 1154 2899 1208 necessarius
2949 1159 3177 1213 maxime
3226 1161 3634 1232 uberrimusque
3679 1166 3882 1221 fructus
3934 1148 3939 1157 ﬁ

618 1220 855 1273 vinitatis
882 1220 1125 1289 imponit,
1160 1234 1214 1278 et
1240 1225 1304 1279 ad
1335 1228 1601 1298 propriam
1634 1239 1836 1285 natura;
1863 1234 1967 1288 vim
1999 1238 2199 1303 purita-

616 1319 828 1378 temque
872 1312 1095 1368 reducit.
1149 1316 1284 1370 Hinc
1323 1320 1559 1373 nascitur
1586 1323 2006 1390 Speculationum
2045 1328 2196 1397 cogi-

616 1402 977 1472 tationumque
1020 1406 1239 1473 veritas,
1284 1418 1339 1464 et
1380 1421 1563 1465 sancta
1597 1428 1834 1485 puraque
1859 1427 2070 1472 actuum
2101 1435 2194 1474 ca-

613 1492 880 1546 stimonia.
916 1496 1044 1561 Qua:
1088 1513 1174 1552 res
1204 1499 1255 1552 in
1302 1501 1469 1569 ipsius
1495 1503 1844 1576 philosophia:
1878 1508 2194 1565 divisionem

612 1585 1014 1656 sectionemque
1042 1590 1392 1646 convertitur.
1432 1592 1528 1647 Est
1559 1599 1699 1649 enim
1730 1597 2061 1667 philosophia
2099 1616 2193 1669 ge-

2302 1246 2384 1291 est
2416 1238 2549 1293 artis
2576 1241 2712 1308 ejus,
2745 1258 2902 1311 quam
2945 1245 3118 1301 Grteci
3145 1249 3373 1321 λογικήν,
3419 1267 3515 1307 nos
3567 1257 3881 1312 rationalem
3918 1272 3925 1281 '

2303 1344 2585 1399 possumus
2614 1333 2813 1398 dicere,
2845 1336 2984 1405 quod
3033 1348 3176 1393 recta
3219 1344 3475 1397 orationis
3513 1347 3719 1401 ratione
3754 1349 3881 1417 quid
3930 1350 3937 1407 ἶ

2300 1435 2506 1487 verum,
2551 1424 2787 1494 quidque
2817 1425 3015 1481 decens
3054 1430 3143 1495 sit,
3194 1432 3341 1485 nullo
3383 1436 3584 1488 erroris
3613 1436 3753 1491 ﬂexu
3793 1420 3923 1511 dig.

2299 1511 2624 1565 verticulove
2672 1513 2905 1568 fallatur.
2958 1516 3127 1583 Quam
3175 1527 3346 1573 artem
3401 1523 3617 1590 quidam
3674 1534 3935 1601 partem\
3978 1524 3983 1529 ⁸

2301 1603 2672 1672 ιιιιίιοεομιιὶω,
2703 1606 2916 1674 qnzdam
2957 1623 3065 1661 non
3098 1618 3323 1677 partem,
3370 1612 3462 1665 sed
3493 1612 3875 1671 ferramentum
3928 1606 3937 1677 ξ

3826 1634 3939 1713 Ἠ

612 1689 730 1739 nus,
773 1678 979 1743 Species
1010 1693 1139 1733 vero
1168 1679 1284 1750 ejus
1314 1680 1455 1747 dure,
1487 1699 1590 1737 una
1618 1700 1735 1754 qua:
1760 1688 2037 1763 θεωρητική
2068 1691 2195 1745 diei-

613 1774 714 1829 tur,
736 1766 902 1819 altera
926 1783 1046 1836 qua:
1067 1776 1347 1843 πρακτική.
1380 1771 1431 1826 id
1461 1783 1543 1827 est
1564 1777 1893 1844 speculativa
1921 1793 1975 1834 et
1994 1782 2187 1835 activa.

613 1858 778 1911 Erunt
821 1869 999 1914 autem
1051 1872 1126 1917 tot
1170 1864 1516 1932 speculativa:
1566 1869 1919 1940 phil050phia:
1960 1873 2190 1941 species,

612 1958 737 2016 quot
768 1960 888 2004 sunt
914 1967 998 2007 res
1029 1954 1080 2008 in
1104 1954 1296 2023 quibus
1313 1956 1470 2024 iusta:
1492 1959 1784 2022 speculatio
1804 1962 2193 2019 consideratio-

611 2046 691 2098 nis
716 2046 959 2101 habetur.
987 2049 1234 2118 Quotque
1255 2058 1469 2105 actuum
1492 2052 1850 2119 diversitates,
1885 2065 1961 2110 tot
1986 2058 2192 2127 species

610 2138 997 2206 varietatesque
1029 2141 1308 2195 virtutum.
1354 2142 1446 2196 Est
1482 2142 1642 2212 igitur
1672 2147 1998 2223 θεωρητικῆς,
2031 2148 2081 2201 id
2111 2156 2193 2202 est

609 2230 1032 2298 contemplativa:
1060 2231 1140 2285 vel
1173 2232 1514 2300 speculativa:
1554 2234 1746 2302 triplex
1778 2237 2080 2302 diversitas,
2112 2247 2193 2292 at-

609 2336 710 2387 que
740 2321 849 2388 ipsa
898 2335 1021 2387 pars
1052 2320 1406 2391 philosophiae
1452 2322 1505 2377 in
1539 2332 1647 2378 tres
1683 2324 1891 2391 Species
1917 2318 2221 2380 dividitur.'

609 2499 708 2550 :.'ia
742 2498 807 2551 de
840 2489 1288 2567 iutelligibilibus,
1315 2501 1415 2553 alia
1446 2501 1515 2555 de
1545 2504 1893 2557 naturalibus.
1927 2505 2077 2558 Tunc
2114 2507 2193 2560 ia-

611 2590 911 2658 terpellavit
934 2589 1148 2655 Fabius,
1183 2591 1512 2661 miratusque
1540 2602 1622 2646 est
1652 2595 1776 2663 quid
1808 2593 1909 2647 hoc
1933 2595 2059 2647 novi
2081 2609 2194 2649 ser-

612 2681 783 2736 monis
815 2690 977 2746 eSset,
1009 2681 1151 2747 quod
1184 2696 1345 2738 unam
1377 2683 1720 2752 speculativa:
1750 2695 1953 2754 partem
1981 2685 2188 2739 intelle-

612 2774 842 2827 ctihilem
866 2775 1248 2830 nominassem.
1274 2774 1429 2840 Nota,
1463 2776 1699 2845 inquam,
1726 2778 1977 2845 quoniam
2004 2777 2193 2831 Latino

612 2880 855 2921 sermone
879 2880 1151 2935 nunquam
1176 2865 1375 2921 dictum
1406 2867 1603 2935 reperi,
1638 2867 2044 2931 intellectibilia,
2068 2883 2192 2936 ego-

590 2968 716 3033 Atnet
747 2973 862 3012 mea
893 2957 1043 3013 verbi
1068 2957 1461 3026 compositione
1492 2958 1697 3011 vocavi.
1740 2957 1835 3010 Est
1860 2957 2000 3011 enim
2032 2956 2187 3012 intel-

533 2400 704 2587 [Est
747 2410 885 2461 enim
952 2411 1256 2484 Θεωρητικῆς
1299 2426 1425 2479 pars
1456 2428 1557 2467 una
1611 2414 1676 2469 de
1719 2414 2188 2484 intellectibilibus,

609 2499 708 2550 :.'ia
742 2498 807 2551 de
840 2498 1288 2567 iutelligibilibus,
1315 2501 1415 2553 alia
1446 2501 1515 2555 de
1545 2504 1893 2557 naturalibus.
1927 2505 2077 2558 Tunc
2114 2507 2188 2560 in-

611 3048 840 3101 lectibile
879 3046 1020 3116 quod
1053 3061 1215 3100 unum
1255 3054 1415 3115 atque
1452 3045 1591 3099 idem
1638 3062 1732 3113 per
1778 3062 1837 3100 se
1882 3046 1935 3099 in
1982 3046 2191 3116 propria

612 3231 728 3293 bus,
774 3228 866 3282 sed
917 3228 1029 3298 sola
1072 3223 1274 3281 tantum
1320 3236 1500 3283 mente
1538 3227 1918 3296 intellectuque
1961 3229 2189 3298 capitur.

611 3154 822 3205 semper
854 3104 1134 3190 divinitate
1176 3104 1476 3191 consistens
1510 3153 1523 3189 :
1558 3135 1717 3189 nullis
1748 3150 1978 3205 unquam
2022 3104 2194 3191 sensi-

509 3104 728 3311 Lixus,
774 3228 866 3282 sed
917 3228 1029 3311 spla
1072 3223 1274 3281 tantum
1320 3236 1500 3283 mente
1538 3227 1918 3296 intellectuque
1961 3229 2189 3298 capitur.

612 3303 740 3385 Qua:
766 3334 850 3373 res
872 3293 1381 3389 ad‘speculationem
1415 3317 1507 3371 Dei
1538 3324 1697 3387 atque
1728 3319 1790 3371 ad
1820 3319 1980 3372 animi
2018 3318 2197 3374 ihcor-

612 3408 944 3476 poralitatcm
998 3408 1592 3477 considerationemque
1644 3423 1785 3479 verte
1844 3408 2195 3479 philosophia:

612 3500 947 3569 indagatione
992 3500 1351 3566 componitur.
1378 3498 1543 3566 Quam
1575 3508 1777 3568 partem
1811 3497 1982 3553 Graeci
2030 3499 2195 3585 ρςρλο-

612 3596 723 3660 γίαν
764 3592 1060 3646 nominant.
1094 3589 1337 3646 Secunda
1370 3605 1500 3645 vero
1550 3605 1669 3659 pars
1710 3599 1790 3644 est
1823 3590 2191 3660 intelligibilis,

613 3699 727 3750 qua:
761 3684 983 3750 primam
1020 3681 1438 3737 intellectibilcm
1478 3682 1801 3751 cogitatione
1830 3690 1990 3751 atque
2034 3682 2193 3736 intel-

614 3771 829 3841 ligentia
855 3773 1175 3841 suscipiens,
1219 3787 1281 3826 ea
1321 3773 1727 3842 comprehendit
1755 3788 1874 3843 qua:
1923 3784 2046 3827 sunt
2079 3789 2194 3828 om-

612 3865 757 3917 nium
804 3864 1099 3919 caelestium
1140 3880 1390 3935 superna:
1428 3866 1691 3920 divinitati
1738 3881 1959 3935 cperunt
1993 3882 2191 3935 causm,

613 3964 663 4008 ct
692 3948 946 4024 quidquid
991 3955 1091 4009 sub
1130 3956 1302 4010 lunari
1332 3955 1491 4025 globo
1532 3956 1772 4012 beatiore
1816 3957 1995 4011 animo
2035 3965 2197 4028 atque

616 4048 825 4112 puriore
857 4047 1153 4100 substantia
1186 4048 1362 4111 valet;
1393 4057 1667 4116 postremo
1698 4050 2047 4103 humanarum
2076 4050 2195 4103 ani-

612 4152 817 4189 marum
858 4137 1218 4192 conditionem
1264 4148 1423 4207 atque
1453 4148 1672 4200 statum,
1708 4156 1826 4209 qua:
1853 4142 2031 4196 omnia
2064 4157 2194 4211 cum

614 4226 880 4295 prioribus
908 4229 1010 4282 illis
1042 4228 1440 4284 intellectibiles
1467 4233 1782 4286 substantia:
1825 4232 2071 4298 fuissent,
2099 4232 2195 4287 sed

613 4332 897 4384 corporum
940 4325 1107 4383 tactu,
1155 4318 1221 4373 ab
1260 4319 1720 4374 intellectibilibns
1753 4321 1817 4373 ad
1848 4321 2195 4389 intelligibilia

612 4411 1024 4478 degenerarunt,
1069 4420 1129 4465 ut
1158 4426 1262 4466 non
1295 4414 1461 4483 magis
1492 4414 1604 4482 ipsa
1637 4415 1999 4483 intelligantur
2036 4431 2194 4486 quam

612 4502 927 4572 intelligant,
984 4513 1039 4558 et
1080 4505 1446 4575 intelligentia:
1492 4506 1721 4574 puritate
1775 4515 1897 4559 tunc
1955 4506 2193 4561 beatiora

612 4606 755 4661 sunt,
799 4596 1007 4665 quoties
1038 4613 1157 4653 sese
1198 4594 1653 4653 intellectibilibus
1684 4599 2021 4668 applicarint.
2063 4601 2195 4655 Ter-

614 4688 681 4738 tia
711 4691 1016 4761 Θεωρητικῆς
1056 4692 1263 4759 species
1310 4702 1415 4757 est,
1442 4709 1559 4761 qua:
1590 4694 1731 4747 circa
1778 4709 1999 4760 corpora
2038 4704 2196 4764 atque

554 4831 556 4834 ,
613 4795 796 4832 eorum
843 4782 1120 4835 scientiam
1173 4784 1639 4851 cognitionemque
1685 4793 1953 4847 versatur,
2004 4785 2057 4837 id
2113 4794 2196 4839 est

616 4871 965 4939 physiologia,
990 4887 1110 4940 qua:
1134 4881 1349 4925 naturas
1371 4887 1657 4941 corporum
1691 4874 2075 4942 passionesque
2104 4875 2195 4930 de-

542 5016 545 5019 _
615 4960 798 5013 clarat.
834 4960 1077 5016 Secunda
1106 4976 1258 5025 vero,
1283 4963 1699 5032 intellig'bilium
1732 4964 2056 5029 substantia,
2087 4985 2116 5018 ιι
2139 4982 2196 5022 e-

614 5053 716 5105 rito
734 5051 798 5105 *in
826 5051 1003 5106 medio
1030 5052 1288 5105 collocata
1318 5062 1418 5115 est,
1445 5053 1584 5121 quod
1617 5055 1807 5108 haheat
1834 5065 1887 5109 et
1909 5070 2193 5124 corporum

614 5140 1018 5207 animationem,
1056 5151 1109 5194 et
1141 5141 1533 5208 quodammodo
1564 5144 1996 5210 vivificatiOnem,
2031 5156 2087 5202 et
2115 5149 2195 5201 in-

614 5225 1003 5287 tellectibilium
1056 5232 1539 5286 considerationem
1582 5235 2081 5305 cognitionemque,
2140 5244 2196 5289 ut

614 5321 816 5375 dictum
845 5333 946 5377 est.
989 5324 1245 5382 l’raCticte
1292 5338 1420 5377 vero
1453 5323 1826 5391 pltil080pltiw,
1858 5341 2015 5392 quam
2065 5327 2197 5381 acti-

616 5427 736 5465 vam
778 5412 1023 5482 superius
1054 5412 1159 5467 dici
1188 5413 1610 5469 demonstratum
1651 5423 1754 5479 est,
1800 5416 1956 5482 hujus
1986 5432 2197 5486 quoque

619 5503 810 5572 triplex
850 5514 932 5560 est
971 5504 1181 5560 divisio.
1216 5505 1311 5560 Est
1354 5505 1495 5560 enim
1538 5506 1711 5577 prima
1751 5520 1870 5574 qua:
1899 5507 1981 5560 sui
2013 5522 2195 5561 curam

616 5607 808 5660 gerens
837 5597 1043 5649 cunctis
1083 5611 1203 5652 sese
1248 5596 1425 5664 erigit,
1457 5606 1705 5663 exornat,
1736 5606 2001 5668 augetque
2033 5597 2197 5650 virtu-

622 5684 780 5750 tibus,
810 5685 941 5744 nihil
981 5688 1142 5743 invita
1179 5687 1489 5763 admittens,
1519 5705 1623 5756 quo
1655 5705 1758 5749 non
1787 5691 2032 5759 gaudeat,
2068 5687 2196 5744 nihil

2297 1704 2353 1748 et
2393 1694 2787 1763 quodammodo
2828 1698 3215 1764 supellectilem
3251 1699 3577 1769 judicarnnt.
3627 1705 3738 1771 Qua
3786 1703 3882 1759 at}:

2299 1718 2353 1748 et
2393 1718 2787 1763 quuuuututuuu
2828 1718 3215 1764 supelleculem
3251 1718 3577 1769 Juutcarttnt.
3627 1718 3738 1771 uua
3786 1721 3882 1759 au-

2299 1796 2403 1841 tem
2430 1786 2482 1841 id
2516 1787 2730 1855 utrique
2761 1788 2971 1857 impulsi
3004 1792 3208 1845 ratione
3249 1794 3594 1861 crediderint,
3645 1797 3751 1850 alio
3779 1718 3921 1877 (ιώ

2297 1892 2462 1944 opere
2503 1879 3050 1932 commemorandum.
3103 1879 3226 1934 Haec
3254 1893 3433 1935 autem
3475 1887 3707 1952 generis,
3752 1900 3877 1953 5pc:-

2294 1965 2419 2032 ciei,
2448 1965 2761 2021 differentia:
2781 2007 2794 2031 ,
2835 1970 3031 2037 proprii
3082 1982 3240 2038 atque
3270 1974 3562 2028 accidentis
3591 1974 3878 2045 diaputatio

2292 2058 2345 2112 in
2392 2060 2537 2113 omni
2578 2062 2729 2115 nobis
2770 2061 3121 2129 philosophiae
3166 2066 3471 2134 cogn‘tione
3516 2067 3668 2135 quasi
3697 2067 3879 2136 quanio

2291 2149 2412 2204 dam
2444 2152 2582 2204 viam
2617 2160 2787 2220 parat.
2818 2151 2949 2205 Nam
2981 2166 3101 2205 cum
3133 2154 3257 2221 quid
3290 2168 3457 2222 genus
3494 2157 3564 2209 sit
3589 2156 3879 2223 docemur,

2293 2241 2418 2310 quid
2448 2243 2673 2311 species,
2718 2242 3060 2312 intelligimus
3087 2258 3255 2311 genus
3297 2259 3418 2299 esse
3450 2246 3871 2315 philosophiam,

2292 2333 2500 2400 species
2528 2348 2653 2385 vero
2682 2332 3041 2387 indubitanter
3066 2334 3365 2408 θεωρητικήν
3405 2344 3459 2388 et
3488 2343 3791 2410 πρακτικήν,
3824 2338 3879 2393 id

2293 2435 2374 2478 est
2413 2425 2793 2492 Speculativam
2826 2435 2881 2478 et
2917 2427 3167 2479 activam.
3215 2427 3287 2480 De
3316 2427 3483 2495 logica
3530 2443 3658 2481 vero
3694 2438 3879 2484 utrum

2293 2516 2362 2569 sit
2393 2518 2622 2585 species,
2647 2516 2833 2571 eadem
2861 2516 2961 2570 hac
2985 2531 3265 2585 possumus
3285 2520 3491 2572 ratione
3523 2520 3881 2587 perpendere.

2288 2608 2518 2662 Prodest
2548 2610 2702 2661 nobis
2729 2609 3043 2662 differentia:
3069 2610 3301 2677 cognitio
3330 2611 3395 2663 ad
3431 2612 3665 2679 ipsarum
3696 2612 3882 2681 philo-
3911 2640 3913 2642 ·

2293 2697 2496 2766 sophia:
2519 2699 2819 2766 specierum
2847 2698 3176 2753 differentias
3198 2703 3617 2770 cognoscendas.
3649 2703 3882 2759 Prodest
3921 2731 3923 2733 ι

2294 2789 2494 2858 proprii
2545 2790 2767 2843 scientia
2820 2788 2886 2843 ad
2933 2792 3366 2859 cognoscendum
3418 2793 3542 2861 quid
3594 2794 3882 2862 unicuique

2295 2881 2644 2951 philosophia:
2677 2881 2873 2950 speciei
2902 2881 3135 2936 solitaria
3168 2891 3357 2936 natura
3391 2883 3633 2937 videatur
3662 2900 3724 2939 ac
3750 2887 3881 2941 sub-

2297 2975 2506 3029 stantia:
2557 2976 2817 3028 innatum.
2871 2974 3095 3029 Prodest
3137 2974 3428 3027 accidentis
3472 2977 3703 3045 cognitio
3739 2994 3753 3033 :
3787 2993 3881 3047 per

2303 3068 2403 3121 hoc
2431 3066 2572 3121 enim
2608 3053 2743 3135 quid”
2776 3064 3138 3135 principaliter
3180 3066 3233 3119 in
3265 3065 3425 3120 rebus
3454 3067 3524 3120 sit
3548 3066 3793 3134 cernere,
3827 3079 3881 3125 et

2298 3158 2422 3229 quid
2455 3158 2690 3214 secundo
2719 3158 3151 3226 contingentique
3189 3158 3309 3212 loco
3343 3161 3645 3226 conveniat,
3678 3161 3880 3215 discer-

2298 3266 2429 3306 nere
2477 3252 2772 3305 valcamus.
2838 3250 2913 3304 Ita
2965 3251 3118 3305 nobis
3171 3249 3358 3305 harum
3415 3253 3649 3321 quinque
3696 3267 3880 3309 rerum

2299 3344 2543 3408 scientia,
2578 3358 2788 3398 ramosa
2818 3343 3044 3412 quadam
3070 3352 3125 3399 et
3151 3343 3411 3398 multifida
3441 3345 3513 3412 vi,
3546 3346 3597 3399 in
3629 3346 3879 3400 omnibus

2298 3450 2415 3490 sese
2450 3436 2800 3504 philosophiae
2843 3444 3020 3504 partes
3062 3435 3311 3495 infundit.
3364 3436 3444 3489 Ad
3476 3438 3880 3507 grammaticam

2300 3544 2450 3593 vero,
2483 3542 2584 3581 non
2628 3528 2802 3581 minor
2840 3527 2946 3595 huj-
2971 3540 2996 3581 s
3036 3527 3110 3580 rei
3155 3538 3281 3580 usus
3309 3537 3412 3592 est,
3445 3528 3657 3595 quando
3684 3529 3879 3581 oratio.

2300 3634 2420 3674 nem
2450 3633 2618 3689 genus
2659 3618 2885 3671 dicimus
2913 3635 2924 3670 :
2949 3628 3069 3671 octo
3117 3633 3240 3670 Vero
3266 3626 3442 3685 partes
3475 3618 3753 3683 orationis,
3787 3633 3880 3685 per

2299 3711 2526 3780 species,
2561 3710 2908 3771 differentias,
2958 3708 3278 3777 propriaque
3317 3708 3588 3761 metimur.
3628 3707 3720 3761 Est
3752 3721 3881 3762 vero

2300 3801 2457 3870 hujus
2484 3803 2559 3857 rei
2585 3815 2834 3871 perquam
2869 3799 3137 3855 rhetorice
3164 3799 3333 3853 amica
3366 3801 3757 3869 coniunctaque
3786 3813 3881 3853 co-

2300 3889 2486 3960 gnitio.
2522 3889 2597 3944 lta
2626 3891 2767 3945 enim
2805 3887 3121 3942 rhetoricam
3158 3889 3212 3941 in
3249 3890 3420 3942 tribus
3443 3897 3723 3942 cauSarum
3758 3902 3880 3956 pos-

2301 3995 2483 4035 sumus
2512 3994 2765 4048 separare
2793 3977 3096 4047 generibus,
3150 3985 3203 4030 et
3247 3992 3339 4030 eas
3380 3979 3428 4029 in
3462 3978 3718 4045 subjectis
3748 3992 3880 4030 con-

2300 4069 2663 4125 stitutionibus
2693 4068 2983 4122 dissecare.
3019 4064 3395 4119 Definitionum
3424 4080 3637 4134 quoque
3666 4080 3784 4134 qua:
3812 4065 3879 4118 ad

2301 4163 2528 4233 logicum
2571 4160 2840 4229 pertinent
2889 4170 3077 4225 magna
3131 4164 3289 4224 atque
3329 4155 3470 4207 utilis
3503 4154 3879 4223 uberrimaque

2301 4252 2533 4321 cognitio
2562 4259 2661 4312 est,
2695 4263 2828 4318 quas
2854 4246 3215 4310 definitiones,
3260 4246 3359 4298 nisi
3391 4259 3485 4311 per
3513 4259 3732 4313 genera,
3761 4260 3880 4313 spe~

2301 4346 2430 4409 cies,
2465 4341 2815 4403 differentias,
2853 4337 3312 4406 pr0prietzttesque
3343 4336 3671 4398 tractaveris,
3699 4334 3879 4387 nullus

2303 4447 2532 4501 unquam
2571 4428 2969 4484 definitionibus
3001 4426 3262 4479 terminus
3292 4425 3614 4491 impoaetur.
3659 4424 3789 4478 Nam
3832 4424 3877 4477 si

2300 4521 2424 4591 quid
2456 4519 2667 4583 detinis,
2703 4534 2764 4571 ex
2798 4532 2904 4587 quo
2934 4516 3001 4568 sit
3040 4529 3236 4583 genere
3280 4516 3510 4582 primum
3560 4514 3654 4568 tibi
3687 4515 3875 4567 dicen-

2300 4612 2422 4665 dum
2447 4620 2549 4677 e~t,
2580 4618 2738 4678 atque
2770 4608 2819 4662 in
2852 4607 2951 4660 hoc
2972 4620 3143 4676 genus
3167 4606 3481 4675 speciesque
3511 4613 3878 4659 consummata

2301 4714 2437 4756 sunt.
2461 4702 2588 4755 Nam
2606 4703 2969 4769 cujuscunque
2992 4696 3067 4750 rei
3086 4711 3251 4765 genus
3270 4695 3489 4756 dixeris.
3509 4696 3744 4763 adquam
3765 4708 3876 4746 rem

2302 4790 2432 4842 illud
2460 4790 2628 4842 dixeri
2666 4828 2680 4851 ,
2709 4789 2938 4855 speciem
2966 4786 3112 4837 facis.
3148 4782 3214 4839 Ut
3240 4782 3286 4838 si
3310 4783 3435 4853 quid
3464 4785 3530 4837 sit
3564 4785 3723 4837 homo
3750 4782 3881 4834 deli-

2302 4879 2439 4943 nias,
2469 4878 2615 4931 dicas
2647 4877 2917 4929 hominem
2942 4889 3063 4930 esse
3089 4873 3307 4928 animal.
3342 4874 3503 4942 Igitur
3530 4874 3779 4939 quoniam
3809 4868 3882 4919 ad

2306 4966 2575 5019 hominem
2606 4967 2799 5034 aptasti
2836 4966 3055 5026 animal,
3082 4979 3250 5033 genus
3290 4976 3412 5015 esse
3438 4961 3653 5022 animal,
3686 4968 3740 5012 et
3785 4957 3881 5009 ho-

2307 5056 2504 5109 minem
2534 5056 2767 5123 specicm
2797 5072 2826 5107 a
2854 5063 2905 5107 te
2931 5053 3259 5106 declaratum
3291 5058 3395 5113 est,
3427 5048 3519 5102 sed
3547 5063 3650 5100 non
3683 5046 3881 5101 sufficit

2306 5146 2415 5198 sola
2439 5144 2650 5213 generis
2678 5143 2732 5196 in
2763 5141 3072 5196 definitione
3093 5141 3428 5193 moostratio.
3455 5136 3511 5191 Si
3535 5137 3676 5190 enim
3706 5137 3878 5191 solum

2306 5236 2503 5290 animal
2536 5238 2804 5290 hominem
2830 5249 2956 5289 esse
2992 5232 3215 5297 dixeris,
3248 5244 3372 5283 num
3404 5229 3581 5297 potius
3608 5228 3877 5285 hominem

2304 5340 2463 5394 quam
2493 5326 2684 5379 bovem
2725 5324 3039 5390 asinumque
3084 5330 3175 5374 aut
3214 5334 3410 5387 equum
3440 5317 3752 5375 definitione
3792 5320 3880 5373 de.

2307 5415 2580 5482 pinxeris?
2609 5414 2832 5469 Prodest
2864 5412 3022 5479 igitur
3049 5409 3207 5464 etiam
3238 5408 3568 5464 differentias
3600 5410 3875 5470 adhibere,

2305 5517 2399 5572 per
2423 5519 2555 5572 quas
2584 5504 2636 5558 id
2674 5501 2814 5573 quod
2845 5497 3071 5552 definies
3114 5512 3142 5551 a
3172 5500 3450 5568 speciebus
3479 5500 3598 5565 aliis
3636 5500 3881 5566 Sejunga-

2307 5606 2412 5659 tur,
2459 5605 2515 5649 ut
2552 5595 2698 5649 dicas
2749 5591 3015 5646 hominem
3064 5604 3183 5645 esse
3241 5593 3451 5645 animal
3488 5590 3762 5645 rationale.
3815 5586 3882 5643 Ει

2305 5688 2553 5756 quoniun
2580 5687 2677 5739 sub
2698 5686 2881 5741 eadem
2906 5682 3207 5739 differentia
3231 5684 3410 5754 plures
3435 5674 3741 5748 frequenter
3762 5692 3882 5747 spe-
