4244 6254
417 332 486 390 η
1542 328 1606 381 ΙΝ
1651 325 2006 382 PORPllYllll

2086 327 2092 381 l
2135 326 2472 386 DIALOGUS
2514 332 2553 384 l.
3585 353 3657 407 ﬂ

414 446 521 500 eius
566 445 927 509 inveniuntur,
962 452 1016 498 ut
1054 444 1151 497 sub
1179 442 1419 497 rationali
1456 442 1594 496 Deus
1621 451 1781 508 atque
1823 441 1980 493 homo
2010 449 2059 505 Α
2087 451 2237 492 cesse
2276 449 2377 504 est,
2421 441 2612 495 librum
2659 448 2773 519 Περὶ
2802 447 3088 522 ἑρμηνείας.
3137 455 3223 523 qui
3256 457 3652 517 inscribitttrdo

412 548 516 603 est,
562 540 869 591 utilissimus
910 536 1250 604 prOprietatis
1290 550 1416 588 usus
1465 543 1568 597 est,
1612 542 1667 586 ut
1713 531 1773 633 id.
1806 532 1977 596 dicas,

413 627 554 693 quod
584 628 693 681 sola
728 642 880 695 quam
908 626 1097 680 deﬁnis
1133 625 1363 694 species,
1402 638 1555 678 suum
1597 625 1976 692 propriumque

412 717 655 771 retineat.
685 716 768 771 Fit
785 731 910 786 ergo
936 716 1240 785 hujusmodi
1262 715 1496 769 hominis
1519 716 1760 770 deﬁnitio
1777 731 1788 765 :
1808 714 1977 767 Homo

411 819 492 862 est
532 807 744 871 animal,
775 807 825 860 id
857 814 942 860 est
975 820 1164 875 genus,
1209 804 1370 860 homo
1401 819 1527 858 vero
1564 805 1791 873 species,
1822 802 1978 857 ratio-

414 900 547 964 nale,
593 898 731 967 quod
775 897 1074 952 diﬁ'erentia
1113 908 1214 960 est,
1247 897 1389 950 risus
1433 911 1622 963 capax,
1674 894 1817 962 quod
1851 908 1975 962 pra-

408 989 577 1055 prium
601 998 683 1041 est
714 1004 725 1038 :
751 985 1101 1040 accidentium
1133 998 1261 1057 vero
1286 985 1338 1037 in
1364 983 1765 1038 deﬁnitionibus
1795 984 1972 1037 nullus

408 1091 531 1130 usus
556 1087 656 1131 est.
686 1076 914 1128 Prodest
939 1088 1065 1142 ergo
1088 1073 1139 1126 in
1162 1072 1564 1126 deﬁnitionibus
1595 1073 1781 1125 harum
1810 1075 1969 1141 quin-

402 1182 505 1234 que
523 1180 700 1220 rerum
726 1165 979 1234 cognitio,
1005 1173 1063 1216 ut
1080 1177 1181 1217 nec
1202 1178 1263 1217 ea
1281 1177 1399 1231 quae
1416 1171 1541 1216 sunt
1568 1163 1714 1216 utilia
1742 1174 1967 1230 praetcr-

403 1254 603 1317 mittas,
631 1268 732 1308 nec
766 1268 827 1306 ea
858 1268 978 1322 qua:
1000 1252 1132 1306 nihil
1154 1254 1411 1319 praesunt
1432 1252 1845 1314 commoditatis,
1874 1251 1972 1305 ad-

399 1344 603 1412 iungas.
631 1345 684 1397 ln
717 1343 978 1397 divisione
1004 1356 1129 1394 vero
1153 1349 1354 1394 tantum
1377 1340 1631 1442 prodestt
1655 1349 1715 1393 ut
1751 1341 1856 1442 nisi.
1875 1356 1971 1408 per

398 1435 589 1486 borum
617 1432 916 1495 scientiam,
945 1430 1088 1485 nulla
1112 1445 1201 1485 res
1222 1438 1365 1484 recte
1392 1429 1657 1495 distribui,
1690 1430 1967 1499 secarique

394 1527 587 1595 possit.
627 1525 757 1579 Nam
805 1539 923 1592 qua:
965 1539 1220 1594 generum
1250 1524 1333 1577 vel
1364 1524 1660 1593 specierum
1692 1535 1833 1579 recta
1862 1526 1967 1580 dis-

398 1619 616 1673 tributio
649 1618 913 1672 divisione
941 1618 1062 1681 erit,
1113 1617 1199 1674 ubi
1237 1619 1471 1686 ipsarum
1506 1635 1628 1688 quae
1656 1621 1967 1676 dividuntur

398 1726 573 1764 rerum
613 1711 755 1763 nulla
789 1710 1027 1764 scientia:
1062 1709 1366 1778 cognitione
1406 1711 1724 1781 dirigintur?
1764 1714 1963 1768 Proba—
1999 1752 2014 1767 .

2086 527 2575 597 PrOpOsitionibus,
2607 531 2897 588 adnotavit.
2945 539 3140 595 Omnes
3171 558 3293 598 vero
3329 549 3651 616 propositio-
3716 559 3721 568 ’

2080 628 2176 668 nes
2218 631 2280 669 ex
2329 619 2669 674 sermonibus
2716 621 2914 691 aliquid
2962 627 3381 695 signiﬁcantibus
3427 652 3647 708 compo-

2078 712 2297 759 nuntur.
2338 704 2516 774 Itaque
2546 707 2681 762 liber
2710 724 2866 777 quem
2907 712 2972 767 de
3001 714 3186 770 decem
3224 704 3648 786 przedicatnentis

2074 796 2312 862 scripsit,
2343 812 2460 864 quae
2503 798 2642 867 apud
2665 799 2880 855 Graecos
2929 807 3225 876 κατηγορίαι
3260 809 3529 880 dicuntur,
3571 816 3639 869 de

2076 882 2262 950 primis
2304 899 2482 939 rerum
2513 886 2816 942 nominibus
2861 886 3394 965 signiﬁcantibusque
3421 912 3522 955 est.
3559 902 3650 956 Vi-

2074 968 2316 1025 diteoim
2344 974 2665 1029 AriStoteles
2692 975 2951 1032 inﬁnitam
2989 981 3389 1055 ntiscellamque
3415 1004 3533 1045 esse
3564 1008 3648 1048 re-

2072 1074 2187 1112 rum
2215 1063 2475 1130 omnium,
2509 1066 2898 1139 verborumque
2924 1070 3351 1143 disparilitatem,
3382 1089 3436 1132 et
3466 1092 3521 1134 ut
3549 1099 3643 1139 eo-

2070 1163 2186 1202 rum
2208 1152 2449 1207 ordinem
2476 1157 2760 1223 reperiret,
2787 1158 2839 1211 in
2864 1159 3047 1215 decem
3072 1164 3261 1231 primis
3281 1180 3423 1221 serm
3464 1171 3639 1239 nibus,

2069 1241 2241 1308 prima
2268 1257 2447 1298 rerum
2475 1260 2672 1313 genera
2713 1248 3151 1321 signilieantibus,
3199 1270 3357 1323 omne
3386 1260 3643 1331 quidquid

2069 1330 2201 1386 illud
2235 1334 2319 1388 vel
2352 1351 2552 1403 rerum,
2596 1339 2679 1393 vel
2711 1354 3017 1398 sermonum
3058 1356 3266 1415 poterat
3307 1364 3447 1418 esse,
3479 1354 3644 1411 colle-

2067 1421 2162 1489 git.
2218 1422 2322 1478 Sed
2378 1424 2694 1484 Aristoteles
2737 1429 3019 1489 hactenus.
3088 1436 3403 1504 Speculatus
3463 1452 3640 1500 autem

2057 1508 2400 1580 Porphyrius
2435 1517 2480 1569 si
2523 1520 2806 1587 categorias
2840 1536 3034 1589 genera
3072 1535 3198 1580 sunt
3226 1543 3424 1595 rerum,
3456 1546 3640 1590 rerum

2067 1614 2194 1655 vero
2215 1618 2630 1675 sermonumque
2651 1608 2951 1677 diversitas,
2976 1616 3272 1684 speciebus,
3297 1618 3635 1691 diﬁ‘erentiis,

2065 1694 2405 1763 propriisque
2436 1697 2799 1768 insigniretur,
2832 1703 3017 1759 videns
3038 1706 3198 1761 etiam
3222 1712 3362 1777 quod
3384 1713 3637 1771 acciden-

393 1801 595 1855 tionum
626 1814 752 1853 vero
785 1801 981 1854 veritas
1022 1800 1073 1854 in
1112 1802 1196 1856 his
1238 1804 1470 1857 maxime
1497 1804 1789 1859 constituta
1834 1816 1960 1861 est:
1994 1796 2006 1854 1

2094 1781 2198 1833 ium
2231 1782 2283 1835 in
2314 1788 2601 1854 eategoriis
2630 1803 2820 1859 magna
2858 1792 2935 1847 vis
2972 1805 3115 1850 esset
3143 1798 3351 1867 (omnes
3373 1802 3517 1857 enim
3550 1820 3637 1860 res

392 1890 529 1959 quod
573 1905 667 1958 per
693 1905 756 1944 ea
782 1906 901 1959 qua:
940 1890 1153 1957 dividis,
1188 1892 1239 1945 id
1280 1893 1421 1961 quod
1464 1894 1679 1958 dividis,
1710 1896 1793 1951 vel
1832 1898 1959 1965 quid

394 1979 526 2033 aliud
558 1980 768 2047 probas.
800 1979 929 2033 Nam
963 1981 1172 2035 Marcus
1208 1981 1414 2037 Tullius
1456 1984 1509 2037 in
1550 1984 1955 2042 Rbetoricorum

392 2068 580 2135 primo,
607 2068 861 2136 quoniam
888 2068 1202 2125 divisionem
1233 2088 1513 2141 generum,
1547 2089 1825 2129 causarum
1854 2078 1956 2134 rite

390 2166 542 2226 atque
587 2159 829 2214 ordinate
866 2160 1112 2230 iaciebat,
1154 2163 1271 2232 eius
1329 2165 1407 2219 rei
1456 2166 1827 2233 probationem
1880 2169 1951 2224 ita

389 2258 503 2300 esse
528 2245 726 2303 debere
750 2263 844 2316 per
870 2251 1075 2319 species
1094 2266 1395 2323 generaque
1424 2253 1708 2323 disposuit,
1732 2272 1850 2311 cum
1878 2261 1953 2314 ait

388 2335 595 2391 easdem
617 2354 704 2392 res
717 2339 837 2395 aliis
849 2344 1163 2413 superponi,
1180 2344 1294 2398 aliis
1308 2346 1535 2415 supponi
1552 2362 1729 2415 pos-e,
1746 2350 1946 2404 eisdem

386 2433 435 2480 et
455 2426 720 2496 subjectas
744 2440 796 2484 et
821 2435 1185 2502 superpositas
1211 2449 1329 2491 esse
1359 2451 1467 2491 non
1497 2452 1674 2507 posse.
1695 2439 1817 2494 Han:
1836 2440 1947 2495 fere

383 2515 446 2571 de
473 2519 699 2575 utilitate
727 2523 793 2576 ad
822 2531 1029 2592 tempus
1049 2525 1272 2581 dicenda
1290 2528 1636 2582 credidimus.
1666 2529 1816 2584 Tunc
1845 2530 1948 2585 Fa-

384 2607 499 2661 oius
529 2628 543 2659 :
575 2609 742 2666 Valde
780 2615 967 2681 miror,
997 2616 1185 2686 inquit,
1230 2634 1325 2673 cur
1363 2618 1630 2674 ineltoanti
1676 2621 1805 2675 mihi
1836 2629 1942 2676 tam

383 2698 627 2754 subtilius
658 2704 900 2758 inventas
941 2710 1363 2779 exercitatasque
1415 2730 1502 2767 res
1541 2716 1793 2770 edideris.
1835 2719 1938 2775 Sed

380 2787 480 2851 die,
520 2804 720 2858 quaaso,
750 2795 1014 2862 quodnam
1054 2798 1155 2853 hoc
1190 2810 1356 2855 totum
1385 2803 1483 2857 luit
1511 2808 1834 2864 consilium?
1875 2813 1940 2869 Et

378 2894 491 2948 rgo,
519 2882 691 2937 dicam
726 2887 820 2938 tibi
853 2889 990 2955 quod
1020 2898 1407 2951 assuescendus
1442 2900 1650 2955 animus
1679 2905 1937 2963 auditoris

378 2981 425 3024 et
465 2972 713 3027 mediocri
760 2977 1051 3034 subtilitate
1078 2982 1392 3041 imbuendus
1429 3000 1531 3054 est,
1578 3004 1632 3045 ut
1668 3006 1786 3047 cum
1814 3011 1935 3052 sese

377 3059 457 3112 hic
496 3063 717 3128 primum
745 3067 1046 3121 exercuerit
1087 3072 1331 3138 palatstra
1362 3077 1579 3146 ingenii,
1624 3084 1773 3150 quasi
1801 3100 1933 3154 quo-

375 3146 648 3202 dammodo
673 3150 818 3218 prius
845 3153 1092 3220 luctatus,
1123 3174 1183 3212 ea
1211 3176 1329 3230 qua:
1357 3178 1648 3234 sequentur
1674 3172 1789 3227 sine
1824 3176 1931 3230 ullo
1960 3155 2005 3219 Ο

373 3238 548 3292 labore
567 3241 833 3296 conﬁciat.
858 3244 960 3299 Sed
990 3248 1118 3316 quid
1152 3262 1315 3306 restet
1345 3254 1490 3309 dicas
1511 3259 1707 3315 licebit.
1734 3262 1799 3317 Et
1829 3264 1929 3319 Fa-

371 3328 518 3383 bius:
544 3331 816 3402 Ordinem,
840 3336 1025 3405 inquit,
1056 3350 1259 3396 restare
1287 3346 1532 3413 arbitror,
1554 3350 1597 3403 si
1628 3354 1761 3407 bene
1780 3371 1927 3411 com-

370 3419 600 3474 memini.
633 3423 814 3493 Atqui,
857 3428 1089 3497 inquam,
1126 3430 1210 3486 bic
1236 3436 1368 3490 orde
1398 3440 1693 3508 valde,cum
1739 3446 1926 3503 inscri-

368 3510 542 3576 ptione
568 3514 884 3581 conjunctus
914 3529 1017 3575 est.
1047 3522 1102 3576 Si
1130 3523 1271 3577 enim
1303 3525 1528 3585 alterum
1564 3537 1735 3600 noris,
1769 3540 1927 3595 ambo

366 3602 594 3656 noveris.
623 3602 764 3657 Ordo
794 3615 968 3661 tamen
1012 3620 1094 3665 est
1120 3613 1259 3680 quod
1302 3631 1488 3672 omnes
1524 3632 1646 3689 post
1684 3624 1924 3699 Porphy—

364 3692 496 3743 rium
525 3692 882 3762 ingredientes
907 3701 971 3752 ad
1012 3701 1259 3777 logicam,
1296 3708 1450 3777 hujus
1488 3713 1719 3779 primum
1760 3720 1923 3778 libelli

361 3788 672 3839 tractatores
710 3786 939 3853 luerunt,
969 3794 1108 3861 quod
1148 3800 1348 3863 primus
1380 3802 1467 3857 hic
1495 3804 1562 3859 ad
1611 3807 1925 3877 simplicita-

359 3876 467 3923 tem
494 3872 764 3928 tenuitatis
804 3890 969 3944 usque
1005 3896 1331 3954 progressus,
1364 3906 1469 3958 quo
1508 3872 1921 3961 procedentibus

359 3957 607 4012 viandum
656 3962 743 4027 sit,
793 3978 1063 4035 praeparat.
1121 3957 1437 4034 Ari5toteles
1477 3984 1643 4049 enini,
1668 3992 1919 4056 quoniam

354 4047 649 4105 dialectica:
669 4064 828 4123 atque
852 4062 1157 4129 apodictica:
1178 4069 1473 4141 disciplina:
1500 4047 1710 4135 volebat
1740 4097 1920 4151 poste.

351 4139 429 4193 ιδέ
472 4141 714 4199 ordinem
763 4148 1144 4225 scientiamque
1185 4139 1526 4235 contradere,
1560 4171 1689 4227 vidit
1730 4139 1919 4245 apodi-

351 4230 541 4284 ctieam
589 4233 1029 4312 dialecticamque
1078 4249 1181 4303 vim
1230 4269 1334 4306 uno
1382 4258 1683 4329 syllogismi
1729 4270 1917 4326 ordine

349 4321 633 4377 contineri.
684 4326 886 4385 Scribit
929 4333 1107 4405 itaque
1144 4342 1343 4408 primos
1391 4351 1742 4413 resolutorios
1784 4376 1917 4429 quos

350 4407 516 4429 r~__-2
575 4415 587 4429 ι
659 4416 676 4429 ε
844 4423 853 4429 -

348 4407 517 4465 Grmci
562 4415 893 4480 ἁναλυτικούς
916 4437 1126 4492 vocant,
1171 4430 1260 4499 qui
1300 4433 1507 4503 legendi
1545 4454 1724 4499 essent
1764 4407 1915 4504 alite-

348 4512 505 4564 quam
528 4502 727 4572 aliquid
757 4508 1049 4569 dialecticae
1075 4518 1157 4572 vel
1183 4502 1495 4589 apodicticre
1530 4533 1661 4589 artis
1689 4502 1915 4608 attingc-
1947 4517 2001 4577 Ῑ)

345 4601 486 4644 rent.
528 4593 792 4662 Imprimis
840 4605 982 4658 enim
1031 4613 1363 4671 resolutoriis
1389 4620 1455 4674 de
1482 4624 1910 4696 syllogismorum

348 4680 535 4735 ordine
573 4689 1043 4763 complexioneque
1068 4709 1123 4755 et
1152 4703 1336 4771 ﬁguris
1372 4680 1649 4772 tractatur:
1678 4721 1747 4776 Et
1779 4740 1915 4793 quo-

347 4769 495 4822 niam
528 4776 863 4845 syllogismus
900 4800 1071 4854 genus
1109 4802 1189 4846 est
1219 4800 1499 4863 apodictici
1545 4818 1597 4862 et
1634 4769 1907 4874 dialectici

342 4858 659 4930 syllogismi,
683 4869 1013 4932 dialecticam
1045 4880 1098 4935 in
1124 4882 1336 4954 Topicis
1356 4894 1467 4949 suis
1489 4905 1745 4969 exercuit,
1773 4922 1904 4978 apo-

342 4949 584 4978 dind..-“
631 4959 677 4978 3‘
737 4976 749 4978 —
914 4970 949 4978 "

1205 4949 1218 4954 _
1499 4949 1603 4954 ~~~v
1621 4949 1745 4969 ν-ην
1773 4949 1797 4961 “
1826 4949 1902 4965 ’νὴ

336 4949 586 5056 dicticam
628 4959 681 5013 in
730 4970 981 5024 secundis
1017 4978 1351 5036 resolutoriis
1392 4990 1653 5049 ordinavit
1678 5014 1691 5049 :
1716 4949 1903 5056 borium

336 5038 640 5151 disciplina,
668 5067 824 5121 quam
848 5058 939 5115 ille
963 5062 1015 5117 in
1046 5038 1409 5130 monstrandis

332 5134 637 5235 collegerat,
685 5146 832 5213 prius
874 5154 1034 5211 etiam
1079 5158 1132 5214 in
1174 5166 1363 5221 studiis
1390 5134 1679 5231 lec‘titatvur.
1728 5181 1905 5253 Itaque

324 5225 490 5319 primi
530 5231 680 5339 prius
720 5239 1023 5298 resolutorii
1055 5251 1214 5317 quain
1257 5259 1474 5337 secundi
1498 5265 1587 5331 qui
1626 5267 1692 5322 de
1724 5225 1903 5339 apoidi-

1073 5311 1087 5317 _
1501 5311 1587 5331 Ἰ--
1627 5311 1691 5322 ..ν
1724 5311 1751 5322 ..
1777 5311 1898 5328 ,νυν

324 5311 478 5407 ctico
506 5319 822 5393 syllogismo,
857 5333 939 5387 vel
967 5335 1164 5406 Topica
1194 5357 1311 5413 qua:
1333 5336 1707 5411 dedialectico
1733 5311 1898 5431 syllo-

322 5412 510 5508 grsmo
530 5416 668 5475 sunt,
690 5416 1037 5485 accipiuntur.
1065 5412 1245 5486 Traxit
1265 5433 1426 5504 igitur
1450 5412 1898 5508 Aristotelesddia-

1284 5488 1414 5504 νη-
1450 5488 1761 5503 unum.-.
1784 5488 1898 5508 υ..-

322 5488 580 5613 lectiqam
614 5509 768 5570 atque
811 5515 1162 5580 apodicticam
1207 5526 1505 5595 scientiam,
1538 5534 1902 5613 adunavitque

322 5581 379 5613 ς..
409 5598 471 5613 ι...
500 5590 743 5613 1,...ε-...-κ
998 5609 1008 5613 -

319 5581 380 5681 in
408 5586 845 5659 syllogismorum
874 5609 1182 5666 resolutoria
1218 5614 1599 5687 disputatione.
1628 5624 1738 5685 Sed
1769 5581 1901 5702 (1:0-

318 5671 467 5734 tiiam
514 5681 892 5753 syllogismum
930 5708 991 5748 ex
1020 5671 1475 5769 propositionibus
1516 5671 1900 5789 constare‘ne-

2065 1872 2377 1929 Aristoteles
2417 1878 2470 1931 in
2501 1877 2633 1935 duas
2666 1882 2894 1945 primum
2925 1897 3105 1954 partes
3147 1889 3358 1961 dividit,
3395 1892 3447 1948 in
3496 1898 3634 1951 πρὶς

2060 1961 2193 2016 dens
2214 1974 2374 2034 atque
2394 1968 2794 2042 substantiam),
2826 1986 2877 2029 et
2897 1978 3144 2033 accidens
3169 1981 3221 2035 in
3247 1997 3438 2038 u..v.;m
3464 2001 3634 2041 mem-

2060 2050 2155 2105 bra
2180 2054 2449 2122 diSpersit,
2478 2059 2681 2126 dicens,
2714 2074 2805 2118 aut
2833 2067 3180 2124 substantiam
3202 2086 3321 2127 esse
3340 2091 3632 2141 quamcun-

2057 2155 2160 2209 que
2192 2143 2337 2197 illam
2382 2163 2517 2215 rent,
2559 2161 2647 2205 aut
2687 2153 2731 2206 si
2760 2156 3012 2212 accidens
3051 2171 3215 2227 esset,
3244 2166 3495 2231 quoniam
3539 2179 3631 2223 aut

2053 2231 2301 2299 qualitas,
2341 2243 2433 2288 aut
2458 2240 2761 2305 quantitas,
2794 2254 2883 2297 aut
2912 2246 2978 2299 ad
3010 2248 3228 2317 aliquid,
3259 2262 3352 2306 aut
3391 2255 3503 2321 ubi,
3534 2268 3628 2313 aut

2054 2319 2291 2386 quando,
2322 2333 2412 2374 aut
2435 2324 2638 2392 jacere,
2662 2337 2754 2382 aut
2783 2329 2997 2397 habere,
3028 2345 3120 2390 aut
3142 2336 3317 2394 facere
3344 2319 3509 2408 esset,
3536 2357 3628 2400 aut

2054 2409 2188 2473 pati.
2234 2409 2487 2466 Praelibat
2515 2414 2675 2483 igitur
2717 2433 2816 2475 nos
2845 2420 3173 2493 Porphyrius
3199 2429 3267 2482 ad
3294 2431 3484 2488 herum
3529 2450 3624 2491 ve-

2050 2497 2315 2569 rissimam
2348 2502 2704 2570 cognitionem
2738 2508 2839 2564 hoc
2868 2512 2934 2566 de
2968 2515 3275 2583 generibus,
3316 2521 3619 2592 speciebus,

2048 2586 2385 2658 diﬁ‘erentiis,
2420 2595 2672 2662 propriis,
2722 2599 3196 2675 accidentibusque
3238 2586 3488 2669 tractatu.
3534 2586 3622 2674 Sio

2045 2676 2208 2745 igitur
2259 2693 2380 2734 eum
2427 2692 2553 2739 ante
2602 2687 2955 2755 apodicticam
3013 2695 3448 2773 dialecticamque
3505 2722 3618 2764 rem

2042 2766 2370 2836 syllogistica
2413 2772 2787 2842 praelegantur,
2831 2789 2953 2834 ante
2986 2766 3379 2853 syllogisticam-
3409 2792 3462 2845 in
3494 2809 3619 2861 pro-

2043 2857 2398 2922 positionibus
2441 2860 2645 2927 pritnus
2680 2863 2836 2918 labor
2862 2869 2953 2932 sit,
2984 2879 3109 2924 ante
3137 2857 3528 2943 propositiones
3563 2884 3615 2937 In

2026 2945 2321 3013 'categoriis
2352 2961 2515 3014 pauca
2547 2948 2834 3018 desudent,
2868 2963 2995 3035 ante
3032 2966 3332 3029 categorias
3359 2965 3415 3019 in
3443 2970 3616 3039 isago-

2040 3037 2121 3103 gis
2150 3036 2435 3106 plurimum
2456 3040 2541 3097 tab
2563 3053 2720 3115 irent,
2747 3060 2864 3116 qua:
2886 3047 2952 3103 de
2978 3054 3278 3122 generibus,
3306 3036 3611 3129 speciebus,

2037 3124 2387 3195 diﬁ‘erentiis,
2442 3133 2705 3200 propriis,
2761 3137 3234 3212 accidentibusque
3288 3124 3609 3217 censentur,

2034 3212 2168 3268 ordo
2196 3224 2279 3271 est
2313 3217 2379 3272 de
2409 3219 2492 3274 bis
2540 3221 2669 3291 ipsis
2709 3226 2867 3282 rebus
2909 3244 3070 3297 pauca
3114 3235 3414 3301 praelibare.
3448 3212 3612 3299 Recte

2032 3307 2194 3377 igitur
2225 3321 2281 3367 ut
2312 3313 2399 3369 ﬁlo
2428 3316 2657 3386 quodam
2697 3318 2783 3373 hic
2811 3318 3093 3393 Porphyrii
3133 3326 3285 3407 liber,
3308 3331 3509 3398 primus
3533 3336 3609 3391 le-

2028 3400 2279 3467 gentibus
2320 3406 2617 3463 studiorum
2674 3420 3064 3479 praegustator,
3104 3425 3162 3470 et
3213 3400 3608 3487 quodammodo

2029 3487 2269 3547 initiator
2305 3498 2561 3551 occurrit.
2595 3498 2745 3565 Quod
2790 3500 2836 3554 si
2883 3501 2936 3555 in
2968 3501 3067 3558 hac
3112 3520 3191 3572 re,
3224 3510 3364 3577 quod
3402 3511 3604 3572 dictum

2029 3588 2138 3651 est1
2173 3592 2256 3637 sat
2286 3596 2389 3651 est,
2435 3603 2548 3642 rem
2577 3589 2737 3644 etiam
2776 3589 2844 3645 (ιε
2876 3591 3226 3664 inscriptione
3246 3601 3601 3662 confecimus.

2028 3671 2147 3738 Quo
2181 3675 2320 3730 enim
2358 3677 2465 3733 alio
2503 3680 2692 3736 melius
2738 3696 2893 3752 quam
2938 3684 3347 3748 introductiouis
3385 3698 3604 3758 nomine

2028 3776 2361 3836 nuncupetur
2418 3768 2503 3825 hic
2550 3771 2720 3827 liber?
2773 3776 2863 3830 Est
2917 3792 3146 3848 namque
3191 3783 3257 3837 ad
3303 3793 3601 3858 categorias

2029 3855 2330 3913 Aristotelis
2359 3860 2627 3928 introitus,
2654 3873 2714 3919 et
2739 3866 2979 3935 quaedam
3012 3873 3160 3939 quasi
3187 3874 3348 3943 ianua
3380 3882 3596 3939 venien-

2029 3954 2108 4001 tes
2152 3948 2401 4004 admittit.
2444 3952 2575 4007 Tum
2617 3955 2852 4011 Fabius:
2881 3957 3065 4028 Perge,
3101 3979 3281 4031 quaeso
3329 3977 3411 4035 te;
3458 3984 3513 4028 et
3549 3976 3598 4031 si

2024 4036 2143 4101 ejus
2174 4037 2276 4093 hoc
2319 4043 2589 4108 proprium
2634 4049 3050 4115 germanun‘rque
3091 4064 3226 4118 opus
3252 4064 3335 4109 est
3379 4060 3591 4131 collige.

2026 4127 2158 4190 Hoc,
2176 4129 2413 4195 inquam,
2431 4131 2785 4188 indubitatum
2808 4146 2909 4202 est,
2935 4138 3182 4196 omnibus
3196 4143 3338 4200 enim
3356 4127 3596 4223 Porphy-

2022 4215 2088 4269 rii
2117 4217 2268 4303 libri»
2302 4219 2470 4288 stylus
2496 4220 2583 4278 hic
2616 4226 2885 4281 convenit.
2921 4227 2987 4282 Et
3027 4245 3143 4285 mos
3176 4232 3262 4289 hic
3292 4215 3593 4312 Porpb'yrio

3344 4290 3589 4312 ατη---

2021 4313 2123 4369 εει,
2156 4290 2213 4359 iit
2242 4308 2293 4360 in
2321 4308 2403 4364 his
2427 4312 2584 4366 rebus
2608 4328 2726 4383 quae
2755 4314 3320 4389 suntobscuris§imre,
3347 4327 3591 4387 introdu-

2020 4398 2184 4452 cenda
2225 4390 2465 4470 quietiam
2509 4413 2567 4458 et
2608 4410 2974 4477 prtegus'anda
3027 4428 3119 4478 pra
3137 4425 3336 4483 currat,
3394 4428 3449 4475 ut
3485 4422 3593 4479 alio

2025 4491 2252 4557 quodam
2286 4493 2423 4549 libro
2449 4495 2518 4550 de
2546 4496 2872 4569 Categoricis
2910 4503 3233 4573 syllogismis
3255 4509 3399 4576 l'ecit,
3440 4524 3495 4570 et
3522 4516 3590 4572 de

2020 4581 2204 4635 multis
2228 4585 2350 4639 item
2374 4587 2492 4640 aliis
2522 4603 2643 4657 quin
2683 4591 2737 4644 in
2762 4593 3092 4662 philosophia
3121 4601 3299 4666 gravia
3334 4604 3587 4660 illustria-

2017 4684 2123 4735 que
2152 4683 2451 4727 versantur.
2490 4676 2553 4729 Et
2595 4677 2695 4731 hoc
2722 4680 2862 4746 apud
2888 4685 3191 4748 superiores
3230 4688 3583 4753 indubitatum

2014 4767 2117 4824 est,
2149 4760 2344 4828 quibus
2372 4764 2517 4818 nolle
2544 4766 2765 4823 credere
2794 4769 3002 4825 inscitia
3032 4783 3135 4829 est.
3163 4776 3295 4834 Tum
3323 4781 3534 4843 ‘Fabius
3565 4807 3579 4844 :

2014 4847 2221 4916 Restat,
2251 4848 2441 4921 inquit,
2473 4862 2532 4909 ut
2558 4855 2622 4909 ad
2662 4869 2823 4925 quam
2866 4866 3068 4929 partem
3102 4866 3448 4941 philosophia:
3481 4878 3585 4933 du-

2012 4946 2185 5007 catur,
2218 4939 2503 4998 edeseras.
2555 4946 2618 5000 Et
2658 4960 2756 5017 ego
2786 4968 2797 5002 :
2831 4950 3011 5009 Dicam
3045 4954 3137 5011 tibi
3165 4976 3175 5011 :
3204 4939 3465 5025 Quoniam
3495 4984 3583 5023 ca-

2016 5031 2232 5097 tegoriaa
2254 5032 2320 5085 ad
2349 5037 2742 5105 propositiones
2765 5052 2865 5110 apt.
2889 5052 3030 5111 ntur,
3059 5049 3353 5120 sleogismi
3372 5055 3438 5111 de
3464 5073 3586 5126 pro-

2014 5117 2373 5179 positionibus
2417 5137 2829 5194 componuntur,
2876 5117 3159 5198 apodictici
3202 5117 3331 5194 vero
3361 5143 3442 5195 vel
3464 5117 3584 5196 'dia-

2014 5202 2186 5260 lectici
2226 5208 2523 5280 syllogismi
2567 5217 2618 5269 in
2652 5215 2837 5288 logica:
2881 5222 3011 5277 artis
3037 5224 3317 5293 disciplina
3359 5239 3581 5286 vertun-

2014 5302 2116 5349 tur.
2146 5297 2366 5355 Constat
2393 5319 2606 5374 quoque
2631 5311 2929 5379 categorias
2954 5327 3073 5381 quae
3096 5313 3161 5367 ad
3184 5318 3582 5385 propositiones

2010 5386 2452 5460 syllogismosque
2477 5395 2765 5463 pertinent,
2809 5398 2994 5466 logica:
3038 5400 3276 5458 scientiae
3305 5418 3426 5464 esse
3451 5424 3582 5465 con-

2008 5486 2191 5528 uexas.
2234 5476 2410 5543 Quare
2458 5480 2778 5538 introductio
2821 5499 3031 5552 quoque
3081 5487 3132 5541 in
3165 5497 3463 5563 categorias
3511 5502 3579 5557 ad

2009 5560 2232 5630 logicam
2277 5568 2550 5623 scientiam
2589 5571 2966 5628 convenienter
2995 5578 3281 5645 optabitur.
3314 5584 3577 5652 Quoniam

2008 5664 2071 5704 ea
2100 5668 2218 5721 quae
2251 5655 2584 5721 praedicenda
2613 5668 2734 5712 sunt
2753 5660 3005 5730 explicui,
3037 5683 3178 5724 nunc
3200 5679 3375 5741 textus
3396 5677 3577 5747 ipsius

2009 5744 2143 5797 ratio
2180 5751 2336 5806 atque
2365 5744 2498 5802 ordo
2535 5749 2793 5806 videatur.
2824 5751 2958 5811 Tum
3000 5757 3196 5817 Fabius
3223 5744 3578 5852 thirteqnam
