4244 6254
651 370 719 425 ts
860 322 863 325 I
1889 364 1981 421 an
2021 358 2229 417 MANL.
2258 344 2427 416 sev.
2469 357 2693 417 BOETll
3124 354 3127 357 λ
3620 406 3623 407 ν
3832 360 3911 415 to

648 482 954 551 explanatio
992 492 1177 535 sensus
1220 476 1470 548 procedat
1511 475 1561 529 id
1608 474 1749 529 scire
1795 473 2070 536 desidero,
2113 485 2209 527 cur
2240 469 2289 527 A
2316 472 2556 526 Vertitur.
2583 470 2789 527 Animal
2812 471 2951 526 enim
2979 480 3032 525 et
3056 470 3213 525 homo
3240 472 3522 526 univocum
3547 479 3647 526 est.
3675 470 3890 526 Animal

648 587 769 626 cum
800 579 981 640 posset
1006 569 1183 625 dicere
1213 586 1225 619 :
1260 567 1391 623 Cum
1419 566 1780 621 necessarium
1808 564 1898 631 sit,
1928 572 2219 634 praeposte-

653 673 766 717 rato
810 659 1017 724 ordine,
1063 673 1185 712 cum
1232 658 1303 712 sit
1351 654 1713 711 necessarium
1763 652 1916 707 dixit.
1967 652 2036 706 Et
2077 666 2219 720 ego:

648 752 929 817 Quoniam,
974 749 1212 818 inquam,
1264 748 1465 802 nullum
1516 745 1764 801 accidens
1795 752 1896 809 est,
1937 744 2078 813 quod
2116 760 2220 799 non

650 838 960 894 substantiae
1006 836 1349 889 fundamento
1392 836 1607 888 nitatur.
1644 833 1813 886 Porro
1858 840 2033 886 autem
2062 831 2212 900 quid-

650 928 777 997 quid
806 927 871 981 ad
891 923 1181 995 cujuslibet
1200 926 1484 996 superiecti
1520 926 1821 980 ﬁrmitatem
1854 933 1960 991 est,
1991 923 2041 978 id
2070 932 2221 979 ante-

649 1030 805 1084 quam
850 1016 1022 1083 ipsum
1070 1023 1235 1080 esset,
1278 1015 1439 1069 fuisse
1475 1028 1697 1069 necesse
1736 1021 1857 1068 est:
1890 1022 1947 1066 ut
1983 1013 2124 1066 enim
2171 1014 2221 1067 in

650 1101 914 1163 domibus,
943 1102 1043 1155 nisi
1080 1101 1226 1170 prius
1263 1101 1606 1156 fundamenta
1632 1101 1909 1168 subjicias,
1954 1100 2100 1153 nulla
2126 1116 2223 1153 un-

650 1206 807 1260 quam
849 1191 1065 1256 fabrica,
1108 1193 1185 1247 sic
1216 1192 1318 1246 nisi
1352 1192 1512 1265 prius
1540 1192 1853 1245 substantia:
1878 1189 2223 1244 fundamenta

651 1281 775 1343 sint,
801 1279 945 1334 nulla
974 1294 1204 1349 unquam
1235 1279 1533 1333 accidentia
1569 1288 2020 1348 superponentur.
2040 1276 2225 1347 Opor-

624 1406 627 1407 ν
652 1378 727 1423 tet
748 1369 889 1424 enim
918 1368 1064 1438 prius
1085 1382 1206 1422 esse
1234 1366 1454 1436 aliquid,
1484 1376 1541 1421 ut
1571 1366 1795 1422 formam
1830 1366 2102 1436 qualitatis
2133 1380 2222 1419 ar-

652 1458 827 1526 ripiat,
859 1472 980 1511 nam
1020 1456 1381 1512 necessarium
1428 1456 1657 1525 qualitas
1697 1465 1813 1511 est:
1840 1469 1945 1510 non
1994 1454 2225 1510 absurde

653 1549 814 1617 igitur
842 1547 989 1615 prius
1016 1560 1135 1600 esse
1164 1544 1359 1613 posuit,
1392 1554 1507 1613 post
1549 1545 1708 1599 etiam
1755 1545 2140 1607 necessarium,
2175 1542 2227 1596 id

651 1647 734 1693 est
762 1646 882 1706 post
930 1637 1281 1691 substantiam
1311 1635 1600 1704 ;qualitatis
1640 1648 1834 1688 nomen
1879 1634 2094 1704 aptavit.
2132 1633 2228 1686 llic

654 1729 885 1784 Fabius:
917 1727 1300 1793 Subtilissinte,
1359 1726 1551 1797 inquit,
1604 1734 1658 1781 et
1702 1725 1892 1791 lucide,
1944 1725 2038 1781 sed
2087 1738 2226 1778 nunc

653 1819 784 1873 ordo
815 1820 929 1887 ipse
956 1819 1134 1887 Opetis
1166 1827 1450 1887 textosque
1478 1817 1738 1873 videatur.

722 1909 851 1963 Cum
880 1911 943 1963 sit
974 1906 1313 1963 necessarium
1340 1908 1592 1971 Mimanti,
1624 1910 1725 1962 sive
1746 1909 1813 1960 ad
1832 1907 2111 1961 Aristotelis
2138 1924 2226 1959 eno

656 1999 895 2068 tegorias,
926 1999 1030 2051 sive
1058 1998 1125 2051 ad
1146 1998 1180 2050 ά
1200 1998 1457 2066 ﬁnitionis
1479 1998 1825 2067 disc'plinam,
1859 2013 2003 2050 nosse
2027 1998 2145 2065 quid
2167 1998 2232 2049 sit

654 2105 833 2160 genus,
865 2091 1049 2160 quidve
1076 2090 1289 2159 species;
1319 2090 1442 2158 quid
1462 2089 1767 2156 differentia,
1794 2089 1917 2158 quid
1943 2089 2227 2158 praprium,

654 2182 778 2247 quid
815 2182 1070 2247 accidens,
1122 2192 1167 2234 et
1215 2182 1422 2234 omnino
1452 2181 1519 2234 ad
1562 2198 1619 2234 ea
1648 2196 1760 2249 qua:
1800 2190 1916 2233 sunt
1947 2180 2228 2248 divisionis,

654 2271 733 2324 vel
756 2286 870 2340 qua!
897 2270 1301 2339 approbationis,
1350 2285 1566 2340 quorum
1613 2272 1805 2323 utilitas
1852 2278 1923 2323 cst
1962 2280 2007 2322 et
2048 2285 2233 2339 magna

654 2362 894 2433 cognitio,
921 2362 1129 2415 breviter
1154 2373 1171 2415 ι
1195 2362 1246 2414 bi
1275 2364 1534 2429 explicare
1562 2363 1779 2415 teutnbo.
1817 2361 1946 2427 Quae
1972 2361 2112 2428 apud
2139 2377 2232 2414 an-

656 2454 821 2520 tiquos
863 2455 1067 2519 anilem
1117 2455 1219 2505 alte
1262 2463 1309 2505 et
1359 2453 1629 2521 magni/ica
1672 2453 2009 2522 qutestionum
2054 2468 2235 2519 genera

659 2542 921 2610 proposita
965 2550 1114 2602 sunt,
1162 2558 1253 2607 ego
1303 2542 1523 2609 simplici
1570 2557 1800 2593 sermone
1847 2557 1961 2592 cum
2010 2542 2233 2609 quadam

658 2635 952 2703 conjectura
978 2632 1029 2684 in
1052 2647 1129 2685 res
1153 2631 1559 2684 consideratione
1576 2632 1701 2694 alia,
1730 2632 1827 2682 ista
1847 2633 2109 2699 explicabo
2134 2650 2236 2685 rne-

662 2724 921 2777 diocriter.

730 2816 880 2870 Tunc
900 2829 999 2884 ego
1022 2832 1035 2867 :
1062 2813 1412 2869 Prmdiximus
1433 2810 1647 2883 quidem
1671 2827 1835 2883 pauca
1860 2813 2125 2881 superius,
2142 2813 2234 2868 sed

662 2911 741 2964 vel
775 2911 856 2963 bis
884 2909 1125 2979 quaedam
1154 2908 1376 2973 addere,
1408 2906 1493 2980 vel
1525 2906 1638 2961 haec
1659 2908 1845 2962 eadem
1880 2920 2066 2961 rursus
2091 2920 2237 2960 com-

661 3015 958 3057 memorare
992 2999 1280 3054 absurdum
1308 3014 1429 3053 esse
1457 3014 1561 3054 non
1590 2998 1839 3053 arbitror.
1868 2998 2031 3052 Totus
2060 3009 2238 3052 autem

660 3102 848 3151 senSus
879 3092 999 3148 talis
1027 3100 1108 3147 est
1146 3111 1157 3145 :
1190 3091 1440 3147 Scribens
1471 3090 1536 3145 ad
1569 3090 1890 3145 Memmium
1922 3089 1988 3145 de
2012 3089 2238 3144 utilitate

2323 561 2463 615 enim
2491 561 2737 616 animalis
2772 560 2989 617 nomine
3014 562 3228 616 dicitur.
3269 562 3437 616 Porro
3465 571 3642 618 autem
3689 562 3897 618 homini

2324 665 2518 707 nomen
2567 652 2727 706 etiam
2775 650 3024 706 convenit
3062 651 3325 717 animalis,
3359 660 3414 707 ut
3440 652 3650 707 dicatur
3676 651 3897 720 animal,

2324 756 2430 795 uno
2458 758 2585 812 ergo
2625 736 2841 797 nomine
2878 742 3125 796 animalis
3153 742 3313 796 homo
3354 750 3409 796 et
3434 741 3630 795 animal
3662 741 3898 810 appellas

2327 842 2429 887 tur.
2462 834 2719 888 Animalis
2741 848 2869 889 vero
2900 832 3149 889 dilﬁnitio
3172 841 3276 897 est,
3320 832 3616 887 substantia
3665 834 3899 888 animata

2326 926 2618 991 sensibilis,
2668 940 2826 995 quam
2858 926 2904 980 si
2939 926 3005 979 ad
3050 926 3320 981 hominem
3349 933 3525 980 vertas
3558 924 3691 978 nihil
3718 926 3901 980 absur-

2327 1016 2451 1070 dum
2484 1017 2673 1071 feceris
2703 1035 2714 1069 :
2748 1026 2920 1085 potest
2950 1017 3093 1071 enim
3126 1016 3285 1070 homo
3315 1029 3435 1069 esse
3474 1014 3767 1068 substantia
3789 1015 3902 1068 ani.

2326 1114 2467 1159 mata
2513 1106 2801 1170 sensibilis,
2843 1106 2937 1161 sed
2968 1106 3166 1160 animal
3216 1120 3403 1175 genus,
3437 1104 3597 1158 homo
3628 1118 3756 1159 vero
3783 1118 3903 1173 spe-

2326 1196 2467 1260 cies;
2499 1196 2725 1250 univoce
2768 1196 2927 1265 igitur
2962 1211 3133 1264 genus
3174 1206 3228 1250 et
3276 1195 3481 1265 species
3524 1194 3901 1262 prazdicantur.

2327 1285 2617 1355 Aiquivoca
2651 1300 2776 1340 vero
2804 1286 2896 1354 qui
2945 1285 3165 1352 fuerint,
3210 1286 3461 1355 quoniam
3505 1283 3904 1338 deﬁnitionibus

2327 1377 2598 1441 diﬁ‘erunt,
2630 1386 2683 1432 et
2722 1392 2907 1431 eorum
2954 1393 3181 1446 quorum
3231 1376 3569 1431 deﬁnitiones
3607 1375 3724 1427 alite
3759 1383 3904 1437 sunt,

2328 1469 2428 1522 alia
2459 1477 2540 1523 est
2564 1470 2724 1522 etiam
2748 1468 3042 1523 substantia
3070 1486 3083 1521 :
3109 1482 3332 1536 quorum
3355 1466 3455 1519 alia
3483 1465 3778 1519 substantia
3801 1471 3903 1527 est,

2326 1559 2427 1611 alia
2456 1566 2581 1612 sunt
2607 1559 2771 1613 etiam
2813 1560 3030 1612 omnino
3060 1572 3277 1627 genera,
3312 1558 3364 1610 in
3396 1554 3477 1609 his
3508 1555 3707 1609 eisdem
3738 1553 3903 1619 sequia

2327 1651 2472 1704 vocis
2501 1659 2729 1714 constat,
2761 1650 2903 1719 quod
2930 1664 3103 1719 neque
3130 1664 3321 1719 genus,
3351 1663 3524 1717 neque
3546 1647 3754 1715 species
3778 1659 3898 1713 pos-

2330 1741 2397 1791 sit
2423 1740 2591 1806 aptari
2626 1758 2638 1793 :
2668 1740 2861 1794 etenim
2895 1740 2941 1793 si
2981 1740 3101 1809 quis
3140 1740 3407 1793 hominem
3460 1751 3813 1791 marmoreum
3850 1742 3906 1789 et

2256 1820 2301 1878 Β
2332 1829 2598 1882 hominem
2628 1830 2806 1883 vivum
2837 1828 3066 1882 hominis
3092 1828 3307 1883 nomine
3335 1828 3584 1896 appellet,
3633 1826 3771 1879 idem
3804 1838 3903 1877 no-

2333 1935 2453 1972 men
2481 1919 2692 1987 utrique
2734 1918 2918 1973 fecerit
2945 1918 3277 1983 substantias,
3309 1916 3605 1971 diﬂ‘erentia
3637 1929 3766 1968 vero
3796 1909 3904 1966 dif-

2335 2012 2609 2080 linitioque
2634 2018 2715 2065 est
2742 2010 3033 2065 dissimilis.
3061 2011 3226 2065 Porro
3252 2019 3427 2064 autem
3458 2008 3687 2064 hominis
3716 2016 3769 2061 et
3798 2014 3907 2060 sta-

2335 2110 2438 2154 tua:
2466 2117 2571 2154 non
2616 2115 2778 2155 unum
2829 2116 2999 2169 genus
3035 2110 3140 2169 est,
3182 2101 3275 2155 sed
3316 2109 3505 2155 Statum
3532 2098 3903 2160 inanimatum,

2336 2193 2561 2246 hominis
2591 2193 2903 2245 animatum.
2937 2192 3111 2258 Quare
3138 2200 3345 2245 constat
3365 2189 3612 2259 quoniam
3636 2196 3907 2254 nunquam

2335 2284 2434 2336 sub
2465 2282 2668 2337 eisdem
2695 2283 2977 2352 generibus
3006 2283 3346 2336 continentur
3371 2292 3699 2347 quascunque
3734 2276 3909 2343 atqui-

2334 2388 2464 2427 voce
2492 2374 2866 2441 praedicantur.
2892 2371 3059 2437 Quam
3085 2370 3190 2424 vim
3217 2369 3315 2423 nisi
3340 2369 3483 2437 prius
3506 2368 3573 2421 de
3599 2366 3906 2435 generibus,

2335 2464 2637 2534 speciebus,
2670 2463 2902 2533 propriis
2924 2472 2977 2517 et
3004 2460 3317 2517 diﬁ'erentiis
3340 2458 3580 2512 notitiam
3609 2454 3911 2509 scientiatn~

2337 2572 2441 2625 que
2491 2555 2813 2624 perceperis,
2868 2555 3014 2609 nullo
3044 2565 3314 2619 nunquam
3348 2558 3589 2616 tempore
3622 2543 3908 2599 discernis.

2339 2651 2481 2702 Idem
2515 2649 2831 2705 Aristoteles
2854 2648 2928 2702 ait
2949 2646 3073 2717 quid
3096 2644 3403 2713 sintprima:
3428 2635 3757 2699 substantiae,
3780 2633 3910 2702 quid

2338 2738 2607 2800 secundm,
2640 2748 2694 2790 et
2722 2740 2921 2806 primas
2951 2735 3273 2789 substantias
3300 2732 3427 2787 dicit
3454 2743 3572 2783 esse
3614 2724 3910 2780 individuo.

2339 2845 2455 2883 rum
2509 2842 2794 2895 corporum
2840 2836 2894 2879 et
2940 2826 3292 2893 singulorum,
3342 2833 3398 2875 ut
3441 2829 3523 2874 est
3559 2817 3769 2879 Cicero,
3820 2821 3909 2867 aut

2341 2923 2510 2986 Plato,
2540 2930 2630 2975 aut
2656 2920 2924 2975 Socrates.
2954 2916 3226 2971 Secundas
3255 2925 3384 2968 vero
3424 2908 3749 2964 substantias
3786 2918 3910 2972 spe-

2340 3018 2449 3071 cies
2489 3013 2796 3083 appellavit,
2845 3020 2900 3063 ut
2932 3017 3016 3062 est
3061 3008 3239 3071 homo,
3270 3005 3353 3057 vel
3397 3015 3590 3070 genera
3623 2999 3674 3053 in
3720 2997 3912 3066 quibus

2345 3107 2472 3177 ipsae
2513 3104 2719 3173 species
2745 3100 3104 3160 continentur,
3147 3104 3204 3148 ut
3245 3101 3328 3147 est
3352 3083 3725 3145 animal.“ch
3752 3087 3911 3156 igitur

576 3227 589 3233 -
661 3186 815 3250 libri,
865 3183 1170 3239 summatim
1216 3196 1379 3249 pauca
1424 3181 1685 3249 praedicit,
1731 3196 1837 3250 quo
1883 3180 2241 3235 elucubratior
2268 3168 2315 3233 C
2347 3168 2738 3266 n'isipm'equ
2769 3190 2982 3261 generis
3007 3187 3309 3257 specieique
3337 3182 3638 3253 Cognitione
3657 3179 3912 3235 scirinon

664 3276 874 3329 animus
918 3271 1175 3324 auditoris
1230 3270 1671 3339 exercitatiorque
1720 3269 1782 3323 ad
1825 3270 1937 3324 lucc
1982 3270 2238 3338 capienda

663 3362 959 3433 perveniat.
1008 3360 1270 3413 Prodesse
1300 3368 1472 3413 autem
1505 3360 1569 3412 ad
1616 3360 1915 3415 Aristotelis
1943 3361 2240 3430 categorias

664 3456 811 3518 dicit,
843 3451 984 3522 quod
1029 3465 1150 3504 cum
1196 3451 1431 3503 omnium
1481 3464 1783 3503 sermonum
1829 3452 2239 3519 significantium

665 3547 976 3599 varietatem
999 3543 1208 3597 diversa
1232 3556 1408 3595 rerum
1430 3556 1633 3595 summa
1656 3542 1934 3607 divideret,
1960 3554 2014 3597 et
2040 3544 2088 3596 in
2117 3545 2241 3598 sub-

665 3635 912 3689 stantiam
938 3642 1097 3702 atqne
1128 3630 1375 3685 accidens
1405 3645 1591 3684 omnes
1614 3646 1700 3685 res
1721 3640 1929 3686 secaret
1952 3641 2110 3702 atque
2133 3632 2242 3686 dis-

668 3733 932 3792 pergeret,
963 3722 1212 3777 accidens
1241 3722 1292 3774 in
1331 3734 1523 3774 novem
1553 3720 1723 3774 secuit
1752 3730 1948 3790 partes,
1983 3723 2123 3789 quod
2152 3738 2241 3777 su-

668 3814 849 3881 perius
876 3810 1256 3874 demonstravi,
1281 3817 1336 3863 et
1367 3810 1479 3863 hzec
1501 3818 1693 3878 genera
1722 3812 2117 3878 generalissima
2147 3827 2241 3866 no-

667 3905 905 3964 minavit,
939 3902 989 3955 id
1022 3910 1101 3956 est
1120 3905 1446 3974 γινικὼτατα,
1475 3900 1614 3970 quod
1638 3916 1799 3969 super
1828 3903 1925 3955 ista
1950 3901 2050 3956 alia
2080 3917 2241 3971 gene-

666 4007 723 4047 ra
753 3991 980 4046 inveniri
1013 4006 1116 4045 non
1161 3990 1382 4059 possint.
1440 3989 1601 4059 Igitur
1626 3990 1670 4043 si
1700 3998 1825 4045 sunt
1865 4005 2082 4060 genera,
2124 3993 2241 4047 sine

668 4084 946 4153 speciebus
975 4096 1095 4136 esse
1122 4096 1228 4135 non
1258 4091 1501 4149 possunt.
1531 4080 1584 4136 Si
1611 4079 1710 4135 sub
1747 4081 1829 4135 bis
1868 4084 2075 4151 species
2114 4084 2242 4151 Sup-

668 4182 959 4239 ponuntur,
988 4170 1299 4223 diﬁ'erentiis
1322 4185 1425 4222 non
1448 4171 1729 4223 vacabunt.
1754 4172 1904 4237 Quod
1927 4174 1969 4227 si
1995 4174 2241 4227 differen-

669 4262 771 4315 tias
817 4260 1067 4321 retinent,
1120 4258 1348 4327 propriis
1396 4258 1732 4326 indigebunt.
1782 4261 2241 4317 Accidentis.vero

672 4365 858 4405 novem
892 4348 1303 4419 prardicamenta
1335 4357 1477 4403 sunt.
1532 4348 1788 4415 Quocirca
1818 4366 1922 4405 non
1952 4351 2240 4406 absurdum

670 4443 767 4495 luit
806 4442 931 4495 hinc
959 4439 1403 4495 introductionem
1435 4440 1486 4493 in
1518 4440 1925 4508 praedicamenta
1969 4442 2237 4511 componi,

672 4540 729 4586 ut
757 4530 824 4585 de
848 4530 1151 4598 generibus,
1186 4528 1485 4599 speciebus,
1530 4530 1867 4597 diﬁ'erentiis,
1901 4534 2239 4601 propriisque
2268 4512 2321 4573 Ψ

670 4630 945 4688 tractaret,
977 4634 1095 4690 quae
1119 4620 1170 4674 in
1205 4619 1333 4689 ipsis
1353 4620 1784 4690 praedicamentis
1813 4622 2239 4692 inseparabiliter

668 4712 913 4766 videntur
941 4710 1159 4767 inserta.
1185 4710 1444 4780 Amplius.
1478 4712 1629 4778 Quod
1655 4694 1994 4770 Arismteliea
2028 4719 2241 4773 subtili-

673 4812 754 4855 tas
782 4802 1088 4869 priusquam
1120 4802 1184 4854 ad
1216 4803 1746 4870 prmdicamentorunt
1772 4786 2010 4861 ordinem
2034 4811 2242 4865 venire-

673 4904 781 4957 tur,
809 4890 876 4945 de
904 4893 1191 4959 :equivoeis
1216 4894 1560 4963 univoeisque
1593 4900 1855 4963 tractavit,
1897 4900 2081 4953 deﬁnit
2109 4917 2239 4957 vero

670 4982 935 5053 tequivoca
958 4983 1034 5036 sic
1062 5000 1073 5033 :
1106 4981 1399 5050 Equivoca
1438 4993 1564 5038 sunt
1589 5001 1813 5053 quorum
1842 5002 2033 5042 nomen
2071 4993 2240 5046 solum

671 5087 954 5129 commune
975 5082 1074 5138 est,
1107 5071 1395 5127 secundum
1420 5088 1546 5128 vero
1574 5090 1770 5130 nomen
1802 5079 2111 5135 substantiae
2140 5084 2241 5136 alia

668 5169 805 5224 ratio
846 5177 950 5233 est,
980 5177 1036 5221 ut
1061 5167 1104 5221 si
1131 5181 1230 5235 qua
1267 5178 1415 5233 sunt,
1442 5184 1561 5238 qua:
1586 5171 1801 5226 nomine
1846 5182 2047 5228 tantum
2090 5192 2239 5232 com-

672 5260 961 5324 municent,
995 5258 1289 5313 substantia
1319 5273 1449 5314 vero
1470 5258 1792 5315 dissimilent
1821 5279 1833 5315 :
1865 5264 2084 5320 univoca
2118 5282 2243 5323 vero

670 5366 785 5419 qua:
812 5351 911 5404 sub
932 5349 1118 5404 eodem
1146 5346 1362 5403 nomine
1387 5359 1443 5404 et
1463 5350 1563 5405 sub
1590 5351 1775 5406 eadem
1800 5353 2093 5411 substantia
2116 5373 2243 5415 con-

669 5439 923 5493 tinentur.
957 5442 1127 5494 Omne
1154 5440 1317 5508 igitur
1341 5454 1508 5509 genus
1537 5440 1600 5496 ad
1631 5444 1969 5512 speciesque
1989 5456 2115 5501 sunt
2143 5449 2244 5505 sub

668 5524 786 5595 ipso
825 5526 1009 5595 positae
1047 5528 1270 5583 univoee
1300 5529 1575 5597 przedjcari
1628 5542 1821 5600 potest.
1871 5534 2038 5591 Porro
2069 5548 2243 5593 autem

669 5616 922 5684 quidquid
954 5617 1018 5671 ad
1053 5619 1314 5684 quaslibet
1338 5636 1423 5675 res
1449 5624 1674 5678 univoee
1715 5626 2054 5695 praedicatur,
2078 5628 2129 5683 in
2162 5629 2248 5684 his

670 5703 783 5761 sola
811 5704 1057 5761 dimnitio
1085 5723 1187 5761 una
1237 5719 1340 5775 est,
1392 5726 1559 5779 genus
1588 5730 1714 5772 vero
1761 5721 2073 5789 speciesque
2114 5735 2243 5777 eou-

2345 3295 2586 3356 possunt.
2631 3283 2771 3337 Idem
2801 3280 2875 3334 ait
2915 3278 3262 3333 substantiam
3290 3277 3356 3329 ab
3384 3274 3484 3328 alia
3514 3270 3829 3336 substantia,
3859 3269 3912 3324 in

2342 3393 2408 3433 eo
2438 3376 2578 3445 quod
2622 3371 2915 3428 substantia
2946 3369 3034 3433 sit,
3078 3366 3219 3420 nulla
3260 3364 3558 3419 diﬁ'erentia
3595 3361 3910 3430 disgregari.

2346 3469 2488 3523 Idem
2524 3463 2835 3520 substantiae
2865 3458 3215 3530 proprietates
3251 3455 3495 3525 requirit,
3524 3461 3582 3507 ut
3607 3451 3758 3521 quasi
3810 3451 3913 3504 im-

2343 3574 2532 3629 presso
2580 3558 2757 3624 aliquo
2804 3556 2983 3623 signo,
3036 3552 3114 3605 sic
3153 3548 3468 3618 proprietate
3513 3553 3659 3611 nota,
3710 3542 3913 3598 facilius

2342 3649 2469 3719 quid
2498 3645 2792 3702 substantia
2815 3644 2881 3697 sit
2905 3641 3143 3695 invenire
3165 3647 3319 3707 atque
3346 3634 3602 3705 expedire
3628 3632 3912 3701 possimus.

2343 3743 2517 3808 Atque
2546 3738 2645 3790 hoc
2675 3734 2812 3788 idem
2845 3734 2896 3786 in
2935 3723 3296 3785 accidentibus
3326 3726 3470 3781 fecit.
3500 3725 3633 3779 Nam
3662 3732 3714 3777 et
3738 3735 3913 3790 quan-

2344 3829 2505 3883 titatis
2558 3836 2611 3881 et
2641 3824 2909 3895 qualitatis
2938 3831 2991 3876 et
3036 3821 3101 3875 ad
3142 3818 3339 3888 aliquid
3381 3815 3653 3871 relationis
3700 3813 3912 3881 propria

2341 3916 2575 3987 collegit,
2599 3923 2653 3969 et
2681 3914 2818 3969 idem
2859 3905 3049 3981 ma'gria
3079 3909 3216 3979 apud
3266 3900 3607 3962 Aris’iotelem
3633 3918 3759 3958 cura
3790 3903 3912 3955 dili-

2341 4010 2624 4079 gentiaque
2640 4003 2982 4072 conspicitur.
3002 3998 3229 4055 Videsne
3250 4000 3308 4052 itt
3338 4012 3455 4053 sese
3477 4000 3707 4065 quinque
3727 3995 3912 4048 harum

2343 4112 2522 4153 rerum
2551 4095 2629 4148 vis
2656 4094 2706 4147 in
2738 4092 3036 4160 categorias
3066 4091 3366 4152 interscrat,
3400 4098 3453 4142 et
3475 4086 3914 4157 praedicamento-

2341 4205 2459 4245 rum
2484 4187 2764 4242 virtutibus
2788 4181 3211 4252 inseparabiliter
3226 4182 3534 4251 colligetur?
3550 4182 3663 4236 Non
3688 4182 3913 4237 mendax

2343 4279 2503 4348 igitur
2528 4275 2851 4344 Porphyrius
2883 4275 2950 4327 de
2992 4273 3089 4326 hac
3118 4272 3442 4341 cognitione,
3469 4272 3655 4325 barum
3683 4273 3915 4339 quinque

2342 4383 2518 4423 rerum
2548 4366 2702 4420 nobis
2730 4366 2781 4417 in
2812 4363 3128 4432 categOrias,
3160 4363 3384 4417 utilitate
3414 4364 3676 4431 promisit.
3719 4363 3915 4417 Deﬁni-

2351 4457 2508 4512 tionis
2539 4471 2665 4509 vero
2694 4453 3026 4523 disciplinam
3054 4453 3299 4520 superius
3344 4452 3575 4507 diximus
3616 4463 3810 4521 praeter
3832 4468 3917 4522 ge~

2349 4563 2477 4604 nera
2501 4588 2514 4611 ,
2547 4546 2782 4616 species,
2821 4543 3147 4598 diﬁ‘crentias
3172 4553 3225 4597 et
3254 4543 3465 4611 propria
3498 4557 3601 4595 non
3633 4538 3788 4611 posse
3820 4552 3916 4597 tra-

2347 4640 2500 4696 ctari.
2531 4636 2636 4692 Sed
2667 4635 2915 4703 quoniam
2946 4643 3071 4688 sunt
3094 4634 3336 4702 quasdam
3366 4648 3581 4702 genera,
3606 4649 3723 4704 qum
3750 4648 3917 4703 genus

2348 4732 2546 4787 habere
2571 4742 2676 4783 non
2725 4732 2966 4797 possunt,
3000 4734 3056 4778 ut
3082 4732 3163 4780 est
3191 4724 3510 4789 substantia,
3559 4734 3611 4778 et
3659 4725 3759 4778 alia
3798 4739 3917 4793 qum

2349 4824 2661 4880 AtiStoteles
2703 4823 2755 4875 in
2801 4822 3229 4891 praedicamentis
3280 4819 3577 4883 constituit,
3621 4819 3761 4873 dicat
3797 4818 3917 4888 quis

2352 4916 2463 4968 ιντο
2494 4914 2558 4967 ad
2600 4917 2788 4965 borum
2828 4911 3181 4979 cognitionem
3213 4910 3345 4965 nihil
3386 4911 3604 4965 omnino
3642 4909 3913 4979 prodesse,

2346 5003 2486 5073 quod
2533 5018 2638 5057 non
2662 5001 2731 5054 sit
2754 5002 2805 5054 in
2848 5000 2929 5055 his
2958 5015 2987 5054 a
3024 5016 3217 5073 genere
3266 5001 3523 5056 trahenda
3571 4998 3827 5058 deﬁnitio,
3862 4997 3914 5049 in

2347 5095 2538 5163 quibus
2584 5106 2751 5161 genus
2800 5092 3020 5146 inveniri
3077 5109 3179 5147 non
3224 5093 3407 5159 possit,
3451 5089 3591 5158 quod
3622 5090 3797 5155 siqua
3830 5102 3917 5142 res

2344 5199 2512 5254 genus
2545 5198 2647 5235 non
2678 5181 2921 5246 haberet,
2951 5184 3156 5249 Species
3184 5198 3287 5237 non
3315 5190 3477 5235 esset.
3508 5179 3618 5232 lloc
3649 5180 3717 5232 ita
3744 5180 3917 5247 posito

2347 5276 2411 5328 ad
2438 5272 2953 5343 generalissimorum
2983 5264 3245 5341 generum
3281 5269 3639 5325 deﬁnitionem
3669 5269 3797 5323 nihil
3825 5286 3918 5340 ge-

2351 5378 2476 5419 nera
2509 5372 2561 5419 et
2589 5362 2796 5432 species
2836 5362 3080 5417 utilitatis
3110 5362 3323 5415 habere.
3374 5358 3615 5413 Ridicula
3644 5361 3917 5416 mehercle

2350 5463 2509 5524 atque
2541 5452 2767 5507 absurda
2814 5452 3194 5521 propositione.
3229 5450 3428 5503 Praeter
3451 5447 3727 5503 scientiam
3772 5450 3915 5504 enim

2339 5558 2602 5613 generum
2626 5542 3031 5610 specierumque
3057 5542 3222 5609 magis
3250 5554 3443 5610 genera
3472 5538 3560 5592 illa
3585 5539 3914 5609 generalissi-

2352 5649 2436 5689 ma
2462 5648 2785 5703 cognoscere
2810 5633 2896 5701 qui
2927 5631 3063 5699 potis
3092 5642 3356 5697 est,cum,
3386 5634 3497 5688 haec
3519 5633 3628 5687 sola
3658 5644 3911 5701 generum
3948 5690 3951 5703 Α

2348 5725 2750 5788 specierumque
2774 5722 3007 5788 cognitio
3033 5723 3076 5777 si
3104 5726 3294 5780 amissa
3331 5727 3417 5790 sit,
3449 5725 3577 5781 nihil
3602 5724 3668 5779 de
3696 5721 3912 5789 generi~
3950 5708 3957 5728 ⁸
