4244 6254
382 288 444 345 Π
826 330 832 335 .
1254 242 1259 243 γ
1528 286 1595 342 ΙΝ
1632 277 2058 340 PORPllYRlvaf

1950 277 2075 335 .IUM
2117 280 2452 339 DIALOGUS
2490 283 2529 337 l.
3566 286 3626 338 l‘s

379 407 477 460 bus
507 402 891 473 speciebusque
933 404 1212 458 noscatur?
1266 404 1318 456 In
1348 402 1452 457 illis
1481 402 1638 471 igitur
1669 402 1720 454 in
1761 399 1951 467 quibus
1980 393 2027 453 Α
2056 405 2325 464 separent,
2350 396 2536 466 quales
2558 405 2682 451 sunt
2705 398 3013 466 formarum,
3036 400 3268 455 additqu
3292 410 3463 454 tamen
3490 417 3627 467 cqtto

380 510 549 563 genus
600 493 744 548 aliud
792 494 1031 559 supr-rius
1082 493 1304 547 inveniri
1338 508 1441 547 non
1493 499 1696 560 potest,
1753 488 1951 543 nullius

383 600 616 651 unquam
652 586 903 638 terminus
940 583 1267 637 deﬁnitionis
1292 583 1578 651 aptabitur,
1611 590 1665 635 et
1704 581 1755 633 in
1786 578 1952 648 ipsius

384 676 692 729 deﬁnit'one
744 691 934 745 genera
990 676 1301 745 speciesque
1354 674 1661 739 cessabunt,
1721 682 1773 725 et
1821 670 1951 724 sola:

388 764 694 818 diﬂ'erentize
742 765 1062 834 propriaque
1105 764 1245 818 illius
1299 765 1581 819 terminum
1629 761 1953 817 deﬁnitionis

387 854 688 906 informant.
720 852 853 907 Cum
883 855 1023 907 enim
1059 854 1109 907 id
1150 854 1289 921 quod
1336 855 1489 916 dicis.
1536 855 1603 909 ab
1629 854 1749 907 aliis
1792 852 1954 907 rebus

384 943 623 997 omnibus
670 943 940 1011 adjunetis
988 945 1305 1000 diﬁ'erentiis
1330 944 1716 1015 segregaveris,
1749 953 1804 998 et
1836 959 1954 1011 pro-

383 1033 509 1101 priis
537 1035 810 1101 impressis
841 1036 1062 1088 formam
1104 1035 1221 1104 ejus
1251 1036 1575 1105 ﬁguramque
1617 1045 1952 1089 monstrave-

383 1126 476 1189 ris,
508 1140 676 1195 genus
701 1127 842 1195 quod
874 1129 1113 1182 invenire
1145 1143 1249 1181 non
1274 1129 1474 1197 poteris
1502 1126 1810 1196 perquirere
1846 1141 1954 1180 non

382 1212 612 1267 labores.
639 1215 745 1270 Sed
774 1215 825 1269 in
856 1215 936 1269 his
962 1216 1170 1283 species
1183 1224 1236 1269 et
1259 1229 1454 1284 genera
1476 1230 1578 1267 nou
1598 1215 1955 1282 requiruntur,

385 1302 437 1354 in
468 1302 681 1371 quibus,
702 1303 841 1372 qttod
874 1304 985 1370 ipsa
1009 1304 1404 1373 generalissima
1428 1305 1530 1356 sint
1552 1318 1770 1371 genera,
1792 1317 1959 1371 genus

384 1393 614 1446 inveniri
651 1408 755 1446 non
783 1402 962 1462 queat.
988 1394 1159 1447 Porro
1186 1402 1359 1449 autem
1379 1394 1431 1447 in
1452 1393 1533 1447 his
1552 1408 1771 1461 quorum
1796 1406 1958 1461 genus

387 1494 472 1536 est
506 1483 726 1547 aliquid,
758 1485 859 1537 nisi
891 1498 920 1535 a
947 1498 1144 1552 genere
1165 1483 1405 1537 deﬁnitio
1431 1484 1673 1545 ducatur,
1706 1483 1822 1535 ﬁnis
1851 1483 1962 1549 ejus

389 1570 720 1625 deﬁnitionis
763 1571 955 1624 vitiosa
1002 1570 1345 1625 conclusione
1388 1570 1667 1638 colligitur.
1701 1570 1963 1623 Accidens

390 1674 524 1713 vero
548 1659 615 1713 ad
643 1660 980 1713 dt-ﬁmtiones
1010 1660 1137 1713 nihil
1171 1661 1425 1729 prodesse
1453 1674 1557 1712 non
1597 1659 1812 1712 dubium
1857 1666 1959 1715 est.

2056 487 2326 556 proprium
2359 487 2638 553 hinnibile,
2671 503 2864 557 equum
2898 491 2964 544 ab
2985 492 3102 546 aliis
3131 491 3230 545 sub
3260 491 3444 546 eadem
3478 492 3629 544 dilTe—

2055 578 2222 631 reutia
2265 578 2545 647 speciebus
2578 580 2915 647 proprietatis
2945 581 3111 650 ipsius
3147 581 3483 651 separatione
3518 581 3631 643 dis-

2048 668 2249 737 junxit.
2304 667 2669 737 Repetendum
2719 679 2801 724 est
2848 671 3008 740 igitur
3052 686 3081 725 a
3122 672 3433 740 primordio,
3487 672 3629 743 quod

2056 772 2248 827 genera
2277 758 2331 811 in
2359 758 2756 812 deﬁnitionibus
2792 770 2858 814 an
2884 760 3005 814 aliis
3033 762 3318 829 generibus
3356 772 3631 829 separant,

2056 848 2373 904 diﬁ‘erentite
2402 850 2470 904 ab
2498 851 2628 920 ipsis
2647 852 2954 917 sg'eciebus,
2982 866 3099 920 quae
3126 851 3223 905 sub
3243 851 3444 907 eisdem
3474 868 3637 923 gene-

2057 939 2206 993 ribus
2236 940 2423 1008 posita:
2452 948 2597 1006 sunt,
2632 942 2840 1010 propria
2872 956 2900 994 a
2930 942 3230 1009 speciebus,
3263 957 3382 1011 qure
3412 943 3512 997 sub
3532 943 3635 998 eis-

2058 1030 2181 1083 dem
2212 1029 2525 1086 dill'eretttiis
2553 1042 2946 1101 supponuntur.
2981 1033 3086 1087 Sed
3115 1033 3362 1102 quoniam
3388 1033 3542 1101 plene
3569 1034 3637 1089 de

2059 1119 2379 1175 difﬁnitione
2422 1130 2702 1176 tractatum
2735 1131 2836 1187 est,
2882 1122 3213 1193 probationis
3244 1122 3327 1177 vel
3358 1122 3637 1179 divisionis

2020 1212 2165 1277 lvim
2215 1212 2668 1283 subtilitatemque
2716 1222 3028 1270 tractemus.
3081 1214 3187 1271 Sed
3220 1214 3396 1270 omnis
3447 1214 3637 1269 divisio

2062 1300 2255 1369 duplex
2295 1312 2395 1369 est,
2427 1312 2514 1356 aut
2545 1319 2668 1358 cum
2697 1313 2865 1360 totum
2894 1320 3088 1374 corpus
3114 1307 3165 1360 in
3193 1306 3401 1361 diversa
3431 1306 3639 1374 disjun-

2064 1394 2165 1463 gis,
2214 1404 2304 1447 aut
2344 1410 2464 1449 cum
2495 1411 2685 1462 genera
2721 1412 2817 1466 per
2846 1397 3055 1467 species
3096 1398 3391 1454 distribuis.
3435 1396 3491 1452 Si
3522 1398 3639 1468 quis

2068 1481 2224 1549 igitur
2256 1482 2439 1536 harum
2471 1485 2703 1554 quinque
2738 1502 2915 1541 rerum
2940 1486 3115 1541 minus
3144 1487 3317 1543 solers
3351 1487 3639 1543 divisiones

2068 1589 2245 1627 rerum
2276 1573 2447 1629 facere
2478 1576 2731 1642 voluerit,
2761 1591 2866 1631 non
2895 1586 2978 1632 est
3006 1576 3227 1632 dubium
3270 1578 3394 1647 quin
3416 1593 3509 1633 eas
3547 1594 3639 1648 per

2066 1664 2400 1719 inscientiam
2427 1681 2568 1735 smpe
2596 1681 2623 1719 a
2655 1666 2936 1736 speciebus
2967 1668 3018 1721 in
3047 1683 3240 1737 genera
3278 1668 3466 1735 solvat,
3500 1668 3639 1738 quod

394 1751 644 1821 Deﬁnitio
673 1752 814 1805 enim
852 1751 1200 1805 substantiam
1234 1751 1521 1805 informare
1551 1750 1840 1815 desiderat,
1873 1764 1955 1804 ac-
1989 1745 2037 1805 Β
2066 1763 2146 1808 est
2197 1755 2334 1809 factu
2391 1755 2765 1824 fcedissimum,
2800 1758 2940 1828 quod
3000 1759 3340 1830 llermagorze
3380 1761 3431 1815 in
3474 1761 3640 1831 prima

386 1842 573 1896 cidens
604 1857 729 1895 vero
769 1841 1118 1896 substantiam
1146 1857 1253 1896 non
1281 1842 1543 1911 designat.
1573 1842 1836 1895 Accidens
1859 1839 1959 1909 igi-

391 1942 478 2009 tur
508 1932 559 1985 in
589 1931 898 1986 deﬁnitione
921 1932 1049 1985 nihil
1080 1931 1313 2000 prodest.
1345 1932 1436 1985 Est
1465 1931 1639 1999 itaque
1659 1928 1959 1985 necessziria

390 2023 603 2089 generis
630 2023 932 2089 srecieique
957 2023 1211 2091 cognitio,
1242 2033 1301 2076 ut
1323 2021 1365 2076 si
1405 2021 1804 2091 generalissima
1856 2035 1959 2073 non

390 2114 499 2166 sint
523 2128 642 2181 quae
671 2113 894 2182 quisque
938 2113 1253 2168 deﬁniturus
1283 2122 1385 2180 est,
1416 2128 1443 2165 a
1475 2128 1669 2183 genere
1699 2112 1963 2165 deﬁnitio-

391 2216 514 2256 nem
562 2202 756 2259 trahat.
808 2203 861 2257 Si
893 2217 1023 2257 vero
1049 2203 1446 2272 generalissima
1476 2205 1601 2267 sint,
1636 2203 1748 2271 ejus
1797 2217 1964 2271 genus

391 2305 652 2358 qumrere,
681 2291 819 2361 quod
842 2292 1065 2347 inveniri
1084 2309 1187 2347 non
1212 2303 1407 2362 potest,
1424 2309 1528 2348 non
1549 2294 1771 2348 laboret.
1790 2291 1964 2359 Eque

392 2381 533 2435 enim
575 2382 819 2436 vitiosum
848 2392 931 2437 est
960 2384 1041 2438 vel
1072 2384 1125 2437 in
1154 2383 1569 2453 generalissimis
1594 2398 1788 2451 genera
1821 2397 1966 2451 quic-

393 2485 535 2537 rere,
569 2472 652 2526 vel
684 2472 737 2526 in
765 2472 1083 2527 subalternis
1106 2473 1394 2543 generibus
1423 2489 1452 2527 a
1474 2473 1759 2543 generibus
1778 2472 1967 2526 deﬁni-

400 2563 597 2615 tionem
623 2563 819 2618 ducere
848 2564 1221 2633 supersedere.
1250 2564 1568 2620 Differentize
1596 2580 1725 2620 vero
1754 2574 1807 2619 et
1848 2578 1967 2633 pro-

396 2651 536 2718 pria,
571 2652 652 2704 vel
700 2652 745 2706 si
796 2653 965 2721 magis
1016 2666 1208 2721 genera
1259 2664 1400 2718 sunt,
1433 2655 1513 2708 vel
1552 2656 1595 2707 si
1637 2654 1965 2716 subalterua,

397 2739 683 2794 maximam
715 2740 947 2795 retinent
977 2740 1255 2796 utilitatem
1287 2756 1300 2794 :
1331 2751 1385 2796 et
1412 2742 1661 2813 quoniam
1686 2744 1749 2795 ad
1779 2740 1969 2797 deﬁni-

396 2828 572 2884 tiones
602 2844 719 2897 quze
744 2830 1266 2900 pertinentqutedam
1291 2830 1429 2885 dicta
1452 2840 1597 2897 sunt,
1622 2845 1784 2899 pauca
1807 2830 1966 2883 etiam

393 2908 461 2976 de
492 2920 574 2974 his
598 2919 729 2989 ipsis
756 2921 1124 2977 rationabilius
1153 2922 1505 2993 subtiliusque
1530 2925 1858 2993 colligemus.
1888 2922 1970 2977 Sit

392 3024 561 3080 genus
586 3011 802 3078 animal,
833 3011 902 3065 sit
928 3011 1135 3080 species
1167 3011 1351 3078 homo,
1379 3013 1449 3067 sit
1475 3012 1771 3067 diﬁ'erentia
1804 3013 1972 3067 ratio-

2067 1843 2469 1900 ltheloricorutn
2518 1848 2875 1916 disputatione
2907 1865 3003 1903 usu
3045 1852 3213 1905 venit.
3246 1852 3303 1906 ln
3336 1851 3467 1907 tales
3495 1853 3637 1906 enim

2064 1936 2261 1990 erroris
2298 1937 2515 1991 nebulas
2564 1938 2766 2006 incidit,
2799 1951 2855 1993 ut
2902 1941 3006 1995 duo
3037 1956 3235 2009 genera
3275 1941 3376 1996 sub
3422 1942 3640 2011 aequalis

2064 2027 2272 2096 generis
2295 2038 2443 2095 parte
2471 2040 2708 2095 poneret.
2740 2030 2889 2095 Quod
2923 2032 2965 2083 si
3002 2030 3279 2084 divisionis
3307 2031 3412 2084 vim
3444 2031 3640 2083 verita-

2068 2128 2279 2187 temque
2300 2120 2540 2185 vidisset,
2573 2131 2627 2174 et
2648 2121 2983 2190 disciplinam
3014 2120 3641 2191 generum,specierum-

2065 2224 2186 2279 quo,
2221 2210 2557 2279 propriorum
2605 2222 2657 2265 et
2683 2210 3105 2265 differentiarum
3153 2212 3460 2278 recepisset,
3512 2225 3641 2262 nun.

2066 2314 2223 2368 quam
2274 2310 2378 2351 tam
2433 2299 2648 2353 insulsa:
2697 2300 2975 2353 divisionis
3026 2312 3212 2352 errore
3250 2297 3642 2352 vivacissimea

2068 2388 2245 2441 Marco
2274 2387 2450 2441 Tullio
2466 2389 2790 2457 culparetur.
2817 2387 2872 2441 ltt
2896 2386 3296 2457 probationibus
3321 2402 3450 2441 vero
3472 2394 3642 2441 tantus

2067 2486 2149 2532 est
2176 2476 2334 2547 b’ujus
2366 2478 2544 2545 operis
2576 2477 2798 2547 fruetus,
2833 2486 2891 2531 ut
2939 2486 3131 2545 prteter
3162 2476 3277 2531 btet:
3304 2476 3503 2531 nullius
3546 2492 3641 2532 un-

2068 2582 2224 2635 quam
2257 2567 2329 2620 rei
2356 2568 2523 2635 possit
2546 2569 2828 2637 provenire
2859 2566 3123 2637 probatio.
3155 2566 3290 2634 Quid
3322 2566 3462 2621 enim
3487 2580 3641 2620 mon-

2068 2666 2119 2710 st
2149 2657 2241 2710 aie
2277 2655 2433 2725 digne
2465 2672 2650 2724 queas,
2695 2666 2816 2710 cum
2859 2656 3010 2725 cujus
3056 2655 3383 2711 dﬁ'erentias
3413 2656 3642 2719 nescias,

2070 2748 2296 2817 idipsum
2316 2747 2470 2817 Quale
2486 2748 2557 2801 sit
2585 2748 2724 2801 seire
2754 2762 2859 2801 non
2887 2746 3099 2816 possis?
3126 2747 3262 2815 Quid
3288 2755 3464 2803 autem
3487 2747 3642 2816 digne

2068 2840 2403 2909 exsequeris,
2449 2838 2601 2908 cujus
2637 2832 2685 2890 si
2715 2854 2883 2909 genus
2914 2840 3143 2901 nescias,
3185 2854 3250 2893 ex
3285 2853 3390 2907 quo
3416 2839 3642 2907 idipsum

2072 2933 2217 2987 l'onte
2259 2938 2440 2985 manet
2469 2927 2717 2999 ignores?
2750 2928 2842 2983 Vel
2875 2928 3000 2998 quid
3036 2929 3087 2981 in
3128 2927 3526 2996 probationibus
3562 2941 3641 2980 ra-

2074 3023 2219 3076 tione
2262 3018 2435 3089 possis
2478 3018 2796 3083 ostendere,
2847 3017 2999 3086 cujus
3044 3017 3087 3069 si
3138 3017 3368 3085 speciem
3414 3017 3640 3082 nescias,

394 3098 517 3154 nale
541 3099 628 3153 vel
650 3100 893 3167 mortale,
919 3100 982 3155 sit
1008 3101 1278 3171 proprium
1306 3102 1510 3157 risibile
1534 3119 1546 3155 :
1572 3103 1820 3157 accidens
1842 3119 1969 3159 vero
1997 3092 2042 3156 C
2074 3108 2301 3179 idipsum
2346 3107 2414 3162 de
2451 3122 2556 3177 quo
2603 3107 2797 3175 aliquid
2843 3105 3067 3175 probare
3104 3105 3213 3171 vis,
3263 3103 3386 3172 quid
3425 3104 3492 3156 sit
3538 3118 3642 3157 non

398 3187 651 3256 Quoniam
698 3187 763 3241 ad
810 3188 1151 3244 deﬁnitiones
1196 3190 1591 3245 incommodum
1625 3200 1708 3246 est
1755 3203 1973 3261 praeter-

394 3278 691 3333 mittamus.
720 3279 968 3350 Quisquis
1006 3296 1135 3352 ergo
1164 3284 1397 3352 speciem
1427 3284 1636 3350 deﬁnit,
1668 3285 1737 3339 ita
1779 3286 1844 3339 de
1872 3302 1966 3356 ge-

398 3382 530 3423 nere
555 3367 625 3422 ab
649 3368 767 3422 aliis
794 3384 910 3423 eam
950 3370 1235 3439 generibus
1264 3382 1492 3441 separat,
1520 3383 1578 3426 ut
1609 3373 1653 3427 si
1686 3374 1805 3443 quis
1830 3373 1975 3428 dicat

396 3458 526 3527 quid
558 3469 641 3513 est
686 3458 881 3513 homo?
911 3460 1128 3516 animal.
1164 3461 1356 3517 Dicens
1401 3463 1541 3516 enim
1570 3463 1787 3529 animal,
1819 3479 1972 3534 sepa-

392 3548 533 3601 ravit
586 3547 855 3603 hominem
904 3549 970 3603 ab
1020 3550 1267 3605 omnibus
1318 3553 1601 3619 generibus
1645 3569 1971 3624 quaecunque

394 3637 646 3691 animalia
668 3653 772 3692 non
796 3648 937 3693 sunt.
969 3634 1027 3695 Si
1052 3640 1171 3709 quis
1202 3656 1327 3695 vero
1355 3640 1703 3697 dill‘erentiam
1734 3645 1894 3714 dicat,
1919 3654 1972 3700 et

392 3744 513 3784 eam
537 3730 606 3784 ad
632 3733 863 3799 Speciem
893 3734 1278 3800 accommodet,
1310 3750 1397 3789 res
1417 3738 1515 3790 sub
1537 3739 1737 3792 eisdem
1761 3740 1972 3808 generi-

397 3823 501 3873 bus
524 3835 619 3887 per
641 3820 964 3877 dill‘erentias
990 3826 1301 3894 segregavit.
1336 3825 1467 3879 Nam
1491 3842 1613 3881 cutn
1637 3829 1770 3883 dicis
1798 3829 1966 3885 homi-

399 3924 525 3964 nem
557 3924 678 3964 esse
723 3912 919 3965 animal
948 3914 1219 3985 rationale,
1246 3930 1369 3969 cum
1401 3917 1559 3971 etiam
1595 3918 1689 3972 bos
1713 3928 1768 3973 et
1804 3936 1970 3990 equus

397 4001 611 4069 species
652 4001 895 4056 animalis
923 4002 1048 4070 sint,
1080 4006 1317 4059 additum
1352 4016 1527 4062 tamen
1572 4008 1833 4064 rationale
1871 4011 1971 4066 bo-

394 4091 548 4155 mini,
582 4088 651 4147 ab
673 4093 796 4147 aliis
826 4095 925 4149 sub
954 4090 1140 4150 eodem
1170 4113 1364 4166 genere
1398 4100 1697 4167 speciebus,
1740 4102 1969 4159 hominis

394 4184 626 4249 speciem
658 4184 955 4253 segregavit
977 4193 1137 4255 atque
1158 4186 1399 4241 distinxit
1424 4205 1438 4241 :
1465 4188 1675 4258 prepria
1699 4205 1823 4245 vero
1846 4186 1967 4247 cum

394 4269 629 4339 dederis,
663 4286 750 4325 res
776 4288 892 4341 qua:
916 4283 1037 4326 sunt
1065 4275 1165 4327 sub
1186 4274 1412 4340 eisdem,
1444 4276 1757 4332 diﬁ‘erentiis
1789 4294 1970 4347 segre-

392 4362 564 4431 gabis.
615 4363 746 4416 Nam
777 4379 899 4417 cum
947 4365 1150 4419 dixeris
1190 4365 1446 4422 hinnibile
1470 4368 1552 4423 vel
1580 4370 1799 4437 risibile,
1837 4371 1965 4426 illud

2078 3200 2247 3269 possis
2291 3198 2618 3269 agnoscere?
2673 3197 2808 3261 Quid
2863 3196 2905 3249 si
2955 3196 3165 3264 proptia
3222 3193 3643 3263 prmtermittas?

2076 3290 2250 3343 nullas
2281 3302 2510 3357 unquam
2536 3301 2621 3341 res
2646 3286 2845 3340 valebis
2878 3300 2923 3353 pr
2941 3283 3104 3352 opria:
3125 3284 3353 3338 termino
3380 3282 3643 3351 probatio-

2076 3381 2158 3433 nis
2187 3377 2479 3433 includere.
2511 3377 2579 3429 At
2603 3391 2731 3429 vero
2760 3376 2804 3430 si
2837 3389 2942 3429 non
2972 3375 3075 3427 vim
3108 3373 3460 3427 accidentium
3493 3380 3644 3426 natu-

2074 3484 2294 3539 ramque
2320 3467 2629 3539 perspicias,
2659 3473 2777 3519 cum
2810 3464 2877 3519 de
2916 3464 3171 3533 cujusque
3202 3462 3494 3516 subs'an'ia
3540 3470 3639 3516 tra-

2072 3574 2207 3628 mes,
2248 3561 2406 3615 inane
2434 3559 2723 3614 accidentis
2752 3573 2943 3612 nomen
2988 3572 3137 3627 reque
3167 3556 3218 3610 in
3249 3555 3645 3611 deﬁnitionibus

2074 3650 2574 3719 probationibusque
2606 3648 2872 3703 miscebis.
2903 3647 2977 3700 Ita
3009 3646 3090 3700 his
3113 3644 3272 3700 rebus
3293 3645 3541 3714 cognitis,
3569 3644 3641 3698 in-

2074 3751 2221 3812 tegra
2249 3741 2560 3810 stabilisque
2592 3740 2789 3796 divisio
2818 3748 2873 3795 et
2902 3738 3142 3795 deﬁnitio
3177 3738 3527 3807 permanebit,
3560 3738 3643 3791 in-

2071 3831 2318 3900 cognitis,
2354 3830 2543 3885 debilis
2583 3815 2779 3884 lababit
2813 3838 2866 3885 et
2894 3838 3078 3903 trunca
3122 3826 3386 3895 probatio.
3430 3827 3552 3879 llmc
3590 3840 3645 3879 se

2070 3921 2228 3992 igitur
2258 3919 2729 3989 Porpltytius(non
2755 3916 3075 3987 Victorinus)
3105 3915 3645 3971 brevi'erunediocri-

2073 4018 2259 4078 terque
2300 4024 2430 4077 protr
2455 4008 2560 4061 ittit
2590 4022 2878 4075 exponere.
2914 4008 3028 4060 Non
3055 4006 3196 4057 enim
3240 4005 3646 4059 introductionis

2071 4099 2189 4152 vice
2217 4096 2545 4163 fungeretur,
2578 4096 2622 4149 si
2655 4111 2715 4150 ea
2748 4097 2899 4149 nobis
2929 4109 2957 4148 a
2980 4093 3270 4164 primordio
3298 4092 3643 4159 lundaret,ad

2071 4204 2189 4258 quae
2221 4189 2371 4242 nobis
2417 4188 2530 4242 hzec
2575 4197 2680 4242 tam
2732 4187 2873 4243 clara
2926 4183 3248 4241 introductio
3299 4194 3642 4253 praeparatur.

2072 4278 2264 4334 Servat
2292 4279 2449 4349 igitur
2478 4278 2892 4332 introductionis
2942 4275 3157 4329 modum
3188 4274 3493 4328 doctissima
3521 4288 3645 4343 par-

2070 4369 2202 4423 citas
2232 4367 2562 4438 disputandi,
2595 4378 2651 4421 ut
2676 4367 3082 4436 ingredientium
3112 4365 3247 4418 viam
3284 4363 3347 4416 ad
3380 4364 3648 4421 obscuris-

396 4460 478 4505 est
503 4452 621 4521 equi
652 4454 949 4521 proprium,
982 4454 1108 4508 illud
1139 4456 1386 4510 hominis.
1423 4457 1629 4513 Etcum
1654 4474 1821 4528 equus
1843 4476 1962 4516 cum
1990 4448 2048 4511 Β
2074 4459 2236 4513 simas
2286 4473 2462 4512 rerqu
2517 4457 2774 4526 caligines
2825 4457 3004 4524 aliquo
3047 4454 3196 4523 quasi
3237 4452 3494 4508 doetrina:
3540 4468 3648 4505 suae

399 4541 535 4594 bove
562 4553 720 4611 atque
761 4557 892 4598 cane
917 4545 1017 4599 sub
1045 4545 1232 4600 eadem
1273 4545 1571 4601 dill'erentia
1602 4549 1694 4615 sit,
1724 4551 1862 4620 quod
1895 4552 1961 4605 ir-

400 4630 731 4686 rationabilia
762 4643 885 4687 sunt
910 4636 1109 4701 omnia,
1138 4636 1399 4705 adjectum
1430 4637 1733 4693 hinnibilea
1755 4641 1966 4697 cmteris

404 4736 591 4791 equum
621 4723 719 4778 sub
739 4725 925 4779 eadem
947 4725 1242 4781 dill'erentia
1261 4729 1536 4797 Speciebus
1554 4730 1767 4786 dividit.
1796 4732 1967 4787 llomo

404 4827 531 4867 vero
558 4823 610 4869 et
636 4815 776 4871 Deus
812 4816 913 4871 sub
941 4816 1128 4872 eadem
1159 4818 1455 4875 diﬁ‘erentia
1496 4830 1638 4887 sont,
1688 4822 1739 4876 id
1768 4829 1851 4878 est
1877 4836 1966 4877 ra-

401 4901 601 4973 tionali,
629 4906 766 4975 quod
795 4908 1011 4978 utrique
1051 4909 1338 4965 rationales
1360 4920 1502 4978 sunt,
1536 4914 1777 4982 quamvis
1808 4914 1967 4970 homo

395 5000 450 5048 et
502 4993 644 5049 Deus
696 4996 945 5064 adjuncta
993 4999 1204 5053 mortali
1254 4999 1549 5056 differentia
1604 5014 1967 5074 separentur:

396 5086 607 5155 preprio
626 5095 827 5155 tamen,
859 5089 911 5142 id
931 5097 1015 5143 est
1042 5089 1251 5156 risibili,
1274 5093 1413 5161 quod
1433 5095 1577 5148 solus
1603 5095 1761 5149 habet
1786 5092 1967 5162 homo,

397 5178 690 5233 naturalius
715 5179 1224 5251 substantialiusque
1245 5183 1581 5254 disjungitur,
1613 5186 1752 5255 quod
1778 5186 1970 5242 inaliis

404 5265 630 5319 rebusin
658 5269 851 5337 quibus
881 5269 1022 5323 nulla
1046 5273 1254 5339 spectas
1277 5272 1366 5325 tali
1385 5273 1682 5328 differentia
1698 5285 1974 5343 separatur

404 5354 593 5409 melius
633 5361 877 5428 cognosci
912 5370 1111 5429 potest.
1160 5364 1291 5418 Nam
1333 5380 1453 5419 cum
1484 5366 1583 5421 sub
1610 5367 1793 5422 eadem
1822 5367 1974 5423 dill'e-

405 5444 585 5500 rentia
623 5450 721 5503 sint
764 5452 1111 5520 irrationalia,
1163 5471 1354 5525 equus,
1386 5457 1502 5523 bos,
1551 5459 1718 5522 canis,
1768 5474 1865 5515 nec
1895 5471 1975 5515 est

403 5537 516 5592 ulla
544 5538 649 5592 alia
691 5556 807 5609 qua
853 5560 947 5600 eos
997 5556 1211 5616 separet
1255 5549 1554 5604 diﬁ'erentia
1585 5550 1973 5607 substantialis.

400 5630 634 5689 Possunt
666 5632 812 5688 enim
840 5637 1126 5695 accidentis
1144 5654 1261 5696 esse
1288 5640 1620 5705 dill'erenti.e,
1654 5655 1714 5695 ea
1746 5656 1862 5711 qum
1883 5658 1975 5699 eos

2074 4548 2272 4602 lumine
2303 4555 2641 4615 temperaret.
2676 4547 2815 4600 Dicit
2841 4549 2980 4600 enim
3006 4545 3142 4613 apud
3183 4544 3427 4609 antiquos
3457 4544 3562 4596 alta
3593 4551 3648 4595 et

2074 4637 2352 4705 magniﬁca
2383 4638 2677 4706 qumstioue
2716 4636 2965 4697 disserta,
2997 4650 3115 4703 quae
3154 4634 3267 4700 ipse
3309 4647 3449 4686 nunc
3490 4648 3648 4702 parco

2076 4728 2413 4794 breviterque
2454 4723 2770 4792 composuit.
2815 4722 2950 4788 Quid
2984 4730 3158 4777 autem
3192 4719 3365 4776 dehis
3392 4736 3421 4775 a
3463 4721 3649 4791 priscis

2078 4815 2425 4887 philosophia:
2459 4815 2832 4870 tractatoribus
2858 4815 3145 4871 dissertum
3170 4815 3260 4879 sit,
3285 4814 3516 4870 breviter
3537 4815 3590 4885 ip
3621 4830 3650 4869 e

2077 4909 2243 4981 tangit
2285 4916 2339 4964 et
2367 4907 2626 4978 prmterit.
2660 4907 2795 4963 Tum
2828 4906 3023 4963 Fabius
3056 4907 3231 4976 :Quid
3277 4906 3426 4977 illud,
3461 4908 3648 4977 inqu't,

2074 5000 2191 5056 est?
2222 4999 2287 5053 Et
2310 5012 2408 5067 ego
2442 5014 2455 5051 :
2491 4998 2622 5062 Hoc,
2654 4998 2887 5066 inquam,
2922 4997 3060 5067 quod
3090 4997 3163 5052 ait
3190 5012 3249 5052 se
3280 4998 3495 5051 omnino
3512 5010 3649 5063 prae-

2076 5089 2373 5146 termittere
2414 5105 2606 5159 genera
2651 5088 2761 5157 ipsa
2790 5097 2842 5143 et
2871 5088 3099 5156 sjecies,
3139 5097 3312 5141 utrum
3358 5099 3480 5138 vere
3525 5083 3648 5135 sub-

2076 5182 2287 5245 sistant,
2328 5193 2395 5232 an
2446 5178 2722 5233 intellectu
2754 5178 2870 5232 solo
2900 5189 2953 5232 et
2993 5186 3169 5232 mente
3222 5182 3531 5237 teneantur,
3580 5186 3649 5225 an

2078 5275 2373 5346 corporalia
2404 5273 2501 5327 ista
2543 5272 2651 5327 sint
2678 5287 2744 5325 an
2778 5269 3131 5338 incorporalia
3164 5282 3177 5317 :
3210 5276 3261 5319 et
3291 5272 3463 5317 utrum
3492 5278 3649 5332 sepa-

2077 5378 2212 5433 rata,
2234 5381 2298 5420 an
2324 5365 2452 5436 ipsis
2469 5363 2806 5420 sensibilibus
2826 5362 3027 5429 juncta.
3045 5358 3118 5410 De
3138 5357 3218 5410 bis
3242 5371 3380 5419 sese,
3399 5359 3650 5425 quoniam

2079 5455 2183 5509 alta
2233 5462 2375 5510 esset
2417 5452 2720 5522 disputatio,
2773 5460 2943 5501 tacere
2996 5444 3286 5516 promisit;
3330 5462 3423 5498 nos
3471 5448 3686 5501 autct'u'

2078 5545 2314 5600 adhibito
2362 5539 2738 5597 moderationis
2764 5536 2932 5603 freno,
2960 5535 3300 5590 mediocriter
3323 5537 3653 5604 unumquod-

2079 5652 2181 5706 que
2208 5644 2505 5702 tangamus:
2563 5631 2756 5685 Eorum
2788 5642 2915 5697 ergo
2945 5643 3062 5698 quae
3095 5641 3151 5682 se
3179 5625 3404 5682 transire
3431 5633 3483 5681 et
3514 5641 3651 5697 pra:-
