4244 6254
304 4120 313 4131 1
326 4136 327 4139 η

182 4210 321 4223 .———"-"“
332 4214 341 4217 ι

406 3973 596 4014 \'

421 4572 439 4631 ἴ

412 4528 427 4567 ᾗ
463 4512 467 4517 .

556 295 614 348 .9

1800 277 1912 333 AN.
1956 274 2160 330 MANL.
2205 277 2355 332 SEV.
2401 279 2619 333 IZOETH

3748 284 3818 337 90

554 399 860 457 ιειιιιὶιιετε
907 398 1219 463 pollicetur,
1251 394 1419 466 prima
1445 399 1527 447 est
1555 392 1799 461 qumstlo,
1828 393 2005 443 utrum
2047 405 2136 459 ge-
2165 390 2217 449 Α
2246 401 2328 443 tur
2358 409 2369 443 :
2403 392 2762 461 lucorporalia
2797 408 2915 449 esse
2947 395 3120 449 nullus
3167 396 3390 462 dubitat,
3438 410 3664 465 cumque
3705 396 3817 464 ipsa

552 507 674 548 nera
693 490 808 560 ipsa
828 496 882 542 et
907 502 931 540 ε
947 491 1123 562 pecies
1143 502 1285 543 verte
1301 488 1427 554 sint,
1443 501 1508 540 an
1527 486 1577 541 in
1605 484 1733 540 solis
1754 483 2132 548 intellectibus,

552 583 688 638 nuda
739 580 1028 654 inaniaque
1072 581 1359 650 ﬁngantur,
1407 594 1527 646 quae
1562 576 1785 646 quaestio
1833 575 2134 647 huiusmodi

552 687 634 732 est
665 694 678 728 :
713 674 980 741 Quoniam
1013 675 1283 729 hominum
1317 670 1658 726 multiformis
1688 678 1773 725 est
1800 670 2011 723 animus
2042 684 2137 737 per

551 776 803 820 sensuum
832 766 1143 836 trualitatem
1174 776 1260 816 res
1288 760 1535 815 sensibus
1563 759 1832 829 sultjectas
1867 758 2133 827 intellig't,

552 864 603 907 et
633 869 696 906 ex
722 850 804 905 his
837 854 1060 923 quadam
1092 852 1456 921 speculatione
1477 859 1756 918 concepta,
1779 853 1917 903 viam
1945 850 2044 904 sibi
2069 850 2134 904 ad

559 945 913 1010 'ncorpot-alia
945 940 1284 1013 intelligenda
1308 940 1594 1011 prtemunit
1625 956 1639 993 :
1666 948 1724 993 ut
1743 953 1860 993 cum
1901 939 2137 1007 singulos

553 1032 800 1090 homines
827 1032 1064 1097 videam,
1093 1046 1185 1086 eos
1208 1045 1419 1101 quoque
1450 1045 1534 1084 me
1560 1028 1756 1084 vidisse
1795 1042 2135 1097 cognoscam,

555 1133 604 1177 et
633 1127 758 1197 quia
786 1123 1029 1178 homines
1057 1131 1203 1189 sunt,
1234 1135 1321 1175 me
1350 1118 1677 1174 intellexisse
1706 1116 1976 1187 proﬁtear.
2004 1117 2140 1171 Hinc

555 1216 715 1288 igitur
743 1216 901 1271 ducta
950 1214 1321 1283 intelligent’a,
1360 1212 1504 1268 velut
1535 1209 1645 1281 jam
1678 1210 2008 1264 sensibilium
2042 1224 2139 1263 co-

557 1312 795 1383 gnitione
843 1308 1114 1371 roborata,
1165 1305 1462 1361 sublimiori
1494 1318 1614 1358 sese
1660 1302 1931 1356 intellectu
1965 1299 2142 1354 cousi-

558 1398 851 1455 derationis
902 1397 1132 1457 extollit,
1178 1406 1230 1450 et
1256 1395 1364 1464 jam
1398 1394 1631 1463 speciem
1670 1392 1839 1461 ipsam
1884 1388 2135 1453 hominis,

558 1505 676 1559 qua;
724 1490 822 1543 sub
870 1486 1083 1540 animali
1124 1494 1208 1541 est
1256 1484 1461 1553 posita,
1513 1495 1567 1538 et
1620 1484 1857 1552 singulos
1896 1481 2141 1537 homines

560 1578 819 1642 continet,
854 1577 1181 1642 suSpicatur,
1224 1582 1279 1628 et
1310 1574 1441 1629 illud
1472 1574 1842 1643 incorporeum
1873 1571 2137 1639 intelligit,

560 1671 713 1741 Cujus
740 1678 860 1723 ante
877 1666 1165 1740 particulas
1179 1664 1485 1735 corporales
1508 1666 1559 1718 in
1582 1665 1807 1733 singulis
1836 1662 2140 1719 hominibus

2241 482 2401 536 nullis
2439 484 2686 538 sensibus
2734 484 3033 553 capiantur,
3080 485 3241 538 animi
3284 494 3457 537 tamen
3490 486 3664 552 qualia
3711 486 3820 538 sint

2241 570 2671 627 consideratione
2697 574 3017 629 clarescunt.
3050 574 3181 627 Nam
3208 574 3328 642 quia
3358 576 3814 642 incorporearum,

2241 664 2410 732 prima
2441 673 2626 719 natura
2657 675 2768 733 est,
2804 675 2977 734 potest
3005 683 3093 721 res
3124 668 3438 735 incorporea
3469 682 3662 735 parcus
3692 683 3815 721 esse
3902 658 3911 669 ”

2242 756 2637 825 quodammodo
2677 772 2970 827 corporeae.
3012 756 3278 828 Corporea
3322 775 3449 813 vero
3489 760 3819 825 iucorporeis

2243 861 2479 916 praeesse
2502 861 2612 900 non
2642 855 2927 915 poterunt,
2957 847 3096 916 quod
3127 846 3373 917 quoniam
3403 847 3698 902 substantia
3728 862 3819 913 ge-

2242 950 2342 989 nus
2373 944 2457 990 est
2479 975 2495 1000 ,
2524 936 2806 1006 corporale
2835 952 2962 992 vero
2990 947 3043 992 et
3082 938 3416 1006 incorporale
3459 937 3664 1005 species
3694 944 3819 989 sunt

2239 1028 2587 1093 substantite,
2635 1028 2915 1097 corporale
2959 1044 3065 1083 non
3108 1043 3226 1084 esse
3252 1044 3417 1099 genus
3445 1030 3558 1083 haec
3601 1043 3688 1083 res
3726 1033 3819 1083 de-

2239 1119 2439 1184 clarat,
2472 1120 2613 1187 quod
2644 1121 2987 1186 substantiae,
3020 1121 3073 1175 id
3104 1130 3186 1175 est
3220 1122 3441 1191 generi,
3483 1121 3817 1189 incorporale

2240 1210 2575 1279 supponitur.
2601 1210 2752 1278 Quod
2777 1211 2821 1264 si
2845 1212 3123 1279 corporale
3149 1221 3291 1267 esset
3313 1226 3481 1282 genus
3499 1251 3513 1276 ,
3544 1226 3817 1280 nunquam

2241 1298 2341 1352 sub
2369 1314 2434 1354 eo
2464 1304 2673 1370 species
2699 1300 3009 1371 incorporea
3039 1312 3347 1373 poneretur.
3378 1302 3819 1357 Animadvertere

2243 1388 2402 1457 igitur
2429 1390 2902 1447 vehementissime
2923 1435 2937 1454 .
2979 1408 3137 1461 quam
3171 1407 3437 1462 nunquam
3465 1392 3753 1462 quidqua‘m
3785 1406 3817 1445 a

2244 1491 2296 1535 te
2331 1480 2760 1537 animadversum
2802 1483 2919 1536 fuit.
2982 1482 3162 1537 Genus
3202 1484 3373 1550 ipsum
3414 1483 3666 1551 quoniam
3697 1497 3817 1551 spe.

2243 1571 2353 1626 cies
2380 1572 2566 1640 habet,
2598 1573 2804 1641 species
2832 1587 2958 1627 vero
2987 1574 3297 1628 differentiis
3330 1574 3722 1644 disjungantur,
3763 1583 3818 1629 et

2245 1662 2658 1730 proprietatibus
2699 1664 3071 1726 informen‘tur,
3113 1664 3367 1733 quoniam
3405 1667 3651 1747 guardam
3699 1681 3820 1735 spe-

561 1760 855 1817 sentiendis
884 1768 937 1814 et
980 1756 1337 1826 intelligendis
1365 1762 1746 1823 assumpserat.
1801 1754 1932 1810 Nam
1965 1755 2138 1810 homi-
2172 1743 2219 1805 B
2244 1752 2355 1807 cies
2401 1753 2739 1820 reperiuntur
2788 1768 2906 1822 quae
2946 1753 2999 1806 in
3040 1754 3308 1807 contraria
3350 1743 3448 1807 sub
3490 1754 3703 1823 generis
3739 1754 3821 1809 di:

561 1867 682 1907 nem
711 1849 927 1921 quidem
976 1849 1125 1903 illum
1155 1846 1464 1917 specialem,
1514 1846 1601 1914 qui
1644 1859 1741 1898 uos
1770 1859 1958 1900 omnes
1997 1845 2136 1899 intra

562 1943 642 1996 sui
675 1937 909 1994 nominis
938 1938 1198 1992 ambitum
1229 1948 1465 2001 coercet,
1499 1952 1603 1991 non
1643 1945 1724 1992 est
1752 1936 1931 1991 dicere
1952 1952 2142 2006 corpo-

564 2031 759 2093 ralem,
786 2027 980 2098 quippe
1009 2041 1166 2096 quem
1189 2026 1301 2080 sola
1332 2034 1509 2081 mente
1532 2025 1990 2095 intelligentiaque
2015 2041 2143 2080 con-

564 2121 821 2190 cepimus.
850 2118 938 2173 Sic
956 2116 1115 2185 igitur
1132 2130 1283 2171 mens
1306 2130 1483 2171 rerum
1501 2116 1621 2170 nixa
1642 2114 1949 2185 primordiis
1970 2116 2142 2171 altiori

566 2222 723 2282 atque
744 2207 1117 2277 incorporabili
1142 2206 1490 2278 intelligentia
1506 2207 1841 2261 sublimatur.
1862 2205 1996 2259 Hinc
2018 2219 2146 2275 ergo

566 2306 778 2361 animus
821 2317 926 2357 non
985 2298 1156 2353 solum
1205 2312 1301 2367 per
1342 2298 1614 2352 sensibilia
1659 2312 1746 2352 res
1785 2284 2149 2363 incorpora'les

568 2393 897 2465 intelligendi
921 2400 1005 2448 est
1030 2390 1243 2454 artifex,
1269 2388 1363 2444 sed
1395 2389 1554 2444 etiam
1600 2387 1831 2458 ﬁngendi
1862 2386 1963 2441 sibi
1991 2396 2151 2454 atque

569 2489 730 2543 etiam
758 2481 1075 2538 mentiendi.
1106 2480 1231 2534 Inde
1248 2480 1388 2533 enim
1411 2494 1475 2533 ex
1508 2480 1675 2533 forma
1701 2478 1819 2548 equi
1843 2486 1897 2533 et
1922 2477 2153 2531 hominis

534 2568 759 2631 Lfalsam
807 2579 1181 2624 centaurorum
1231 2568 1465 2635 speciem
1508 2568 1607 2621 sibi
1659 2569 1771 2635 ipsa
1802 2568 2150 2637 intelligentia

524 4019 559 4577 )

518 4582 527 4635 ἶ

574 2662 924 2735 comparavit.
958 2660 1063 2713 Has
1091 2658 1251 2731 igitur
1292 2657 1486 2710 mentis
1513 2656 1993 2718 considerationes,
2034 2670 2152 2723 quae

576 2776 605 2816 I
632 2771 811 2814 rerum
841 2768 999 2809 sensu
1029 2748 1095 2804 ad
1140 2746 1545 2817 intelligentiam
1576 2747 1853 2816 profectte,
1887 2744 1969 2797 vel
2001 2743 2155 2797 intel-

577 2851 831 2925 liguntur,
852 2846 932 2903 vel
956 2852 1101 2901 certe
1126 2842 1415 2911 ﬁnguntur.
1439 2842 1725 2898 Φανωσίας
1756 2833 1927 2891 ϐιωθὶ
1951 2833 2153 2925 dicunt,

579 2924 802 2998 (nobis
850 2937 961 2993 visa
1006 2940 1259 3004 poterunt
1308 2929 1592 2984 nominari.
1646 2928 1720 2981 lta
1763 2941 1890 2996 ergo
1922 2940 2060 2979 nunc
2090 2924 2158 2978 de

582 3031 888 3106 generibus,
913 3024 1195 3097 speciebus
1224 3032 1278 3077 et
1309 3022 1518 3076 cmteris
1545 3028 1815 3087 quaerunt,
1846 3027 2020 3072 utrum
2046 3017 2157 3069 haec

584 3138 708 3175 vere
733 3116 1098 3181 subsistentia,
1127 3124 1181 3169 et
1209 3112 1603 3184 quodammodo
1628 3112 1861 3167 essentia
1909 3117 2159 3164 constan-

584 3208 761 3278 tiaque
810 3206 1197 3276 intelligantur,
1244 3211 1299 3255 ut
1338 3216 1365 3254 a
1411 3201 1724 3267 corporibus
1771 3200 1994 3283 singulis
2038 3212 2161 3252 vere

576 3294 745 3370 atque
773 3298 978 3365 integre
1003 3295 1213 3349 ductam
1246 3291 1477 3346 hominis
1514 3290 1746 3359 speciem
1779 3289 2158 3359 intelligamus,

586 3405 650 3444 an
695 3394 842 3442 certe
879 3385 1106 3456 quadam
1151 3382 1313 3437 animi
1365 3382 1744 3452 imaginatione
1775 3380 2062 3451 ﬁngantur,
2107 3387 2165 3432 ut

586 3480 674 3538 ille
701 3477 904 3533 lloratii
921 3490 1104 3531 versus
1124 3487 1206 3528 εει
1223 3492 1234 3526 :
1254 3473 1495 3526 llumano
1522 3471 1681 3538 capiti
1705 3469 1971 3525 cervicem
1997 3468 2162 3538 pictor

587 3568 834 3639 equinam
860 3566 1085 3636 iungere
1114 3564 1156 3617 si
1182 3563 1331 3630 velit,
1351 3561 1491 3632 quod
1517 3574 1688 3632 neque
1715 3568 1816 3626 est,
1846 3572 2019 3631 neque
2044 3571 2165 3612 esse

588 3658 800 3731 poterit,
819 3656 914 3711 sed
944 3654 1058 3709 sola
1094 3654 1223 3707 falsa
1256 3653 1449 3707 mentis
1476 3652 1903 3707 consideratione
1932 3650 2162 3720 ﬁngitur.

589 3747 754 3801 Nimis
769 3754 923 3801 acuta
944 3753 995 3799 et
1014 3743 1220 3797 subtilis
1236 3742 1528 3812 inquisitio,
1547 3750 1705 3810 atque
1725 3741 1789 3794 ad
1809 3754 1921 3795 rem
1936 3740 2167 3796 maxime

589 3836 886 3906 profutura.
918 3833 1145 3890 Scienda
1167 3833 1309 3886 enim
1341 3840 1489 3895 sunt,
1519 3840 1693 3885 utrum
1728 3845 1855 3886 vere
1898 3831 2003 3884 sint
2032 3846 2044 3882 :
2069 3844 2168 3885 nec

590 3938 730 3983 esset
756 3927 823 3983 de
870 3926 954 3982 his
983 3926 1274 3995 disputatio
1311 3924 1774 3994 consideratioque
1818 3923 1863 3977 si
1896 3938 1997 3978 non
2036 3925 2164 3982 sint.

589 4004 695 4075 Sed
720 4017 763 4072 si
790 3998 964 4073 rerum
984 4015 1260 4069 veritatem
1285 4002 1825 4084 atque'integritatem
1847 4013 2165 4081 perpendas,

592 4123 695 4163 non
726 4115 807 4163 est
838 4105 1053 4160 dubium
1084 4105 1208 4174 quin
1238 4118 1378 4158 vera:
1399 4104 1528 4157 sint.
1564 4101 1694 4155 Nam
1718 4117 1837 4155 cum
1869 4116 1957 4157 res
1984 4116 2170 4159 omnes

591 4212 707 4263 qua:
738 4210 874 4248 vera:
905 4202 1048 4257 stmt,
1081 4194 1197 4245 sine
1237 4192 1318 4244 his
1357 4190 1591 4259 quinque
1632 4205 1753 4245 esse
1794 4205 1898 4244 non
1942 4192 2165 4259 possint,

592 4284 687 4340 has
718 4284 862 4353 ipsas
888 4282 1121 4350 quinque
1151 4293 1239 4333 res
1262 4292 1385 4333 vere
1411 4276 1712 4331 intellectas
1735 4292 1855 4331 esse
1878 4293 1981 4331 non
2012 4278 2169 4333 dubi-

594 4386 693 4429 tes.
743 4372 873 4427 Sunt
902 4378 1077 4424 autem
1114 4369 1165 4422 in
1208 4367 1368 4422 rebus
1407 4368 1655 4420 omnibus
1701 4367 2076 4435 conglutinatze
2116 4378 2170 4423 et

591 4462 983 4537 quodammodo
1020 4461 1319 4530 conjunctae
1347 4469 1505 4529 atque
1533 4469 1846 4528 compactae.
1883 4460 1991 4515 Cur
2020 4462 2162 4517 enim
2197 4446 2249 4505 Ῑ)

592 4551 907 4615 Aristotcles
923 4551 990 4605 de
1008 4551 1191 4619 primis
1211 4549 1394 4604 decem
1415 4550 1749 4605 sermonibus
1767 4566 1959 4620 genera
1986 4567 2164 4609 rerum

592 4640 1013 4712 signiﬁcantibus
1060 4640 1393 4710 disputaret?
1442 4641 1527 4694 vel
1578 4656 1762 4696 eorum
1810 4642 2163 4715 differentias,

442 4740 519 4797 ἐκ

592 4732 913 4800 pr0priaque
941 4734 1237 4807 colligeret,
1256 4744 1309 4788 et
1328 4733 1690 4804 principaliter
1715 4736 1783 4792 de
1802 4738 2166 4797 accidentibus

593 4825 902 4887 dissereret,
935 4825 1036 4879 nisi
1066 4827 1178 4879 haec
1208 4829 1258 4879 in
1292 4828 1451 4881 rebus
1479 4828 1719 4883 intimata
1748 4840 1802 4885 et
1824 4832 2167 4901 quodammo-

594 4913 663 4970 do
691 4912 918 4966 adunata
943 4913 1197 4967 vidisset?
1223 4913 1375 4982 Quod
1397 4915 1442 4967 si
1473 4917 1540 4967 ita
1572 4926 1671 4980 est,
1700 4932 1803 4973 non
1838 4931 1917 4973 cst
1950 4922 2167 4977 dubium

595 5002 720 5073 quin
750 5014 893 5055 verte
919 5001 1045 5067 sint,
1069 5008 1125 5055 et
1152 5009 1296 5055 certa
1319 5002 1480 5055 animi
1506 5005 1933 5061 consideratione
1962 5016 2172 5065 tenean-

596 5100 702 5157 tur,
733 5089 872 5161 quod
897 5090 1061 5159 ipsius
1089 5105 1300 5160 quoque
1330 5091 1608 5162 Porphyrii
1641 5095 1898 5162 probatur
1923 5112 2168 5155 assensu.

586 5181 727 5255 ‘Nam
749 5181 899 5252 quasi
941 5179 1052 5250 jam
1083 5180 1330 5250 probato,
1356 5188 1412 5236 et
1455 5182 1587 5237 scito
1614 5184 1754 5252 quod
1791 5184 1859 5239 ita
1891 5200 2017 5242 vere
2048 5194 2173 5246 sul)-

595 5273 810 5335 sistant,
840 5271 995 5323 aliam
1040 5270 1387 5340 qurcstionem
1428 5270 1625 5328 inferre
1651 5288 1755 5327 non
1798 5275 2021 5344 dubitat,
2051 5294 2169 5336 cum

599 5365 725 5419 dicit
756 5380 767 5415 :
801 5365 881 5418 An
914 5362 1209 5429 corporalia
1251 5362 1349 5417 ista
1380 5362 1507 5428 sint,
1539 5378 1605 5417 an
1636 5364 2008 5435 incorporalia.
2042 5373 2173 5436 Quae

600 5454 759 5509 nimis
813 5461 956 5507 esset
1001 5453 1185 5509 frivola
1229 5464 1387 5525 atque
1436 5453 1665 5509 absurda
1695 5457 1939 5525 quaestio,
1996 5472 2171 5515 utrum

601 5553 779 5600 essent
828 5546 1145 5614 corporalia,
1198 5547 1300 5603 nisi
1349 5550 1495 5616 prius
1540 5556 1682 5604 esset
1711 5561 2000 5610 constaret.
2052 5552 2181 5611 llaec

601 5648 808 5706 quoque
839 5649 940 5687 non
972 5636 1310 5689 mediocriter
1356 5638 1496 5693 utilis
1536 5638 1806 5709 inquisitio
1847 5642 1919 5695 ita
1955 5645 2171 5698 resolvi-

2244 1845 2452 1899 visione
2496 1845 2799 1898 contrarias
2846 1844 3090 1899 obtinent
3140 1845 3283 1899 vices
3314 1862 3327 1897 :
3364 1854 3423 1899 ut
3464 1846 3563 1899 sub
3602 1846 3822 1900 animali

2242 1934 2504 1989 rationale
2542 1943 2700 2004 atque
2739 1934 3048 1988 irrationale
3087 1936 3352 1988 contraria
3390 1943 3549 2002 sunt,
3594 1934 3694 1988 sub
3732 1949 3822 1987 ra-

2246 2026 2461 2092 tionali,
2509 2025 2737 2080 mortale
2781 2035 2941 2095 atque
2990 2026 3328 2092 immortale,
3368 2036 3421 2081 et
3461 2027 3575 2080 haec
3612 2040 3823 2094 quoque

2245 2117 2532 2172 contraria.
2567 2116 2850 2182 Quteritttr,
2876 2115 2918 2169 si
2947 2117 3141 2169 animal
3170 2116 3405 2180 solitario
3431 2116 3701 2171 intellectu
3731 2131 3825 2169 nc-

2247 2224 2351 2281 que
2376 2208 2635 2263 rationale
2663 2223 2836 2277 neque
2865 2208 3174 2263 irrationale
3215 2210 3324 2271 sit,
3366 2206 3507 2263 unde
3548 2210 3631 2263 ha:
3672 2207 3825 2263 αισθ-

2252 2304 2436 2359 rentire
2476 2303 2529 2357 in
2560 2302 2841 2372 speciebus
2879 2312 3016 2356 natae
3046 2302 3188 2365 sint,
3223 2317 3340 2371 qute
3380 2302 3431 2355 in
3472 2315 3665 2371 genere
3703 2311 3827 2355 ante

2252 2411 2357 2449 non
2386 2394 2631 2448 fuerant?
2661 2392 2809 2459 Quod
2840 2394 2882 2447 si
2910 2407 3080 2462 genus
3103 2433 3120 2460 ,
3149 2392 3200 2446 id
3231 2400 3314 2447 est
3355 2392 3548 2446 animal
3577 2400 3828 2460 utrasque

2255 2500 2345 2539 res
2376 2485 2430 2538 in
2461 2499 2518 2538 se
2548 2472 2745 2548 habet,
2778 2492 2835 2538 ut
2861 2493 2915 2536 ct
2943 2483 3201 2537 rationale
3228 2493 3281 2536 et
3311 2482 3619 2536 irrationale
3646 2482 3746 2547 sit,
3777 2484 3827 2533 in

2257 2589 2363 2628 uno
2394 2574 2691 2642 eodemque
2718 2573 2824 2627 duo
2852 2574 3116 2627 contraria
3145 2573 3431 2639 eveniunt,
3454 2572 3596 2641 quod
3625 2583 3705 2625 est
3736 2573 3831 2624 itu-

2257 2664 2535 2730 possibile.
2582 2663 2851 2733 Attingam
2894 2662 3056 2733 igitur
3096 2663 3331 2718 breviter
3368 2663 3749 2732 qut-stionem,
3781 2673 3833 2717 et

2258 2749 2433 2802 dicam
2478 2750 2620 2817 quod
2667 2765 2772 2803 non
2816 2765 2985 2818 genus
3026 2758 3312 2821 utrumq‘ue
3354 2751 3459 2816 sit,
3488 2752 3537 2806 id
3566 2761 3648 2806 est
3673 2754 3833 2805 ratio-

2263 2840 2384 2894 nale
2417 2838 2501 2891 vel
2531 2838 2864 2905 irrationale,
2895 2840 2979 2894 vel
3009 2840 3265 2911 quidquid
3293 2841 3434 2896 aliud
3466 2843 3601 2897 inter
3631 2858 3687 2898 se
3714 2858 3834 2910 ειιε-

2261 2929 2371 2983 cies
2402 2943 2497 2997 per
2523 2928 2932 2983 contrarietatés
2958 2930 3231 2995 dividunt,
3257 2932 3348 2986 sed
3376 2935 3421 2985 vi
3449 2948 3541 2986 sua
3573 2944 3624 2988 et
3656 2943 3835 3001 potes-

2266 3029 2371 3074 tate
2412 3036 2577 3090 genns
2618 3021 2716 3074 hoc
2757 3021 3035 3086 continet,
3081 3022 3253 3089 ipsum
3296 3036 3423 3075 vero
3467 3023 3596 3076 nihil
3644 3024 3833 3077 horum

2188 3096 2233 3158 C
2265 3120 2366 3166 est.
2398 3113 2472 3166 lta
2500 3126 2628 3179 ergo
2654 3126 2822 3180 genus
2853 3112 2959 3167 tale
2985 3121 3099 3179 cst,
3131 3122 3188 3167 ut
3226 3114 3399 3182 ipsum
3442 3129 3617 3183 neque
3658 3116 3837 3169 incor-

2267 3202 2447 3273 p0rule
2467 3243 2482 3263 .
2508 3218 2688 3272 neque
2716 3204 2993 3271 corporale
3022 3205 3088 3259 sit
3114 3245 3129 3271 ,
3163 3214 3444 3275 utrumque
3488 3215 3661 3260 tamen
3690 3222 3752 3260 ex
3781 3220 3839 3261 se

2266 3295 2429 3361 possit
2464 3292 2718 3360 efﬁcere,
2748 3294 2886 3361 quod
2918 3297 3152 3349 secundo
3194 3296 3332 3349 libro
3368 3297 3556 3351 melius
3597 3296 3836 3365 liquebit.

2266 3382 2484 3452 Species
2514 3398 2645 3438 vero
2675 3384 2809 3437 alias
2839 3385 3164 3453 corporalis,
3196 3385 3328 3439 alias
3357 3387 3707 3455 incorporalis
3735 3396 3836 3441 est.

2267 3476 2396 3530 Nam
2426 3476 2471 3529 si
2498 3476 2768 3529 hominem
2800 3476 2900 3529 sub
2929 3476 3228 3531 substantia
3272 3492 3471 3546 ponas,
3506 3479 3838 3547 corporalem

2266 3564 2501 3635 speciem
2545 3565 2802 3633 posuisti,
2850 3565 2931 3619 sin
2980 3565 3144 3618 Deum
3185 3568 3593 3636 incorporalem.
3642 3568 3839 3622 Eodem

2269 3656 2428 3710 modo
2472 3657 2629 3711 etiam
2678 3655 3015 3710 differentiae.
3061 3658 3188 3712 Nam
3233 3659 3275 3713 si
3319 3660 3628 3727 corporales
3656 3660 3737 3714 vel
3765 3661 3843 3714 iu-

2269 3747 2576 3816 c0rporales
2616 3747 2825 3815 species
2867 3746 3144 3813 dividunt,
3175 3757 3332 3802 erunt
3368 3750 3500 3801 alias
3537 3749 3844 3817 incorpora-

2271 3837 2381 3903 les,
2416 3834 2525 3888 alio
2556 3843 2799 3903 tempore
2830 3837 3175 3903 corporales:
3207 3845 3266 3891 ut
3293 3836 3337 3890 si
3369 3836 3515 3891 dicas
3540 3838 3843 3907 quadrupes

2268 3926 2332 3980 ad
2364 3925 2641 3995 bipedem,
2668 3926 2967 3994 corporalis
2991 3926 3288 3982 differentia
3314 3937 3425 3994 est,
3452 3927 3546 3982 sed
3574 3928 3845 3982 rationalis

2269 4015 2336 4069 ad
2366 4014 2733 4069 irrationalem
2753 4054 2769 4080 ,
2799 4014 3146 4082 incorporalis
3172 4024 3257 4068 est
3281 4014 3579 4069 diﬁcrent‘a
3597 4057 3611 4080 ,
3638 4026 3691 4070 et
3722 4032 3845 4083 pro-

2271 4108 2387 4178 pria
2421 4106 2770 4160 nihilominus
2802 4106 2988 4160 eodem
3023 4106 3198 4159 mcdo.
3246 4105 3374 4159 Nam
3417 4108 3621 4175 aequale
3648 4109 3843 4174 speciei

2270 4215 2390 4255 cum
2436 4198 2707 4266 proprium
2754 4197 2947 4259 fuerit,
2991 4197 3032 4249 si
3078 4196 3427 4264 incorporalis
3458 4198 3559 4250 erit
3597 4198 3841 4265 species,

2272 4287 2607 4354 incorporale
2646 4286 2751 4339 erit
2789 4286 3059 4354 proprium
3087 4330 3104 4355 ,
3146 4287 3228 4339 sin
3271 4288 3563 4355 corporalis
3589 4328 3602 4350 ,
3648 4302 3843 4355 corpo-

2273 4377 2384 4431 rale
2417 4376 2791 4431 vindicabitur.
2827 4377 2891 4431 Et
2916 4376 3163 4433 accidens
3194 4376 3383 4431 eodem
3424 4377 3602 4432 modo.
3640 4377 3769 4431 Nam
3801 4381 3845 4432 si

2276 4466 2697 4534 incorporalibus
2727 4465 2939 4535 quidem
2970 4466 3161 4521 accidit
3192 4466 3525 4535 incorporale
3552 4481 3703 4532 esse,
3734 4482 3847 4521 ma-

2277 4556 2530 4611 nifestum
2557 4566 2638 4611 est
2665 4566 2724 4611 ut
2765 4556 2817 4610 in
2856 4556 3035 4610 animo
3068 4557 3318 4612 accidens
3353 4566 3437 4612 est
3476 4558 3729 4622 scientia,
3762 4560 3845 4613 in-

2275 4648 2573 4719 corporalis
2604 4648 2825 4703 scilicet.
2858 4649 3239 4718 Corporalibus
3263 4664 3392 4704 vero
3421 4666 3539 4721 quae
3568 4653 3843 4714 accidunt,

2276 4740 2573 4810 corporalia
2603 4753 2723 4794 esse
2751 4739 3090 4793 manifestum
3123 4749 3241 4795 est:
3275 4750 3329 4794 ut
3358 4743 3403 4794 si
3435 4742 3554 4809 quis
3583 4741 3725 4796 dicat
3754 4756 3845 4797 ac-

2277 4834 2462 4891 cidens
2489 4846 2575 4886 me
2600 4831 2800 4887 habere
2825 4831 3071 4900 capillum
3099 4831 3354 4899 crispum.
3386 4831 3473 4886 Sic
3500 4832 3657 4902 igitur
3682 4846 3848 4902 genus

2277 4931 2524 4975 neutrum
2548 4936 2643 4990 per
2661 4922 2893 4989 seipsum
2920 4928 3023 4986 est,
3054 4921 3146 4975 sed
3176 4930 3430 4992 utrasque
3458 4938 3544 4978 res
3573 4940 3639 4978 ex
3668 4925 3848 4988 seipso
3902 4930 3905 4935 ‘

2277 5011 2493 5066 efﬁcere
2521 5018 2734 5080 potest,
2769 5011 3010 5080 species,
3041 5010 3369 5068 differentias
3389 5056 3404 5080 ,
3439 5015 3645 5081 propria
3677 5023 3724 5065 et
3758 5026 3848 5065 ac-

2276 5102 2530 5166 cidentia,
2566 5108 2622 5153 ut
2670 5110 2885 5169 accepta
2931 5100 2984 5154 in
3024 5104 3320 5156 contrarias
3364 5102 3568 5170 species
3617 5100 3841 5164 fuerint,

2278 5191 2500 5262 proinde
2531 5190 2611 5245 vel
2643 5192 2939 5259 corporalia
2976 5191 3059 5245 vel
3102 5190 3454 5259 incorporalia
3496 5189 3843 5247 vocabuntur.

2277 5283 2383 5339 Sed
2416 5290 2542 5337 sunt
2567 5282 2761 5352 quibus
2793 5282 2894 5337 hoc
2920 5282 3092 5351 ipsum
3124 5282 3389 5352 integrum
3429 5280 3599 5335 videri
3637 5283 3842 5351 possit,

2277 5384 2330 5430 et
2368 5374 2481 5429 hmo
2525 5374 2699 5429 solum
2740 5374 3096 5442 incorporalia
3133 5388 3255 5429 esse
3297 5373 3602 5438 difﬁniunt,
3641 5376 3729 5446 qui
3770 5376 3848 5431 sic

2276 5465 2484 5530 dicant,
2513 5478 2617 5520 non
2644 5466 2971 5520 considerari
3001 5479 3170 5534 genus
3201 5467 3253 5519 in
3284 5480 3349 5519 eo
3376 5465 3514 5536 quod
3541 5477 3727 5539 suapte
3757 5483 3848 5521 na-

2280 5565 2396 5613 tura
2428 5566 2660 5621 constat,
2688 5558 2779 5612 sed
2810 5560 2859 5611 in
2889 5572 2954 5611 eo
2977 5557 3117 5625 quod
3146 5572 3314 5626 genus
3335 5559 3421 5613 sit.
3448 5558 3630 5627 Itaque
3652 5560 3693 5613 si
3718 5558 3846 5612 sub-

2278 5649 2466 5699 stant‘a
2498 5662 2661 5713 genus
2691 5657 2799 5712 est,
2836 5662 2937 5700 non
2972 5648 3341 5704 consideratur
3373 5652 3423 5707 in
3464 5668 3526 5706 cu
3554 5650 3689 5716 quod
3722 5649 3820 5703 sub
