4244 6254
363 382 423 443 ει
1483 391 1547 448 ιΝ
1588 391 2026 450 PORPIIYRIUM
2069 390 2405 453 DIALOGUS
2447 395 2486 452 1.
2699 412 2718 433 ‘
3542 412 3615 471 22

361 499 559 557 stantia
597 506 714 565 est,
754 499 843 555 sed
885 500 933 551 in
981 513 1045 551 eo
1094 498 1239 568 quod
1282 500 1381 555 sub
1418 516 1475 555 se
1515 504 1720 571 species
1762 504 1939 559 habet.
1971 505 2017 563 Α
2050 504 2146 559 bus
2173 508 2557 575 speciebusque
2582 549 2598 574 ,
2636 518 2689 565 et
2732 514 2941 568 crete-ris
2981 518 3184 584 qumvis
3227 523 3442 578 tractari
3485 540 3619 592 pus-

361 591 495 646 item
521 590 564 644 si
588 592 790 658 species
813 604 1125 656 corporeum
1153 597 1209 643 et
1236 589 1607 660 incorporeum
1624 604 1725 657 est,
1746 610 1865 648 non
1882 594 1935 649 in

366 698 433 736 eo
474 681 615 748 quod
663 681 798 734 Deus
838 680 917 733 vel
950 680 1110 733 homo
1140 680 1355 746 dicitur,
1388 682 1815 747 cons’derantur,
1843 684 1937 737 sed

363 774 414 827 in
441 789 508 827 en
531 773 667 840 quod
696 781 777 826 est
803 773 902 826 sub
931 786 1151 841 genere.
1183 773 1384 827 Eodem
1414 775 1572 828 modo
1598 776 1757 828 etiam
1786 774 1937 829 diffe—

364 865 549 919 rentia:
577 880 680 917 non
711 865 1121 918 considerantur
1147 865 1201 918 in
1227 880 1292 919 eo
1316 865 1457 934 quod
1495 866 1646 934 bipes
1687 868 1767 920 vel
1806 881 1937 934 qua-

362 956 554 1023 drupes
602 954 870 1019 sin-sed.
898 955 951 1015 in
998 970 1064 1010 eo
1106 955 1248 1025 quod
1301 965 1379 1009 est
1430 955 1748 1010 differentia.
1805 957 1935 1010 Nam

362 1046 659 1113 quadrupes
688 1044 791 1098 hoc
840 1045 1012 1113 ipsum
1052 1046 1198 1099 nulla
1229 1045 1527 1099 diﬁ'erentia
1569 1056 1683 1109 est,
1728 1046 1826 1099 nisi
1867 1046 1939 1100 sit

360 1138 509 1206 bipes
539 1154 566 1189 a
600 1153 708 1207 quo
740 1136 971 1191 diﬁerat.
1002 1138 1183 1207 Itaque
1213 1152 1317 1192 non
1346 1139 1647 1208 quadrupes
1675 1140 1756 1192 vel
1786 1138 1937 1206 bipes

358 1229 669 1296 respicitur,
697 1229 791 1283 sed
822 1230 869 1282 id
896 1228 1042 1298 quod
1070 1229 1301 1283 medium
1332 1241 1415 1284 est
1440 1233 1491 1284 in
1522 1230 1710 1299 hipede
1732 1240 1788 1284 et
1814 1246 1938 1299 qua-

357 1321 617 1388 drupede,
651 1322 701 1374 id
732 1331 811 1375 est
840 1321 1163 1375 dill'erentia.
1191 1324 1254 1377 Et
1281 1323 1347 1377 de
1376 1323 1587 1391 proprio
1616 1324 1776 1377 idem.
1804 1322 1935 1377 Nam

356 1410 501 1478 quod
532 1411 894 1479 cujuscunque
918 1422 1002 1466 est
1023 1413 1317 1479 prolir'nm,
1341 1412 1393 1465 in
1416 1428 1480 1467 eo
1508 1413 1784 1481 preprium
1812 1428 1938 1466 con-

359 1503 659 1566 sideratur,
689 1503 828 1571 quod
858 1502 976 1569 ejus
999 1503 1150 1570 cujus
1174 1502 1364 1556 dicitur
1386 1518 1504 1558 esse
1528 1503 1795 1572 proprium
1817 1518 1937 1569 Spe-

359 1594 471 1647 ciei
500 1594 671 1647 solius
702 1602 803 1646 est.
837 1593 967 1646 Nam
1002 1594 1207 1647 risibile
1237 1608 1342 1647 non
1375 1595 1426 1648 in
1458 1610 1521 1649 eo
1548 1605 1629 1647 est
1671 1595 1934 1663 proprium

358 1681 596 1734 hominis
626 1682 764 1749 quod
798 1682 937 1734 riaus
965 1690 1048 1734 est
1068 1722 1081 1743 ,
1113 1682 1207 1735 sed
1237 1683 1291 1735 in
1321 1698 1385 1736 eo
1415 1683 1553 1750 quod
1598 1684 1743 1736 solus
1780 1683 1937 1737 homo

356 1777 541 1837 potest
562 1769 768 1823 ridere:
800 1784 919 1838 quae
949 1769 1230 1825 manifeste
1259 1772 1610 1839 incorporalia
1636 1786 1755 1827 esse
1782 1772 1937 1826 indu-

2043 596 2169 650 sint.
2203 596 2339 651 Sunt
2365 598 2507 651 enim
2542 598 2632 652 illa
2668 600 2751 670 (ut
2778 604 2891 670 ipse
2917 605 3009 673 ait)
3039 609 3303 675 gravioris
3335 620 3611 683 tractatus,

2038 702 2196 754 quam
2226 686 2522 741 doctrinam
2556 704 2583 741 a
2616 690 2985 760 Peripateticis
3017 708 3285 767 acceptam
3308 742 3323 767 ,
3350 702 3399 756 id
3426 714 3507 759 est
3528 708 3612 760 .ab

2039 775 2388 832 Ai-istotelicis
2408 818 2422 841 ,
2455 791 2512 832 se
2538 779 2685 848 sequi
2715 780 2992 837 coiifessus
3018 793 3119 839 est.
3152 787 3281 842 Nam
3310 790 3474 849 Stoici
3514 797 3607 863 qui

2039 866 2106 920 de
2149 867 2232 920 his
2270 883 2480 936 quoque
2526 870 2683 925 rebus
2728 880 2957 928 tractare
2997 875 3310 942 voluerunt,
3355 898 3459 937 non
3500 900 3615 939 om-

2040 962 2166 1009 n'no
2199 973 2228 1011 a
2268 958 2569 1029 Porphyrio
2605 963 2991 1031 suscipiuntur,
3029 975 3187 1035 atque
3222 968 3343 1025 ideo
3378 973 3451 1025 ait
3484 988 3542 1029 se
3582 993 3611 1028 a

2044 1048 2417 1121 Peripateticis
2448 1051 2705 1105 rationem
2746 1052 3124 1122 disputationis
3167 1059 3429 1127 accipere.
3465 1063 3614 1119 Tunc

2041 1156 2125 1195 me
2156 1142 2353 1196 Fabius
2385 1142 2452 1195 ita
2488 1152 2862 1211 percunctatus
2896 1163 2906 1197 :
2939 1147 3075 1214 Quid
3106 1158 3221 1213 est,
3254 1151 3441 1220 inquit,
3470 1156 3610 1222 quod

2039 1232 2241 1287 dudum
2270 1233 2519 1298 dixeras,
2554 1250 2675 1289 cum
2704 1250 2733 1290 a
2763 1246 2815 1291 te
2843 1236 2912 1292 de
2954 1239 3379 1309 incorporalibus
3424 1252 3615 1299 tracta-

2041 1333 2210 1388 retur,
2240 1340 2360 1382 esse
2387 1326 2646 1395 quasdam
2682 1328 3149 1398 incorporalitates
3175 1348 3292 1401 qua:
3331 1335 3470 1389 circa
3500 1351 3615 1390 cvr-

2042 1430 2141 1481 pus
2172 1428 2388 1485 semper
2417 1417 2813 1482 consisterent,
2848 1429 2905 1473 ut
2933 1431 3056 1475 sunt
3088 1423 3269 1490 primae
3310 1426 3627 1494 incorpora-‘

2041 1504 2219 1559 litates
2248 1515 2371 1574 post
2402 1508 2694 1571 terminos,
2738 1524 2857 1579 qua:
2897 1522 2977 1565 est
3020 1512 3132 1567 lucc
3176 1516 3610 1585 incorporalitas,

2038 1604 2129 1648 aut
2156 1610 2290 1665 quos
2321 1600 2577 1652 terminos
2605 1598 2772 1654 dicis?
2804 1616 2910 1656 non
2937 1604 3080 1657 enim
3114 1606 3369 1669 intelligo.
3403 1608 3467 1662 Et
3492 1625 3611 1681 ego,

2041 1686 2250 1755 longus,
2273 1686 2511 1757 inquam,
2545 1698 2801 1745 tractatus
2825 1702 2929 1758 est,
2952 1702 3005 1748 et
3035 1694 3166 1749 nihil
3201 1697 3353 1751 nob's
3380 1700 3445 1752 ad
3481 1700 3614 1754 hanc

2040 1791 2153 1830 rem
2178 1792 2338 1847 quam
2365 1781 2656 1847 quaerimus
2684 1781 3009 1847 profuturus.
3048 1785 3151 1841 Sed
3186 1786 3358 1841 dicam
3383 1788 3614 1844 breviter

355 1858 581 1912 bitatum
612 1868 714 1913 est.
749 1858 954 1912 Deinde
977 1859 1277 1913 accidentia
1312 1859 1539 1928 proinde
1564 1870 1718 1923 sunt,
1761 1861 1938 1930 qualia
1972 1863 2015 1921 Β
2045 1867 2301 1920 terminos
2329 1882 2415 1922 me
2439 1868 2636 1923 dixisse
2661 1874 3025 1927 extremitates
3055 1890 3235 1929 earum
3266 1893 3383 1947 qua:
3413 1880 3462 1933 in
3492 1895 3614 1948 geo-

356 1947 577 2001 l'uerunt
602 1961 664 2000 ea
690 1946 883 2015 quibus
909 1946 1193 2012 accidunt,
1234 1958 1291 2001 ut
1322 1948 1569 2016 superius
1592 1948 1792 2002 dictum
1814 1958 1929 2004 est:

356 2038 453 2089 sed
498 2038 550 2090 hi
597 2037 823 2105 probare
854 2036 1105 2091 videntur
1147 2038 1247 2091 hoc
1284 2039 1451 2107 ipsius
1487 2039 1767 2108 Porphyrii
1806 2053 1929 2095 sen-

356 2125 552 2190 tentia,
570 2127 684 2194 qui,
717 2126 879 2179 veluti
907 2126 1014 2194 jam
1047 2128 1268 2194 probato
1293 2128 1433 2196 quod
1464 2130 1776 2199 incorporea
1798 2130 1926 2195 sint,

356 2217 429 2269 ita
473 2218 593 2269 ait:
640 2217 704 2270 Et
754 2228 924 2270 utrum
965 2230 1246 2287 separata,
1293 2236 1358 2274 an
1406 2221 1535 2288 ipsis
1582 2224 1928 2280 sensibilibus

355 2306 568 2373 juncta;
593 2308 733 2376 quod
763 2309 804 2361 si
835 2324 952 2363 esse
982 2308 1095 2364 lucc
1125 2311 1410 2380 aliquando
1438 2313 1737 2381 corporalia
1764 2317 1925 2370 exsti-

357 2399 546 2465 tisset,
594 2397 883 2452 absurdum
933 2411 1077 2454 esset
1122 2416 1365 2467 qna-rere
1415 2413 1589 2457 utrum
1637 2406 1932 2473 corporalia

355 2488 598 2555 sejunCta
628 2498 811 2543 essent
835 2504 863 2541 a
892 2491 1241 2545 sensibilibus
1269 2507 1335 2545 an
1365 2492 1548 2562 juncta
1568 2534 1582 2557 ,
1615 2509 1734 2549 cum
1763 2497 1935 2550 sensi-

358 2579 490 2654 bilia
519 2579 635 2645 ipsa
664 2580 770 2633 sint
798 2595 1077 2648 corporea.
1104 2581 1249 2637 Talis
1278 2592 1452 2639 autem
1481 2600 1512 2639 e
1543 2595 1563 2639 t
1589 2587 1843 2654 quaestio,
1878 2597 1936 2641 ut

359 2652 620 2735 quoniam
663 2670 906 2737 quaedam
950 2671 1311 2739 incorporales
1348 2687 1469 2727 sunt
1504 2690 1625 2740 res,
1664 2693 1781 2746 qua:
1819 2692 1922 2732 om-

356 2757 488 2809 nino
526 2772 753 2825 corpora
795 2774 899 2813 non
942 2762 1239 2827 patiuntur,
1281 2772 1339 2816 ut
1380 2764 1575 2819 animal
1622 2768 1706 2820 vel
1754 2767 1929 2821 Deus:

356 2847 607 2925 quaedam
638 2863 767 2902 vero
792 2865 911 2917 quae
939 2850 1055 2904 sine
1083 2854 1396 2920 corpor'bus
1416 2868 1537 2910 esse
1563 2870 1665 2909 non
1690 2868 1930 2925 possmit,

359 2948 417 2991 ut
446 2922 618 3006 p'rima
649 2950 767 3007 post
800 2936 1059 2995 terminos
1094 2943 1539 3011 incorporalitas:
1571 2948 1809 3015 quaedam
1842 2962 1934 3003 an.

359 3037 468 3083 tem
497 3044 613 3099 quae
640 3030 693 3083 in
722 3031 1038 3098 corporibus
1063 3044 1219 3099 sunt,
1252 3045 1303 3089 et
1338 3045 1531 3105 praeter
1560 3054 1782 3108 corpora
1813 3056 1934 3097 sese

358 3133 478 3173 esse
508 3120 799 3185 patiuntur,
826 3130 882 3173 ut
905 3122 1117 3187 anima;
1152 3124 1410 3192 qnmritur
1439 3141 1565 3195 ergo
1597 3127 1677 3181 ha:
1698 3130 1931 3199 quinque

2038 1958 2229 2012 metria
2259 1967 2383 2013 sunt
2414 1961 2698 2027 ﬁgurarum
2726 1978 2741 2019 :
2772 1962 2838 2016 de
2871 1964 3310 2034 incorporalitate
3340 1983 3464 2022 vero
3495 1986 3613 2038 quae

2036 2050 2175 2103 circa
2223 2049 2480 2103 terminos
2520 2061 2763 2120 conSIat,
2807 2053 2852 2105 si
2898 2054 2945 2107 Μ
2983 2056 3149 2109 crobii
3181 2056 3466 2113 Theodosii
3509 2060 3608 2113 do-

2037 2136 2257 2191 ctissimi
2290 2138 2388 2192 viri
2421 2139 2648 2208 primum
2682 2140 2874 2195 librum
2904 2159 3059 2213 quem
3088 2147 3155 2200 de
3182 2147 3385 2201 Somno
3410 2149 3613 2217 Scipio-

2040 2228 2122 2282 nis
2149 2229 2528 2298 pomposuitin
2573 2231 2820 2285 manibus
2861 2236 3187 2303 sumpseris,
3233 2235 3441 2303 plenius
3485 2240 3611 2292 ube-

2039 2318 2253 2387 riusque
2281 2333 2596 2387 cognosces.
2635 2320 2739 2374 Sed
2773 2336 2914 2375 nunc
2953 2323 3019 2375 ad
3060 2326 3336 2392 sequentia
3376 2334 3611 2383 transea-

2037 2425 2175 2463 mus.
2205 2409 2351 2463 Tunc
2393 2409 2585 2464 Fabius
2607 2452 2621 2477 ,
2654 2418 2713 2463 ut
2752 2410 2950 2480 placet,
2983 2412 3185 2483 inquit,
3230 2414 3494 2485 simulque
3530 2417 3609 2473 sic

2039 2501 2224 2569 incipit

2607 2578 2695 2648 nis
2736 2594 3037 2651 GENERE.

2112 2678 2325 2734 Videtur
2351 2682 2481 2735 enim
2513 2701 2670 2753 neque
2695 2703 2855 2755 genus
2875 2726 2889 2751 ,
2922 2703 3081 2757 neque
3106 2690 3318 2756 species,
3360 2678 3608 2761 simplici-

2035 2775 2111 2820 ter
2137 2771 2422 2838 appellari,
2447 2772 2501 2822 id
2531 2781 2603 2824 est
2634 2789 2736 2825 uno
2762 2776 2933 2826 modo.
2976 2773 3148 2829 Genus
3177 2794 3393 2847 namque
3423 2782 3609 2834 dicitur

2034 2859 2372 2924 quorumdam
2413 2860 2481 2911 ad
2522 2876 2574 2913 se
2618 2862 2827 2913 invicem
2858 2901 2873 2926 ,
2923 2873 2970 2914 et
3014 2865 3101 2916 ad
3127 2867 3346 2934 aliquem
3388 2870 3609 2935 quodam

2035 2948 2183 2999 modo
2223 2964 2276 2999 se
2319 2948 2605 3001 habentium
2646 2950 2905 3016 collectio,
2946 2966 3037 3019 per
3072 2968 3225 3021 quam
3250 2953 3610 3010 Dardanidum

2035 3036 2222 3088 dicitur
2277 3052 2452 3105 genus.
2514 3036 2718 3091 Dicitur
2765 3056 2939 3093 rursus
2990 3057 3147 3111 genus
3213 3045 3611 3115 uniuscujusque

2035 3129 2371 3199 generationis
2407 3128 2747 3199 principium,
2788 3139 2874 3183 aut
2919 3147 2950 3181 a
2996 3142 3297 3200 generante,
3343 3145 3429 3187 aut
3457 3136 3518 3188 ab
3554 3154 3611 3193 eo

360 3223 448 3263 res
473 3224 538 3263 ex
563 3224 672 3278 quo
694 3210 1145 3280 incorporalitatis
1167 3217 1273 3268 sint
1294 3230 1522 3285 genere,
1547 3227 1720 3273 utrum
1742 3237 1927 3276 eorum
1954 3220 2002 3281 C
2034 3217 2143 3271 loco
2172 3218 2222 3270 in
2250 3233 2346 3285 quo
2375 3218 2485 3284 quis
2512 3218 2707 3287 genitu!
2731 3228 2807 3271 est

361 3317 480 3370 qua:
510 3304 725 3355 omnino
755 3313 1074 3372 separantur
1097 3320 1124 3357 a
1151 3320 1410 3375 corpore,
1442 3323 1509 3363 an
1540 3325 1723 3365 eorum
1756 3328 1872 3381 qua:
1901 3330 1929 3367 a

359 3392 675 3459 corporibus
703 3392 944 3461 separari
971 3410 1075 3448 non
1108 3405 1366 3464 possunt,
1403 3412 1469 3453 an
1498 3415 1616 3469 qua:
1643 3402 1935 3471 jungantur

360 3482 645 3551 aliquoties
689 3493 741 3538 et
769 3485 1054 3554 aliquoties
1084 3499 1449 3558 segregentur.
1503 3492 1724 3548 Videtur
1754 3507 1931 3551 autem

360 3573 503 3641 quod
530 3582 581 3627 et
608 3575 875 3643 segregari
907 3584 961 3630 et
986 3577 1139 3645 jungi
1172 3580 1397 3646 possint.
1426 3580 1555 3635 Nam
1585 3586 1799 3652 quando
1825 3602 1865 3640 ci
1893 3604 1937 3640 r-

361 3664 625 3731 poralium
657 3667 853 3721 divisio
881 3683 975 3736 per
1004 3683 1196 3738 genera
1226 3670 1277 3723 in
1308 3674 1517 3740 species
1551 3676 1604 3727 lit
1625 3716 1638 3739 ,
1670 3685 1725 3730 et
1750 3693 1933 3733 eorum

361 3756 575 3822 propria
606 3766 659 3810 et
688 3758 1002 3813 differentia:
1030 3761 1393 3828 nominantur,
1422 3763 1536 3818 haec
1566 3767 1770 3821 scilicet
1810 3784 1935 3825 scn-

362 3844 541 3898 sibilia
565 3885 580 3908 ,
612 3846 665 3898 id
692 3856 779 3899 est
806 3850 1101 3916 corporalia
1130 3865 1252 3905 esse
1282 3866 1385 3906 non
1413 3852 1628 3911 dubium
1670 3869 1771 3913 εει.
1806 3860 1935 3914 Cum

362 3947 499 3987 vero
544 3934 613 3989 de
655 3935 1077 4004 incorporalibus
1117 3943 1275 3997 rebus
1316 3955 1574 3999 tractatus
1604 3948 1853 4015 habetur,
1883 3963 1939 4007 et

364 4036 464 4089 per
502 4038 564 4079 ea
607 4024 718 4093 ipsa
764 4026 1068 4084 dividuntur
1104 4047 1224 4099 quae
1264 4047 1490 4102 corpore
1528 4048 1747 4104 carent,
1795 4041 1935 4097 circa

360 4116 661 4183 corporalia
693 4127 995 4175 versantur.
1028 4120 1179 4188 Quod
1210 4122 1256 4175 si
1290 4123 1391 4178 hoc
1428 4136 1510 4179 est
1532 4167 1548 4191 ,
1574 4142 1676 4181 non
1720 4141 1803 4183 est
1841 4132 1938 4186 du-

363 4205 507 4259 bium
537 4207 678 4275 quod
711 4210 946 4278 quinque
978 4210 1090 4266 hare
1120 4228 1181 4266 ex
1210 4214 1396 4269 eodem
1426 4217 1531 4269 sint
1552 4232 1768 4287 genere,
1796 4224 1936 4291 quod

360 4304 413 4348 et
450 4308 643 4362 praeter
688 4313 912 4367 corpora
958 4313 1261 4370 separatum
1308 4320 1426 4361 esse
1470 4310 1680 4375 possit,
1725 4324 1777 4367 et
1817 4329 1939 4369 cor-

360 4386 577 4451 poribus
621 4387 772 4455 jungi
824 4392 1072 4457 patiatur,
1120 4395 1214 4447 sed
1263 4394 1368 4465 ita,
1429 4409 1485 4452 ut
1525 4399 1568 4453 si
1618 4406 1934 4472 corporibus

359 4476 534 4539 juncta
577 4477 805 4543 fuerint,
850 4480 1225 4551 inseparabilia
1265 4500 1294 4539 a
1339 4490 1655 4558 corporibus
1693 4494 1817 4550 sint.
1869 4496 1926 4553 Si

2104 3306 2329 3371 Caetera,
2358 3307 2551 3377 inquit,
2579 3308 2688 3377 fere
2732 3319 2854 3364 nota
2879 3320 3021 3367 sunt.
3053 3311 3201 3368 Tunc
3231 3330 3328 3386 ego
3356 3332 3371 3367 :
3415 3316 3470 3371 Si
3499 3317 3606 3372 vim

2038 3402 2187 3469 prius
2232 3400 2670 3470 mquivocationis
2723 3403 2991 3473 aspicias,
3034 3404 3350 3462 divisionem
3392 3412 3608 3478 generis

2037 3491 2321 3560 diligenter
2348 3506 2627 3562 agnosces.
2654 3491 2833 3547 Placet
2859 3495 2999 3549 enim
3031 3498 3240 3565 generis
3266 3514 3458 3555 nomen
3486 3516 3607 3555 cum

2037 3582 2139 3637 sibi
2183 3584 2441 3652 subjectis
2485 3583 2761 3651 mquivoce
2804 3584 3090 3640 nominari.
3140 3586 3437 3657 Equivoca
3481 3606 3609 3645 vero

2038 3684 2195 3738 sunt,
2227 3688 2342 3742 quae
2373 3688 2489 3729 cum
2524 3674 2737 3729 nomine
2763 3690 2864 3729 una
2896 3679 3036 3744 sint,
3064 3678 3219 3747 longe
3246 3679 3453 3735 diversa
3481 3681 3606 3737 sub-

2038 3763 2245 3818 stantia:
2284 3764 2491 3819 ratione
2532 3776 2584 3820 et
2625 3764 2958 3823 ditﬁnitionis
2998 3768 3228 3825 discreta
3265 3781 3422 3841 sunt,
3465 3780 3521 3825 ut
3557 3774 3602 3827 si

2037 3856 2157 3925 quis
2183 3856 2352 3923 hanc,
2384 3857 2530 3912 verbi
2572 3859 2776 3927 gratia,
2823 3868 3049 3913 statuam
3087 3858 3310 3916 Veneris
3348 3863 3603 3932 appellet.

2040 3949 2351 4017 Congruunt
2379 3950 2536 4019 igitur
2567 3949 2743 4005 Venus
2774 3953 2885 4020 ipsa
2916 3962 2970 4006 et
2995 3962 3169 4007 statua
3203 3954 3424 4008 Veneris
3455 3957 3611 4010 unius

2038 4039 2436 4107 nuncupatione
2465 4040 2743 4105 vocabuli,
2770 4041 2907 4110 quod
2937 4043 3143 4109 utrique
3168 4042 3388 4097 Veneris
3414 4061 3609 4101 nomen

2037 4136 2141 4183 est.
2170 4128 2223 4182 Si
2262 4128 2381 4197 quis
2410 4142 2535 4184 vero
2565 4130 2688 4200 quid
2728 4131 2795 4185 sit
2833 4140 3117 4204 utrumque
3161 4132 3410 4201 deﬁniat,
3451 4136 3608 4207 longe

2037 4217 2200 4272 aliam
2231 4233 2357 4272 vere
2388 4217 2611 4273 Veneris
2632 4260 2646 4284 ,
2678 4220 2832 4275 aliam
2866 4216 3093 4292 lapidis,
3127 4225 3389 4279 rationem
3418 4225 3611 4282 deﬁni-

2038 4308 2345 4378 tionemque
2375 4310 2684 4367 constituet.
2728 4312 3135 4381 Speculantibus
3167 4316 3325 4384 igitur
3364 4315 3449 4369 illa
3491 4331 3611 4371 esse

2036 4402 2305 4469 mquivoca
2326 4441 2341 4466 ,
2374 4416 2494 4470 qua;
2524 4416 2631 4456 uno
2664 4402 2924 4459 vocabulo
2950 4405 3313 4472 appellentur,
3345 4404 3610 4461 deﬁnitio-

2036 4490 2193 4548 nibus
2221 4506 2350 4546 vero
2378 4491 2611 4548 diversis
2637 4494 3060 4560 constituantur,
3083 4496 3344 4556 clarescet
3375 4498 3470 4570 (ut
3496 4501 3609 4570 api-

361 4581 488 4621 vero
513 4569 955 4640 incorporalibns,
985 4590 1254 4647 nunquam
1296 4580 1364 4635 ab
1403 4581 1829 4654 incorporalibus
1849 4604 1932 4646 se-
1958 4571 2009 4633 D

1929 4622 1932 4631 ,
1958 4571 2009 4633 D
2038 4583 2155 4653 nor)
2185 4583 2516 4652 participatio
2537 4584 2749 4653 generis
2777 4600 2933 4652 quam
2962 4586 3288 4657 Porphyrius
3315 4569 3441 4641 fecit
3472 4569 3605 4658 prac-

362 4670 635 4726 parentur,
681 4673 737 4717 et
782 4673 1034 4735 utrasque
1075 4670 1126 4723 in
1169 4684 1229 4725 se
1265 4673 1575 4731 contineant
1621 4688 1929 4747 potestates.

363 4747 492 4801 Nam
523 4752 565 4804 si
594 4755 962 4821 corporalibus
982 4756 1299 4827 junguntur,
1328 4763 1447 4817 tal‘a
1472 4777 1623 4835 sunt,
1647 4772 1818 4840 qualis
1845 4774 1931 4827 illa

364 4840 534 4907 prima
562 4852 675 4910 post
705 4847 967 4903 terminos
1013 4849 1460 4922 incorporalitas,
1502 4874 1620 4928 qua)
1663 4878 1930 4934 nunquam

358 4929 583 4986 disredit
603 4948 632 4987 a
653 4950 879 5006 corpore
905 4956 919 4992 :
941 4941 985 4993 si
1008 4955 1136 4995 vero
1158 4941 1600 5016 incorporalibus,
1638 4954 1758 5007 talia
1784 4929 1931 5025 sunt,

354 5022 524 5087 qualis
563 5034 645 5080 est
680 5027 922 5096 animus,
955 5032 1044 5100 qui
1074 5047 1342 5102 nunquam
1372 5040 1584 5109 corpori
1626 5022 1927 5110 copulatur.

355 5112 477 5168 Hae
509 5131 568 5171 se
598 5118 756 5186 igitur
788 5130 968 5177 tacere
996 5122 1328 5197 P0rphyrius
1367 5131 1633 5197 pollicitus
1652 5174 1667 5199 ,
1696 5135 1930 5192 brevner

350 5206 801 5281 mediocriterque
839 5227 1002 5282 super
1025 5213 1107 5269 his
1148 5217 1306 5273 rebus
1355 5227 1586 5276 tractare
1628 5227 1923 5295 promittit,

353 5292 537 5347 habita
583 5298 634 5351 in
678 5312 767 5355 res
812 5300 918 5377 alia
965 5304 1395 5363 consideratione
1443 5321 1534 5363 aut
1579 5292 1922 5382 conjectura,

353 5381 501 5447 quod
528 5385 693 5443 simile
716 5400 798 5444 est
825 5404 891 5445 ac
918 5392 963 5447 si
990 5392 1225 5450 diceret:
1256 5397 1519 5464 Quoniam
1551 5400 1665 5456 haec
1693 5403 1758 5455 ad
1792 5420 1928 5471 pra:-

350 5473 676 5542 dicamenta,
703 5491 756 5535 et
780 5484 844 5537 ad
868 5484 1233 5555 deﬁnitiones,
1264 5498 1319 5544 et
1344 5490 1409 5544 ad
1440 5491 1753 5560 divisiones,
1779 5504 1833 5549 et
1857 5496 1925 5552 ad

348 5565 704 5633 probationes
728 5574 1006 5641 pertinent,
1042 5577 1167 5632 ideo
1192 5578 1305 5634 hcce
1337 5589 1659 5635 tractaturus
1684 5596 1920 5651 assumo,

347 5664 403 5709 et
425 5666 656 5713 eatenus
702 5660 772 5715 de
818 5662 898 5717 his
942 5666 1199 5725 disseram
1226 5710 1251 5736 ,,
1293 5678 1556 5738 quatenus
1605 5672 1924 5740 supradictis

347 5746 509 5804 rebus
534 5751 827 5816 proficiunt
849 5794 865 5815 ι
896 5771 995 5812 non
1027 5768 1291 5825 quatenus
1320 5762 1386 5815 de
1410 5761 1509 5817 .his
1550 5760 1677 5827 ipsis
1713 5765 1923 5823 acueri-

2036 4673 2167 4725 visa.
2201 4673 2371 4725 Omne
2399 4673 2543 4725 enim
2577 4672 2831 4740 quidquid
2860 4688 2889 4725 a
2916 4688 3113 4741 genere
3142 4676 3193 4727 in
3222 4678 3427 4743 species
3458 4678 3608 4733 duci-

2036 4771 2141 4825 tur,
2172 4761 2497 4824 univocum,
2530 4775 2635 4813 non
2666 4761 2999 4829 aequivocum
3028 4772 3134 4818 est.
3171 4762 3460 4822 Univocum
3488 4778 3603 4836 est,

2036 4852 2174 4921 quod
2206 4860 2265 4909 et
2289 4851 2475 4907 eodem
2503 4852 2718 4907 nomine
2746 4855 2961 4925 vocari,
2994 4865 3057 4930 et_
3077 4858 3262 4918 eadem
3292 4861 3604 4922 deﬁnitione

2035 4941 2289 4996 constitui
2341 4950 2552 5011 potest,
2600 4951 2658 4998 ut
2704 4953 2756 4999 et
2794 4946 2994 5001 animal
3036 4963 3231 5019 genus,
3276 4953 3433 5008 homo
3477 4969 3605 5010 vero

2032 5036 2240 5102 species
2261 5077 2276 5102 ,
2307 5035 2401 5090 sed
2430 5036 2569 5091 idem
2600 5035 2761 5091 homo
2790 5039 2986 5094 animal
3016 5049 3121 5096 est.
3152 5043 3332 5099 Genus
3366 5045 3523 5113 igitur
3552 5055 3607 5098 et

2031 5128 2278 5195 species,
2322 5128 2372 5181 id
2422 5138 2506 5182 est
2547 5128 2744 5185 animal
2785 5138 2943 5202 atque
2988 5131 3148 5192 homo
3189 5145 3408 5204 possunt
3448 5135 3602 5189 unius

2029 5217 2276 5272 animalis
2322 5218 2539 5275 nomine
2589 5223 2920 5290 nuncupari,
2972 5232 3031 5277 ut
3076 5234 3359 5292 utrumque
3405 5224 3600 5279 animal

2028 5318 2272 5379 vocetur,
2318 5310 2411 5366 sed
2457 5310 2642 5366 eadem
2685 5311 3080 5367 deﬁnitionibus
3122 5328 3225 5366 non
3270 5313 3597 5381 discrepant.

2027 5402 2156 5456 Nam
2188 5404 2231 5456 si
2261 5402 2625 5458 deﬁnitionem
2660 5402 3175 5463 reddassanimalis,
3199 5402 3344 5459 dicas
3387 5404 3438 5458 id
3480 5421 3600 5463 esse

2028 5493 2266 5558 animal,
2318 5492 2459 5563 quod
2514 5503 2597 5546 est
2644 5491 2936 5549 substantia
2989 5490 3218 5546 animata
3274 5493 3593 5552 sensibilis:

2026 5598 2185 5654 quam
2218 5581 2583 5637 deﬁnitionem
2613 5580 2656 5633 si
2684 5578 2749 5632 ad
2786 5577 3054 5635 hominem
3098 5590 3273 5637 vertas
3295 5624 3309 5646 ,
3349 5599 3453 5639 non
3492 5590 3597 5644 erit

2025 5672 2313 5729 absurdum
2341 5668 2812 5723 dicerehominem
2834 5668 3190 5727 substantiam
3232 5687 3352 5730 esse
3391 5675 3598 5733 anima-

2026 5775 2127 5821 tam
2170 5770 2326 5830 atque
2364 5760 2669 5816 sensibilem
2708 5765 2843 5817 sicut
2870 5765 3120 5833 animal,
3155 5766 3249 5835 sed
3289 5770 3387 5822 hoc
3433 5780 3600 5841 sum:
