4244 6254
602 314 676 373 ,5
1840 304 1950 359 AN.
1992 298 2198 357 nunc.
2238 300 2391 355 sev.
2433 304 2655 361 nomn
3785 320 3853 381 2t

608 430 721 484 rius
746 428 943 482 dictum
971 436 1074 481 est.
1119 425 1174 481 Si
1200 426 1341 480 anim
1372 426 1591 479 uuivoca
1619 430 1773 484 sunt,
1807 435 1923 487 qua:
1952 433 2059 473 uno
2086 433 2174 472 no-
2206 418 2255 475 A
2285 408 2654 487 cognatiOnem
2694 420 3058 491 demonstret,
3097 434 3150 479 et
3190 440 3285 494 per
3320 426 3681 488 habitudinem
3725 449 3853 503 quo.

607 518 754 573 mine
786 525 944 583 atque
983 515 1171 571 eadem
1212 513 1521 571 deﬁnitione
1559 510 1973 573 constituuntur,
2015 508 2179 577 tequi-

2280 507 2566 563 dammodo
2616 511 2681 565 ad
2735 513 2965 581 aliquem
3013 515 3356 593 colligata‘m.
3405 518 3598 574 lineam
3645 524 3852 592 generis

612 625 744 666 voca
778 624 907 664 vero
946 622 1064 678 quae
1106 621 1214 661 uno
1257 603 1474 679 nomine
1516 612 1674 667 sunt,
1702 610 1756 656 et
1784 617 1889 655 non
1920 609 2045 655 sunt
2080 600 2179 655 sub
2280 598 2604 669 duetumque
2644 602 2909 671 designet.
2952 604 3207 674 Sequitur
3246 622 3409 676 ergo,
3452 620 3504 662 et
3549 610 3599 663 id
3651 612 3850 678 planius

604 714 709 754 una
739 697 1048 754 deﬁnitione
1074 694 1384 751 substantia:
1403 730 1421 758 ,
1449 691 1703 761 quidquid
1749 691 2030 745 univocum
2058 700 2175 754 est,

607 802 663 845 ut
691 790 889 844 animal
919 801 1089 859 genus
1116 784 1182 839 ad
1210 799 1335 839 suas
1364 783 1574 853 species
1614 791 1732 850 est,
1762 784 1814 836 in
1856 782 1941 836 bis
1980 796 2175 851 genera

602 883 920 951 speciesque
962 884 1276 932 versantur:
1305 872 1560 943 quidquid
1605 874 1930 941 mquivocutn
1971 880 2091 936 est,
2122 878 2179 925 ut

602 974 770 1036 aries,
802 982 1030 1037 namque
1058 966 1209 1036 plura
1241 964 1546 1033 signiﬁcans
1578 962 1908 1031 azquivocurn
1935 970 2017 1015 est
2038 1000 2053 1028 ,
2081 960 2174 1014 sed

608 1079 711 1118 non
740 1069 986 1115 censetur
1012 1056 1418 1126 participatione
1460 1055 1670 1125 generis
1712 1064 1767 1109 et
1805 1054 2039 1123 speciei,
2070 1068 2173 1107 non

602 1165 680 1210 est
711 1154 762 1207 in
791 1152 868 1206 eis
897 1150 1017 1203 talis
1047 1146 1407 1216 participatio,
1424 1154 1482 1198 ut
1503 1145 1783 1213 speciebus
1811 1154 1862 1198 et
1892 1142 2175 1213 generibus

601 1241 1080 1306 censeantur..Qu:c
1099 1239 1239 1293 enim
1255 1238 1351 1291 erit
1378 1236 1429 1290 in
1455 1236 1537 1290 his
1558 1234 1765 1303 generis
1779 1234 2177 1303 specieiqueco-

596 1335 783 1405 gnitio,
799 1335 849 1388 in
868 1333 1057 1401 quibus
1075 1329 1385 1385 substantia:
1403 1327 1642 1382 deﬁnitio
1655 1336 1814 1395 atque
1831 1325 2171 1395 integerrima

601 1426 733 1480 ratio
752 1421 1124 1494 disgregatur?
1147 1421 1221 1475 lta
1243 1433 1371 1488 ergo
1389 1418 1719 1488 Porphyrius
1746 1430 1938 1470 nomen
1962 1413 2173 1485 generis

600 1521 651 1574 in
676 1529 783 1572 tres
802 1515 991 1570 dividit
1016 1513 1237 1579 formas,
1269 1510 1362 1566 sed
1386 1520 1443 1566 ut
1462 1512 1753 1579 mquivoca,
1781 1522 1887 1562 non
1909 1515 1968 1559 ut
1989 1504 2174 1559 univo-

597 1626 657 1665 ea
678 1651 691 1675 ,
740 1608 790 1663 id
823 1616 982 1663 estut
1021 1607 1103 1659 hae
1128 1602 1314 1659 format
1335 1616 1441 1656 uno
1470 1600 1683 1670 quidem
1718 1600 1927 1668 generis
1958 1596 2173 1650 nomine

597 1703 989 1765 contineantur,
1023 1698 1105 1753 sui
1138 1693 1314 1750 autem
1348 1693 1675 1762 proprietate
1713 1691 2014 1761 disgregata
2055 1686 2169 1742 dis-

598 1794 867 1849 sentiant:
900 1762 1083 1844 ethoc
1111 1786 1272 1841 modo
1314 1784 1441 1839 illud
1480 1784 1532 1837 in
1576 1791 1685 1836 tres
1721 1779 1911 1834 dividit
1948 1785 2164 1848 partes,
2197 1762 2242 1822 Β

599 1894 657 1940 ιιι
681 1884 821 1938 dicat
848 1879 1027 1935 vocari
1058 1878 1222 1934 semel
1253 1888 1419 1947 genus
1449 1890 1631 1929 eorum
1664 1872 1801 1926 inter
1827 1886 1887 1925 se
1918 1870 2169 1939 plurimo-

598 1987 823 2044 rumqne
849 1970 1094 2026 collectio
1115 2010 1129 2035 ,
1155 1968 1242 2037 qui
1274 1967 1341 2021 ab
1368 1980 1474 2019 uno
1500 1977 1817 2034 quocunque
1851 1975 2043 2015 nomen
2073 1975 2167 2029 ge-

599 2066 744 2123 neris
789 2063 1036 2129 trabuut,
1072 2069 1129 2115 ut
1168 2057 1395 2114 Romani
1433 2072 1462 2112 a
1502 2055 1728 2111 Romulo
1767 2053 2041 2108 trahentes
2078 2066 2170 2121 ge-

602 2172 704 2213 nus
724 2199 738 2223 ,
770 2171 833 2211 ex
866 2155 1050 2210 eodem
1083 2166 1280 2222 genere
1306 2164 1428 2205 esse
1456 2148 1724 2203 dicuntur.
1769 2144 2017 2201 Secundo
2041 2157 2170 2198 vero

600 2251 720 2305 loco
744 2246 849 2304 dici
877 2261 1044 2317 genus
1073 2244 1335 2308 afﬁrmat,
1366 2240 1785 2310 uniuscujusque
1814 2236 2170 2308 generationis

600 2340 918 2412 principium
939 2381 952 2405 ,
984 2350 1073 2393 aut
1104 2352 1130 2389 a
1162 2342 1451 2405 generante
1471 2373 1485 2398 ,
1519 2342 1609 2386 aut
1634 2346 1666 2385 a
1694 2331 1812 2385 loco
1837 2330 1890 2384 in
1921 2342 2026 2398 quo
2052 2326 2179 2396 quis

600 2438 813 2506 genitus
839 2445 955 2497 est,
988 2444 1043 2486 ut
1083 2431 1306 2487 [Encam
1350 2431 1415 2484 ab
1459 2428 1691 2483 Anchise
1730 2436 1782 2480 et
1824 2438 2018 2494 genere
2045 2422 2173 2476 diei-

599 2541 719 2581 mus
747 2540 866 2579 esse
895 2524 1203 2588 Trojanum.
1231 2520 1466 2574 Tertium
1495 2535 1621 2572 vero
1642 2534 1811 2586 genus
1831 2518 2022 2569 dicitur
2046 2512 2171 2568 illud

600 2616 686 2671 cui
727 2612 936 2683 species
978 2625 1056 2671 su.
1084 2608 1316 2677 ponitur.
1364 2608 1665 2659 Victorinus
1705 2621 1832 2658 vero
1874 2604 1978 2658 duo
2017 2618 2175 2669 supe-

602 2706 743 2762 riora
771 2717 965 2773 genera
999 2701 1051 2753 in
1084 2713 1247 2752 unum
1292 2695 1503 2763 redigit.
1547 2692 1678 2747 Nam
1724 2702 1777 2748 et
1822 2692 2175 2747 multitudinis

602 2790 999 2865 congruentiam
1049 2790 1189 2843 inter
1216 2802 1275 2841 se
1306 2800 1401 2855 per
1429 2784 1671 2840 eamdem
1716 2783 1930 2854 generis
1974 2796 2176 2836 nuncu-

603 2886 871 2959 pationem
895 2921 910 2946 ,
943 2889 997 2936 et
1026 2891 1482 2949 quorumcumque
1508 2889 1537 2930 a
1567 2888 1765 2945 genere
1795 2874 1991 2928 lineam
2022 2880 2074 2927 et
2100 2872 2177 2927 lo-

603 2993 723 3034 cum
754 2977 807 3031 in
834 2988 939 3046 quo
964 2971 1081 3042 quis
1121 2980 1276 3026 natus
1320 2978 1403 3024 est
1443 2982 1551 3023 uno
1590 2967 1802 3038 generis
1843 2965 2099 3022 vocabulo
2123 2971 2177 3019 et

604 3069 976 3140 designatione
1014 3079 1134 3120 esse
1159 3061 1416 3118 declarat.
1458 3061 1620 3115 Addit
1658 3069 1833 3116 autem
1878 3060 1991 3130 ipse
2032 3059 2171 3128 quod

603 3166 704 3221 soli
734 3164 935 3219 Latinae
964 3160 1160 3229 linguae
1185 3169 1484 3225 congruere
1513 3154 1720 3225 possit:
1751 3152 1886 3208 dicit
1913 3154 2053 3207 enim
2083 3150 2174 3208 se-

605 3259 779 3316 eundo
818 3255 977 3311 modo
1016 3266 1183 3324 genus
1211 3250 1355 3315 dici,
1385 3256 1443 3303 ut
1469 3256 1550 3302 est
1585 3261 1752 3316 genus
1796 3260 1971 3300 causa:
2011 3243 2179 3299 hone-

605 3358 744 3405 stum
767 3363 781 3398 :
808 3360 925 3414 qua:
955 3357 1151 3413 genera
1179 3352 1463 3396 causarum
1488 3334 1661 3392 Grreci
1692 3336 1741 3388 in
1773 3333 2035 3389 rhetorica
2063 3340 2177 3387 arte

605 3453 796 3509 genera
823 3450 942 3493 esse
968 3449 1071 3489 non
1102 3441 1322 3503 putant,
1354 3429 1449 3486 sed
1480 3434 1737 3501 σχήματα
1761 3435 1985 3491 vocant,
2015 3425 2067 3480 id
2099 3432 2180 3480 est

606 3532 820 3602 ﬁguras.
848 3527 1057 3583 Genera
1079 3534 1257 3581 autem
1279 3524 1392 3579 sola
1416 3521 1726 3594 principalia
1750 3517 2021 3581 accipiunt
2041 3561 2055 3585 ,
2080 3518 2177 3572 de-

607 3625 1041 3687 monstrativum,
1072 3618 1479 3677 deliberativum
1509 3625 1563 3671 et
1597 3612 1870 3684 judiciale.
1898 3611 2026 3678 Qua:
2066 3610 2179 3680 ipsa

608 3714 712 3775 εἴδη
742 3712 1038 3769 rhetorices
1066 3718 1294 3776 vocant,
1321 3709 1373 3763 id
1405 3715 1486 3762 est
1516 3706 1723 3775 species
1752 3702 2067 3767 rhetoricae,
2099 3715 2182 3771 ge-

608 3820 734 3863 nera
764 3818 893 3859 vero
916 3816 1195 3857 causarum
1228 3813 1326 3852 nos
1362 3798 1610 3853 dicimus.
1640 3796 1879 3851 Tertium
1923 3786 2182 3861 veroge-

611 3912 712 3951 uus
737 3904 820 3950 est
849 3892 899 3948 id
930 3891 1070 3963 quod
1112 3888 1440 3958 Porphyrius
1479 3887 1665 3955 ponit,
1714 3884 1765 3939 id
1814 3893 1895 3940 est
1934 3883 2032 3939 sub
2076 3898 2182 3953 quo

610 3985 923 4043 differentiis
952 3982 1250 4037 distributae
1272 3976 1481 4047 species
1506 3982 1894 4045 supponuntur.
1924 3974 2026 4029 Sed
2052 3989 2183 4042 quo-

613 4082 758 4136 niam
783 4078 852 4133 de
883 4075 1039 4132 tertio
1069 4087 1263 4143 genere
1288 4077 1611 4125 tI‘BCl‘llUﬂlS
1637 4075 1721 4122 est
1740 4106 1752 4128 .
1786 4064 2039 4121 Victorini
2073 4063 2184 4118 cul-

613 4186 755 4241 pam,
787 4169 892 4235 vel,
924 4168 967 4220 si
1000 4169 1070 4219 ita
1097 4162 1374 4228 contingit,
1407 4158 1832 4215 emendationem
1861 4156 1995 4223 aequi
2029 4154 2184 4208 boni-

612 4274 715 4331 que
742 4257 1022 4311 faciamus.
1070 4253 1219 4307 Nunc
1249 4265 1375 4321 ergo
1416 4249 1481 4304 ad
1512 4249 1744 4318 priorem
1787 4246 1925 4315 apud
1956 4243 2186 4297 Victori-

616 4364 744 4404 num
772 4346 987 4418 generis
1017 4341 1458 4411 signiﬁcationetn
1500 4346 1853 4399 revertamur,
1894 4343 1948 4388 et
1987 4333 2101 4401 ejus
2130 4341 2186 4385 ut

612 4445 739 4491 sunt
754 4436 915 4489 verba
937 4430 1214 4488 enodanda
1236 4439 1393 4499 atque
1412 4424 1743 4496 explananda
1764 4437 2059 4478 sumamus.
2084 4420 2187 4475 Ge-

614 4539 712 4580 nus
729 4537 979 4593 namque,
996 4520 1182 4589 inquit,
1204 4517 1395 4571 dicitur
1420 4513 1768 4584 quorumdam
1791 4511 1855 4565 ad
1879 4525 1936 4566 se
1965 4510 2188 4565 invicem

615 4623 669 4669 et
695 4613 760 4668 ad
788 4612 1018 4682 aliquem
1050 4605 1445 4679 quodammolo
1472 4620 1530 4659 se
1570 4602 1880 4657 habentium
1912 4601 2185 4677 collectio.

616 4703 711 4758 Hic
739 4717 867 4771 ergo
896 4710 1178 4768 utrumque
1207 4696 1551 4763 monstravit,
1577 4703 1631 4749 et
1653 4695 2027 4764 cognationem
2054 4694 2191 4749 inter

615 4807 673 4847 se
703 4788 1056 4844 multitudinis
1087 4795 1140 4842 et
1170 4786 1325 4841 linea:
1355 4787 1589 4840 ductum.
1623 4785 1754 4840 Nam
1784 4800 1904 4840 cum
1936 4783 2065 4840 dicit
2101 4800 2193 4855 ge-

618 4895 716 4934 nus
754 4876 1106 4948 quorumdam
1149 4875 1520 4929 collectionem
1564 4873 1629 4927 ad
1672 4888 1730 4928 se
1779 4874 2009 4927 invicem
2054 4888 2193 4941 quo-

618 4964 902 5022 dammodo
928 4962 1235 5018 habentium
1258 5003 1273 5028 ,
1303 4960 1355 5016 id
1385 4970 1467 5016 est
1495 4962 1669 5032 aliqua
1712 4961 1850 5015 inter
1891 4976 1949 5015 se
1991 4976 2192 5030 cognao

622 5059 762 5113 tione
784 5055 1089 5124 iunctorum
1108 5092 1125 5120 ,
1148 5052 1493 5123 cognationes
1527 5060 1787 5106 monstrat
1812 5068 1825 5104 :
1854 5060 1907 5105 et
1933 5051 2074 5121 quod
2099 5052 2193 5106 ad-

622 5150 790 5212 didit,
815 5157 869 5202 et
889 5146 953 5202 ad
976 5144 1206 5216 aliquem
1229 5186 1243 5211 ,
1267 5144 1480 5214 generis
1505 5144 1697 5199 lineam
1720 5143 2009 5213 signiﬁcat,
2036 5160 2194 5214 quam

622 5237 815 5307 singuli
852 5236 1261 5305 contingentes,
1299 5240 1355 5289 et
1382 5234 1449 5287 ad
1483 5249 1643 5288 unum
1675 5248 1794 5289 sese
1823 5235 1989 5304 ipsius
2030 5250 2193 5305 gene-

624 5333 846 5387 rationis
871 5331 1225 5402 applicatione
1264 5328 1550 5398 jungentes
1572 5368 1588 5394 ,
1622 5329 1799 5396 plures
1830 5344 1893 5384 ex
1921 5330 2105 5384 eadem
2136 5330 2200 5383 li-

626 5438 723 5478 nea
752 5423 919 5490 juncti
948 5431 1106 5493 atque
1126 5422 1336 5490 cognati
1364 5427 1517 5485 sunt,
1542 5427 1598 5473 ut
1622 5419 1691 5473 sit
1714 5418 1800 5473 hic
1823 5420 1955 5475 ordo
1978 5437 1992 5474 :
2016 5421 2198 5477 Genus

625 5515 816 5569 dicitur
846 5513 1200 5584 quorumdam
1229 5511 1477 5567 collectio
1501 5509 1567 5566 ad
1594 5525 1652 5565 se
1682 5509 1908 5565 invicem
1942 5511 2200 5581 quodam-

631 5605 794 5659 modo
823 5613 879 5658 et
904 5602 969 5656 ad
1006 5603 1237 5672 aliquem
1268 5602 1614 5667 habentium,
1657 5600 1707 5657 id
1746 5608 1831 5657 est
1869 5601 1934 5655 ad
1978 5602 2201 5671 alicujus

630 5692 823 5751 lineam
858 5708 949 5762 per
979 5706 1148 5760 genus
1169 5693 1611 5763 contingentium,
1631 5701 1688 5747 ut
1715 5707 1807 5762 per
1830 5691 2200 5749 collectionem

2200 3112 2247 3177 C

2280 690 2617 761 lucidiusque
2643 692 2941 762 signiﬁcat,
2974 710 3092 749 cum
3124 696 3249 750 dicit
3276 715 3287 748 :
3324 697 3522 751 Dicitur
3550 714 3732 752 rursus
3759 715 3852 766 ge-

2277 797 2379 837 nus
2407 783 2771 853 cujuscunque
2798 786 3159 854 generationis
3188 787 3527 857 principium,
3553 799 3643 840 aut
3690 804 3718 841 a
3760 804 3851 857 ge-

2277 883 2521 937 nerante,
2539 884 2626 927 aut
2649 875 2716 928 ab
2745 890 2808 929 eo
2828 876 2944 929 loco
2968 877 3020 929 in
3047 891 3153 945 quo
3180 876 3538 946 quisrgeuitus
3565 888 3666 931 est.
3690 878 3743 931 ιιι
3775 878 3849 947 ip-

2277 977 2394 1017 sum
2428 964 2588 1018 latius
2617 965 2832 1033 expedit
2860 965 3001 1034 quod
3033 966 3280 1034 superius
3306 967 3416 1020 stri.
3438 977 3491 1019 tu
3517 978 3570 1021 et
3598 976 3850 1021 sentuosu

2276 1053 2555 1108 brevitatis
2582 1055 2797 1110 vinculo
2826 1056 2929 1110 c‘oll
2955 1066 3194 1124 gaverat.
3223 1057 3359 1110 Dicit
3386 1058 3527 1111 enim
3556 1072 3739 1111 rursus
3759 1072 3853 1127 ge-

2274 1160 2375 1199 nus
2402 1146 2507 1199 dici
2528 1187 2543 1212 ,
2572 1155 2665 1200 aut
2694 1162 2720 1199 a
2754 1148 3099 1215 generatione
3119 1191 3134 1215 ,
3169 1147 3220 1202 id
3251 1158 3332 1202 est
3358 1163 3387 1201 a
3414 1163 3518 1216 quo
3553 1150 3670 1217 quis
3699 1151 3853 1218 geni-

2278 1245 2363 1291 tus
2388 1244 2504 1303 est,
2541 1246 2633 1291 aut
2672 1239 2740 1291 ab
2778 1252 2842 1291 eo
2884 1238 3002 1292 loco
3050 1238 3102 1292 in
3131 1254 3237 1306 quo
3266 1239 3384 1308 quis
3422 1248 3576 1293 natus
3605 1248 3709 1295 est.
3742 1239 3846 1295 Sed

2276 1341 2463 1383 rursus
2490 1328 2749 1398 particula
2768 1368 2782 1391 ,
2806 1330 2850 1382 si
2878 1329 2942 1382 ad
2975 1328 3075 1382 hoc
3097 1337 3463 1392 connectatur,
3491 1328 3630 1397 quod
3656 1330 3729 1382 ait
3757 1339 3847 1382 aut

2274 1419 2342 1472 ab
2370 1433 2436 1474 eo
2465 1419 2517 1473 in
2550 1434 2656 1488 quo
2688 1418 2811 1488 quis
2839 1419 3051 1486 genitus
3089 1430 3167 1474 est
3189 1460 3205 1487 ,
3243 1420 3543 1475 intellectus
3580 1434 3684 1473 non
3723 1419 3846 1473 titu-

2274 1509 2397 1571 bat,
2430 1520 2487 1562 ut
2516 1510 2586 1565 sit
2617 1510 2775 1564 ordo.
2807 1509 3011 1563 Dicitur
3048 1524 3218 1579 genus
3259 1509 3672 1579 uniuscujusque
3709 1511 3846 1564 nati-

2273 1599 2459 1654 vitatis
2488 1600 2811 1668 principium
2836 1640 2850 1664 ,
2885 1610 2977 1654 ant
3010 1615 3038 1653 a
3069 1608 3387 1669 generante,
3429 1609 3520 1654 aut
3557 1613 3741 1655 rursus
3776 1601 3847 1651 ab

2271 1705 2336 1745 eo
2365 1691 2486 1744 loco
2521 1692 2571 1744 in
2599 1705 2703 1759 quo
2733 1692 2850 1759 quis
2881 1690 3089 1759 genitus
3116 1699 3231 1755 est,
3261 1690 3343 1743 vel
3387 1701 3531 1744 certe
3574 1692 3678 1744 erit
3717 1690 3845 1745 sim-

2271 1780 2466 1849 plicior
2494 1780 2788 1849 expositio,
2812 1781 2858 1832 si
2890 1780 3115 1847 priorem
3143 1780 3355 1848 generis
3379 1780 3843 1848 signiﬁcationem,

2271 1871 2323 1925 id
2356 1879 2443 1924 est
2480 1870 2833 1939 quorumdam
2864 1869 2929 1924 ad
2956 1868 3187 1938 aliquem
3228 1868 3616 1939 quodammodo
3655 1883 3714 1924 se
3752 1870 3844 1922 Ita.

2270 1963 2509 2018 bentium
2541 1962 2880 2016 colfationem
2906 2003 2920 2028 ,
2949 1962 3015 2016 ad
3053 1962 3218 2016 solius
3255 1963 3621 2031 cognationem
3665 1962 3845 2015 multi-

2271 2055 2469 2110 tudinis
2499 2055 2827 2124 accipiamus
2859 2072 2871 2106 :
2911 2054 3065 2109 linem
3093 2068 3220 2108 vero
3267 2053 3480 2107 ductum
3525 2062 3577 2106 et
3609 2053 3711 2105 loci
3752 2065 3845 2118 ge-

2271 2148 2602 2204 nerationem
2646 2147 2701 2201 in
2747 2146 2983 2202 inferiori
3022 2144 3409 2216 signiﬁcatione
3447 2143 3726 2207 distribui,
3773 2144 3842 2196 ita

2273 2249 2448 2293 tamen
2476 2247 2533 2293 ut
2556 2254 2660 2292 una
2691 2237 3085 2307 quodammodo
3109 2236 3317 2305 generis
3342 2233 3727 2303 signiﬁcatione
3745 2271 3761 2298 ,
3793 2239 3845 2284 et

2273 2326 2632 2382 multitudinis
2658 2327 3032 2397 cognationem
3056 2366 3071 2391 ,
3096 2334 3148 2380 et
3170 2339 3196 2378 a
3221 2333 3508 2394 generante
3536 2323 3729 2376 lineam
3752 2361 3767 2386 ,
3792 2332 3847 2375 et

2272 2418 2374 2472 loci
2414 2418 2746 2471 nativitatem
2788 2417 3072 2484 signiticet.
3105 2415 3229 2469 llaec
3257 2416 3398 2469 enim
3430 2414 3604 2467 omnia
3637 2413 3704 2468 de
3732 2415 3843 2468 sola

2272 2510 2560 2579 cujuslibet
2590 2508 2953 2563 nominatione
2982 2514 3293 2561 tractantur.
3324 2507 3499 2572 Quare
3527 2520 3630 2558 non
3658 2505 3848 2558 absur-

2275 2603 2402 2658 dum
2447 2611 2529 2654 est
2567 2600 2748 2654 omnia
2795 2612 2915 2668 quae
2944 2597 3008 2652 ad
3040 2608 3220 2651 ortum
3253 2595 3535 2666 genitalem
3565 2594 3848 2664 cujuslibet

2280 2706 2312 2759 p
2334 2691 2585 2744 -rtineant
2614 2704 2717 2743 una
2745 2687 3138 2756 signiﬁcatione
3168 2685 3381 2755 generis
3409 2684 3690 2739 contineri.
3717 2683 3847 2736 Pro-

2279 2782 2396 2850 prie
2422 2792 2596 2834 tamen
2622 2789 2673 2833 et
2702 2778 3117 2847 simplicissima:
3140 2776 3489 2845 expositionis
3515 2784 3596 2827 est
3622 2782 3848 2843 quatuor

2276 2872 2692 2941 signiﬁcationes
2740 2870 2955 2941 generis
2994 2869 3336 2924 constituisse
3377 2867 3743 2931 Victorinum,
3791 2876 3846 2921 ut

2279 2962 2342 3016 ad
2369 2972 2476 3016 tres
2507 2961 2784 3031 Porphyrii
2815 2974 2973 3014 unam
3004 2960 3118 3028 ipse
3146 2957 3451 3021 addiderit,
3480 2968 3530 3010 et
3565 2956 3846 3009 honestum

2281 3070 2453 3123 genus
2482 3067 2691 3117 causas,
2724 3059 2780 3105 ut
2808 3052 2915 3105 sint
2940 3048 3153 3118 generis
3197 3046 3279 3102 ba‘.
3321 3053 3549 3116 quatuor
3585 3043 3847 3114 signiﬁca-

2285 3146 2455 3198 tiones
2476 3185 2490 3207 ,
2523 3141 2878 3196 multitudinis
2905 3140 3187 3209 cognat'o,
3218 3139 3373 3193 lineae
3411 3135 3603 3191 ductus
3623 3175 3636 3200 ,
3681 3147 3850 3204 genus

2281 3250 2456 3290 causa:
2477 3277 2491 3299 ,
2524 3249 2692 3304 genus
2738 3212 3063 3301 specierum:
3106 3228 3360 3299 Sequitur
3385 3222 3851 3296 secunda'generis

2281 3324 2471 3379 d.visio
2510 3321 2647 3392 apud
2678 3322 3039 3386 Victorinum,
3087 3326 3147 3373 ut
3185 3325 3269 3373 est
3308 3331 3476 3387 genus
3520 3330 3694 3370 causa;
3733 3327 3851 3383 quae

2281 3415 2453 3471 Graeci
2483 3413 2576 3484 (ut
2603 3413 2803 3468 dictum
2836 3410 2951 3480 est)
2979 3425 3083 3464 non
3112 3422 3307 3479 genera
3346 3407 3439 3462 sed
3483 3414 3733 3477 σχήματα
3758 3419 3853 3458 νο⁴

2198 3514 2201 3519 ’
2281 3514 2425 3559 cant.
2455 3502 2648 3558 Tertia:
2677 3516 2807 3556 vero
2849 3498 3250 3570 signiﬁcationis
3287 3496 3500 3567 generis
3540 3496 3625 3550 hic
3667 3493 3854 3547 modus

2282 3606 2398 3660 est,
2428 3610 2595 3666 genus
2625 3594 2729 3648 diei
2759 3594 2844 3647 cui
2880 3593 3199 3661 supponitur
3236 3590 3472 3659 species,
3502 3588 3551 3642 id
3582 3597 3662 3643 est
3690 3599 3854 3657 genus

2287 3689 2418 3744 illud
2452 3703 2480 3741 a
2508 3702 2613 3757 quo
2642 3687 2851 3755 species
2878 3684 3210 3748 derivantur,
3243 3680 3386 3750 quod
3418 3682 3489 3733 ait
3520 3679 3585 3733 ad
3616 3682 3856 3743 superio-

2284 3796 2401 3836 rum
2454 3778 2684 3832 fortasse
2723 3774 3127 3830 similitudinem
3174 3772 3587 3840 arquitatemque
3613 3768 3856 3836 disposi-

2287 3883 2418 3925 tum.
2450 3869 2715 3925 Sic’enim
2745 3881 2915 3937 genus
2943 3864 3222 3934 speciebus
3251 3861 3363 3916 suis
3391 3859 3707 3929 principium
3738 3865 3820 3911 est
3842 3897 3857 3921 ,

2285 3970 2342 4015 ut
2374 3959 2632 4014 Romulus
2663 3958 2746 4011 his
2772 3956 2859 4025 qui
2888 3954 2955 4008 ab
2981 3969 3046 4008 eo
3073 3953 3281 4023 cognati
3312 3960 3435 4005 sunt
3459 3949 3732 4018 junctique
3763 3946 3858 3998 Ro~

2288 4052 2455 4106 mani.
2502 4050 2632 4105 ltem
2674 4047 2863 4102 eodem
2907 4043 3067 4099 modo
3105 4057 3297 4095 nomen
3343 4040 3554 4093 Romuli
3593 4038 3859 4090 Romanos

2288 4157 2476 4197 omnes
2504 4141 2773 4201 continet,
2799 4133 3244 4205 quemadmodum
3271 4130 3487 4184 nomine
3510 4127 3721 4197 generis
3748 4140 3860 4193 spc-

2287 4233 2399 4287 cies
2439 4233 2802 4285 continentur.
2847 4225 2977 4279 Nam
3022 4224 3162 4277 sicut
3196 4236 3223 4275 a
3262 4218 3506 4273 Dardano
3547 4215 3861 4271 Dardanida:

2291 4324 2482 4393 prioris
2511 4336 2705 4375 nomen
2737 4316 2968 4373 Dardani
3000 4316 3052 4370 in
3088 4329 3209 4369 sese
3247 4313 3392 4382 ipsos
3423 4309 3746 4380 posteriores
3775 4322 3862 4361 ac-

2292 4416 2532 4483 cipiunt:
2564 4415 2634 4466 ita
2674 4426 2729 4467 et
2766 4410 2995 4475 animal,
3025 4423 3183 4472 cum,
3226 4406 3373 4460 verbi
3412 4404 3616 4474 grat'a,
3659 4400 3863 4469 species

2296 4506 2489 4561 habeat
2520 4485 2790 4557 hominem
2818 4509 2978 4567 atque
3014 4513 3239 4568 equum,
3275 4510 3445 4564 equus
3470 4494 3674 4547 scilicet
3708 4502 3865 4561 atque

2297 4599 2457 4653 homo
2489 4596 2738 4649 animalis
2767 4593 2818 4647 in
2848 4607 2906 4645 se
2937 4590 3252 4644 vocabulum
3285 4601 3479 4655 capere
3499 4626 3513 4651 ,
3541 4593 3599 4638 ut
3625 4584 3866 4638 dicantur

2294 4687 2409 4758 ipsa
2437 4686 2705 4749 animalia,
2730 4698 2833 4737 non
2860 4688 3127 4735 recusant.
3156 4678 3354 4732 Eodem
3387 4677 3545 4746 igitur
3572 4675 3728 4729 modo
3754 4688 3865 4742 spe-

2295 4778 2404 4833 cies
2435 4778 2535 4831 sub
2564 4774 2855 4845 generibus
2895 4773 3257 4836 continentur,
3290 4767 3733 4836 quemadmodum
3773 4779 3865 4818 co-

2296 4868 2442 4937 gnati
2471 4867 2716 4923 homines
2742 4864 2840 4917 sub
2863 4862 2953 4915 illo
2976 4878 3005 4915 a
3033 4876 3134 4928 quo
3157 4860 3299 4913 illam
3330 4858 3700 4926 cognationem
3734 4854 3868 4906 forte

2301 4965 2601 5012 traxerunt.
2651 4953 2781 5008 Nam
2824 4962 2877 5006 et
2907 4966 3072 5022 genus
3102 4948 3381 5019 speciebus
3408 4945 3722 5017 principium
3752 4950 3864 5004 est,

2299 5058 2350 5103 et
2379 5047 2725 5118 plurimarum
2756 5044 2807 5098 in
2834 5058 2893 5097 se
2920 5043 3217 5110 specierum
3243 5037 3576 5093 collectivum
3606 5040 3705 5085 est.
3734 5030 3867 5082 Itur.

2299 5155 2390 5195 sus
2423 5139 2652 5208 primum
2701 5134 3034 5205 cognationis
3066 5145 3260 5187 nomen
3291 5138 3342 5182 et
3374 5126 3537 5194 ip~ius
3565 5120 3868 5191 gentratio-

2301 5234 2387 5287 nis
2416 5240 2501 5286 est
2531 5229 2849 5300 principium
2872 5267 2885 5290 ,
2918 5234 2973 5283 et
3012 5226 3066 5279 in
3104 5224 3242 5277 illius
3281 5219 3450 5275 solius
3490 5211 3746 5267 vocabulo
3791 5211 3871 5266 di-

2303 5321 2530 5378 versitas
2559 5320 2834 5375 hominum
2866 5313 3109 5372 vocabuli
3137 5320 3191 5367 et
3216 5309 3429 5381 generis
3470 5304 3871 5375 participatione
3896 5328 3901 5332 ι

2303 5414 2585 5483 colligitur,
2619 5423 2777 5481 atque
2804 5410 2905 5464 hoc
2930 5413 3013 5462 est
3040 5403 3177 5474 quod
3217 5400 3292 5455 ait
3324 5400 3407 5453 his
3445 5396 3624 5453 verbis
3652 5413 3665 5449 :
3701 5395 3873 5451 Aliter

2304 5506 2496 5562 dicitur
2524 5520 2691 5575 genus
2722 5504 2807 5557 cui
2835 5505 3205 5569 supponuntur
3231 5492 3438 5561 species
3460 5533 3473 5553 ,
3503 5492 3650 5561 juxta
3679 5487 3872 5544 simili-

2306 5600 2541 5655 tudinem
2575 5599 2711 5653 forte
2736 5594 3067 5664 superiorum
3094 5588 3417 5657 appellatum
3446 5604 3457 5639 :
3487 5585 3684 5641 etenim
3734 5596 3873 5645 prm-

2308 5691 2503 5762 cipium
2535 5687 2799 5760 quoddam
2828 5693 2909 5739 est
2938 5695 3106 5753 genus
3130 5679 3213 5735 bis
3232 5692 3349 5750 quae
3377 5676 3475 5733 sub
3498 5677 3613 5746 ipso
3640 5680 3760 5726 sunt
3783 5709 3797 5735 ,
3823 5678 3871 5725 et
