4244 6254
297 274 359 331 ,5
1454 265 1520 320 1N
1562 262 2001 321 PORPIIYRIUM
2043 262 2381 321 DIALOGUS
2419 267 2459 322 l.
3095 235 3103 239 ’
3485 278 3554 335 se

297 390 512 443 videtur
552 384 943 441 multitudinem
969 381 1248 435 continere
1272 380 1508 434 omnium
1540 393 1657 446 qua:
1687 376 1786 431 sub
1815 391 1873 430 se
1899 376 1950 436 Δ
1977 375 2219 429 ordinem
2248 377 2457 442 omnia,
2489 386 2543 429 ut
2577 378 2626 430 id
2674 380 2813 448 quod
2849 381 3061 450 eligitur
3088 390 3142 436 et
3187 383 3422 452 rejicitur
3449 388 3552 443 dis.

296 487 441 533 sunt.
477 476 583 532 Sed
616 477 918 531 cautissime
944 483 1026 527 est
1052 472 1289 525 additum
1310 512 1324 536 ,
1357 471 1582 524 videtur.
1626 468 1683 522 Si
1726 468 1869 522 enim

293 568 424 622 nihil
482 568 599 621 base
650 567 823 619 omnia
888 564 1186 627 distarent,
1248 576 1350 614 una
1406 560 1726 630 significatio
1780 572 1872 627 ge-

294 657 441 710 neris
489 664 664 718 esset,
722 665 773 709 et
810 668 873 708 ea
915 668 1037 723 quae
1078 654 1130 706 in
1199 653 1407 722 species
1474 650 1738 711 funditur,
1818 656 1872 702 et

296 760 354 800 ea
385 762 506 815 quae
547 746 596 798 in
624 744 939 813 cognatione
969 741 1244 796 dividitur.
1302 741 1407 796 Sed
1450 749 1535 794 est
1576 740 1713 793 inter
1757 736 1871 791 hmc

297 849 489 903 genera
529 834 641 887 talis
679 832 999 896 diversitas,
1039 840 1093 885 et
1121 830 1260 899 quod
1289 844 1482 900 genera
1525 826 1707 882 carum
1749 842 1872 896 spe-

298 928 527 989 iierum,
567 939 687 992 qua:
722 923 821 976 sub
869 937 928 975 se
976 922 1174 975 habent
1216 921 1346 974 alias
1385 920 1625 989 species,
1676 933 1872 987 aequa:-

298 1017 375 1068 vis
442 1013 723 1082 speciebus
788 1014 1064 1083 :eqnaliter
1123 1022 1247 1067 sunt
1305 1026 1522 1081 genera.
1586 1009 1868 1063 Hominem

295 1105 431 1157 enim
475 1113 529 1156 et
569 1118 801 1171 equum,
867 1102 958 1171 qui
999 1101 1098 1156 sub
1155 1100 1376 1154 animali
1420 1107 1578 1162 sunt,
1622 1104 1867 1150 neutrum

293 1201 486 1244 neutro
527 1204 811 1258 possumus
858 1189 1041 1243 dicere
1090 1189 1275 1257 prius,
1330 1194 1586 1257 quantum
1635 1185 1872 1253 pertinet

292 1280 360 1332 ad
391 1290 623 1347 tempus,
673 1278 1175 1347 inchoationemque
1200 1278 1479 1333 nascendi.
1533 1276 1662 1330 Nam
1694 1276 1737 1329 si
1769 1289 1870 1343 qua

293 1386 385 1424 res
411 1386 513 1426 una
543 1370 614 1424 sit
644 1371 816 1439 prior,
847 1372 1010 1424 altera
1043 1372 1327 1438 posterior,
1354 1380 1405 1424 et
1446 1385 1539 1425 eas
1569 1368 1670 1422 sub
1702 1368 1875 1421 unius-

292 1461 556 1527 cujusque
608 1460 822 1528 generis
877 1461 1093 1512 nomine
1139 1459 1258 1527 quis
1309 1458 1439 1512 velit
1491 1467 1708 1526 aptare,
1770 1468 1873 1508 non

290 1551 518 1619 poterit.
560 1551 745 1604 Genus
775 1549 917 1603 enim
948 1551 1228 1619 speciebus
1266 1550 1379 1603 suis
1417 1549 1687 1617 mqualiter
1712 1562 1877 1616 genus

294 1650 405 1694 est.
460 1639 611 1706 Quod
639 1642 684 1692 si
727 1638 1208 1706 genusspeciebns
1246 1639 1358 1691 suis
1396 1638 1670 1705 aequaliter
1709 1651 1874 1706 genus

1974 464 2262 534 tinguatur.
2294 466 2400 522 Sed
2433 466 2519 519 illa
2551 483 2671 536 qua:
2715 470 3007 537 rejicienda
3038 482 3193 543 atque
3224 478 3553 544 explodenda

1972 563 2098 608 sunt
2140 556 2288 623 prius
2336 555 2613 611 dicuntur.
2658 556 2789 611 Illud
2823 574 2950 613 vero
2992 564 3132 630 quod
3185 564 3551 624 disserendum

1973 648 2411 716 tractandumque
2442 646 2649 717 capitur
2697 650 2963 717 posterius
3006 656 3332 719 nominatur,
3367 666 3422 710 ut
3468 660 3553 712 hic

1972 736 2057 792 illa
2102 741 2367 807 posterior
2403 742 2613 808 generis
2659 741 2980 809 significatio
3027 744 3196 810 posita
3239 760 3351 814 εει,
3396 762 3552 816 quam

1971 830 2339 885 disserendam
2384 840 2700 897 accepturus
2745 832 2889 898 prius
2930 822 3315 898 definiendam,
3354 848 3408 891 et
3443 848 3553 892 tcr-

1974 923 2117 976 mino
2139 922 2366 991 quodam
2396 922 2937 976 circumscribendam
2966 923 3552 995 demonstrandamque

1971 1012 2229 1077 suscepit.
2275 1011 2458 1065 Omnis
2488 1012 2629 1066 enim
2662 1027 2747 1067 res
2778 1013 2878 1067 nisi
2921 1013 3061 1083 quod
3096 1015 3241 1083 prius
3284 1016 3387 1077 sit,
3428 1032 3550 1071 con-

1971 1101 2196 1165 stiterit,
2246 1100 2362 1169 ejus
2418 1110 2674 1155 tractatus
2731 1117 2929 1155 vacuus
2980 1103 3139 1156 modo
3173 1103 3551 1171 speculationis

1972 1189 2272 1244 habebitur.
2306 1190 2500 1244 Definit
2530 1191 2689 1259 igitur
2713 1207 2880 1261 genus
2906 1192 3013 1246 sic:
3045 1192 3222 1247 Genus
3245 1209 3386 1260 esse,
3410 1194 3551 1263 quod

1969 1282 2035 1335 ad
2077 1282 2257 1350 plures
2300 1282 2624 1338 differentias
2670 1287 2851 1353 specie
2900 1286 3159 1341 distantes
3199 1288 3256 1340 in
3305 1303 3370 1341 eo
3411 1288 3551 1357 quod

1971 1371 2099 1439 quid
2126 1372 2193 1424 sit
2224 1371 2570 1439 pratdicatur,
2595 1374 2741 1427 velut
2768 1373 2993 1438 animal,
3015 1390 3134 1442 quae
3155 1375 3405 1429 diffinitio
3432 1376 3551 1431 talis

1972 1470 2089 1514 est:
2119 1462 2306 1515 Omnia
2346 1478 2465 1531 qua
2506 1463 2732 1529 distant,
2777 1462 2974 1517 habent
3014 1463 3149 1517 inter
3180 1479 3238 1518 se
3266 1465 3550 1533 quamdam

1973 1548 2326 1605 differentiam
2371 1551 2485 1621 qua'
2513 1555 2712 1607 distare
2741 1562 2796 1607 et
2826 1554 3044 1607 differre
3074 1554 3341 1617 videntur.
3380 1554 3550 1609 f’orro

1976 1652 2151 1695 autem
2178 1642 2221 1695 si
2251 1643 2390 1712 quod
2418 1644 2486 1697 sit
2513 1660 2698 1714 genus,
2731 1654 2786 1699 et
2823 1645 2921 1699 sub
2944 1660 3009 1699 eo
3038 1648 3247 1714 species
3277 1660 3547 1714 suppona-

293 1739 409 1793 est,
442 1730 653 1799 species
678 1729 809 1797 ipsae
835 1728 949 1795 ejus
980 1728 1184 1781 ordinis
1223 1727 1365 1781 inter
1403 1740 1464 1782 se
1502 1728 1691 1795 aequali
1733 1735 1870 1781 tem-
1901 1724 1947 1782 B
1977 1739 2083 1797 tur,
2112 1731 2242 1785 duas
2278 1733 2362 1787 vel
2408 1734 2590 1803 plures
2636 1748 2857 1788 necesse
2900 1745 2981 1789 est
3026 1736 3232 1803 species
3281 1736 3401 1803 poni
3450 1737 3549 1790 sub

293 1835 424 1891 pore
452 1830 683 1888 ortuque
708 1827 1016 1873 censentur.
1058 1818 1127 1871 At
1168 1832 1296 1871 vero
1333 1817 1386 1871 in
1424 1817 1711 1886 generibus
1749 1832 1867 1885 quae

296 1912 642 1980 cognationes
669 1907 905 1963 efficiunt
938 1924 1043 1961 non
1071 1910 1140 1962 ita
1170 1917 1273 1962 est.
1317 1907 1568 1977 Quisquis
1598 1906 1738 1961 enim
1770 1904 1870 1961 fuit

296 2002 456 2071 Capis
483 2011 656 2071 pater,
688 2002 774 2071 qui
805 2001 1036 2069 Capuam
1085 1999 1355 2067 condidit,
1388 1999 1433 2053 si
1479 1998 1653 2053 solum
1702 1997 1868 2050 filium

300 2091 489 2161 Capim
534 2092 845 2161 progenuit,
891 2100 943 2144 et
986 2091 1053 2144 ab
1092 2104 1157 2145 co
1200 2104 1308 2144 uno
1363 2088 1736 2158 Capuanorum
1780 2101 1872 2141 co-

296 2186 481 2255 gnatio
534 2184 845 2253 junctioque
901 2183 1170 2247 manavit,
1212 2168 1373 2237 distat
1403 2196 1431 2235 a
1478 2194 1678 2250 genere
1720 2183 1871 2247 cujus

296 2274 505 2342 species
533 2281 929 2342 supponuntur,
957 2272 1099 2342 quod
1130 2287 1300 2341 genus
1342 2272 1431 2325 uni
1468 2271 1665 2340 speciei
1704 2284 1872 2339 genus

298 2378 422 2419 esse
449 2379 734 2432 numquam
766 2373 937 2431 potest
978 2363 1080 2417 nisi
1120 2363 1396 2431 pluribus,
1437 2361 1577 2431 quod
1620 2360 1871 2430 quoniam

299 2463 385 2509 est
415 2453 664 2508 idoneum
695 2469 863 2523 genus
891 2453 1017 2508 illud
1039 2494 1053 2519 ,
1097 2453 1149 2506 id
1190 2463 1272 2507 est
1314 2453 1636 2521 principium
1680 2466 1875 2520 cogna-

297 2545 503 2598 tionum
525 2546 688 2599 etiam
713 2544 780 2598 ab
802 2559 907 2598 uno
938 2543 1048 2597 filio
1076 2543 1327 2612 colligere
1354 2553 1407 2596 et
1432 2558 1757 2612 congregare
1782 2557 1875 2596 co-

300 2636 652 2705 gnationem,
684 2635 822 2704 quod
850 2650 1017 2705 genus
1058 2650 1152 2703 per
1194 2637 1398 2705 species
1437 2634 1653 2689 ductmn
1700 2636 1874 2689 facere

297 2742 405 2781 non
436 2734 651 2795 potest,
684 2727 785 2780 nisi
831 2727 1007 2795 plures
1050 2727 1258 2796 species
1296 2736 1683 2795 supponantur.
1729 2727 1873 2781 Con-

298 2825 403 2871 stat
428 2816 484 2870 in
516 2815 620 2870 hoc
645 2817 844 2870 distare
870 2830 1037 2884 genus
1066 2818 1203 2884 quod
1234 2816 1605 2883 cognationem
1636 2815 1870 2884 colligit,

301 2919 350 2963 ct
377 2923 407 2962 a
436 2922 544 2977 quo
573 2910 781 2977 species
814 2908 1143 2964 dividuntur.
1181 2908 1362 2962 Potest
1390 2918 1567 2962 autem
1594 2909 1792 2963 diSIare
1821 2910 1873 2963 in

301 2998 403 3053 hoc
428 3000 586 3053 etiam
620 2999 762 3069 quod
792 3014 979 3069 genus,
1012 3000 1063 3053 id
1093 3010 1175 3055 est
1198 3000 1513 3069 principium
1544 3001 1874 3069 cognationis

1968 1822 2183 1891 genere,
2216 1825 2463 1892 quoniam
2507 1825 2665 1880 unius
2704 1826 2901 1891 Speciei
2945 1840 3112 1894 genus
3151 1841 3270 1881 esse
3308 1842 3411 1880 non
3456 1842 3548 1896 po-

1972 1921 2093 1967 test.
2140 1912 2245 1968 Sed
2290 1914 2335 1967 si
2380 1915 2620 1982 plurimm
2650 1916 2857 1984 Species
2888 1925 3074 1981 erunt,
3104 1916 3274 1985 aliqua
3325 1931 3547 1971 necesse

1970 2013 2052 2058 est
2100 2004 2395 2058 differentia
2449 2005 2770 2071 dividantur,
2812 2008 2968 2061 aliter
3010 2007 3151 2061 enim
3203 2008 3379 2076 plures
3429 2021 3549 2061 esse

1972 2108 2076 2148 non
2108 2105 2349 2163 possunt.
2377 2096 2506 2149 Nam
2550 2096 2596 2149 si
2627 2097 2758 2150 nihil
2789 2097 3018 2161 distent,
3052 2112 3154 2150 non
3184 2106 3342 2151 erunt
3370 2097 3549 2164 plures

1972 2184 2193 2251 species,
2226 2195 2280 2240 et
2310 2200 2501 2241 nomen
2531 2188 2741 2254 generis
2783 2188 2939 2254 perit.
2987 2186 3206 2240 Constat
3257 2187 3413 2254 igitur
3454 2200 3548 2238 eas

1971 2276 2071 2330 sub
2097 2291 2293 2344 genere
2322 2278 2442 2343 poni
2484 2277 2711 2344 species,
2738 2292 2855 2345 qua:
2900 2276 3213 2330 differentiis
3245 2276 3550 2331 distributa:

1974 2366 2154 2434 plures
2190 2380 2413 2419 numero
2460 2365 2696 2433 ipsarum
2740 2365 3160 2420 differe.uiarum
3194 2365 3549 2420 divisionibus

1973 2468 2378 2526 componantur.
2413 2457 2570 2526 Ergo,
2601 2457 2850 2526 quoniam
2873 2458 3116 2526 superius
3144 2456 3342 2511 dictum
3372 2465 3455 2511 est
3494 2457 3548 2513 il

1980 2548 2224 2601 omnibus
2247 2548 2643 2601 definitionibus
2678 2563 2706 2600 a
2738 2562 2937 2617 genere
2965 2547 3291 2601 definitionis
3333 2548 3548 2601 trahen-

1973 2640 2099 2693 dum
2144 2654 2264 2694 esse
2307 2640 2657 2708 principium,
2702 2641 2744 2691 si
2781 2654 2939 2706 quam
2983 2639 3267 2707 cujuslibet
3310 2640 3543 2705 speciem

1973 2731 2194 2785 definire
2221 2731 2477 2795 volueris,
2506 2745 2672 2798 genus
2698 2730 2868 2797 primo
2892 2732 3194 2783 necessario
3223 2729 3547 2798 nominabis,

1974 2830 2027 2875 et
2065 2820 2128 2873 ad
2174 2821 2315 2873 illam
2359 2821 2591 2885 speciem
2639 2832 2797 2885 quam
2838 2816 3063 2881 definis,
3103 2819 3314 2885 generis
3354 2834 3549 2875 nomen

1976 2915 2123 2982 prius
2148 2911 2375 2981 aptabis.
2426 2910 2493 2964 Et
2524 2909 2623 2963 hoc
2655 2909 2796 2962 illam
2829 2908 3190 2976 principaliter
3229 2909 3365 2963 dicis
3407 2924 3549 2974 esse,

1977 3003 2117 3074 quod
2143 3012 2225 3057 est
2253 3001 2379 3055 illud
2418 3014 2584 3071 genus
2610 2999 2710 3054 sub
2737 3015 2841 3067 quo
2870 2998 2980 3064 ipsa
3028 2999 3234 3065 Species
3274 3013 3429 3066 quam
3458 2999 3551 3052 de.

300 3098 474 3157 potest
502 3089 705 3156 habere
729 3090 830 3144 sub
856 3105 915 3144 se
945 3090 1078 3145 duos
1102 3131 1116 3154 ,
1156 3106 1219 3145 ex
1262 3106 1321 3145 se
1360 3106 1466 3144 non
1507 3091 1700 3159 aquali
1742 3099 1873 3145 tent-
1902 3071 1948 3134 (ἶ
1980 3071 2099 3147 finis
2131 3100 2213 3147 est
2242 3090 2434 3161 posita.
2475 3089 2602 3144 Post
2643 3096 2819 3142 autem
2862 3088 3178 3142 differentiis
3219 3080 3552 3156 prepriisqne

299 3180 445 3248 poris
486 3178 793 3234 conditione
834 3181 1178 3250 progenitos,
1218 3182 1313 3236 sed
1354 3181 1515 3236 alium
1563 3184 1876 3251 posterioris

299 3279 449 3323 ortus
472 3310 487 3334 ,
515 3268 674 3322 alium
702 3284 828 3324 vero
853 3269 1083 3325 senioris
1105 3312 1120 3336 ,
1147 3271 1287 3340 quod
1318 3270 1370 3324 in
1398 3270 1687 3340 generibus
1706 3311 1721 3336 ,
1755 3287 1875 3341 spe-

301 3360 593 3430 ciebusque
638 3376 742 3415 non
788 3362 1061 3415 convenit.
1109 3361 1238 3416 Nam
1281 3366 1373 3434 (ut
1399 3363 1649 3433 superius
1676 3364 1873 3420 dictum

299 3450 422 3519 est)
451 3452 660 3519 species
703 3451 804 3505 nisi
844 3452 944 3506 sibi
993 3452 1227 3521 mqttales
1267 3452 1464 3508 fuerint
1502 3468 1608 3507 non
1647 3457 1871 3520 merito,

300 3542 395 3596 sed
428 3554 615 3597 natura
637 3536 783 3609 ,‘sub
808 3560 1003 3615 genere
1031 3546 1154 3615 poni
1188 3561 1292 3599 non
1322 3555 1560 3616 possunt.
1595 3546 1688 3602 His
1716 3548 1878 3617 igitur

300 3637 569 3706 expeditis
598 3636 839 3707 sequitur

364 3730 540 3783 Toties
581 3731 738 3800 igitur
764 3731 826 3783 de
872 3746 1047 3800 genere
1075 3730 1233 3795 dicto,
1266 3731 1329 3783 de
1360 3740 1620 3799 postrema
1665 3729 1868 3799 signiﬁ-

299 3820 503 3872 catione
551 3821 682 3872 inter
728 3821 1053 3889 pftifosOpItos
1096 3822 1374 3891 disputatio
1414 3830 1521 3884 est,
1557 3820 1693 3887 quod
1741 3822 1873 3887 de/i-

299 3908 499 3959 nientes
546 3909 619 3960 ita
667 3908 968 3960 declarant:
998 3909 1161 3962 Genus
1201 3926 1310 3963 esse
1337 3909 1473 3977 quod
1521 3910 1590 3962 ad
1629 3910 1877 3979 plurimas

300 3995 618 4063 di/I'erentias
654 3998 819 4068 specie
854 3998 1093 4053 distantes
1130 4002 1183 4054 in
1225 4016 1283 4054 eo
1310 4000 1445 4067 quod
1474 4000 1599 4069 quid
1629 4001 1718 4066 sit,
1747 4016 1878 4069 prte-

300 4086 517 4141 dicetur.

372 4179 525 4246 Quod
568 4177 698 4233 dicit
737 4180 918 4243 toties,
950 4180 1108 4233 tertio
1134 4178 1502 4234 demonstrare
1535 4180 1681 4247 vult,
1714 4188 1879 4248 atque

301 4273 405 4329 hoc
435 4281 652 4343 propter
682 4270 910 4324 lucidam
935 4272 1111 4338 operis
1135 4271 1325 4324 seriem
1354 4270 1641 4323 admissum
1672 4280 1876 4335 est,.ut,

305 4367 552 4436 quoniam
582 4378 751 4433 genus
796 4363 1140 4431 plurimorum
1183 4378 1377 4416 nomen
1408 4372 1517 4427 est,
1558 4365 1735 4418 omnis
1763 4365 1877 4432 ejus

1979 3203 2095 3243 eam
2138 3187 2203 3240 ab
2250 3186 2366 3240 aliis
2414 3184 2907 3253 circumscriptione
2953 3183 3179 3253 quadam
3225 3184 3552 3239 definitionis

1977 3277 2240 3331 excludis.
2266 3275 2397 3330 Nam
2429 3276 2473 3330 si
2503 3275 2637 3329 dicis
2660 3275 2855 3329 animal
2880 3289 2998 3329 esse
3027 3274 3328 3339 hominem,
3358 3276 3554 3329 animal

1978 3381 2146 3437 genus
2172 3375 2284 3431 est,
2315 3366 2522 3434 species
2553 3381 2680 3421 vero
2712 3365 2892 3419 homo.
2932 3366 3133 3419 Nomen
3168 3366 3325 3435 igitur
3351 3366 3554 3419 anima-

1977 3455 2062 3519 lis,
2107 3455 2159 3509 id
2188 3466 2268 3510 est
2305 3456 2517 3525 generis
2547 3456 2613 3510 de
2662 3456 2901 3519 homine,
2944 3454 2993 3508 id
3034 3463 3117 3508 cst
3154 3456 3333 3523 specie
3364 3455 3554 3523 prredi-

1976 3548 2139 3613 casti,
2173 3564 2292 3603 cum
2338 3548 2539 3603 dixeris
2583 3548 2855 3601 hominem
2906 3561 3025 3601 esse
3067 3547 3285 3600 animal.
3317 3546 3466 3613 Quod
3510 3548 3555 3599 si

1977 3654 2169 3693 nomen
2200 3639 2408 3707 generis
2439 3639 2491 3692 in
2511 3638 2905 3692 definitionibus
2944 3638 3007 3690 ad
3039 3653 3195 3691 unam
3220 3638 3449 3707 Speciem
3475 3638 3556 3690 di-

1976 3743 2100 3783 cere
2129 3744 2332 3798 posses,
2362 3729 2429 3783 de
2459 3744 2520 3783 ea
2561 3744 2750 3782 nomen
2791 3728 3001 3797 generis
3040 3728 3358 3796 prmdicares
3384 3743 3398 3780 :
3430 3742 3557 3796 5pc-

1978 3822 2087 3874 cies
2124 3830 2299 3874 autem
2330 3830 2384 3874 ut
2417 3836 2521 3874 non
2562 3819 2750 3887 aequali
2780 3819 2938 3871 modo
2969 3819 3256 3884 generibus
3285 3819 3397 3871 suis
3435 3832 3557 3885 spe-

1979 3911 2088 3964 cies
2115 3912 2253 3975 sint,
2278 3910 2407 3964 nihil
2439 3918 2611 3974 vetat,
2638 3910 2744 3961 imo
2783 3910 2941 3962 etiam
2976 3924 3197 3961 necesse
3235 3918 3318 3961 cst
3346 3922 3557 3975 semper

1980 4015 2308 4070 qumcunque
2336 4008 2456 4053 sunt
2481 4014 2675 4067 genera
2701 3999 2765 4051 de
2786 4000 2882 4049 sibi
2906 3998 3160 4066 subjectis
3183 3998 3466 4064 speciebus
3503 3997 3559 4051 in

1980 4092 2409 4155 definitionibus,
2449 4091 2531 4144 vel
2577 4090 2628 4143 in
2675 4089 3002 4159 quibuslibet
3051 4087 3557 4157 interrogationibus

1982 4183 2284 4253 przedicari.
2306 4182 2421 4237 Sed
2439 4181 2689 4251 quoniam
2723 4179 3040 4249 praedicatur
3068 4195 3238 4248 genus
3260 4180 3326 4234 de
3357 4179 3560 4247 specie~

1982 4274 2101 4333 bus.
2141 4272 2408 4344 quomodo
2441 4271 2757 4341 praedicatur
2786 4273 3183 4338 agnoscendum
3216 4278 3319 4324 est.
3350 4270 3481 4323 Nam
3516 4270 3560 4325 si

1984 4367 2178 4421 dixeris
2223 4365 2350 4435 quid
2380 4374 2462 4419 est
2493 4365 2673 4429 homo,
2706 4374 2758 4418 et
2787 4363 2981 4432 aliquis
3026 4361 3398 4431 responderit,
3441 4360 3561 4413 ani-

306 4426 532 4527 primum
576 4453 898 4527 significatio
938 4453 1227 4519 diceretur,
1262 4464 1317 4506 ut
1348 4455 1414 4508 de
1458 4470 1557 4522 qua
1598 4454 1878 4523 d‘sputan-
1910 4426 1958 4486 θ
1988 4460 2124 4525 mal,
2154 4426 2290 4510 bene
2319 4463 2373 4507 et
2412 4455 2616 4522 integre
2657 4454 2998 4521 respondisse
3039 4452 3268 4516 videtur,
3298 4459 3350 4505 et
3391 4458 3560 4503 certe.

307 4522 430 4597 dum
481 4522 645 4608 esset,
677 4524 1057 4610 aliisrejcctis,
1107 4545 1413 4612 eligeretur.
1459 4545 1608 4609 Quod
1654 4522 1727 4599 ait
1780 4546 1879 4601 hoc

308 4634 487 4697 modo,
529 4648 651 4686 cum
682 4633 866 4695 toties.
905 4634 956 4685 id
987 4644 1067 4687 cst
1113 4634 1270 4687 tertio
1298 4649 1463 4702 genus
1493 4635 1698 4689 dicatur
1738 4637 1878 4705 apud

312 4721 655 4790 j-hi1050phos
681 4723 827 4775 unde
872 4722 987 4789 ipse
1029 4729 1346 4776 tractaturus
1381 4733 1462 4777 est
1502 4726 1569 4780 de
1610 4737 1879 4794 postrema

310 4817 525 4883 generis
566 4813 948 4882 significatione
976 4828 1131 4881 quam
1162 4812 1328 4877 dixit,
1361 4815 1411 4867 id
1454 4824 1535 4869 est
1575 4816 1639 4870 de
1670 4817 1760 4871 illo
1788 4833 1878 4886 ge-

308 4919 437 4958 uere
459 4904 601 4973 quod
628 4903 725 4957 sub
750 4918 810 4958 se
834 4904 1040 4972 species
1072 4905 1229 4958 habet
1257 4905 1543 4975 disputatio
1570 4908 1875 4963 considera-

308 4998 489 5065 tioque
519 4996 765 5049 vertitur.
792 4996 861 5049 At
883 5011 1007 5049 vero
1033 4996 1100 5050 de
1122 4997 1483 5065 superioribus
1504 5000 1804 5068 generibus,
1824 4999 1877 5053 id

308 5099 386 5141 est
411 5089 477 5142 de
503 5087 824 5157 cognatione
851 5098 902 5142 et
925 5072 1044 5143 loco
1073 5089 1126 5143 in
1153 5105 1260 5159 quo
1279 5092 1396 5160 quis
1422 5094 1633 5159 genitus
1650 5102 1732 5147 est
1751 5134 1764 5160 ,
1789 5102 1881 5147 aut

306 5179 691 5233 historicorum
712 5221 727 5244 ,
757 5189 848 5232 aut
876 5191 1148 5248 poetarum
1177 5186 1505 5253 exspectatio
1534 5196 1638 5251 est,
1662 5186 1883 5241 secundi

308 5285 441 5323 vero
474 5271 682 5338 generis
721 5271 1024 5335 rhetorum,
1059 5274 1200 5328 tertii
1231 5274 1667 5342 philosophorum
1709 5277 1886 5330 consi-

305 5361 528 5417 deratio
555 5371 653 5414 est.
683 5363 852 5417 Etiam
902 5364 986 5418 hic
1029 5365 1082 5418 in
1128 5365 1578 5433 disputationibus
1615 5366 1747 5419 ordo
1776 5378 1887 5432 est,

305 5452 455 5523 quod
490 5466 616 5506 cum
648 5452 930 5508 inciderint
961 5470 1049 5511 res
1076 5472 1193 5525 quae
1226 5456 1407 5509 multis
1439 5455 1643 5522 possint
1664 5457 1897 5511 nomini-

307 5545 409 5599 bus
444 5546 772 5611 nnncupari,
797 5554 850 5599 et
876 5546 941 5601 de
965 5561 1072 5601 uno
1093 5562 1407 5615 quocunque
1430 5561 1612 5601 eorum
1635 5544 1895 5603 vocabulo

308 5636 533 5691 tractari
585 5634 881 5704 disserique
929 5650 1151 5690 necesse
1200 5635 1300 5703 sit,
1347 5635 1612 5691 ducuntur
1659 5635 1804 5706 prius
1844 5636 1897 5692 in

1986 4549 2116 4603 Nam
2154 4562 2273 4600 cum
2306 4555 2360 4599 tu
2404 4545 2528 4613 quid
2566 4544 2630 4597 sit
2664 4545 2822 4596 homo
2853 4541 3289 4609 interrogaveris,
3334 4540 3422 4591 ille
3473 4552 3560 4590 re-

1986 4639 2199 4708 sponJit
2229 4635 2454 4695 animal,
2498 4647 2661 4701 genus
2704 4632 2909 4683 scilicet
2940 4630 3007 4682 de
3030 4628 3207 4694 specie
3238 4628 3290 4679 in
3322 4639 3386 4679 eo
3417 4624 3559 4694 quod

1986 4726 2112 4796 quid
2143 4727 2211 4778 sit
2246 4722 2453 4791 species
2484 4720 2817 4788 przndicatur.
2851 4717 2982 4771 Nam
3022 4726 3076 4769 tu
3107 4716 3231 4786 quid
3260 4722 3404 4769 esset
3445 4730 3565 4783 spe-

1987 4815 2099 4870 cies
2125 4811 2463 4881 interrogasti
2491 4828 2502 4861 :
2540 4809 2625 4862 ille
2654 4824 2779 4861 vero
2810 4811 2859 4861 in
2901 4824 2965 4862 eo
2996 4808 3135 4877 quod
3167 4806 3290 4876 quid
3327 4806 3396 4861 sit
3442 4822 3567 4874 spe-

1985 4907 2095 4962 cies
2139 4906 2206 4960 de
2255 4918 2356 4974 qua
2406 4900 2781 4969 interrogasti,
2832 4900 3076 4953 animalis
3124 4914 3349 4965 nomen,
3392 4899 3439 4951 id
3490 4914 3571 4961 es;

1986 5013 2153 5069 genus
2174 4994 2614 5051 accommodavit.
2643 4993 2800 5045 Plena
2827 4991 2987 5058 igitur
3009 5001 3060 5045 et
3084 4993 3299 5061 pmpria
3325 4990 3573 5043 definitio

1990 5091 2125 5145 facta
2153 5098 2235 5144 est
2278 5088 2512 5157 generis,
2546 5085 2646 5138 hoc
2680 5100 2800 5137 esse
2829 5099 3018 5153 genus,
3046 5084 3185 5153 quod
3213 5083 3278 5135 ad
3311 5081 3565 5148 plurimas

1990 5179 2315 5234 differentias
2341 5176 2519 5245 specie
2550 5174 2808 5239 distantes
2840 5174 2891 5225 in
2922 5188 2985 5226 eo
3016 5172 3155 5240 quod
3200 5170 3326 5237 quid
3371 5167 3438 5218 sit
3481 5180 3573 5232 ap-

1998 5271 2244 5339 pellatur,
2289 5277 2347 5321 ut
2405 5267 2597 5319 animal
2646 5284 2657 5316 :
2705 5263 2902 5317 animal
2952 5261 3092 5315 cnim
3142 5259 3208 5311 ad
3262 5258 3616 5331 homincm,_

1998 5377 2193 5432 equum
2213 5403 2226 5425 ,
2259 5362 2446 5414 bovem
2468 5402 2481 5423 ,
2507 5372 2725 5411 corvum
2744 5396 2758 5422 ,
2784 5366 3008 5420 anguem
3026 5391 3039 5413 ,
3066 5358 3119 5402 et
3144 5348 3245 5402 alia
3277 5348 3423 5418 plura
3455 5364 3575 5417 qua:

2002 5452 2319 5506 differentiis
2364 5448 2752 5515 specii-hosque
2798 5439 3079 5507 differunt,
3108 5440 3160 5493 in
3192 5454 3256 5494 eo
3282 5440 3421 5510 quod
3453 5440 3576 5508 quid

2005 5543 2074 5598 sit
2100 5542 2425 5611 appellatur.
2453 5538 2555 5591 Sed
2586 5547 2761 5587 utrum
2798 5533 2873 5585 sic
2904 5531 3033 5586 dixit
3078 5547 3246 5603 genus
3272 5547 3411 5597 esse,
3437 5533 3579 5602 quod

2013 5633 2080 5687 ad
2120 5631 2373 5700 plurimas
2401 5626 2605 5695 species
2647 5622 2943 5679 differentia
2974 5624 3229 5680 distantes
3256 5624 3307 5680 in
3339 5638 3403 5681 eo
3442 5628 3591 5697 quod
