4244 6254
622 351 691 407 27
1858 341 1969 395 ΑΝ.
2010 336 2197 394 ΜΑΝι

2289 337 2412 393 iEV.
2456 333 2677 393 ΒΟΈΊΊΙ
3166 330 3171 331 ί
3806 348 3870 385 -5

624 444 749 532 quid
778 461 852 519 sit
876 447 1212 529 praedicetur,
1243 470 1309 510 an
1337 456 1414 510 sic
1441 453 1573 508 dixit
1598 464 1766 522 genus
1788 463 1931 517 esse,
1955 448 2095 518 quod
2125 447 2191 501 ad
2220 449 2275 509 Α
2298 448 2546 516 quoniam
2580 460 2630 502 ct
2663 450 2713 501 iu
2748 449 2913 518 magis
2952 448 3263 517 generibus,
3295 460 3348 504 et
3380 451 3428 505 in
3461 452 3627 522 magis
3664 453 3867 521 specie-

626 553 880 619 plurimas
916 565 1083 619 genus
1132 546 1460 602 diﬁ‘ercntias
1500 545 1678 613 Specie
1720 542 1979 596 distantes
2026 541 2077 594 in
2126 554 2191 594 eo

625 641 764 709 quod
793 639 918 707 quid
960 639 1029 691 sit
1070 637 1408 706 prmdieetur,
1454 634 1581 688 nihil
1632 634 1871 687 interest.
1916 630 2045 684 Nam
2084 628 2194 682 sive

624 729 936 783 dill‘erentiae
976 728 1155 796 specie
1197 727 1425 791 distent,
1471 727 1584 779 sive
1631 724 1840 793 Species
1884 720 2194 776 differentiis

626 819 851 884 distent,
886 828 1167 886 utrumque
1207 816 1344 869 idem
1375 824 1479 869 est.
1520 814 1648 868 Nam
1682 815 1795 866 sive
1842 812 2101 866 rationale
2141 817 2195 864 et

626 909 930 963 irrationale
974 924 1090 977 quae
1138 915 1263 960 sunt
1312 906 1657 971 diﬁ'erentite,
1704 904 1883 972 specie
1932 900 2191 963 hominis,

624 998 771 1051 verbi
802 996 999 1064 gratia,
1042 1004 1201 1064 atque
1239 995 1361 1064 equi
1401 994 1630 1060 distent,
1660 993 1772 1047 sive
1801 992 2005 1059 species
2033 989 2194 1042 homo

626 1095 784 1154 atque
828 1099 995 1153 equus
1042 1085 1340 1139 dilTerentia
1394 1082 1640 1137 rationali
1690 1090 1848 1149 atque
1894 1076 2193 1133 irrationali

628 1172 935 1229 dividantur
974 1180 1028 1226 et
1073 1172 1302 1237 distent,
1351 1172 1477 1225 nihil
1526 1172 1767 1224 interest.
1814 1169 1989 1235 Quare
2038 1168 2194 1234 plena

626 1260 965 1330 perfectaque
988 1261 1121 1315 facta
1146 1271 1226 1315 est
1252 1262 1461 1330 generis
1482 1259 1699 1313 divisio.
1724 1257 1828 1312 Sed
1858 1257 2195 1312 deﬁnitiones

624 1350 921 1417 duplicibus
952 1351 1123 1405 modis
1164 1352 1332 1405 ﬁunt:
1365 1366 1465 1403 una
1497 1349 1635 1403 enim
1662 1348 1903 1402 deﬁnitio
1931 1356 2041 1412 est,
2074 1359 2197 1414 qua:

627 1442 781 1510 (sicut
823 1442 1022 1495 dictum
1065 1444 1170 1511 est)
1206 1456 1235 1494 a
1278 1456 1473 1509 genere
1520 1440 1767 1495 trahitur.
1795 1439 1899 1494 Sed
1942 1439 2192 1507 quoniam

618 1540 747 1586 sunt
769 1534 1009 1602 quaedam
1032 1549 1222 1601 genera
1246 1535 1435 1602 magis,
1458 1547 1577 1602 qua:
1594 1548 1754 1600 super
1776 1546 1833 1584 se
1859 1546 2027 1600 genus
2047 1529 2193 1583 aliud

627 1622 823 1677 habere
869 1638 972 1677 non
1014 1633 1258 1692 possunt,
1292 1633 1350 1677 ut
1379 1631 1504 1677 sunt
1552 1622 1963 1691 przedicamenta
2008 1622 2194 1675 decem

626 1731 743 1784 qua:
769 1717 1076 1769 Aristoteles
1105 1716 1404 1780 constituit;
1428 1730 1610 1770 eorum
1640 1714 1797 1783 igitur
1818 1714 2054 1768 deﬁnitio
2075 1729 2194 1783 qum

2288 536 2412 601 bus,
2447 548 2495 591 et
2536 539 2586 590 in
2638 538 2957 605 subalternis
3002 541 3307 607 generibus,
3356 553 3406 595 et
3445 544 3496 595 in
3547 544 3868 600 subalternis

2294 618 2575 695 speciebus
2618 644 2717 681 una
2764 640 2921 698 atque
2955 631 3140 684 eadem
3167 640 3279 696 est,
3308 642 3360 685 et
3392 634 3548 700 hujus
3588 636 3866 702 participa-

2296 717 2457 770 tionis
2508 720 2729 772 iuven'ri
2762 736 2930 788 genus
2961 736 3062 774 non
3105 729 3332 789 poterat,
3368 722 3479 777 haec
3508 724 3749 779 deﬁnitio
3779 742 3868 793 ge-

2297 807 2440 860 neris
2481 824 2599 875 qum
2648 811 2779 863 facta
2825 820 2933 877 εει,
2982 826 3087 865 non
3120 826 3147 863 a
3196 828 3390 880 genere
3422 822 3585 867 tracta
3617 826 3729 882 est,
3773 819 3865 871 sed

2294 896 2642 966 subscriptiva
2698 900 2847 953 ratio-
2873 910 2926 954 et
2972 900 3389 956 demonstrativa
3436 914 3492 957 et
3538 905 3866 975 designativa

2294 989 2686 1054 quodammodo
2712 991 2925 1058 generis
2962 1000 3047 1045 est
3088 992 3312 1046 reddita.
3348 994 3441 1047 Hic
3472 994 3704 1051 Fabius:
3737 998 3871 1051 Sub-

2298 1079 2478 1144 tiliter,
2512 1082 2801 1147 mehercle,
2839 1093 2889 1136 et
2917 1084 3056 1152 quod
3083 1100 3349 1153 nunquam
3378 1086 3489 1140 fere
3518 1089 3741 1142 antehac
3780 1103 3871 1141 au-

2295 1168 2544 1237 divimus,
2571 1172 2665 1226 sed
2708 1188 2887 1241 perge,
2926 1188 3107 1241 quaeso
3142 1183 3213 1227 te.
3244 1174 3359 1228 Jam
3389 1180 3527 1229 en’m
3559 1189 3763 1232 certant
3789 1179 3867 1233 si-

2296 1263 2423 1316 dera
2444 1264 2926 1332 quodammodo,et
2958 1281 3060 1319 nox
3086 1266 3203 1319 luce
3233 1276 3532 1335 superatur.
3562 1267 3707 1323 Tunc
3734 1284 3861 1338 ego:

2295 1351 2547 1421 Sequitur
2574 1370 2749 1407 rerum
2780 1355 3015 1408 omnium
3049 1357 3212 1423 prima
3244 1355 3525 1425 brevisque
3552 1356 3761 1413 divisio.
3792 1359 3865 1413 Ita

2297 1445 2437 1498 enim
2460 1446 2570 1499 ait:

2368 1533 2560 1587 Eorum
2588 1552 2700 1604 φατε
2726 1537 2984 1599 dicuntur,
3008 1538 3113 1590 alia
3135 1538 3201 1589 ad
3229 1538 3587 1606 proprietatem
3609 1540 3869 1605 dicuntur,

2297 1624 2422 1675 sicut
2449 1635 2564 1676 sunt
2605 1626 2774 1677 omnia
2818 1627 3109 1691 individua,
3143 1637 3196 1679 ut
3222 1637 3295 1679 est
3325 1628 3582 1694 Socrates,
3614 1640 3658 1682 et
3700 1629 3793 1681 hoc
3824 1640 3870 1683 et

2295 1712 2443 1763 illud.
2471 1713 2587 1764 Alia
2617 1729 2728 1779 quae
2752 1714 2817 1765 ad
2851 1715 3257 1779 multitudinem,
3290 1725 3342 1767 ut
3369 1726 3486 1768 sunt
3514 1733 3726 1784 genera,
3758 1735 3870 1786 spe-

630 1805 809 1859 haberi
854 1814 1059 1872 potest,
1088 1820 1314 1874 quorum
1353 1820 1519 1875 genus
1569 1804 1792 1858 inveniri
1839 1819 1943 1857 non
1986 1814 2189 1872 potest,
2221 1802 2268 1862 B
2296 1802 2414 1867 cies,
2456 1814 2504 1855 et
2546 1803 2877 1870 differentiis,
2923 1815 2970 1857 et
3020 1809 3260 1875 prapria,
3299 1815 3347 1858 et
3391 1808 3692 1863 actidentia.
3741 1807 3871 1862 Haec

626 1892 765 1960 quod
813 1896 1049 1948 omnium
1094 1910 1423 1963 qumcunque
1472 1904 1595 1948 ευιιι
1644 1898 1756 1964 ipsa
1802 1904 1928 1949 sunt
1974 1910 2188 1964 genera.

628 1982 825 2035 [lorum
864 1998 992 2053 ergo
1029 1999 1164 2053 quos
1195 1983 1365 2038 Graaci
1408 1987 1728 2058 ίπογραφοῦς
1768 1986 1941 2056 λόγους
1971 1984 2194 2051 dicunt,

628 2072 797 2127 Latini
826 2074 1202 2144 subscriptivas
1232 2075 1464 2129 rationes
1495 2076 1669 2129 dicere
1712 2083 1959 2144 possunt,
2005 2074 2195 2129 redde-

628 2176 766 2215 mus.
806 2161 1186 2231 Subscriptivze
1225 2173 1400 2218 autem
1429 2165 1675 2225 rationes
1706 2173 1829 2218 sunt
1856 2165 2194 2219 demonstra-

628 2256 749 2307 tiva:
781 2262 837 2307 et
882 2255 1276 2323 quodammodo
1324 2256 1642 2323 insignitivze
1673 2257 2009 2324 preprietatis
2053 2256 2197 2310 illius

627 2342 733 2408 rei,
762 2358 1042 2412 quaecum
1088 2346 1197 2411 ipsa
1227 2345 1626 2413 generalissima
1660 2346 1758 2410 sit,
1789 2354 1841 2399 et
1881 2359 2046 2414 genus
2079 2345 2196 2414 ejus

628 2432 827 2485 nullum
860 2434 1079 2505 reperiri
1110 2435 1304 2503 possit,
1347 2450 1462 2487 eam
1492 2445 1666 2489 tamen
1710 2435 1933 2489 deﬁnire
1978 2449 2197 2490 necesse

631 2531 710 2573 est
737 2538 749 2570 :
779 2530 830 2572 et
857 2522 1192 2585 Aristoteles,
1232 2524 1477 2589 quoniam
1520 2524 1868 2576 substantiam
1913 2539 2082 2590 genus
2109 2540 2199 2593 ge-

628 2612 1017 2664 neralissimum
1044 2611 1267 2664 delinire
1298 2609 1502 2663 Volebat
1527 2651 1540 2672 ,
1569 2621 1620 2661 et
1649 2612 1765 2676 ejus
1799 2612 1999 2663 nullum
2029 2627 2198 2678 genus

629 2707 835 2772 poterat
860 2702 1118 2763 invenire,
1151 2700 1526 2769 pmprietatem
1557 2699 1836 2767 quamdam
1877 2706 1933 2752 et
1976 2697 2198 2751 demon-

629 2793 941 2845 strationem
991 2791 1547 2858 subscriptionemque
1597 2790 1759 2856 ipsius
1789 2787 1865 2842 rei
1912 2788 2040 2842 dicit
2077 2803 2197 2843 esse

629 2883 946 2950 subjectum.
990 2882 1293 2937 Substantia
1337 2882 1477 2936 enim
1525 2866 1773 2934 omnibus
1813 2879 2049 2948 subjecta
2090 2889 2191 2935 est.

634 2975 892 3029 Accidens
922 2975 1062 3030 en’m
1087 2972 1223 3042 quod
1257 2973 1308 3026 in
1342 2986 1532 3026 novem
1555 2972 1743 3024 dividit
1772 2981 1967 3040 partes,
2002 2980 2198 3040 praeter

629 3065 978 3120 substantiam
1010 3080 1130 3119 esse
1154 3079 1255 3117 non
1290 3072 1494 3131 potest,
1517 3071 1676 3131 atque
1707 3062 1828 3116 ideo
1850 3066 2026 3116 omnia
2051 3079 2195 3132 qum-

2295 1895 2432 1947 enim
2453 1896 2779 1948 communiter
2802 1913 2900 1949 non
2928 1896 3080 1950 unius
3105 1897 3326 1965 propria:
3344 1899 3703 1967 appellationis
3727 1910 3869 1953 sunt.

2298 1983 2390 2038 Est
2416 1988 2549 2039 en'm
2573 2003 2730 2056 genus
2758 1997 2811 2039 ut
2838 1988 3031 2040 animal
3046 2026 3060 2050 ,
3085 1992 3272 2056 species
3302 1998 3355 2040 ut
3388 1990 3558 2052 homo,
3583 1988 3870 2055 (li/ferentia
3910 1994 3911 1997 “

2294 2086 2348 2130 ut
2378 2079 2647 2144 rationale,
2677 2080 2939 2150 praprium
2979 2089 3031 2132 ut
3070 2081 3285 2147 risibile,
3315 2081 3548 2133 accidens
3580 2090 3632 2132 ut
3663 2081 3869 2147 album,

2295 2167 2487 2220 sedere.
2527 2168 2599 2220 Ab
2641 2169 2719 2221 Itis
2745 2170 3036 2237 igitur'qua:
3065 2170 3134 2221 ad
3165 2172 3406 2222 unitatem
3439 2170 3669 2223 dicuntur
3701 2168 3870 2237 (li/fert

2295 2272 2483 2326 genus,
2529 2257 2665 2325 quod
2703 2274 2863 2326 genus
2892 2268 2966 2310 est
3005 2258 3139 2325 quod
3170 2262 3233 2311 de
3275 2258 3505 2327 pluribus
3540 2258 3863 2326 prtedicatur.

2368 2345 2548 2398 Brevis
2578 2345 2654 2416 (ut
2686 2360 2846 2414 supra
2883 2344 3085 2400 dictum
3129 2346 3234 2416 εει)
3283 2356 3337 2400 et
3376 2347 3621 2402 distincta
3651 2347 3865 2401 divisio.

2300 2432 2481 2487 Omnis
2502 2436 2639 2488 enim
2672 2450 2781 2500 res,
2808 2448 2897 2490 aut
2929 2438 3083 2490 unius
3113 2440 3187 2492 rei
3216 2453 3406 2493 nomen
3441 2448 3549 2507 est,
3582 2447 3673 2492 aut
3701 2438 3867 2507 pluri-

2300 2536 2527 2588 marum,
2554 2534 2607 2577 et
2635 2525 2735 2578 hoc
2751 2526 2991 2593 estquod
3010 2527 3118 2578 ait:
3148 2527 3339 2579 Eorum
3360 2543 3474 2593 qua:
3494 2522 3740 2580 dicuntur
3764 2528 3869 2581 alia

2300 2614 2364 2665 ad
2396 2615 2650 2667 unitatem
2698 2615 2968 2681 dicuntur,
3015 2616 3153 2670 sicut
3183 2624 3305 2670 sunt
3352 2617 3528 2671 omnia
3580 2617 3871 2671 individua.

2299 2701 2433 2766 Quid
2462 2713 2636 2754 autem
2667 2706 2733 2756 sit
2762 2694 2996 2759 breviter
3038 2708 3408 2775 explicandum
3440 2718 3542 2763 est.
3571 2708 3743 2763 Omne
3777 2724 3867 2777 ge-

2300 2806 2421 2856 nus,
2458 2791 2704 2859 quoniam
2757 2794 2857 2846 sub
2906 2808 2963 2848 se
3008 2797 3213 2865 species
3261 2797 3450 2863 habet,
3498 2800 3701 2865 species
3741 2814 3865 2853 vero

2300 2878 2610 2934 dill‘erentiis
2639 2883 3028 2952 disjungnutur,
3062 2896 3114 2938 et
3146 2887 3561 2954 proprietatibus
3598 2890 3868 2956 explican-

2302 2980 2404 3023 tur.
2434 2971 2693 3025 Accidunt
2720 2981 2893 3025 autem
2921 2973 2971 3026 in
3003 2976 3281 3045 speciebus
3306 2976 3601 3030 accidentia
3630 2979 3868 3033 secundo

2301 3059 2436 3123 loco,
2474 3061 2827 3131 principaliter
2861 3077 2986 3116 vero
3014 3064 3065 3117 in
3114 3064 3398 3120 individuis
3443 3082 3560 3135 qua:
3600 3078 3725 3121 sunt
3764 3071 3865 3124 sub

629 3171 837 3224 cunque
877 3154 1175 3209 deﬁnienda
1217 3163 1369 3217 sunt,
1400 3155 1443 3205 si
1475 3167 1643 3221 genus
1684 3167 1791 3205 non
1821 3151 2076 3215 habeant,
2112 3168 2195 3207 eo-
2226 3148 2272 3211 C
2302 3151 2601 3216 speciebus.
2642 3152 2777 3215 Quid
2821 3162 2993 3205 autem
3038 3154 3106 3205 sit
3153 3156 3416 3221 posterius
3446 3156 3730 3212 dicendum
3759 3168 3863 3213 est.

629 3259 744 3298 rum
770 3244 1176 3307 subscriptivam
1207 3242 1490 3311 quamdam
1514 3251 1568 3295 et
1595 3242 2072 3296 demonstrativam
2102 3257 2194 3296 ra-

629 3334 825 3387 tionem
879 3333 1027 3387 reddi
1079 3346 1301 3386 necesse
1344 3341 1445 3384 est.
1491 3331 1578 3385 Sic
1626 3330 1783 3399 igitur
1816 3346 1956 3385 nunc
1998 3346 2191 3400 genus,

526 3462 537 3473 .
630 3426 875 3494 quoniam
904 3440 1015 3479 rem
1046 3426 1210 3492 ipsam
1242 3423 1594 3478 deliniendam
1628 3423 1879 3492 putabat,
1914 3438 2016 3478 non
2041 3425 2197 3479 duxit

633 3530 663 3568 a
711 3530 907 3584 genere
951 3515 1345 3580 deﬁnitionem,
1395 3515 1489 3569 sed
1524 3514 1670 3568 dedit
1712 3514 1992 3583 quamdam
2035 3529 2198 3583 gene-

630 3608 706 3662 ris
744 3609 1252 3663 demonstrationem
1304 3610 1803 3677 proprietatem1ue.
1847 3607 1976 3661 Dico
2018 3619 2194 3662 autem

630 3705 768 3773 quod
815 3703 1139 3773 Porphyrius
1180 3705 1265 3759 vel
1313 3704 1734 3758 subalternortim
1778 3716 2068 3772 generum,
2109 3702 2195 3757 vel

630 3794 844 3847 illorum
877 3810 994 3863 qua":
1038 3793 1436 3861 genei'alissima
1469 3801 1622 3861 sunt,
1656 3792 1791 3845 hanc
1832 3791 2033 3845 dederit
2062 3790 2199 3845 deﬁ—

630 3883 916 3949 nitionem,
962 3893 1014 3939 et
1062 3884 1454 3953 quodammodo
1491 3883 1937 3950 subscriptionem
1968 3883 2194 3937 demon-

634 3974 1074 4043 strationemque.
1101 3974 1228 4029 Nam
1255 3974 1296 4028 si
1315 3974 1452 4043 quod
1477 3990 1643 4043 genus
1665 3975 1825 4027 habet
1846 3973 1985 4028 aliud
2006 3990 2194 4043 genus,

632 4074 687 4118 et
726 4065 852 4119 item
886 4065 987 4120 hoc
1034 4066 1206 4134 ips-um
1240 4065 1412 4131 aliud,
1450 4074 1503 4117 et
1544 4065 1669 4118 item
1715 4064 1890 4127 aliud,
1921 4063 1963 4117 si
1999 4064 2197 4116 nullum

630 4157 732 4208 erit
757 4171 913 4224 supra
945 4173 1135 4223 genus,
1166 4158 1305 4225 quod
1336 4172 1503 4225 genus
1536 4173 1637 4209 non
1677 4158 1894 4222 habeat,
1931 4158 1982 4209 in
2024 4157 2199 4210 inﬁni-

631 4252 740 4297 tum
773 4246 1010 4313 procedit
1055 4248 1208 4298 ratio.
1248 4246 1341 4300 Sin
1386 4260 1511 4298 vero
1556 4246 1830 4307 habuerit,
1863 4260 2082 4299 necesse
2119 4255 2200 4299 est

629 4349 841 4403 quoque
887 4337 1037 4388 istam
1068 4334 1430 4389 deﬁnitionem
1462 4344 1644 4403 aperte
1675 4334 2024 4401 ordiuateque
2069 4349 2199 4388 con-

628 4440 836 4492 gruere.
870 4426 993 4479 Dico
1019 4436 1193 4480 autem
1216 4442 1382 4495 genus
1406 4440 1509 4481 non
1535 4427 1730 4480 animal
1754 4426 2001 4491 animali,
2026 4442 2199 4497 neque

2300 3240 2411 3295 Gen
2449 3258 2503 3295 ra
2537 3242 2694 3311 igitur
2722 3253 2774 3296 et
2805 3244 2870 3297 de
2913 3243 3194 3312 speciebus
3223 3246 3494 3313 dicuntur,
3522 3256 3576 3301 et
3614 3248 3682 3302 de
3718 3248 3868 3305 diﬁ‘e-

2300 3333 2483 3386 reutiis
2515 3348 2631 3402 qua:
2660 3334 2797 3402 ipsas
2828 3336 3034 3403 species
3073 3335 3154 3388 dis
3181 3350 3206 3387 r
3232 3334 3428 3402 buunt,
3467 3347 3520 3390 et
3546 3337 3613 3391 de
3642 3339 3869 3407 prepriis

2298 3439 2417 3492 qua:
2449 3425 2653 3492 species
2680 3434 3007 3495 componunt
3026 3464 3043 3492 ,
3070 3436 3123 3480 et
3149 3427 3216 3481 de
3246 3428 3326 3480 his
3351 3427 3712 3489 accidentibus
3753 3446 3870 3498 qua:

2299 3528 2418 3568 cum
2446 3516 2809 3584 principaliter
2838 3517 2889 3570 in
2922 3516 3210 3572 individuis
3240 3516 3466 3583 fuerint,
3497 3519 3551 3572 in
3592 3522 3874 3589 speciebus

2301 3620 2421 3660 esse
2463 3605 2710 3659 dicuntur
2746 3624 2757 3657 :
2801 3604 2902 3660 hoc
2950 3616 3126 3661 autem
3174 3614 3534 3663 meustremus
3580 3610 3868 3679 exemplis,

2301 3704 2352 3749 et
2382 3696 2451 3749 sit
2481 3696 2634 3749 nobis
2659 3712 2829 3765 genus
2856 3696 3087 3760 animal,
3126 3697 3194 3750 sit
3220 3698 3426 3764 species
3465 3698 3645 3765 homo,
3673 3700 3741 3752 sit
3770 3700 3874 3752 dil-

2302 3789 2523 3842 lerentia
2554 3787 2834 3851 rat‘onale,
2863 3790 2933 3840 sit
2962 3787 3232 3855 proprium
3274 3787 3499 3852 risibile,
3527 3790 3596 3843 sit
3621 3789 3871 3843 accidens

2300 3888 2447 3932 stans
2469 3880 2550 3931 vel
2580 3876 2880 3944 ambulans,
2905 3877 2987 3930 vel
3015 3877 3210 3946 aliquid
3242 3877 3294 3930 in
3326 3892 3572 3932 mensura
3606 3893 3712 3943 cor,
3736 3879 3871 3943 oris,

2302 3980 2359 4022 ut
2388 3969 2679 4038 tripedalis.
2727 3968 2933 4021 Animal
2982 3982 3109 4036 ergo
3141 3968 3279 4037 quod
3325 3985 3493 4038 genus
3531 3978 3641 4036 est,
3681 3969 3873 4023 dicitur

2302 4061 2369 4114 de
2409 4061 2607 4129 specie,
2642 4058 2691 4111 id
2722 4066 2803 4111 est
2843 4057 2909 4110 de
2957 4057 3190 4111 homine.
3224 4056 3365 4110 Dicis
3413 4059 3553 4111 eniin
3604 4059 3871 4112 hominem

2260 4152 2261 4155 “
2302 4166 2418 4204 esse
2449 4150 2663 4203 animal.
2699 4149 2863 4201 Porro
2896 4156 3075 4200 autem
3106 4148 3172 4201 de
3219 4148 3416 4215 speciei
3460 4146 3759 4201 diﬁ‘erentia
3793 4151 3873 4201 ni-

2304 4240 2585 4292 hilominus
2617 4238 2748 4291 dicis
2776 4252 2962 4306 genus.
2992 4235 3133 4289 Dicis
3160 4236 3301 4289 enim
3332 4236 3589 4290 rationale
3616 4251 3734 4290 esse
3763 4238 3875 4290 ani-

2304 4324 2427 4382 nial'.
2450 4328 2587 4383 ΝιΙιίΙ
2616 4337 2789 4380 autem
2821 4326 3066 4395 prohibet
3088 4326 3277 4380 eodem
3313 4326 3469 4379 modo
3491 4335 3543 4379 et
3564 4325 3631 4380 de
3660 4328 3874 4396 preprio

2302 4433 2467 4487 genus
2505 4418 2703 4473 dicere.
2736 4417 2864 4471 Nam
2905 4419 2948 4471 si
2980 4418 3126 4471 dicas
3173 4417 3299 4487 quid
3348 4426 3429 4471 est
3480 4418 3716 4483 risibile,
3768 4434 3874 4476 non

629 4515 766 4584 quod
813 4515 973 4569 homo
1003 4518 1210 4585 species
1243 4518 1312 4571 sit
1342 4516 1572 4581 homini,
1615 4526 1770 4586 atque
1812 4532 1979 4586 equus
2020 4534 2158 4586 equo
2184 4536 2194 4572 :
2226 4502 2280 4563 D
2305 4512 2590 4567 absurdum
2622 4521 2702 4567 est
2728 4512 2920 4565 animal
2949 4512 3247 4564 nominare.
3275 4509 3585 4564 Accidentia
3617 4525 3743 4565 vero
3772 4510 3872 4564 hoc

628 4605 720 4659 sed
751 4606 877 4660 illud
901 4622 1005 4676 quo
1037 4608 1208 4676 ipsum
1231 4607 1425 4661 animal
1458 4607 1655 4661 homini
1678 4618 1835 4676 atque
1864 4622 2001 4676 equo
2032 4622 2198 4677 genus

628 4704 730 4759 est,
756 4696 948 4749 animal
975 4698 1115 4750 enim
1146 4697 1319 4766 ipsum
1352 4713 1445 4767 per
1470 4713 1592 4753 sese
1624 4698 1749 4752 nulli
1783 4713 1949 4767 genus
1978 4708 2080 4765 est,
2108 4715 2201 4754 ne-

629 4798 734 4851 que
775 4784 936 4838 homo
984 4789 1152 4854 ipsum
1204 4804 1299 4857 per
1331 4804 1450 4843 sese
1496 4790 1586 4843 ulli
1618 4791 1827 4860 species
1875 4799 1985 4856 est,
2027 4807 2199 4860 neque

629 4879 796 4941 equus
827 4877 996 4942 ipsum
1038 4892 1134 4944 per
1161 4893 1281 4931 sese
1309 4881 1399 4931 ulli
1430 4882 1639 4946 species
1671 4891 1784 4943 est,
1818 4883 1910 4933 sed
1960 4892 2081 4935 sunt
2109 4899 2203 4952 ge-

633 4980 759 5020 nera
803 4974 858 5019 et
904 4966 1110 5029 species
1152 4968 1215 5019 ad
1262 4970 1481 5021 alterius
1520 4969 2003 5038 participationem.
2032 4972 2191 5039 Nam,

630 5057 872 5123 quoniam
906 5057 1005 5111 sub
1031 5056 1244 5110 animali
1279 5067 1363 5112 est
1394 5073 1561 5127 equus
1590 5070 1747 5128 atque
1778 5060 1960 5126 homo,
1994 5078 2097 5116 non
2129 5063 2196 5117 ad

629 5148 861 5214 seipsum
893 5146 1086 5202 animal
1114 5163 1280 5216 genus
1307 5159 1419 5215 est,
1452 5149 1544 5202 sed
1578 5149 1642 5203 ad
1678 5164 1872 5219 equum
1904 5160 2062 5220 atque
2105 5152 2200 5207 ho-

630 5237 844 5291 minem.
877 5237 943 5291 Et
969 5238 1092 5292 item
1125 5239 1329 5307 species
1358 5253 1474 5307 qua:
1502 5248 1776 5308 vocantur,
1808 5239 1968 5295 homo
1994 5243 2203 5299 scilicet

630 5338 786 5395 atque
812 5343 999 5397 equus,
1034 5344 1137 5383 non
1173 5329 1237 5382 ad
1270 5344 1459 5398 equum
1493 5339 1648 5398 atque
1680 5330 1980 5399 hominem,
2007 5335 2101 5389 sed
2131 5336 2197 5390 ad

632 5419 829 5472 animal
852 5421 1058 5486 species
1085 5430 1227 5476 sunt.
1257 5421 1383 5475 Dico
1412 5422 1567 5491 igitur
1589 5436 1755 5491 genus
1785 5432 1835 5475 ct
1857 5425 2063 5490 species
2090 5440 2197 5480 non

636 5511 777 5577 ipsas
818 5512 1142 5567 substantias
1174 5516 1224 5566 in
1256 5514 1445 5583 quibus
1488 5529 1657 5584 genus
1697 5523 1752 5569 et
1797 5516 2003 5583 species
2046 5517 2195 5583 sunt‘,

631 5600 727 5652 sed
772 5602 937 5667 ipsam
973 5604 1426 5673 participationem
1464 5607 1696 5673 priorum
1736 5608 1797 5661 ad
1846 5606 2201 5675 subteriures,’

632 5699 682 5745 et
726 5693 1078 5746 subteriorum
1123 5695 1186 5747 ad
1231 5696 1450 5764 prietes.
1489 5698 1609 5751 llaec
1646 5699 1803 5769 igitur
1844 5698 2196 5769 participatio,

2308 4606 2467 4660 modo
2497 4604 2857 4676 principaliter
2884 4603 2936 4656 in
2980 4601 3287 4667 individuis,
3316 4600 3550 4654 secundo
3581 4610 3711 4655 Vero
3762 4602 3877 4655 loco

2308 4707 2430 4752 sunt
2456 4699 2505 4752 iu
2535 4696 2834 4767 speciebus.
2866 4693 2994 4748 Nam
3022 4693 3066 4746 si
3103 4691 3219 4762 quis
3248 4690 3388 4745 dicat
3432 4690 3670 4759 singulos
3706 4690 3878 4743 homiv

2310 4808 2424 4859 nes,
2469 4801 2651 4858 utputa
2703 4792 3010 4846 Ciceronem
3054 4788 3240 4842 sedere
3288 4788 3371 4842 vel
3415 4796 3577 4856 stare,
3612 4788 3693 4841 vel
3735 4788 3878 4857 quod

2309 4886 2448 4937 aliud
2479 4885 2632 4947 libet,
2664 4884 2717 4934 in
2747 4882 2925 4947 specie
2958 4878 3190 4933 hominis
3216 4878 3402 4934 eadem
3447 4894 3657 4948 quoque
3685 4890 3901 4954 conve-p}

2308 4973 2424 5026 nire
2450 4984 2667 5024 necesse
2700 4979 2800 5024 est.
2842 4968 2971 5022 Nam
3009 4972 3051 5022 si
3083 4969 3271 5023 Cicero
3311 4969 3479 5034 sedet,
3522 4969 3673 5020 sedet
3715 4967 3877 5019 etiam

2308 5060 2488 5114 homo.
2513 5058 2569 5111 Si
2595 5059 2781 5111 Cicero
2807 5058 3072 5126 ambulat,
3096 5059 3330 5111 ambulat
3351 5058 3510 5108 etiam
3535 5057 3716 5110 homo.
3743 5057 3878 5124 Ergo

2307 5149 2352 5201 si
2382 5161 2482 5217 qua
2507 5145 2800 5200 accidentia
2830 5147 3071 5199 venerint
3096 5147 3162 5199 ab
3192 5144 3498 5209 individuis,
3524 5153 3576 5199 et
3602 5159 3664 5198 ea
3713 5134 3896 5199 tracta

2309 5245 2361 5296 in
2391 5240 2669 5311 speciebus
2690 5238 3062 5302 consederint,
3092 5238 3157 5293 ad
3190 5238 3299 5305 ipsa
3327 5251 3538 5305 quoque
3582 5236 3881 5292 accidentia

2307 5334 2409 5389 diti
2448 5334 2639 5402 poterit
2678 5346 2864 5401 genus.
2894 5329 3032 5396 Quid
3065 5337 3148 5384 est
3173 5328 3314 5382 enim
3341 5326 3651 5392 ambulans,
3684 5326 3727 5380 si
3760 5328 3880 5396 quis

2304 5427 2634 5497 interroget?
2676 5429 2867 5480 merito
2902 5425 3097 5478 animal
3144 5422 3359 5476 dicitur.
3399 5419 3541 5474 Nihil
3580 5421 3725 5474 enim
3759 5433 3876 5472 am-

2303 5519 2486 5573 bulare
2529 5517 2629 5572 nisi
2660 5516 2855 5570 animal
2889 5523 3079 5583 potest.
3111 5511 3281 5567 Porro
3314 5520 3495 5567 autem
3529 5510 3629 5565 sub
3670 5508 3878 5577 specie-

2303 5608 2401 5664 bus
2444 5606 2715 5662 individua
2755 5614 2909 5668 sunt,
2942 5614 3000 5658 ut
3030 5603 3219 5659 Cicero
3259 5614 3314 5659 et
3354 5603 3606 5673 Virgilius
3638 5600 3739 5659 sub
3783 5599 3879 5651 ho-

2304 5701 2447 5755 mine
2500 5699 2562 5753 ad
2615 5712 2733 5768 qua:
2796 5695 3064 5750 individua
3119 5712 3285 5764 genus
3339 5694 3535 5765 speciei
3592 5687 3874 5759 [medicari
