4244 6254
254 235 313 287 2)

1376 242 1444 293 ΙΝ
1481 237 1926 295 ΡΟΒΡΠΥΙΗΙΞΜ
1967 239 2308 299 DIALOGUS
2345 244 2382 299 ι.

3448 262 3524 323 30

174 346 179 349 ’
262 356 455 415 ροιεει.
485 345 618 401 Nam
655 348 701 402 si
742 349 1152 419 interrogaveris
1193 347 1320 418 quid
1350 360 1432 404 est
1469 351 1692 406 Cicero?
1721 366 1833 406 me-
1859 356 1907 411 Α
1936 358 2146 404 constat
2172 350 2222 404 id
2253 352 2391 419 quod
2423 361 2504 407 est
2533 355 2734 413 risibile
2759 360 2918 416 etiam
2945 364 3204 421 rationale
3228 380 3390 436 posse
3420 385 3523 426 no-

253 437 348 490 rito
374 438 579 492 animal
608 438 775 494 dicas.
803 439 980 494 Genus
1024 439 1188 508 igitur
1216 448 1271 494 et
1297 440 1363 494 ad
1403 442 1637 509 speciem
1670 452 1725 496 et
1761 442 1828 497 ad

253 526 606 593 dinerentias,
634 540 686 583 et
724 529 787 582 ad
830 530 1159 596 accidentia,
1188 540 1241 585 et
1286 531 1352 585 ad
1398 533 1642 602 propria,
1668 542 1724 588 et
1762 536 1828 589 ad

250 615 525 671 individua
556 620 872 672 nominatur.
903 618 1071 673 Porro
1113 630 1289 675 autem
1320 623 1548 691 species,
1582 638 1689 678 non
1718 623 1827 692 jam

252 707 315 761 de
359 714 574 777 genere,
607 726 778 779 neque
807 712 874 765 de
904 712 1247 779 differentiis,
1274 713 1369 766 sed
1416 714 1483 768 de
1528 714 1657 769 solis
1700 730 1829 783 pro-

251 796 383 866 priis
422 808 475 852 et
519 800 770 868 subjectis
812 802 1104 856 individuis
1146 803 1463 872 appellatur.
1509 804 1562 858 ln
1614 806 1741 871 illis,
1777 804 1839 859 id'

250 896 333 940 est
356 887 652 958 individuis,
684 893 805 959 quia
833 906 1105 963 superest;
1135 896 1187 949 in
1221 897 1473 965 propriis,
1499 897 1627 965 quia
1652 911 1828 965 arqua-

249 976 313 1033 lis
352 988 448 1033 est.
491 982 623 1046 Quid
671 994 847 1038 autem
880 986 948 1040 sit
979 988 1079 1041 hoc
1114 989 1275 1042 modo
1322 990 1604 1045 videmus:
1635 988 1827 1043 Omnia

245 1084 437 1139 genera
466 1077 749 1143 speciebus
778 1079 887 1133 suis
913 1089 1201 1148 supersunt
1228 1091 1282 1136 et
1312 1081 1602 1135 abundant.
1636 1080 1828 1134 Abun-

245 1165 374 1219 dare
412 1177 589 1221 autem
631 1186 826 1238 genera
873 1171 1101 1228 dicimus
1140 1174 1445 1243 speciebus,
1477 1175 1598 1243 plus
1629 1174 1831 1228 habere

240 1270 433 1323 genera
479 1259 695 1314 virtutis
737 1278 893 1331 quam
932 1265 1164 1331 species.
1200 1266 1370 1321 llomo
1399 1268 1543 1321 enim
1576 1268 1715 1337 quod
1748 1277 1831 1324 est

238 1347 450 1411 species
492 1349 570 1401 sol
598 1365 664 1402 .m
707 1349 870 1403 homo
906 1361 1008 1406 εει.
1050 1354 1263 1407 Animal
1300 1370 1428 1410 vero
1455 1355 1596 1424 quod
1634 1365 1715 1410 est
1744 1371 1835 1426 ge-

239 1448 360 1496 nus,
397 1450 504 1487 non
536 1436 710 1491 solum
746 1438 908 1492 homo
935 1448 1043 1507 est,
1075 1441 1169 1495 sed
1202 1451 1255 1497 et
1283 1458 1453 1511 equus
1481 1444 1564 1498 vel
1600 1445 1716 1507 bos,
1747 1445 1835 1499 vel

237 1524 523 1593 quodlibet
570 1527 713 1583 aliud
764 1530 977 1584 animali
1024 1534 1376 1600 suppositum.
1423 1534 1493 1587 lta
1541 1534 1710 1603 major
1756 1536 1831 1591 vis

238 1617 462 1684 generis
492 1628 638 1672 recte
666 1618 734 1672 de
763 1620 955 1673 minori
982 1621 1083 1675 sibi
1112 1631 1163 1676 et
1201 1624 1437 1692 subjecta
1473 1627 1652 1692 specie
1692 1643 1830 1696 pne-

1933 441 2145 494 minari.
2175 442 2329 528 Quod
2355 443 2397 495 si
2429 444 2492 497 ad
2518 447 2721 513 species
2744 447 3041 507 differentia
3068 454 3282 524 dicitur,
3309 461 3521 527 species

1933 543 2110 587 autem
2141 536 2204 586 ad
2239 534 2505 589 individua
2541 539 2882 607 praedicatur,
2915 559 3139 601 necesse
3170 556 3253 601 est
3281 558 3339 603 ut
3368 550 3520 607 diffe-

1936 623 2105 675 rentia
2150 637 2360 693 quoque
2411 626 2479 678 a‘d
2511 626 2780 681 individua
2814 632 3150 697 praedicetur.
3194 636 3335 691 Dicis
3375 642 3517 693 enim

1935 714 2106 780 qualis
2136 724 2220 768 est
2257 714 2483 769 Cicero?
2514 719 2809 772 rationalis.
2842 721 2992 787 Quod
3036 723 3079 775 si
3124 724 3421 781 differentia
3452 728 3521 784 ad

1935 802 2203 856 individua
2240 804 2575 875 praidicatur,
2610 808 2905 862 accidentia
2935 827 3062 865 vero
3102 812 3389 870 individuis
3430 833 3519 871 ac-

1934 893 2143 962 cidunt,
2175 910 2399 949 necesse
2426 906 2508 950 est
2539 897 2870 954 differentias
2905 901 2975 955 ad
2998 903 3291 959 accidentia
3326 910 3520 975 praedi-

1934 985 2065 1037 cari.
2110 984 2390 1054 Proprium
2420 1002 2549 1041 vero
2580 992 2832 1058 quoniam
2877 1008 3091 1062 semper
3119 994 3277 1049 unius
3320 998 3518 1066 speciei

1934 1076 2205 1145 proprium
2238 1086 2349 1145 est,
2381 1089 2434 1133 et
2472 1081 2537 1134 ad
2582 1097 2739 1135 unam
2788 1084 3020 1152 speciem
3066 1086 3384 1153 przedicatur
3425 1105 3518 1145 so-

1935 1165 2069 1232 lam,
2101 1167 2185 1220 cui
2216 1176 2299 1222 est
2331 1171 2623 1239 proprium.
2674 1172 2898 1228 Risibile
2937 1190 3166 1245 namque
3207 1179 3347 1245 quod
3392 1194 3517 1248 pro-

1935 1256 2108 1323 prium
2155 1266 2266 1321 est,
2294 1257 2359 1311 ad
2392 1258 2560 1311 solam
2604 1259 2835 1315 hominis
2878 1264 3116 1330 speciem
3170 1265 3513 1331 praedicatur.

1933 1346 2081 1412 Quod
2111 1346 2155 1401 si
2181 1348 2246 1401 ad
2276 1348 2506 1403 hominis
2530 1350 2760 1419 Speciem
2788 1355 3129 1421 praedicatur,
3156 1358 3361 1425 species
3383 1374 3513 1415 vero

1932 1436 1996 1489 ad
2030 1435 2298 1489 individua
2328 1438 2542 1505 dicitur,
2577 1455 2679 1494 non
2710 1443 3037 1522 est'dubium
3068 1445 3195 1514 quin
3238 1449 3512 1517 proprium

1931 1541 2142 1595 quoque
2171 1527 2238 1580 de
2278 1526 2563 1582 individuis
2593 1531 2931 1598 pratdicetur.
2969 1533 3099 1586 Nam
3127 1536 3169 1587 si
3205 1536 3364 1591 homo
3392 1540 3513 1593 risi.

1931 1616 2037 1670 bile
2062 1617 2256 1669 animal
2299 1627 2410 1686 est,
2444 1616 2633 1673 Cicero
2671 1636 2883 1689 quoque
2912 1632 2964 1676 et
3000 1623 3255 1693 Virgilius
3292 1627 3511 1682 risibilla

237 1704 468 1759 dicatur.
496 1707 610 1759 Alia
652 1721 781 1761 vero
817 1717 963 1773 sunt,
997 1725 1116 1778 quae
1145 1711 1245 1765 sibi
1275 1724 1399 1766 sunt
1438 1712 1583 1782 paria
1616 1725 1672 1768 ut
1699 1727 1824 1771 sunt

1931 1707 2175 1760 animalia
2207 1718 2351 1761 recte
2381 1709 2651 1763 dicuntur.
2688 1711 2838 1776 Quod
2881 1712 2927 1765 si
2959 1714 3228 1781 proprium
3270 1716 3335 1769 ad
3368 1716 3511 1772 indi-

166 1792 171 1797 ’
238 1799 452 1866 propria
488 1808 539 1852 et
580 1800 813 1867 species.
844 1800 1062 1868 Species
1105 1813 1186 1857 est
1212 1803 1405 1870 homo,
1438 1808 1711 1874 proprium
1750 1810 1823 1863 ri-

238 1889 418 1943 sibile.
457 1889 718 1959 Quidquid
766 1906 893 1960 ergo
937 1892 1096 1947 fuerit
1133 1895 1354 1959 risibile,
1392 1896 1492 1951 hoc
1521 1906 1605 1951 est
1636 1898 1817 1954 homo.

239 1980 501 2049 Quidquid
531 1982 711 2048 homo,
738 1984 839 2038 hoc
862 1985 1066 2040 risibile
1088 1996 1188 2040 est.
1212 1988 1395 2057 Itaque
1421 2004 1595 2058 neque
1618 1991 1821 2046 risibile

224 2070 490 2133 hominis,
521 2087 693 2140 neque
726 2073 883 2127 homo
914 2074 1136 2129 risibilts
1169 2068 1471 2144 potentiam
1486 2081 1815 2149 supervadit,

239 2160 326 2215 sed
360 2164 581 2230 :rqualia
613 2164 713 2218 sibi
761 2164 825 2217 ad
857 2179 915 2218 se
965 2165 1190 2220 invicem
1237 2169 1513 2236 praedicari
1559 2181 1816 2238 possunt,

238 2260 292 2303 ut
330 2252 376 2305 si
414 2252 581 2317 dicas,
611 2253 738 2322 quid
783 2264 863 2308 est
896 2255 1089 2309 homo?
1118 2256 1362 2311 Risibile.
1397 2258 1535 2324 Quid
1573 2268 1657 2314 est
1698 2262 1818 2314 risi-

237 2342 375 2397 bile?
409 2345 597 2399 Homo.
630 2345 703 2399 Ita
743 2346 903 2415 igitur
931 2362 1262 2418 quaecunque
1308 2353 1585 2418 superiora
1620 2341 1818 2406 fuerini

236 2431 297 2485 ad
331 2433 421 2485 illa
462 2449 578 2503 quae
618 2435 915 2490 subteriora
957 2444 1113 2503 sunt,
1142 2438 1521 2506 prardicantur.
1563 2439 1631 2495 Et
1673 2458 1819 2510 qure-

235 2532 449 2589 cunqne
470 2523 692 2591 aequalia
721 2526 945 2590 iuerint,
979 2527 1176 2593 pariter
1203 2528 1300 2581 sibi
1329 2529 1392 2581 ad
1424 2530 1648 2584 invicem
1679 2546 1818 2599 prm-

236 2608 506 2663 dicantur.
552 2611 645 2664 llla
678 2627 805 2665 vero
841 2629 957 2681 qua:
998 2616 1293 2670 subteriora
1333 2627 1458 2671 sunt
1492 2629 1543 2672 et
1584 2620 1811 2684 minora,

236 2700 299 2754 de
328 2702 702 2768 superior‘bus
739 2714 792 2759 et
830 2704 1220 2761 abundantibus
1263 2718 1319 2762 ut
1358 2719 1482 2763 sunt
1526 2726 1719 2780 genera
1762 2704 1814 2768 et

239 2792 444 2860 species
474 2792 753 2861 praedicari
785 2810 888 2849 non
917 2806 1158 2865 possunt.
1186 2798 1463 2870 Nunquam
1495 2807 1635 2857 enim
1670 2815 1815 2860 recte

239 2883 463 2951 speciem
496 2883 564 2938 de
605 2899 805 2953 genere
848 2887 1185 2956 praedicabis.
1218 2890 1293 2946 lta
1342 2908 1469 2962 ergo
1513 2896 1719 2964 species
1746 2897 1815 2952 de

238 2973 455 3040 proprio
494 2975 815 3041 praedicatur
851 2984 907 3029 ut
948 2979 1081 3046 pari.
1113 2979 1216 3035 Sed
1246 2984 1497 3051 quoaiam
1542 2985 1643 3040 sub
1690 3001 1815 3056 spe-

1928 1799 2078 1850 vidna
2116 1807 2258 1852 recte
2287 1798 2502 1864 dicitur,
2548 1808 2692 1855 recte
2737 1803 2903 1855 etiam
2947 1811 3001 1857 et
3034 1804 3101 1858 de
3145 1805 3510 1883 accidentibus

1925 1888 2261 1955 prazdicatur,
2287 1905 2405 1957 qua:
2434 1891 2564 1959 ipsis
2584 1892 2834 1945 accidunt
2860 1893 3165 1949 individuis.
3193 1898 3502 1952 Accidentia

1924 1993 2050 2032 vero
2072 1991 2124 2033 et
2149 1981 2283 2048 ipsa,
2309 1983 2448 2036 etde
2470 1983 2766 2051 speciebus,
2795 1995 2847 2040 et
2870 1986 2934 2040 de
2960 1987 3079 2041 aliis
3102 1987 3349 2043 omnibus
3373 2006 3507 2059 prte-

1923 2067 2185 2133 dicantur,
2226 2081 2276 2123 et
2314 2071 2380 2124 de
2410 2071 2539 2139 ipsis
2582 2075 2812 2129 maxime
2843 2074 3151 2130 individuis.
3178 2077 3431 2148 _Namque
3455 2090 3509 2135 et

1922 2161 2076 2215 albus
2107 2177 2274 2231 equus
2303 2164 2550 2225 etalbus
2583 2166 2742 2220 homo
2786 2167 2999 2234 dicitur,
3043 2177 3099 2223 et
3136 2169 3327 2223 iterum
3360 2172 3508 2240 niger

1920 2261 2179 2319 equus,et
2199 2253 2345 2320 niger
2359 2252 2607 2322 Althiops
2628 2254 2839 2308 dicitur.
2855 2256 3005 2321 Quod
3025 2257 3068 2310 si
3091 2257 3161 2311 ita
3181 2267 3284 2323 est,
3309 2259 3507 2313 animal

1921 2355 2133 2409 quoque
2177 2342 2385 2409 nigrum
2428 2342 2639 2397 dicitur.
2676 2345 2877 2398 Dicitur
2915 2348 3077 2401 etiam
3121 2349 3380 2403 rationale
3424 2352 3506 2404 ni-

1919 2447 2073 2501 grum
2096 2440 2149 2486 ct
2175 2433 2480 2487 irrationale
2511 2436 2717 2503 nigrum
2735 2476 2750 2501 .
2776 2438 2971 2507 quippe
2996 2439 3041 2493 si
3066 2455 3235 2510 equus
3262 2454 3315 2498 et
3344 2442 3505 2500 homo

1920 2523 2144 2592 aatliiops
2192 2525 2323 2592 nigri
2378 2533 2521 2578 sunt.
2591 2527 2791 2581 Dicitur
2835 2530 2994 2584 etiam
3043 2532 3243 2588 risibile
3293 2535 3503 2604 nigrum

1919 2626 2039 2665 cum
2064 2612 2334 2666 hominum
2363 2615 2481 2683 quis
2505 2616 2652 2685 niger
2682 2619 2859 2672 fuerit.
2889 2620 3091 2675 Dicitur
3112 2623 3273 2677 etiam
3307 2625 3503 2680 indivi-

1920 2702 2081 2756 duum
2111 2704 2318 2773 nigrum
2338 2748 2353 2772 ,
2376 2720 2495 2759 cum
2518 2708 2597 2761 sic
2624 2708 2741 2777 quis
2769 2725 2906 2765 unus
2936 2710 3095 2766 homo
3124 2728 3189 2768 ex
3226 2714 3502 2787 Althiopia

1919 2796 2240 2848 nominatur.
2272 2795 2422 2861 Quod
2464 2810 2584 2849 cum
2629 2797 2698 2850 ita
2743 2799 2843 2864 sit,
2886 2810 3096 2854 constat
3135 2812 3189 2856 et
3230 2818 3399 2872 genus
3437 2808 3502 2863 ad

1918 2881 2145 2950 plurima
2178 2883 2490 2951 praedicari,
2521 2884 2571 2938 id
2599 2896 2679 2939 est
2709 2889 2945 2955 Species,
2979 2889 3331 2958 differentias,
3363 2897 3501 2950 acci-

1920 2972 2129 3039 dentia,
2187 2974 2430 3044 propria,
2481 2987 2641 3045 atque
2695 2978 3001 3048 individua,
3051 2981 3400 3039 nihilominus
3451 2996 3502 3043 et

237 3064 415 3117 ciebus
458 3065 725 3134 sigillatim
774 3067 1050 3125 individua
1100 3082 1269 3126 sunt:
1320 3075 1591 3131 individua
1634 3089 1809 3133 antem

1916 3062 2271 3120 differentiam
2302 3067 2366 3120 ad
2400 3067 2623 3136 plurima
2654 3071 2961 3139 prtelicari,
2992 3072 3151 3151 idae-st
3172 3074 3237 3128 ad
3269 3077 3503 3143 species,

236 3167 487 3209 vocamus
509 3171 626 3223 qua:
653 3158 704 3210 in
732 3158 906 3213 nullas
935 3162 1163 3230 species,
1192 3178 1363 3231 neque
1396 3166 1445 3219 in
1475 3168 1678 3236 aliquas
1704 3169 1812 3239 jam

236 3242 366 3297 alias
400 3255 577 3313 partes
616 3247 775 3302 dividi
818 3262 1070 3318 ροεειιηι,
1103 3262 1157 3306 ιιι
1192 3263 1274 3308 est
1313 3255 1468 3323 Cato,
1517 3258 1599 3311 vel
1639 3258 1811 3327 Plato,

238 3337 316 3389 vel
363 3337 575 3403 Cicero,
611 3348 666 3394 et
703 3340 959 3409 quidquid
1005 3343 1277 3399 hominum
1318 3347 1648 3417 singulorum
1693 3361 1811 3405 est:

236 3424 330 3480 hos
375 3430 518 3483 enim
569 3431 620 3484 in
666 3433 824 3486 nullis
868 3435 1110 3503 partibus
1154 3437 1383 3505 dividis,
1425 3450 1483 3493 ut
1522 3442 1718 3497 animal
1760 3444 1811 3498 in

234 3516 460 3583 species,
506 3519 774 3576 hominem
814 3524 1044 3591 scilicet,
1080 3535 1238 3596 atque
1278 3544 1505 3598 equum,
1539 3530 1812 3600 hominem

233 3621 442 3676 quoque
469 3608 640 3677 ipsum
672 3613 992 3680 specialem,
1025 3625 1079 3670 et
1104 3617 1341 3685 singulos
1369 3621 1815 3692 circumplecten-

232 3705 369 3763 tcm,
402 3698 454 3752 in
500 3698 788 3768 Catonem,
831 3704 1138 3771 Platonem,
1183 3708 1489 3777 Virgilium,
1528 3722 1582 3767 et
1623 3700 1849 3770 omnes.

230 3787 505 3855 sigillatim
531 3790 781 3845 homines
810 3794 1144 3865 distributos,
1181 3798 1451 3854 hominem
1482 3805 1810 3874 vero-ipsum

231 3878 596 3947 singularem,
628 3881 679 3935 id
710 3892 790 3938 est
816 3883 1118 3941 Ciceronem
1138 3929 1153 3953 ,
1185 3889 1237 3943 in
1270 3891 1447 3947 nullos
1474 3894 1607 3948 alios
1634 3896 1814 3951 distri-

231 3969 399 4025 buere
446 3986 751 4041 possumus,
796 3986 953 4045 atque
996 3979 1114 4033 ideo
1159 3978 1373 4052 ἆτομον,
1422 3983 1471 4037 id
1504 3994 1582 4038 est
1623 3986 1813 4040 indivi-

230 4062 389 4117 duum
437 4067 727 4121 vocitatum
757 4080 860 4123 est.
903 4072 1122 4139 Specxes
1163 4089 1292 4144 ergo
1322 4090 1442 4145 qum
1491 4079 1555 4131 ad
1597 4081 1812 4148 propria

230 4156 504 4225 aqualiter
542 4159 863 4226 prmdicatur
889 4163 953 4215 ad
1000 4163 1265 4219 individua
1290 4207 1305 4231 ,
1354 4168 1604 4236 quoniam
1643 4171 1813 4238 major

231 4258 307 4298 est
349 4250 560 4317 species
611 4252 863 4314 hominis,
903 4270 1059 4323 quam
1106 4257 1379 4325 quodlibet
1424 4260 1567 4314 aliud
1617 4263 1813 4317 indivi-

231 4336 421 4407 duum,
465 4340 536 4393 ita
583 4342 899 4410 praedicatur
944 4354 1000 4399 ut
1044 4349 1287 4415 superius
1331 4350 1395 4402 ad
1440 4351 1491 4404 id
1543 4353 1681 4421 quod
1727 4362 1810 4408 est

1920 3162 2133 3229 propria
2168 3161 2233 3215 ad
2273 3161 2544 3215 individua
2570 3172 2624 3217 et
2652 3164 2980 3234 acciden'ia,
3012 3175 3067 3222 et
3105 3168 3378 3237 praprium
3431 3170 3499 3221 ad

1918 3255 2176 3323 plurima,
2211 3256 2258 3309 id
2290 3265 2375 3311 est
2403 3258 2636 3325 speciem
2658 3298 2674 3326 ,
2703 3257 2972 3312 individua
3005 3268 3059 3315 et
3086 3261 3403 3315 accidentia.
3440 3261 3502 3321 Et

1915 3349 2148 3416 speciem
2179 3348 2245 3402 ad
2294 3349 2547 3415 plurima,
2585 3350 2635 3403 id
2670 3361 2752 3404 est
2792 3351 3059 3407 individua
3089 3364 3143 3408 et
3180 3354 3502 3410 accidentia.

1917 3438 2184 3493 Accidens
2214 3454 2342 3494 vero
2369 3448 2423 3493 et
2445 3439 2511 3493 ad
2542 3455 2709 3510 genus
2738 3451 2791 3497 et
2814 3443 2878 3496 ad
2910 3445 3176 3512 speciem,
3206 3454 3260 3499 et
3285 3445 3350 3499 ad
3380 3462 3501 3516 pro-

1918 3531 2123 3598 pitium,
2152 3540 2206 3585 et
2239 3532 2303 3584 ad
2335 3532 2725 3599 differentiam,
2758 3543 2813 3590 et
2840 3534 2907 3589 ad
2948 3536 3236 3593 individua.
3278 3539 3428 3606 Quod
3456 3543 3501 3598 si

1916 3620 1987 3674 ita
2026 3630 2138 3686 est,
2181 3621 2277 3679 has
2317 3623 2546 3693 quinque
2578 3640 2666 3679 res
2696 3636 2905 3681 constat
2934 3626 3001 3682 ad
3051 3628 3278 3696 plurima
3311 3631 3501 3699 praedi-

1915 3711 2044 3765 cari.
2073 3714 2133 3764 At
2168 3727 2295 3766 vero
2322 3714 2667 3781 individuum,
2688 3717 2936 3787 quoniam
2952 3718 3054 3772 sub
3071 3734 3128 3773 se
3155 3720 3284 3774 nihil
3312 3720 3494 3789 habet,

1912 3804 1981 3855 ad
2014 3803 2439 3872 singularitatem
2471 3806 2754 3873 quamdam
2781 3819 2832 3862 et
2864 3809 3121 3865 unitatem
3152 3806 3495 3885 piiaedicatur.

1913 3893 2104 3947 Cicero
2133 3896 2273 3947 enim
2322 3910 2458 3949 unus
2489 3905 2601 3962 est,
2634 3906 2690 3951 et
2731 3898 2795 3951 ad
2828 3914 2991 3952 unum
3021 3915 3217 3954 nomen
3265 3910 3495 3970 aptatur.

1916 3985 1987 4039 Ita
2033 3984 2307 4039 individua
2334 4000 2452 4055 quae
2488 3986 2553 4039 ad
2586 3989 2840 4042 unitatem
2871 3988 3140 4057 dicuntur,
3175 3995 3381 4047 cunctis
3409 4009 3498 4047 su-

1916 4079 2213 4145 perioribus
2253 4078 2529 4147 supp'tsila
2561 4087 2717 4147 sunt,
2749 4090 2806 4134 ut
2851 4096 3042 4152 genus,
3071 4085 3303 4154 species,
3339 4085 3498 4141 diffe-

1913 4167 2116 4232 rentia,
2166 4168 2232 4221 ad
2280 4168 2525 4238 propria,
2553 4169 2637 4223 vel
2685 4172 3016 4239 accidentia,
3050 4177 3292 4245 quamvis
3328 4177 3395 4231 ad
3442 4192 3498 4233 se

1914 4257 2138 4313 invicem
2175 4258 2277 4312 dici
2306 4270 2556 4328 possunt,
2589 4258 2655 4313 ad
2694 4261 2961 4317 individua
3007 4272 3184 4320 tamen
3221 4267 3497 4335 mqualiter

1914 4350 2292 4417 przedicantur,
2333 4360 2389 4405 ιιι
2427 4352 2675 4421 superius
2704 4354 3128 4410 demdnatratum
3161 4366 3259 4412 est.
3296 4358 3496 4413 Indivi-

230 4442 253 4478 ε
291 4428 566 4485 halterius.
590 4432 778 4487 Cicero
804 4437 945 4489 enim
978 4438 1124 4491 solus
1153 4439 1342 4493 Cicero
1372 4454 1487 4508 εει,
1519 4443 1677 4496 homo
1708 4460 1804 4497 an—
1835 4430 1886 4489 Ι)
1912 4440 2015 4494 dua
2059 4456 2215 4505 vero.
2265 4445 2514 4511 quoniam
2547 4446 2645 4500 ειη)
2693 4462 2752 4501 εθ
2784 4448 2913 4501 nihil
2963 4448 3162 4504 habet“
3196 4450 3286 4506 Ubi
3327 4452 3497 4508 Secari

233 4525 332 4569 tem
369 4535 472 4572 non
503 4522 646 4575 solus
679 4532 762 4577 est
788 4525 997 4591 Cicero,
1027 4527 1167 4593 quod
1198 4530 1239 4597 si
1273 4529 1335 4583 ad
1368 4531 1635 4584 individua
1671 4549 1808 4602 pric-

230 4606 457 4671 dicatur,
486 4618 539 4663 et
581 4612 644 4664 ad
692 4613 1086 4668 individuorum
1127 4620 1419 4673 accidentia
1464 4622 1804 4689 praedicatur.

230 4696 301 4748 lta
353 4698 510 4766 igitur
542 4706 750 4770 species
791 4704 856 4758 ad
901 4721 1070 4774 genus
1111 4709 1250 4776 quod
1292 4713 1534 4780 superius
1572 4722 1657 4769 est
1698 4732 1803 4771 non

229 4786 575 4851 pra-dicatur,
612 4807 786 4862 neque
815 4793 879 4847 ad
917 4795 1302 4863 differentiam,
1336 4802 1458 4869 quia
1502 4804 1804 4860 differentia

229 4879 306 4944 (ut
352 4895 495 4934 nunc
522 4888 863 4940 monstratuti
909 4888 1114 4958 sumus)
1145 4905 1307 4959 super
1336 4895 1567 4961 speciem
1595 4908 1708 4962 est,
1739 4898 1806 4953 ad

228 4976 498 5037 proprium
526 4990 654 5029 vero
682 4979 766 5032 cui
798 4994 892 5041 par
917 4981 1123 5048 Species
1144 4991 1254 5045 est,
1280 4986 1359 5039 vel
1385 4987 1448 5039 ad
1478 4987 1803 5045 individuum

227 5062 308 5117 cui
334 5077 611 5133 superest,
644 5069 981 5137 pra'dicalur.
1014 5073 1321 5130 Dilferentia
1353 5093 1479 5132 vero
1505 5089 1557 5133 et
1584 5082 1649 5134 ad
1681 5097 1804 5149 spe-

223 5153 351 5217 cies,
378 5166 431 5209 ct
457 5158 523 5209 ad
554 5160 767 5228 prapria
789 5201 803 5226 ,
831 5172 884 5215 et
908 5163 970 5215 ad
1000 5165 1291 5220 accidentia
1312 5209 1325 5232 ,
1354 5179 1408 5223 et
1435 5170 1499 5224 ad
1534 5172 1800 5227 individua

222 5245 566 5309 praedicatur.
609 5250 850 5320 Namque
898 5255 1156 5311 rationale
1196 5260 1337 5328 quod
1384 5271 1466 5315 est
1501 5263 1800 5320 differentia

218 5334 279 5387 ad
320 5334 598 5391 hominem
628 5342 964 5410 prmdicatur,
997 5347 1137 5415 quod
1173 5359 1254 5402 est
1283 5352 1510 5416 species.
1538 5353 1609 5406 Ιιει
1644 5357 1804 5408 ratio-

222 5427 337 5480 na'e
364 5427 516 5496 quod
553 5439 633 5483 est
661 5433 954 5491 differentia
976 5481 989 5504 ,
1023 5440 1343 5507 praedicatur
1380 5443 1446 5495 ad
1492 5444 1717 5511 risibile,
1755 5448 1802 5515 id

217 5527 291 5571 est
323 5517 633 5585 proprium.
670 5521 863 5578 Dicitur
886 5528 1029 5580 enim
1064 5530 1113 5582 id
1146 5546 1267 5585 esse
1299 5532 1520 5599 risibile,
1557 5538 1698 5604 quod
1730 5554 1807 5591 ra-

218 5606 431 5665 tionale.
480 5608 610 5665 Nam
652 5614 696 5665 si
746 5615 905 5667 homo
956 5621 1243 5687 rationale,
1281 5632 1334 5679 et
1375 5624 1535 5681 homo
1579 5627 1799 5695 risibile,

1912 4531 2265 4600 distribuique
2319 4536 2560 4601 possint,
2618 4537 2681 4588 ad
2743 4538 2872 4591 nihil
2920 4539 3061 4599 aliud
3115 4541 3496 4607 praedicantur,

1914 4624 2016 4675 nisi
2046 4623 2110 4674 ad
2159 4625 2332 4690 seipsa
2362 4640 2482 4692 quze
2536 4627 2741 4694 singula
2788 4626 2946 4695 atque
2990 4643 3091 4681 una
3139 4639 3282 4683 sunt.
3324 4632 3497 4702 Atque

1913 4714 2014 4767 hoc
2039 4726 2120 4767 εει
2148 4714 2287 4782 quod
2316 4715 2392 4767 ait
2417 4734 2428 4767 :
2465 4716 2663 4769 Eorum
2689 4733 2805 4787 qua:
2828 4719 3075 4773 dicuntur
3102 4721 3205 4776 alia
3232 4724 3296 4777 ad
3328 4728 3498 4781 unita-

1912 4813 2018 4860 tem
2043 4804 2315 4870 dicuntur,
2340 4804 2481 4859 sicut
2506 4808 2684 4863 omnia
2714 4808 3011 4875 individua,
3038 4820 3092 4865 ut
3114 4822 3197 4868 est
3223 4815 3497 4885 Socrates,

1911 4895 2097 4961 ethoc
2135 4906 2187 4950 et
2232 4896 2380 4951 illud.
2415 4896 2532 4951 Alia
2564 4915 2682 4967 qua:
2711 4901 2776 4954 ad
2824 4903 3251 4973 multitudinem,
3281 4918 3339 4962 ut
3374 4917 3498 4963 sunt
3568 4918 3571 4919 '

1910 5002 2107 5056 genera
2126 5030 2141 5052 ,
2171 4997 2226 5043 ct
2256 4990 2485 5059 species,
2512 5000 2567 5044 et
2603 4992 2938 5062 dilfercntim,
2977 5004 3032 5050 et
3060 4999 3293 5067 propria,
3321 5009 3374 5053 et
3403 5015 3496 5052 ac-

1910 5078 2166 5133 cidentia.
2203 5079 2329 5134 llaec
2361 5082 2504 5136 enim
2545 5085 2903 5139 communiter
2948 5102 3050 5139 non
3086 5087 3243 5141 unius
3270 5088 3497 5155 propria:

1908 5170 2279 5237 appellationis
2304 5180 2447 5225 sunt.
2478 5173 2662 5229 Simile
2687 5186 2768 5229 est
2793 5192 2855 5230 ac
2876 5176 2918 5230 si
2942 5176 3142 5230 diceret
3166 5194 3179 5228 :
3209 5178 3331 5229 Ητεο
3351 5175 3492 5229 enim

1912 5262 2271 5329 communiter
2300 5262 2365 5315 ad
2410 5264 2638 5330 plurima
2674 5268 3029 5334 pra-dicantur
3071 5281 3174 5317 non
3215 5265 3280 5318 ad
3322 5266 3496 5319 unita-

1914 5362 2018 5407 tem
2041 5395 2053 5417 ,
2086 5356 2225 5408 sicut
2254 5356 2546 5412 individua.
2574 5359 2614 5411 Ε
2663 5358 2788 5428 quid
2821 5360 2924 5411 sint
2955 5371 3149 5423 genera
3180 5356 3262 5410 vel
3291 5358 3495 5425 species

1915 5447 1995 5500 vel
2039 5446 2354 5503 dilferentia:
2395 5449 2473 5502 vel
2509 5450 2716 5517 propria
2757 5448 2837 5500 vel
2870 5448 3161 5501 accidentia
3190 5448 3493 5525 exemplum

1914 5542 2356 5608 supponitdicens
2381 5556 2394 5593 :
2429 5542 2519 5593 list
2546 5542 2689 5593 enim
2714 5555 2903 5609 genus,
2928 5551 2983 5593 ut
3007 5542 3095 5594 ani
3119 5541 3232 5605 ita];
3266 5542 3492 5612 species,

1915 5640 1967 5684 ut
2018 5632 2195 5695 homo,
2235 5646 2392 5696 quam
2434 5629 2633 5685 dudum
2683 5631 2910 5687 hominis
2953 5632 3184 5702 speciem
3227 5651 3345 5687 cum
3378 5632 3495 5689 aliis

3544 306 3556 367 Ι
