4244 6254
670 365 756 441 ,δι
1518 377 1520 379 >
1966 355 2267 413 AN.MANI

2364 355 2513 411 SEV.
2555 356 2779 411 BOETll
3869 356 3937 413 52

666 448 1054 534 ἐιιίιιιειιιὶὶιιιε
1086 474 1191 531 sub
1234 475 1452 530 animali
1495 475 1785 543 posuimus.
1830 473 2162 537 Dill'erentia,
2210 481 2266 525 ut
2291 473 2339 530 Α
2370 483 2537 537 genus
2565 478 2665 534 est,
2699 468 2750 521 id
2781 477 2859 521 est
2886 467 2985 521 sub
3012 482 3111 536 qua
3142 467 3348 535 species
3377 467 3534 524 nullae
3562 479 3701 523 sunt.
3735 469 3862 523 Nam
3891 472 3937 524 si

697 567 955 623 rationale
980 582 1081 636 qua
1112 567 1339 635 species,
1366 567 1567 620 scilicet
1598 563 1830 618 hominis
1860 555 1929 617 ab
1971 561 2263 616 irrationali

697 659 856 711 distat
884 656 1120 710 animali.
1164 655 1475 725 Proprium,
1518 665 1575 709 ut
1615 655 1839 717 risibile,
1882 653 2029 722 quod
2066 654 2267 706 nu'lum

698 745 842 799 aliud
869 746 1100 811 animal,
1131 759 1303 814 neque
1333 745 1615 809 rationale,
1649 759 1820 813 neque
1848 742 2148 796 irrationale
2173 741 2268 794 ha-

696 835 800 889 bet.
854 834 1063 890 Nullum
1107 834 1248 889 enim
1304 835 1497 888 animal
1551 834 1707 901 ridet,
1754 834 1852 887 nisi
1899 834 2044 887 solus
2084 831 2265 886 homo.

696 926 872 989 Quare
898 940 1017 979 cum
1049 924 1291 993 quasdam
1332 925 1626 980 caalestium
1673 933 1990 992 potestatum
2022 920 2266 974 animalia

644 1010 649 1028 ⁴
697 1014 1029 1068 rationabilia
1058 1015 1186 1081 sint,
1213 1028 1397 1069 eorum
1430 1024 1604 1070 tamen
1633 1029 1903 1083 proprium
1936 1011 2134 1066 risibile
2162 1026 2267 1066 non

696 1114 795 1171 est,
828 1104 1075 1173 quoniam
1112 1118 1216 1158 non
1246 1104 1438 1159 rident.
1482 1104 1644 1159 Recte
1684 1104 1839 1172 igitur
1868 1101 2073 1155 risibile
2101 1099 2267 1154 solius

697 1195 929 1249 hominis
973 1196 1240 1264 proprium
1280 1196 1615 1265 praedicatur.
1645 1194 1926 1260 Accidens,
1954 1194 2153 1256 album,
2184 1192 2267 1244 ni-

695 1297 845 1351 grum
873 1292 927 1337 et
953 1283 1161 1347 sedere,
1183 1283 1434 1353 quoniam
1460 1284 1514 1336 in
1543 1282 1835 1336 substantia
1861 1280 2132 1334 hominum
2160 1294 2266 1331 non

696 1383 839 1441 sunt,
871 1375 1061 1451 merito
1086 1366 1377 1428 accidentia
1406 1374 1761 1427 nominantur.
1790 1372 1919 1425 Nam
1950 1372 1993 1426 si
2025 1372 2269 1425 substan-

699 1463 783 1517 tiae
810 1463 1173 1533 cujuscunque
1200 1463 1397 1532 speciei
1438 1464 1739 1527 interesset,
1774 1462 1824 1516 id
1852 1460 1991 1531 quod
2021 1461 2267 1515 accidens

696 1551 940 1617 dicimus,
975 1552 1290 1621 interempto
1316 1552 1573 1607 accidenti
1598 1552 1793 1621 periret
1818 1551 1977 1607 etiam
2007 1552 2122 1618 ejus
2147 1564 2268 1618 Spe.-

696 1640 794 1695 ciei
820 1642 1111 1696 substantia
1139 1641 1224 1696 cui
1251 1642 1466 1696 accidit.
1497 1641 1627 1695 Nam
1657 1642 1903 1708 quoniam
1934 1638 2192 1693 rationale
2214 1642 2267 1693 in

698 1726 928 1783 hominis
952 1730 1241 1784 substantia
1282 1738 1383 1796 est,
1415 1730 1460 1788 si
1504 1728 1885 1784 rationabilitas
1916 1729 2265 1793 interimatur,

2370 562 2469 614 sub
2489 576 2550 614 ea
2574 560 2781 628 species
2804 569 3004 623 essent,
3037 562 3146 630 ipsa
3193 562 3351 615 etiam
3379 577 3546 630 genus
3588 577 3708 618 esse
3737 574 3934 632 posset.

2367 650 2586 718 Species
2626 665 2754 718 ergo
2775 664 2891 717 qua:
2923 664 3049 702 vere
3074 650 3278 716 species
3306 660 3405 716 est,
3434 652 3564 706 alias
3592 651 3692 707 sub
3712 666 3769 706 se
3814 666 3938 721 spe-

2365 741 2478 794 cies
2498 755 2601 793 non
2633 740 2876 805 habebit,
2906 749 2961 793 ut
2990 752 3070 794 est
3094 739 3272 794 homo.
3306 741 3545 811 Namque
3595 742 3775 809 homo,
3807 756 3937 811 quo-

2369 834 2510 887 niam
2534 834 2742 901 species
2777 842 2878 897 est,
2912 833 3103 901 singuli
3128 833 3369 888 homines
3389 835 3476 902 qui
3507 834 3606 889 sub
3635 835 3748 903 ipso
3791 841 3932 903 sunt,

2368 942 2472 981 non
2501 926 2618 994 ejus
2643 926 2869 994 species,
2896 925 2987 979 sed
3021 924 3288 979 individua
3340 925 3699 979 nominantur.
3738 924 3869 979 Nam
3889 924 3936 979 si

2369 1018 2527 1070 homo
2565 1032 2733 1086 genus
2760 1026 2903 1071 esset
2932 1017 3202 1071 hominum
3256 1015 3606 1085 singulorum,
3640 1031 3807 1086 genus
3843 1031 3938 1069 au-

2366 1115 2494 1172 tem,
2519 1108 2654 1160 sicut
2675 1107 2875 1161 dicunn
2926 1117 3027 1172 est,
3054 1108 3117 1159 ad
3149 1106 3402 1175 plurimas
3433 1122 3518 1162 res
3561 1108 3741 1176 Specie
3782 1105 3938 1160 dilic-

2368 1208 2547 1253 rcntes
2574 1200 2625 1253 in
2656 1214 2721 1252 eo
2750 1198 2890 1268 quod
2934 1197 3061 1267 quid
3107 1200 3176 1251 sit
3214 1198 3541 1267 appellatur:
3569 1198 3749 1262 homo,
3775 1197 3826 1251 id
3856 1204 3939 1253 est

2348 1293 2593 1358 species,
2612 1292 2656 1345 si
2672 1301 2724 1345 ut
2745 1305 2911 1359 genus
2933 1290 3308 1359 praedicaretur
3329 1289 3395 1342 ad
3413 1288 3649 1359 singulos
3670 1288 3938 1352 homines,

2367 1379 2556 1449 singuli
2590 1380 2832 1434 homines
2862 1382 3043 1448 specie
3090 1380 3204 1449 ipsa
3258 1378 3555 1433 dilTet'rent.
3604 1377 3706 1432 Sed
3749 1377 3938 1446 singuli

2371 1467 2612 1522 homines
2633 1469 2809 1536 specie
2826 1484 2930 1521 non
2959 1466 3227 1533 dill‘erunt,
3260 1468 3397 1535 quod
3438 1476 3614 1521 autem
3642 1466 3818 1534 specie
3835 1480 3938 1518 non

2369 1557 2562 1623 dill'ert,
2610 1558 2654 1612 si
2686 1558 2810 1627 quid
2837 1558 2903 1611 ad
2934 1559 3035 1611 hoc
3078 1558 3417 1626 praedicatum
3449 1556 3641 1622 fuerit,
3670 1571 3773 1609 non
3806 1552 3937 1623 prie-

2368 1646 2575 1701 dicatur
2604 1655 2661 1700 ut
2681 1662 2851 1716 genus
2875 1646 2941 1700 ad
2968 1649 3192 1715 species,
3219 1647 3267 1699 id
3298 1655 3381 1700 est
3404 1647 3562 1699 homo
3609 1660 3712 1699 non
3752 1642 3937 1712 praedi-

2369 1745 2520 1789 catur
2539 1736 2605 1789 ad
2634 1736 2872 1805 singulos
2922 1736 3163 1790 homines
3194 1744 3250 1788 ut
3280 1751 3444 1804 genus
3478 1734 3542 1788 ad
3570 1749 3656 1788 res
3686 1734 3939 1803 plurimas

697 1819 927 1874 hominis
969 1834 1180 1890 quoque
1224 1820 1517 1875 substantia
1560 1820 1861 1874 necessario
1901 1819 2130 1886 peritura
2166 1828 2264 1871 est.
2299 1824 2345 1883 B
2371 1824 2551 1891 specie
2570 1822 2899 1888 diﬁcrentes,
2928 1824 3021 1878 sed
3042 1826 3104 1877 ad
3138 1839 3223 1877 res
3252 1823 3508 1891 plurimas
3538 1838 3760 1876 numero
3790 1819 3938 1875 αισα-

696 1909 919 1975 ldcirco,
949 1912 1198 1980 quoniam
1229 1911 1280 1964 in
1310 1911 1476 1980 ipsius
1512 1908 1703 1981 speciei
1734 1908 2028 1965 substan'ia
2056 1918 2269 1961 natura-

694 2015 798 2069 que
820 2010 1080 2054 versatur.
1112 2001 1180 2054 At
1207 2016 1335 2056 vero
1356 2001 1533 2055 album
1564 2010 1616 2055 et
1643 2000 1875 2068 nigrum,
1904 1998 1985 2052 vel
2013 2013 2265 2066 quaecun-

692 2105 796 2160 que
829 2100 952 2144 sunt
983 2091 1273 2146 accidentia
1305 2092 1349 2145 si
1376 2091 1673 2156 interimas,
1710 2091 1915 2158 species
1945 2090 2055 2156 ipsa
2086 2088 2135 2140 in
2165 2102 2265 2155 qua

693 2179 779 2234 illa
809 2181 1138 2247 accidebant,
1164 2190 1358 2235 manet.
1384 2180 1515 2234 Nam
1549 2195 1718 2249 neque
1748 2181 1920 2233 omnis
1951 2178 2110 2232 homo
2137 2193 2264 2231 can-

695 2270 870 2331 didus,
906 2286 1076 2340 neque
1103 2261 1275 2326 omnis
1304 2272 1453 2341 niger
1480 2282 1580 2334 est,
1613 2281 1664 2325 et
1692 2274 1775 2325 cui
1805 2273 2059 2325 alterutra
2085 2272 2265 2326 defue-

690 2359 795 2413 rint
817 2360 931 2428 cjus
954 2360 1159 2427 species
1189 2376 1292 2415 non
1321 2361 1528 2430 peribit.
1556 2360 1729 2430 Atque
1759 2363 1957 2417 idcirco
1983 2363 2094 2416 haec
2123 2363 2265 2415 acci-

690 2451 892 2517 dentia,
930 2453 1092 2506 veluti
1130 2467 1234 2506 non
1271 2453 1449 2506 innata
1487 2453 1539 2505 in
1576 2454 1891 2517 substantia,
1932 2454 2024 2507 sed
2069 2469 2096 2505 a
2141 2453 2267 2507 furis

691 2541 955 2593 venientia
987 2549 1130 2594 recte
1168 2544 1435 2594 nominata
1480 2552 1622 2603 sunt.
1665 2544 1811 2595 Nunc
1836 2558 1984 2611 ergo,
2017 2543 2264 2610 quoniam

690 2629 813 2699 quid
844 2630 913 2682 sit
937 2644 1103 2698 genus
1135 2629 1452 2693 ostenditur,
1477 2641 1530 2683 et
1560 2645 1623 2683 ea
1658 2646 1775 2698 qua:
1807 2632 1870 2683 ad
1901 2634 2154 2684 unitatem
2186 2633 2266 2685 di-

689 2730 899 2785 cuntur,
933 2721 1000 2773 ab
1029 2721 1093 2775 iis
1116 2736 1235 2789 qua:
1264 2720 1330 2773 dc
1363 2708 1605 2788 plurimis
1645 2719 2001 2789 prazdicantur
2028 2719 2266 2773 distinxit

688 2818 848 2879 atque
877 2810 1163 2875 distribuit,
1193 2811 1357 2879 ipsius
1381 2813 1594 2880 generis
1616 2810 1958 2873 dill‘erentias,
1984 2810 2062 2865 vel
2091 2810 2157 2863 ab
2182 2810 2265 2865 his

689 2914 805 2968 qua:
832 2899 897 2953 ad
930 2899 1184 2954 unitatem
1208 2900 1476 2965 dicuntur,
1508 2900 1591 2955 vel
1620 2900 1685 2955 ab
1715 2901 1792 2954 eis
1818 2915 1935 2971 quae
1979 2900 2043 2953 ad
2089 2900 2267 2969 plura-

688 2989 892 3045 litatent
920 3001 1237 3062 congruunt,
1272 2992 1322 3047 id
1349 3002 1432 3048 est
1457 2993 1773 3058 ditl'erentia,
1800 2994 1999 3062 Specie,
2026 2995 2260 3061 pr0prio,

686 3080 1056 3151 acc'dentique
1096 3082 1349 3146 declarat,
1380 3092 1433 3136 et
1463 3082 1591 3137 dicit
1617 3097 1786 3152 genus
1814 3084 1884 3137 ab
1923 3083 2024 3137 illis
2052 3098 2169 3152 qua:
2197 3081 2262 3136 ad

2372 1922 2547 1966 rentes
2582 1930 2594 1966 :
2635 1913 2824 1981 singuli
2863 1913 3002 1967 enim
3037 1912 3279 1966 homines
3320 1927 3542 1965 numero
3574 1928 3603 1964 a
3651 1926 3708 1965 se
3739 1920 3938 1964 tantum

2370 2019 2473 2057 non
2504 2005 2685 2072 specie
2716 2004 2930 2057 distant.
2965 2005 3139 2072 Atque
3184 2003 3325 2067 idea,
3360 2002 3609 2069 quoniam
3656 2015 3823 2075 genus
3862 2001 3939 2053 sic

2367 2092 2432 2145 ad
2469 2093 2704 2161 subjecta
2748 2093 3085 2162 prtedicatur,
3116 2102 3173 2146 ut
3226 2092 3291 2146 ad
3342 2093 3595 2161 plurimas
3650 2106 3737 2145 res
3764 2092 3939 2158 specie

2367 2182 2672 2237 dill‘erentes
2717 2183 3074 2249 prmdicetur;
3108 2183 3315 2251 species
3357 2194 3533 2235 autem
3581 2181 3644 2235 ad
3698 2182 3936 2248 subjecta

2367 2270 2435 2323 ita
2471 2272 2803 2339 praedicatur,
2834 2282 2890 2324 ut
2924 2271 2990 2324 ad
3024 2271 3275 2340 plurimas
3306 2286 3393 2325 res
3423 2286 3646 2326 numero
3692 2270 3938 2324 dill'eren-

2370 2369 2448 2419 tes
2479 2360 2813 2427 praedicetur.
2841 2359 3154 2430 Congrunnt
3198 2360 3356 2429 igitur
3395 2360 3495 2414 sibi
3545 2353 3711 2430 genus
3737 2368 3791 2413 et
3815 2374 3938 2427 spe-

2366 2447 2495 2512 cies,
2526 2449 2662 2516 quod
2685 2465 2849 2516 genus
2870 2459 2924 2504 et
2968 2452 3177 2518 species
3206 2450 3270 2503 ad
3305 2450 3527 2517 plurima
3559 2450 3937 2519 praedicantur,

2368 2546 2421 2589 et
2452 2535 2671 2604 utrat'jue
2693 2538 2745 2590 in
2764 2553 2827 2592 eo
2847 2539 2984 2606 quod
3006 2538 3141 2606 quid
3159 2540 3248 2592 sit.
3278 2539 3407 2592 Nam
3433 2540 3478 2593 si
3506 2542 3798 2608 interroges
3815 2540 3938 2608 quid

2366 2639 2447 2680 est
2476 2628 2656 2693 homo,
2681 2626 2874 2683 animal
2924 2631 3135 2693 dicitur,
3168 2630 3217 2683 id
3247 2640 3324 2684 cst
3353 2646 3540 2701 genus.
3574 2631 3638 2684 Et
3683 2632 3726 2685 si
3774 2630 3937 2684 inter-

2368 2728 2521 2780 roges
2547 2717 2677 2782 quid
2707 2727 2791 2769 est
2821 2718 3030 2784 Cicero,
3059 2718 3218 2772 ho'mo
3248 2719 3462 2783 dicitur,
3496 2718 3545 2772 id
3594 2726 3676 2772 est
3713 2719 3936 2786 species.

2368 2801 2576 2855 Distant
2622 2813 2825 2870 autem,
2868 2806 3007 2872 quod
3042 2808 3284 2873 quamvis
3330 2820 3552 2876 utraque
3598 2808 3663 2861 ad
3719 2810 3937 2876 plurima

2369 2892 2743 2961 prmdicentur,
2769 2903 2823 2948 et
2852 2896 2903 2948 in
2932 2911 2996 2950 eo
3022 2900 3158 2965 quod
3177 2898 3300 2965 quid
3324 2900 3393 2952 sit
3418 2914 3586 2968 genus
3608 2908 3781 2953 tamen
3806 2914 3933 2968 pra:-

2367 2986 2573 3039 dicatur
2594 2986 2659 3040 ad
2686 3002 2770 3041 res
2792 2987 2967 3055 specie
2994 2988 3332 3051 dill‘erentes,
3363 2992 3569 3059 species
3596 3007 3723 3058 vero
3745 2992 3939 3046 dicitur

2366 3075 2431 3129 ad
2454 3091 2540 3129 res
2569 3085 2771 3130 tantum
2805 3092 3030 3132 numero
3060 3077 3385 3144 dillcrentes,
3413 3079 3552 3147 quod
3608 3081 3939 3152 Porphyrius

688 3171 797 3225 sola
824 3171 1095 3225 individua
1125 3172 1503 3240 praidicantur,
1542 3173 1591 3226 id
1622 3182 1703 3226 est
1740 3188 1857 3242 quae
1884 3174 1949 3227 ad
1983 3173 2260 3241 unitatem,
2293 3159 2338 3221 C
2369 3164 2447 3219 Sic
2468 3165 2799 3220 demonstrat
2829 3183 2841 3220 :

687 3261 789 3315 hoc
820 3260 1055 3329 differre,
1085 3262 1224 3330 quod
1253 3278 1421 3331 genus
1448 3263 1513 3317 ad
1554 3263 1775 3331 plurima
1817 3264 2152 3331 praedicetur,
2185 3265 2263 3316 in—

686 3350 893 3405 dividua
918 3366 1046 3405 vero
1071 3352 1135 3404 ad
1163 3351 1389 3420 singula.
1406 3351 1531 3416 Sed,
1558 3353 1808 3422 quoniam
1829 3353 1941 3407 lucc
1966 3352 2263 3408 dill'erentia

686 3439 897 3509 generis
924 3439 988 3492 ad
1016 3438 1289 3493 individua
1319 3441 1617 3494 communis
1644 3452 1758 3494 erat
1782 3440 2115 3503 diﬂ‘erentiis,
2143 3455 2264 3509 spe-

687 3530 992 3599 ciebusque,
1018 3530 1247 3600 propriis
1272 3539 1323 3585 et
1349 3531 1738 3595 accidentibus,
1763 3531 1831 3585 ab
1862 3531 1962 3586 illis
1990 3534 2117 3600 Ipsis
2146 3532 2261 3586 aliis

686 3618 998 3674 dillerentiis
1046 3635 1212 3692 genus
1258 3619 1446 3673 dividit
1482 3630 1638 3689 atque
1685 3621 1954 3689 disjungit.
1997 3622 2147 3689 Quod
2194 3626 2261 3677 ita

688 3710 1033 3764 detnonstrat.
1066 3710 1148 3765 Ab
1178 3711 1259 3765 his
1298 3710 1457 3779 igitur
1484 3714 1602 3780 q‘ua:
1630 3712 1695 3765 ad
1725 3712 1978 3766 unitatem
2014 3714 2264 3769 dicuntur

687 3802 861 3857 differt
893 3818 1083 3872 genus,
1124 3803 1263 3873 quod
1298 3818 1467 3874 genus
1507 3813 1589 3859 est
1630 3803 1729 3858 hoc
1756 3805 1895 3873 quod
1921 3806 1987 3875 de
2023 3807 2262 3875 pluribus

688 3893 1028 3961 prtedicatur.

761 3981 830 4035 Ab
869 3982 945 4035 his
975 3999 1092 4053 ergo
1131 3982 1337 4052 reliquis
1367 4001 1522 4055 genus
1561 3984 1751 4052 di/ferl.
1794 3983 1966 4038 Primo
2005 4002 2037 4038 a
2079 3985 2259 4053 specie,

688 4075 926 4142 quoniam
952 4077 1161 4144 species,
1215 4078 1305 4130 etsi
1337 4078 1399 4130 de
1435 4078 1696 4147 pluribus,
1730 4094 1831 4130 non
1889 4089 2055 4131 tamen
2097 4078 2261 4147 specie

688 4162 1051 4228 differentibus,
1082 4166 1171 4217 sed
1198 4182 1407 4218 numero
1436 4168 1762 4233 praedicatur.

756 4255 832 4306 Ac
855 4256 1080 4320 primum
1103 4255 1313 4324 generis
1336 4255 1639 4321 specieique
1658 4255 1957 4308 distantiam
1974 4263 2257 4319 monstrat,

687 4356 802 4409 quae
834 4342 977 4410 prior
998 4366 1008 4391 ι
1028 4352 1079 4396 st
1116 4357 1144 4395 a
1174 4358 1385 4412 genere.
1407 4341 1536 4396 Nam
1566 4345 1804 4410 quamvis
1844 4343 2138 4396 dill'erentia
2165 4357 2255 4395 su-

688 4447 778 4498 pra
807 4433 1042 4502 speciem
1069 4436 1157 4498 sit,
1182 4450 1286 4488 non
1316 4448 1479 4500 super
1507 4435 1862 4488 subalternam
1912 4443 2108 4501 tamen,
2160 4434 2253 4489 sed

2436 3256 2511 3309 Ab
2534 3257 2611 3309 Itis
2644 3272 2760 3309 vero
2798 3258 3008 3326 reliquis
3050 3273 3159 3327 qua:
3199 3258 3261 3311 de
3312 3259 3542 3327 pluribus
3591 3260 3934 3330 appellamur,

2365 3362 2523 3416 genus
2540 3345 2910 3416 di/fert,printo
2942 3364 2973 3400 α
2994 3350 3179 3418 specie.
3217 3348 3468 3413 Quoniam
3496 3350 3701 3419 species,
3734 3360 3780 3403 et
3808 3352 3852 3403 si
3876 3352 3938 3406 de

2365 3439 2598 3509 pluribus
2647 3440 3005 3506 prwdicentur,
3035 3456 3134 3492 non
3166 3450 3332 3492 tamen
3374 3441 3539 3508 specie
3567 3436 3936 3507 di/fcrentibus,

2364 3532 2451 3585 sed
2481 3547 2688 3584 numero
2716 3547 2734 3584 :
2765 3532 2917 3585 homo
2944 3534 3079 3586 enim
3123 3535 3310 3603 species
3344 3550 3458 3587 cum
3500 3535 3583 3599 sit,
3610 3535 3672 3588 de
3702 3534 3935 3611 Socrate,
4030 3585 4051 3603 ,

2368 3619 2590 3674 Platone
2629 3630 2675 3673 et
2705 3620 2945 3675 Cicerone
2984 3624 3312 3690 prwdicatur,
3354 3625 3439 3693 qui
3479 3641 3579 3677 non
3624 3628 3818 3694 specie,
3850 3626 3938 3680 sed

2366 3726 2575 3763 numero
2606 3709 2870 3776 differunt.
2902 3712 3108 3764 Animal
3133 3729 3246 3765 vero
3275 3713 3409 3782 quod
3431 3730 3586 3783 genus
3604 3725 3698 3778 est,
3730 3726 3775 3767 ct
3801 3715 3936 3767 bovis

2362 3808 2412 3852 et
2440 3800 2551 3867 equi
2576 3799 2869 3868 prwdicatio
2902 3810 2995 3865 est,
3038 3818 3151 3870 qua:
3199 3801 3443 3866 differunt
3481 3806 3647 3871 specie
3669 3822 3699 3856 a
3730 3821 3780 3858 se
3815 3805 3936 3857 invi-

2364 3904 2490 3949 cem,
2515 3903 2612 3940 non
2646 3904 2852 3941 numero
2876 3890 3006 3943 sola.

2435 3976 2584 4041 Quod
2603 3977 2776 4029 simile
2803 3985 2886 4030 est
2914 3992 2975 4031 ac
3006 3979 3048 4031 si
3072 3978 3295 4043 diceret,
3330 3995 3491 4043 renus
3522 3995 3552 4033 a
3581 3981 3756 4048 specie
3778 3995 3936 4033 unam

2361 4064 2716 4117 diﬂcrt-ntiam
2749 4066 2870 4133 plus
2900 4067 3114 4120 habere.
3153 4068 3460 4135 Congrunnt
3492 4085 3716 4136 namque
3739 4085 3935 4137 genera

2362 4154 2663 4223 speciebus,
2700 4156 2838 4221 quod
2866 4165 3089 4224 utraque
3116 4158 3167 4211 in
3198 4172 3264 4210 eo
3293 4159 3432 4225 quod
3461 4158 3584 4226 quid
3633 4160 3701 4211 sit
3742 4159 3935 4227 praedi-

2361 4252 2568 4306 cantur,
2602 4254 2667 4295 ut
2688 4244 2885 4296 dictum
2913 4254 3015 4298 est.
3042 4245 3355 4313 Congrunnt
3382 4248 3505 4300 item
3537 4261 3705 4314 genus
3734 4257 3787 4301 et
3812 4263 3935 4316 spe-

2362 4336 2470 4388 cies
2497 4335 2637 4403 quod
2658 4346 2881 4403 utraque
2906 4336 2968 4389 ad
3004 4352 3090 4392 res
3113 4339 3367 4405 plurimas
3400 4339 3773 4407 prtedicantur.
3798 4340 3937 4397 Con-

2361 4427 2503 4493 gruit
2541 4427 2665 4480 item
2715 4441 2884 4494 genus
2930 4437 2985 4482 et
3035 4432 3262 4496 species,
3302 4430 3444 4499 quod
3488 4441 3711 4499 utraque
3747 4434 3812 4485 ad
3852 4448 3937 4487 res

688 4538 848 4590 super
901 4528 1133 4591 speciem
1179 4524 1618 4593 specialissimam
1677 4523 1975 4578 differentia
2028 4524 2256 4593 punitur.
2289 4515 2342 4574 D
2368 4537 2590 4576 numero
2613 4521 2920 4577 dill‘erentcs
2948 4524 3324 4591 praedicantur.
3353 4524 3481 4578 Nam
3514 4535 3568 4579 et
3605 4526 3796 4595 singuli
3844 4528 3937 4580 ho-

685 4614 814 4667 Nam
862 4615 1105 4683 quamvis
1133 4614 1412 4669 rationalis
1436 4614 1729 4669 dill'erentia
1773 4631 1931 4686 super
1986 4615 2257 4671 hominem

687 4714 930 4771 p'matttr,
954 4720 1071 4773 qua:
1120 4706 1327 4774 species
1355 4707 1736 4776 specialissima
1791 4717 1892 4773 est,
1929 4717 2103 4762 tamen
2136 4717 2259 4763 ante

685 4795 915 4858 speciem
958 4796 1396 4862 specialissimam
1450 4799 1561 4866 ipsa
1599 4799 1895 4853 dill‘ercnlia
1944 4800 2150 4867 species
2179 4810 2259 4854 est

685 4881 800 4950 ejus
842 4886 1083 4952 generis,
1117 4887 1200 4940 cui
1239 4888 1445 4956 species
1494 4891 1875 4957 specialissima
1924 4892 2255 4958 supponitur.

686 4970 813 5025 Nam
842 4972 942 5026 sub
977 4974 1195 5027 animali
1239 4987 1361 5030 ante
1392 4976 1659 5030 hominem
1709 4978 1968 5031 rationale
2025 4980 2257 5045 ponitur.

684 5063 847 5133 Igitur
864 5078 985 5117 cum
1025 5079 1192 5133 genus
1220 5075 1271 5119 et
1301 5065 1512 5133 species
1540 5076 1764 5136 utraque
1794 5067 1857 5120 ad
1873 5067 2097 5135 plurima
2125 5083 2261 5137 prae-

684 5157 949 5221 dicuntur,
977 5171 1143 5225 genus
1174 5170 1303 5210 vero
1332 5158 1396 5209 ad
1422 5157 1677 5224 plurimas
1706 5158 1914 5226 species
1944 5159 1993 5211 in
2023 5174 2087 5212 eo
2119 5160 2256 5228 quod

682 5249 810 5318 quid
859 5250 927 5303 sit
966 5249 1312 5318 praedicatur,
1347 5251 1552 5319 species
1592 5266 1695 5304 non
1731 5252 1837 5319 jam
1892 5251 1957 5304 ad
2004 5252 2259 5320 plurimas

682 5340 911 5407 species,
948 5339 1040 5394 scd
1073 5340 1137 5393 ad
1170 5340 1392 5410 plurima
1425 5340 1693 5394 individua
1742 5342 2078 5409 przedicatur.
2128 5342 2261 5395 Sunt

683 5438 860 5484 autem
891 5430 1131 5499 quzedam
1162 5446 1357 5501 genera
1399 5432 1795 5501 generalissima
1828 5432 1906 5498 (ut
1930 5430 2130 5485 dictum
2153 5430 2259 5501 est)

684 5532 844 5587 supra
866 5536 983 5589 qnze
1020 5522 1161 5575 aliud
1188 5538 1354 5593 genus
1377 5523 1600 5578 inveniri
1646 5537 1750 5576 non
1786 5523 1965 5591 possit.
1998 5521 2131 5576 Sunt
2169 5537 2263 5575 au-

688 5617 792 5659 tem
823 5610 1025 5676 species
1052 5610 1153 5665 sul)
1179 5613 1372 5681 quibus
1400 5613 1516 5667 alia:
1536 5617 1742 5681 species
1763 5611 1988 5667 inveniri
2012 5626 2116 5665 non
2141 5624 2262 5678 pos-

688 5694 822 5761 δίηῑ»
848 5700 1116 5767 Olinlcgra
1142 5703 1349 5768 species
1381 5704 1468 5759 illa
1500 5704 1825 5770 nominatur,
1849 5718 1966 5773 quae
1997 5716 2260 5771 nunquam

2365 4617 2535 4669 m'nes
2562 4615 2631 4668 ita
2655 4629 2685 4667 a
2716 4630 2773 4668 se
2797 4615 2949 4668 divisi
2981 4625 3121 4679 sunt,
3157 4626 3409 4684 quantum
3439 4618 3505 4671 ad
3548 4634 3847 4683 numerum,
3879 4628 3937 4672 ut

2368 4709 2526 4760 homo
2567 4706 2635 4760 ab
2663 4721 2799 4775 equo
2840 4707 2922 4761 vel
2968 4706 3125 4772 bove,
3154 4707 3240 4760 vel
3261 4722 3289 4760 a
3342 4723 3522 4773 cervo,
3552 4710 3638 4762 vel
3668 4725 3694 4761 a
3722 4709 3938 4777 quibus-

2366 4796 2493 4851 libet
2522 4796 2641 4849 aliis
2670 4796 3052 4850 animantibus.
3076 4797 3145 4850 At
3171 4811 3302 4850 vero
3323 4797 3716 4866 distataspecie
3745 4813 3935 4867 genus,

2363 4886 2501 4953 quod
2536 4899 2703 4954 genus
2758 4885 2824 4936 de
2863 4883 3099 4951 pluribus
3150 4884 3308 4939 rebus
3348 4887 3526 4954 specie
3569 4886 3936 4940 differentibus

2363 4974 2700 5041 praedicatur,
2734 4972 2874 5040 quod
2917 4973 3125 5042 species
3154 4991 3258 5030 non
3304 4978 3517 5031 habent.
3561 4977 3703 5030 Nihil
3758 4982 3934 5029 autem

2364 5064 2579 5117 dillerre
2606 5061 2856 5128 arbitror,
2880 5073 3053 5118 utrum
3079 5070 3146 5119 ita
3171 5067 3372 5121 dicatur
3397 5069 3550 5120 aliam
3566 5080 3675 5118 rem
3695 5063 3759 5115 ad
3776 5063 3932 5118 aliam

2364 5147 2664 5222 praedicari,
2704 5167 2768 5205 an
2796 5154 2951 5207 aliam
2984 5170 3095 5209 rem
3134 5155 3201 5209 de
3228 5157 3329 5208 alia
3371 5153 3663 5223 praedicari.
3701 5153 3936 5235 Uterque

2362 5244 2503 5299 enim
2534 5242 2674 5297 idem
2708 5244 3007 5298 intellectus
3029 5255 3129 5298 est.
3158 5244 3288 5298 Nam
3318 5246 3359 5297 si
3390 5244 3585 5297 animal
3616 5238 3935 5312 prtedicatur

2363 5333 2428 5388 ad
2460 5333 2751 5400 hominem,
2782 5334 2922 5388 idem
2964 5334 3120 5388 etiatn
3150 5334 3343 5386 animal
3391 5332 3458 5386 de
3499 5332 3714 5387 homine
3745 5334 3935 5403 przedi-

2364 5436 2534 5480 catur.
2565 5424 2698 5478 Nam
2729 5438 2849 5478 cum
2880 5422 3289 5489 interrogaveris
3311 5422 3434 5489 quid
3474 5431 3557 5475 est
3605 5422 3782 5485 homo,
3816 5408 3959 5483 res-1

2365 5515 2567 5587 pondes
2596 5515 2663 5570 de
2691 5513 2918 5567 hominis
2948 5513 3363 5579 interregatione
3394 5512 3662 5567 hominem
3686 5525 3805 5565 esse
3821 5510 3934 5563 ani-

2366 5609 2491 5664 mal.
2524 5608 2627 5663 Sed
2645 5590 2783 5660 nunc
2809 5612 3019 5672 oportet
3045 5618 3143 5658 nos
3158 5618 3217 5661 ea
3232 5620 3347 5675 quae
3367 5613 3661 5675 sequuntur
3672 5601 3935 5670 aspicere.

2366 5700 2500 5769 Quid
2534 5714 2660 5768 ergo
2687 5696 2955 5766 sequitur?
