4244 6254
282 306 348 363 35
1420 295 1484 351 IN
1525 287 1970 350 PORPllYRlUM
2009 286 2349 345 ntALocus
2388 289 2428 343 ι.
3464 296 3535 352 δι

355 425 397 477 Α
431 420 645 492 praprio
673 426 839 471 autem
859 428 1012 485 genus
1034 410 1224 478 di/ferl,
1253 410 1388 479 quod
1419 408 1682 479 proprium
1704 418 1861 477 juxta
1888 410 1941 464 Α
1964 404 2234 471 accidens,
2268 402 2651 459 accidentalem
2698 407 3009 475 qualitatem
3059 426 3164 467 non
3199 414 3531 472 substantias.

284 528 539 584 quantque
554 510 767 579 speciem
789 505 1051 573 proprium
1080 501 1367 573 appellatur
1380 500 1462 552 cui
1485 499 1750 569 praprium
1768 506 1861 561 est,

285 616 333 659 et
349 608 507 674 juxta
528 619 582 656 ea
593 598 802 670 quasub
825 597 990 667 specie
1018 603 1158 660 sunt,
1177 594 1368 649 scilicet
1387 591 1670 646 individua.
1693 590 1861 644 Nant-

290 712 383 759 1ue
409 694 600 747 risibile
627 688 840 741 hominis
862 685 1027 741 solum
1054 695 1145 752 est,
1163 694 1208 739 et
1233 684 1552 753 singulorum
1580 682 1753 751 utique
1776 681 1868 735 ho-

288 785 503 836 minum.
534 780 694 834 Genus
710 786 881 833 autem
912 792 1014 828 non
1038 775 1103 829 ad
1125 790 1277 828 unam
1299 773 1537 841 speciem,
1553 771 1643 825 sed
1663 772 1730 824 ad
1753 770 1868 839 plu-

290 890 371 926 res
400 888 480 925 res
503 870 662 939 specie
684 867 976 932 differentes
1000 880 1196 935 semper
1222 870 1448 932 aptatur.

364 964 498 1031 Ergo
526 961 625 1016 hoc
651 958 865 1013 videtur
887 957 973 1012 hic
1001 956 1195 1019 dicere,
1228 954 1369 1024 quod
1397 966 1558 1008 omne
1594 950 1865 1020 proprium

291 1055 333 1109 si
363 1052 515 1106 luerit
540 1052 737 1121 speciei
766 1051 921 1104 unius
952 1056 1076 1102 tunc
1096 1062 1221 1102 vere
1241 1055 1326 1101 est
1353 1045 1646 1115 proprium.
1679 1041 1807 1096 Nam
1821 1040 1869 1094 si

291 1143 445 1197 unius
476 1140 676 1214 speciei
726 1154 832 1193 non
865 1139 1044 1203 luerit,
1085 1136 1179 1191 sed
1223 1136 1445 1190 duarum
1496 1133 1578 1188 vel
1608 1131 1864 1202 plurium,

290 1241 413 1284 tunc
439 1228 646 1283 duobus
670 1228 752 1281 vel
790 1228 1029 1296 pluribus
1058 1241 1161 1280 non
1220 1225 1513 1295 proprium,
1543 1223 1636 1278 sed
1665 1221 1770 1277 erit
1813 1222 1869 1275 in

291 1320 607 1377 substantia:
635 1321 840 1375 ratione
857 1332 1157 1373 commune.
1189 1317 1408 1371 Constat
1445 1329 1574 1384 ergo
1595 1314 1867 1383 proprium

291 1414 338 1465 ei
362 1412 515 1480 cujus
535 1418 621 1464 est
641 1409 943 1478 proprium,
974 1408 1073 1461 soli
1111 1407 1310 1474 speciei
1334 1406 1672 1475 singulariter
1695 1404 1873 1458 adhae-

240 1548 243 1549 ν
290 1515 437 1555 rere.
469 1500 622 1554 Unde
658 1494 913 1568 quoniam
962 1497 1195 1551 hominis
1222 1498 1428 1566 species
1472 1496 1583 1551 sola
1628 1504 1710 1551 est
1756 1511 1871 1567 qure

290 1591 488 1651 rideat,
521 1589 726 1643 risibile
749 1589 947 1642 homini
968 1590 1181 1657 proprie
1199 1596 1253 1641 et
1282 1588 1621 1657 singulariter
1638 1596 1867 1655 aptatur.

292 1680 372 1731 Ad
405 1694 565 1732 unam
598 1692 812 1745 semper
838 1677 1238 1746 igiturspeciem
1254 1678 1550 1747 proprietas
1565 1677 1864 1730 adhibetur.

1968 495 2111 566 Ergo
2149 495 2399 566 quoniam
2445 510 2616 566 genus
2641 510 2799 567 supra
2842 503 3075 567 speciem
3104 513 3204 571 est,
3245 518 3298 562 et
3327 511 3534 578 species

1964 586 2241 653 supposita
2264 586 2465 652 generi,
2490 600 2656 655 genus
2678 588 2911 656 speciem
2927 631 2942 655 ,
2970 593 3179 659 species
3207 595 3532 654 individuum

1966 673 2090 741 quid
2111 675 2182 727 sit
2208 674 2460 728 ostendit.
2486 675 2655 730 Porro
2690 684 2867 731 autem
2906 679 3019 733 sola
3052 689 3278 750 possunt
3329 690 3535 755 species

1967 765 2261 820 dillerentia
2293 766 2561 837 segregari
2588 785 2599 819 :
2631 768 2971 838 qualitatibus
2999 771 3141 827 enim
3175 776 3537 837 substantiali-

1967 854 2086 921 bus,
2143 854 2195 909 id
2221 865 2303 910 est
2347 856 2671 912 substantias
2711 858 3140 926 declarantibus,
3189 866 3537 935 sejungnntur

1967 956 2127 1016 atque
2148 947 2551 1017 dispertiuntur.
2570 948 2701 1003 Nam
2723 964 2844 1005 cum
2868 952 3062 1007 animal
3084 969 3250 1023 genus
3272 958 3362 1019 sit.
3379 959 3538 1015 homo

1968 1042 2095 1092 vero
2119 1038 2201 1093 vel
2228 1053 2395 1107 equus
2440 1041 2668 1108 species,
2697 1043 2882 1111 quales
2931 1052 3171 1115 utraeque
3197 1049 3403 1116 species
3432 1053 3539 1106 sint

1969 1134 2229 1181 monstrat
2257 1127 2569 1183 differentia:
2609 1133 2927 1201 segregatio.
2961 1143 3017 1189 ut
3039 1135 3280 1193 dicamus
3308 1141 3538 1208 speciem

1968 1232 2089 1272 esse
2127 1218 2358 1301 hominis
2380 1221 2716 1288 rationalem,
2749 1224 2981 1292 speciem
3024 1241 3149 1281 vero
3175 1230 3295 1298 equi
3327 1230 3538 1288 irratio-

1969 1309 2166 1363 nalem.
2198 1308 2253 1363 Si
2284 1312 2402 1378 quis
2426 1312 2567 1365 enim
2612 1313 2904 1384 interroget
2937 1318 3063 1386 quid
3091 1330 3173 1375 est
3220 1304 3398 1389 homo,
3428 1327 3540 1379 ani-

1970 1401 2073 1455 mal
2105 1401 2315 1456 dicitur.
2346 1403 2437 1457 Sin
2487 1414 2663 1459 autem
2713 1408 2832 1475 quis
2876 1408 3017 1464 dicat
3053 1412 3222 1479 qualis
3247 1423 3330 1469 est
3356 1414 3537 1482 homo,

1972 1490 2247 1546 rationalis
2272 1493 2646 1561 respondetur.
2682 1497 2754 1551 lta
2781 1512 2994 1567 semper
3014 1501 3313 1558 diderentia
3358 1521 3463 1562 non
3486 1508 3539 1563 in

1972 1594 2037 1633 eo
2061 1581 2201 1649 quod
2232 1582 2357 1651 quid
2386 1584 2473 1649 sit,
2504 1584 2596 1640 sed
2626 1586 2678 1640 in
2708 1602 2772 1642 eo
2799 1590 2935 1657 quod
2962 1592 3116 1659 quale
3130 1594 3200 1648 sit
3221 1597 3539 1666 appellatur:

1974 1669 2041 1725 de
2062 1672 2318 1726 accidenti
2344 1688 2471 1728 vero
2503 1691 2608 1730 non
2638 1677 2852 1733 dubium
2879 1689 2978 1746 est,
3012 1696 3132 1737 cum
3179 1685 3293 1753 ipsa
3318 1689 3541 1756 qualitas

293 1768 461 1821 υίδίαι
481 1767 643 1835 igitur
674 1766 945 1835 praprium
989 1782 1017 1819 a
1045 1782 1266 1837 genere,
1296 1767 1437 1836 quod
1465 1781 1631 1835 genus
1657 1780 1869 1833 semper
1895 1750 1944 1812 Β
1972 1762 2023 1815 in
2056 1763 2347 1819 accidentis
2375 1766 2611 1835 partibus
2664 1783 3029 1838 componatur.
3062 1750 3299 1845 Namque
3324 1750 3375 1833 i-n
3402 1795 3544 1849 prte-

295 1860 358 1913 ad
382 1859 636 1928 plurimas
656 1859 863 1926 species
893 1858 1211 1927 appellatur,
1244 1858 1517 1926 proprium
1532 1871 1656 1911 vero
1674 1857 1740 1910 de
1766 1869 1869 1909 una

296 1958 497 2003 tantum
517 1948 697 2016 specie
723 1949 876 2018 cujus
902 1958 984 2003 est
1014 1950 1307 2017 proprium.
1340 1948 1470 2002 Nam
1493 1950 1535 2001 si
1567 1948 1767 2001 risibile
1793 1947 1873 2003 di-

296 2053 408 2102 cas,
441 2039 505 2091 ad
528 2054 688 2092 unam
732 2047 934 2092 tantum
983 2038 1217 2106 speciem
1278 2038 1508 2091 hominis
1554 2036 1872 2105 appellatur.

297 2131 551 2197 Congruit
581 2138 757 2184 autem
780 2144 946 2199 genus
973 2144 1093 2183 cum
1113 2128 1325 2198 proprio
1348 2129 1400 2182 in
1427 2128 1527 2182 hoc
1546 2127 1686 2197 quod
1710 2141 1875 2194 genus

298 2230 354 2275 et
380 2222 652 2290 proprium
680 2220 747 2275 de
776 2221 1013 2289 pluribus
1041 2219 1402 2288 appellantur.
1451 2217 1691 2287 Namque
1712 2230 1876 2285 genus

303 2313 367 2365 ad
396 2313 573 2381 plures
602 2312 807 2381 Species
832 2312 1147 2380 appellatur.
1180 2309 1276 2377 Ap,
1299 2309 1493 2363 ellntur
1520 2309 1679 2363 etiam
1709 2322 1876 2376 genus

298 2402 366 2457 de
409 2402 492 2457 bis
535 2417 654 2471 qua:
682 2402 781 2457 sub
828 2402 1109 2469 speciebus
1140 2410 1262 2453 sunt
1303 2399 1614 2454 individuis.
1660 2397 1793 2452 Nam
1831 2397 1874 2453 si

300 2494 467 2547 homo
493 2502 549 2548 et
569 2498 737 2561 equus
762 2492 955 2546 animal
982 2499 1088 2555 est,
1118 2491 1221 2545 erit
1255 2489 1416 2545 etiam
1445 2489 1632 2544 Cicero
1657 2487 1874 2553 animal,

300 2597 359 2644 et
385 2589 615 2657 quilibet
642 2602 813 2653 equus
842 2586 1180 2656 singulariter
1207 2586 1401 2639 animal
1441 2584 1764 2637 nominatur.
1797 2580 1878 2634 Si-

300 2678 502 2732 militer
517 2685 572 2731 et
598 2677 871 2746 proprium
903 2676 967 2729 ad
992 2676 1213 2744 plurima
1265 2673 1477 2727 dicitur.
1509 2672 1710 2749 Dicitur
1738 2669 1877 2725 enim

299 2768 365 2823 ad
394 2781 821 2837 unamquamque
869 2766 1125 2834 speciem,
1172 2774 1226 2818 et
1265 2763 1331 2817 ad
1366 2778 1428 2817 ea
1470 2760 1734 2815 individua
1763 2774 1879 2828 qua:

302 2868 423 2913 sunt
443 2860 542 2912 sub
559 2859 739 2926 specie
756 2873 846 2926 pr.t
866 2856 1091 2910 dicatur.
1116 2854 1246 2909 Nam
1274 2855 1320 2908 si
1355 2857 1512 2908 homo
1537 2852 1758 2905 risibilis
1776 2859 1878 2914 est,

304 2951 521 3027 risibilis
552 2958 634 3004 est
682 2949 1065 3004 etiam'Cicero
1092 2958 1145 3003 et
1175 2945 1447 3016 Virgilius,
1480 2953 1535 2999 et
1578 2945 1881 3011 quicunque

305 3041 637 3111 singulariter
693 3040 1040 3095 nominantur
1093 3036 1324 3092 risibiles
1378 3044 1521 3088 sunt.
1571 3030 1881 3099 Congruunt

1972 1852 2286 1907 dicamentis
2308 1857 2445 1909 inter
2460 1857 2590 1913 alias
2613 1873 2801 1914 novem
2837 1873 3013 1929 partes
3040 1864 3351 1931 accidentis,
3381 1871 3541 1924 etiam

1974 1946 2198 2013 qualitas
2241 1948 2561 2003 nominatur.
2597 1950 2728 2005 Nam
2777 1956 2934 2009 etiam
2985 1958 3031 2011 si
3075 1960 3194 2027 quis
3250 1961 3542 2031 interroget

1975 2035 2149 2101 qualis
2169 2038 2316 2090 corvi
2347 2039 2665 2106 speciessit,
2693 2043 2840 2110 nigra
2887 2047 3137 2102 continuo
3156 2050 3537 2117 respondetur.

1976 2121 2285 2192 Congruuut
2314 2142 2441 2197 ergo
2486 2142 2681 2198 genera
2732 2131 3042 2188 dill‘erentiis
3085 2145 3139 2189 et
3177 2137 3543 2194 accidentibus

1976 2217 2116 2286 quod
2145 2219 2210 2272 de
2239 2220 2519 2288 speciebus
2555 2221 2795 2289 pluribus
2845 2224 3218 2290 praedicantur.
3250 2227 3380 2281 Nam
3407 2231 3543 2289 sicut

1978 2322 2144 2375 genus
2174 2309 2379 2377 species
2401 2310 2500 2363 sub
2512 2316 2571 2364 8e
2598 2311 2774 2378 plures
2794 2311 2973 2378 habet,
2990 2314 3060 2367 ita
3072 2313 3389 2372 diderentia.
3413 2318 3544 2373 Nam

1981 2398 2290 2454 rationalem
2320 2400 2545 2454 dicimus
2569 2400 2730 2455 Deum
2758 2407 2813 2455 et
2841 2400 3130 2456 hominem.
3163 2404 3367 2461 Rursus
3384 2409 3546 2465 etiam

1980 2489 2229 2543 accidens
2269 2491 2336 2543 de
2364 2491 2605 2559 pluribus
2627 2490 2905 2560 Speciebus
2934 2492 3270 2561 praedicatur.
3298 2494 3427 2551 Nam
3468 2500 3545 2555 ni.

1980 2592 2129 2646 grnm
2159 2578 2384 2633 dicimus
2415 2589 2467 2633 et
2495 2580 2786 2645 hominem,
2811 2588 2865 2634 et
2892 2596 3108 2650 equum,
3137 2593 3191 2638 et
3228 2599 3467 2655 corvum,
3494 2600 3547 2648 et

1981 2668 2229 2730 ebenum,
2259 2677 2311 2721 et
2340 2669 2596 2736 plurimas
2619 2669 2750 2721 alias
2778 2670 3002 2736 species.
3053 2672 3261 2728 Rursus
3302 2681 3547 2748 congruit

1981 2771 2149 2826 genus
2178 2756 2507 2819 differentiae,
2541 2755 2702 2822 quod,
2741 2758 2877 2809 sicut
2918 2773 3106 2826 genus,
3145 2762 3223 2816 sic
3251 2763 3548 2825 differentia

1983 2846 2257 2913 aequaliter
2278 2844 2343 2898 ad
2370 2844 2697 2897 individuum
2730 2846 3071 2912 praedicatur.
3102 2848 3232 2904 Nam
3273 2854 3316 2906 si
3363 2856 3550 2913 Cicero

1982 2935 2175 2989 animal
2206 2942 2307 2997 est,
2341 2933 2479 3001 quod
2508 2934 2588 2986 est
2619 2947 2806 3001 genus,
2829 2942 2882 2987 et
2923 2936 3181 2993 rationale
3223 2940 3417 2995 animal
3445 2952 3550 3009 est,

1938 3094 1950 3112 ι
1984 3024 2123 3091 quod
2148 3031 2229 3074 est
2271 3021 2588 3075 dilferentia.
2620 3020 2929 3091 Congruuut
2954 3028 3135 3087 etiam.
3165 3029 3305 3097 quod
3330 3030 3396 3084 de
3440 3047 3543 3087 nu-

480 3093 983 3203 vqunniamvutraque
1012 3133 1064 3185 in
1085 3144 1151 3185 eo
1178 3127 1318 3198 quod
1342 3126 1464 3194 quid
1492 3126 1561 3178 sit
1584 3093 1874 3183 prtetlican-
1906 3093 1951 3151 (ἶ
1986 3127 2133 3203 mero
2177 3110 2545 3165 diderentibus
2592 3112 2981 3180 pratdicantur,
3020 3118 3160 3185 quod
3183 3093 3440 3188 superius
3485 3125 3552 3180 de

322 3233 427 3277 tur.
454 3222 586 3277 Nam
615 3237 775 3291 genus
803 3222 871 3275 de
903 3220 1082 3290 specie
1108 3219 1160 3272 in
1190 3232 1257 3272 eo
1279 3215 1417 3285 quod
1447 3214 1572 3281 quid
1599 3214 1668 3263 sit
1694 3205 1883 3276 βιωὰί-

308 3324 476 3368 catur.
508 3313 638 3367 Nam
662 3314 707 3367 si
730 3312 861 3367 dicis
883 3310 1008 3382 quid
1040 3318 1120 3364 est
1145 3309 1324 3367 homo,
1346 3302 1540 3358 animal
1570 3296 1881 3367 appellabis.

310 3409 437 3462 item
471 3408 739 3477 pr0prium
769 3408 820 3459 in
842 3420 907 3460 en
932 3403 1073 3474 quod
1102 3400 1225 3470 quid
1262 3400 1333 3452 sit
1373 3394 1714 3465 praedicatur.
1751 3388 1882 3441 Nam

311 3499 355 3553 si
386 3499 519 3553 dicis
547 3498 672 3568 quid
717 3508 797 3552 est
842 3496 1025 3563 homo,
1073 3494 1265 3548 merito
1314 3485 1512 3542 risibile
1550 3481 1881 3553 prtedicahis.

312 3588 617 3657 C-ingnuttnt
644 3597 820 3640 autem
848 3586 987 3651 quod
1019 3596 1186 3651 genus
1215 3590 1265 3632 et
1314 3576 1583 3644 proprium
1628 3572 1693 3626 ad
1725 3571 1888 3640 pluri-

314 3694 424 3731 mas
453 3692 537 3731 res
560 3692 781 3731 numero
808 3677 1111 3730 dill'erentes
1153 3668 1529 3737 prmdicantur.
1576 3663 1705 3716 Nam
1760 3663 1828 3713 ita
1856 3675 1884 3712 a

314 3782 371 3821 se
397 3766 648 3821 diil'erunt
676 3766 885 3835 singula
917 3762 1185 3821 animalia,
1220 3757 1268 3811 id
1311 3765 1393 3811 est
1423 3756 1603 3815 homo.
1634 3766 1802 3821 equus
1829 3757 1885 3805 et

314 3870 534 3919 corvus,
573 3863 630 3909 et
674 3864 890 3916 caztera,
920 3862 976 3905 ut
1020 3850 1205 3918 singuli
1237 3847 1499 3907 homines,
1539 3851 1791 3912 quantum
1823 3841 1888 3895 ad

314 3959 621 3999 numerum.
652 3944 820 3997 Distat
840 3951 1011 3996 autem
1031 3956 1058 3994 a
1089 3954 1307 4009 genere,
1334 3937 1474 4006 quod
1497 3949 1663 4005 genus
1680 3934 1743 3988 ad
1774 3932 1890 3999 plu-

312 4036 477 4090 rimas
517 4035 726 4102 species
769 4032 1101 4099 prredicatur,
1136 4032 1404 4097 proprium
1447 4040 1574 4079 vero
1618 4024 1683 4077 ad
1730 4036 1886 4075 unam

312 4131 475 4184 solam
504 4128 653 4196 cujus
670 4136 752 4181 est
782 4125 1051 4194 proprium
1086 4124 1408 4177 nominatur.
1442 4120 1546 4175 Sed
1574 4135 1676 4172 non
1700 4126 1781 4170 est
1809 4117 1888 4171 in-

313 4202 580 4288 terfgenus
596 4226 649 4272 et
672 4216 940 4285 proprium
962 4216 1150 4271 eadem
1167 4213 1467 4268 diﬂ‘erentia
1497 4225 1615 4279 quae
1643 4221 1723 4263 est
1748 4209 1887 4283 inter

313 4311 539 4377 speciem
566 4316 618 4359 et
637 4322 828 4376 genus.
860 4306 990 4359 Nam
1017 4320 1059 4371 s;
1082 4306 1222 4360 ecies
1252 4304 1319 4357 de
1354 4303 1495 4357 nulla
1527 4300 1746 4356 omnino
1768 4314 1888 4366 spe-

315 4399 396 4451 cie
417 4397 753 4465 prtedicatur,
778 4399 1052 4464 pr0prium
1076 4411 1204 4451 vero
1234 4395 1355 4449 licet
1381 4410 1486 4447 non
1509 4392 1570 4445 ad
1597 4393 1793 4461 plures,
1820 4390 1882 4442 ad

1984 3201 2103 3255 aliis
2118 3209 2467 3255 monstratum
2480 3211 2591 3257 est:
2615 3203 2975 3260 Distatautem
3005 3208 3144 3275 quod
3168 3210 3327 3281 (sicut
3352 3213 3551 3271 dictum

1983 3290 2085 3359 est)
2110 3308 2274 3361 genus
2298 3293 2349 3347 in
2380 3308 2447 3347 eo
2461 3294 2600 3362 quod
2631 3295 2757 3363 quid
2795 3298 2864 3350 sit
2895 3299 3192 3367 appellatur
3221 3302 3553 3362 :dill'erentia

1984 3396 2111 3435 vero
2142 3382 2223 3436 vel
2245 3383 2538 3438 accidentia
2570 3383 2622 3438 in
2644 3400 2708 3439 eo
2734 3386 2873 3454 quod
2896 3390 3051 3456 quale
3081 3390 3147 3444 sit
3177 3393 3553 3460 praedicantur.

1983 3474 2114 3529 Nam
2167 3475 2213 3530 si
2261 3475 2409 3529 dicas
2445 3476 2567 3544 quid
2610 3486 2694 3531 est
2743 3476 2920 3541 homo,
2953 3481 3245 3550 appellabis
3282 3499 3473 3553 genus,
3504 3496 3555 3545 et

1983 3566 2117 3622 dic?s
2158 3566 2354 3619 animal
2402 3581 2521 3621 esse
2578 3566 2957 3631 hominem.,Si
2986 3585 3113 3626 vero
3155 3574 3326 3641 qualis
3364 3578 3434 3630 sit
3488 3581 3555 3635 ad

1984 3656 2334 3711 differentiam
2386 3657 2828 3722 interrogaveris,
2882 3661 3141 3717 rationale
3175 3667 3555 3733 respondeam,

1986 3749 2067 3801 vel
2102 3748 2351 3802 accidens
2384 3748 2589 3817 nigrum
2632 3751 2716 3803 vel
2762 3750 2960 3819 album,
3016 3753 3098 3807 vel
3123 3755 3292 3822 qualis
3337 3759 3558 3828 quisque

1985 3841 2054 3893 sit
2091 3841 2157 3894 de
2179 3856 2283 3908 quo
2312 3841 2684 3909 interrogatur.
2721 3840 2813 3894 llis
2843 3842 3003 3911 igitur
3030 3843 3331 3901 distributis
3359 3848 3559 3905 distan-

1988 3931 2086 3984 tias
2110 3932 2248 3997 ipsas
2274 3945 2302 3981 a
2331 3930 2618 3998 primordio
2656 3930 2841 3985 rursu's
2863 3932 3066 3986 orditdr
3092 3935 3274 3990 dicens
3297 3955 3313 3991 :

2062 4018 2208 4071 Unde
2234 4019 2326 4072 hoc
2353 4019 2487 4088 quod
2512 4019 2575 4071 de
2608 4017 2836 4087 pluribus
2868 4022 3179 4089 praedicatur
3205 4043 3363 4095 genus
3406 4030 3560 4085 distat

1987 4109 2048 4162 ab
2080 4109 2141 4162 iis
2169 4125 2282 4176 qut:
2310 4109 2371 4163 de
2393 4109 2608 4180 singulis
2631 4110 2996 4180 praedicantur,
3030 4115 3124 4167 hoc
3143 4124 3216 4169 est
3262 4117 3326 4170 ab
3377 4120 3561 4176 indiui-

1988 4200 2122 4253 duis.
2154 4199 2257 4254 Illo
2285 4202 2424 4271 quod
2440 4203 2501 4256 de
2521 4202 2687 4269 specie
2703 4202 3050 4270 diﬂ'erentibus
3076 4208 3387 4275 prwdicatur
3407 4212 3485 4266 dis
3509 4224 3563 4265 at

1988 4308 2019 4345 a
2059 4294 2316 4361 speciebus
2343 4304 2391 4347 et
2427 4310 2458 4347 a
2501 4295 2738 4365 prapriis.
2780 4295 2884 4350 Illo
2929 4299 3078 4351 etiam
3120 4300 3171 4353 in
3205 4318 3304 4369 quo
3338 4304 3462 4369 quid
3500 4305 3563 4356 sit

1995 4384 2304 4453 appellatur,
2339 4387 2618 4439 secernitur
2653 4402 2684 4439 a
2713 4384 3012 4453 differentiis
3056 4400 3101 4442 et
3151 4407 3182 4443 a
3235 4396 3564 4449 communiter

316 4502 471 4540 unam
499 4497 672 4540 tamen
696 4485 863 4539 solam
884 4486 1117 4555 speciem
1147 4486 1297 4555 cujus
1326 4491 1407 4539 est
1430 4484 1721 4551 proprium,
1746 4497 1886 4536 sem.
1914 4449 1965 4509 Ι)
1990 4473 2351 4541 accidentibus,
2384 4476 2522 4540 quod
2550 4476 2658 4531 lucc
2683 4477 2786 4530 duo
2816 4478 2968 4546 quale
2998 4479 3122 4547 φιὶά
3150 4481 3214 4534 δίε
3242 4482 3525 4538 declarant.

316 4589 410 4643 per
430 4583 661 4641 aptatur.
692 4574 818 4628 Post
848 4575 963 4629 haec
993 4575 1150 4645 igitur
1192 4576 1260 4629 de
1288 4574 1602 4629 dill‘erentiae
1643 4572 1884 4629 acciden-

319 4665 490 4732 tisque
515 4681 541 4717 a
558 4679 754 4734 genere
777 4664 1027 4719 distantia
1051 4665 1267 4719 disserit
1293 4664 1475 4719 dicens
1506 4680 1521 4716 :

369 4754 433 4807 Ἀ
458 4754 735 4819 differentia
778 4774 896 4812 vero
944 4765 992 4811 et
1017 4757 1080 4810 ab
1126 4755 1465 4810 accidentibus
1506 4754 1677 4822 di/fert
1704 4769 1884 4824 genus,

313 4848 553 4914 quoniam
572 4859 618 4902 et
645 4851 689 4905 si
715 4852 866 4904 etiam
895 4851 992 4904 ista
1012 4851 1075 4904 de
1095 4850 1324 4918 pluribus
1350 4850 1513 4917 specie
1540 4847 1887 4914 differentibus

314 4936 657 5007 pradicantur
685 4937 1006 5007 (di/ferentia,
1026 4940 1234 5004 scilicet,
1264 4947 1308 4991 et
1325 4926 1605 4992 accidentia
1624 4954 1736 5007 qua:
1758 4954 1894 4991 com-

315 5028 538 5080 muniter
557 5028 842 5097 accidunt),
868 5046 967 5082 non
992 5040 1159 5083 tamen
1187 5030 1239 5082 in
1268 5046 1328 5083 eo
1346 5036 1482 5099 quod
1502 5030 1624 5093 quid
1648 5030 1711 5081 sit
1726 5026 1896 5098 appel-

316 5119 518 5182 lantur,
574 5136 689 5172 cum
743 5121 1168 5192 interrogantibus
1217 5124 1356 5177 nobis
1404 5123 1460 5189 ﬁt
1507 5122 1782 5175 secundum
1833 5136 1893 5174 ea

314 5212 579 5275 responsio
618 5228 631 5239 ·
654 5214 816 5282 magis
837 5216 971 5266 enim
992 5216 1144 5285 quale
1162 5216 1285 5284 quid
1312 5217 1375 5267 sit
1404 5215 1705 5268 ostenditur.

391 5297 751 5357 Dill‘erentiam
770 5319 899 5359 vero
928 5313 982 5359 et
1010 5305 1261 5359 accidens
1306 5305 1504 5358 idcirco
1532 5303 1794 5371 posterius
1814 5318 1891 5357 re—

312 5391 725 5462 servavit,qnod
751 5409 936 5449 eorum
969 5411 1126 5450 unam
1152 5378 1506 5449 ditlerentiam
1538 5401 1654 5447 erat
1694 5392 1893 5447 distan-

311 5483 553 5550 tiatnque
576 5484 832 5539 dicturus.
864 5485 1169 5542 Dillerentia
1221 5486 1363 5541 enim
1397 5494 1451 5540 et
1483 5484 1734 5541 accidens
1765 5498 1895 5553 qua—

310 5572 519 5626 litatem
553 5575 917 5644 cujuscunque
946 5576 1139 5643 speciei
1199 5576 1605 5631 demonstrant:
1635 5574 1719 5627 illa
1770 5574 1896 5627 sub-

306 5663 528 5721 stantia
580 5666 909 5736 qualitatem,
950 5667 1001 5721 id
1053 5678 1135 5723 est
1182 5667 1510 5731 dill'ercntia;
1548 5665 1694 5732 illud,
1730 5664 1778 5717 id
1811 5673 1893 5716 est

2064 4565 2175 4618 lloc
2197 4564 2324 4617 dicit
2350 4564 2549 4619 distare
2574 4581 2742 4634 genus
2798 4567 2866 4618 ab
2891 4567 3195 4630 individuis,
3229 4569 3369 4635 quod
3396 4584 3564 4637 genus

1993 4655 2059 4709 de
2082 4653 2315 4721 pluribus
2343 4652 2633 4723 (utdictum
2661 4652 2763 4722 est)
2794 4654 3130 4723 pra‘dicatur.
3155 4657 3369 4724 Colligit
3389 4669 3565 4715 autem

1994 4757 2047 4803 et
2077 4747 2130 4807 in
2171 4761 2332 4799 unum
2384 4746 2573 4814 redigit
2616 4746 2815 4815 proprii
2863 4747 3167 4818 specieique
3216 4748 3565 4806 ditl‘erentias.

1992 4836 2146 4902 Nam,
2178 4836 2426 4905 quoniam
2459 4837 2666 4906 species
2715 4836 2785 4892 de
2813 4838 3052 4907 pluribus
3083 4855 3186 4895 non
3241 4844 3440 4912 specie,
3474 4844 3566 4896 sed

1995 4943 2216 4983 numero
2238 4928 2601 4984 dill'erentibus
2657 4927 2994 4996 prgrdicalur,
3029 4930 3294 4996 proprium
3326 4946 3454 4986 vero
3501 4929 3568 4983 de

1996 5036 2101 5076 una
2138 5029 2341 5074 tantum
2396 5019 2577 5088 specie
2611 5028 2662 5072 cl
2698 5019 2763 5074 de
2811 5018 2875 5073 iis
2905 5036 3019 5088 qua:
3050 5021 3149 5074 sub
3178 5022 3361 5075 eadem
3390 5020 3567 5087 specie

1996 5120 2118 5167 sunt
2174 5110 2459 5167 individuis
2512 5109 2847 5178 prtedicatu'r.
2880 5110 3129 5175 Quamvis
3160 5111 3298 5163 enim
3348 5110 3415 5159 tle
3464 5121 3566 5160 una

1996 5203 2172 5272 specie
2206 5201 2541 5270 prrdicetur,
2580 5209 2752 5254 tamen
2782 5215 2927 5267 aequa
2960 5206 3042 5253 est
3082 5197 3153 5250 illi
3184 5210 3303 5248 cum
3329 5195 3508 5261 specie
3536 5209 3566 5247 a

1995 5311 2190 5368 genere
2211 5295 2505 5349 diil‘erentia
2531 5294 2597 5348 de
2620 5294 2853 5361 pluribus
2876 5290 3049 5356 specie
3075 5285 3440 5341 ditl'erentibus
3462 5299 3565 5340 non

1998 5388 2295 5455 prredicari.
2326 5388 2456 5441 Nam
2486 5401 2656 5453 neque
2677 5398 2785 5451 Spe.
2806 5383 2882 5433 ies
2917 5377 3207 5445 prmdicare
3252 5376 3471 5430 omnino
3498 5376 3565 5430 de

1998 5480 2273 5547 speciebus
2300 5478 2495 5547 aliquid
2528 5473 2723 5544 poterit
2749 5488 2760 5523 :
2792 5483 2963 5533 neque
2985 5469 3280 5538 proprium,
3309 5466 3562 5537 quoniam

2002 5572 2268 5639 prnprium
2294 5582 2397 5622 non
2426 5566 2492 5618 de
2518 5562 2756 5631 pluribus
2782 5558 3083 5627 speciebus,
3116 5557 3207 5611 sed
3235 5556 3302 5612 de
3324 5574 3421 5612 ttna
3449 5565 3565 5612 tan~

2003 5674 2108 5716 tum
2140 5660 2289 5723 cujus
2318 5664 2399 5712 est
2422 5653 2598 5724 specie
2623 5651 2959 5724 praedicatur.
2980 5648 3129 5719 Quod
3149 5648 3192 5703 si
3224 5647 3298 5703 ita
3326 5657 3431 5717 est,
3462 5662 3565 5704 una
