4244 6254
702 389 772 443 35
1928 383 2036 439 ΑΝ.
2078 379 2282 438 MANL.
2324 380 2343 437 ε

2356 381 2473 436 μεν.
2518 381 2736 438 ΒΟΕΊΊΙ
3884 387 3955 447 56

702 502 997 562 differentia
1027 514 1053 552 a
1085 511 1303 567 genere,
1336 496 1540 565 species
1566 507 1619 551 et
1649 496 1857 565 propria
1898 504 2267 565 sejunguntur.
2297 493 2343 551 A
2374 500 2582 549 cantur.
2611 496 2741 550 Nam
2772 498 2816 551 si
2843 497 2958 568 quis
2987 498 3121 554 dicat
3146 500 3416 557 hominem
3449 516 3569 557 esse
3599 503 3816 572 animal,
3848 523 3957 563 non

704 599 965 653 Accidens
1013 608 1139 646 vero
1187 598 1241 646 et
1288 589 1584 644 diﬁ‘erentia
1624 590 1810 643 eadem
1852 603 2062 658 quoque
2092 602 2195 642 una
2241 601 2271 641 a

700 703 897 760 genere
926 684 1222 740 diﬁ'erentia
1253 692 1585 749 separantur,
1614 681 1753 750 quod
1777 695 1942 749 genus
1971 681 2022 734 in
2045 694 2110 734 eo
2131 681 2271 748 quod

704 778 829 848 quid
856 778 924 830 sit
950 774 1165 838 dicitur,
1193 772 1494 826 diﬁ‘erentia
1533 787 1664 826 vero
1686 772 1765 825 vel
1797 772 2108 836 accidentia,
2132 772 2183 826 in
2206 786 2272 826 eo

704 869 844 937 quod
859 865 1012 935 quale
1027 863 1375 933 appellantur.
1399 863 1504 915 llas
1529 862 1854 932 Porphyrius
1874 861 1940 914 ad
1956 870 2273 916 construeno

700 959 818 1013 dam
834 955 1044 1026 generis
1060 954 1315 1009 rationem
1340 952 1667 1008 diﬁ'erentias
1685 968 1839 1019 quam
1855 953 2163 1021 parcissime
2176 966 2271 1018 po-

698 1058 804 1104 test
819 1048 1040 1117 colligit,
1060 1055 1112 1101 et
1128 1047 1269 1115 ipsas
1286 1045 1612 1100 ditTerentias
1626 1046 1799 1099 multis
1815 1044 1986 1099 modis
2000 1046 2270 1113 posterius

701 1141 1043 1207 probaturus,
1062 1150 1203 1189 nunc
1220 1150 1367 1201 vero,
1397 1145 1649 1204 quantum
1664 1145 1745 1187 sat
1762 1145 1863 1199 εει,
1886 1135 2014 1189 dicit
2030 1148 2087 1189 se
2102 1135 2272 1188 abun-

698 1226 906 1280 dantem
928 1227 1137 1295 generis
1149 1222 1484 1278 constituisse
1499 1225 1776 1291 rationem,
1812 1224 1912 1278 hoc
1941 1224 2150 1278 dicens:

767 1317 883 1369 Hoc
911 1318 955 1369 si
978 1317 1050 1369 ita
1078 1325 1170 1383 est,
1197 1315 1339 1369 nullo
1362 1317 1527 1370 minus
1550 1318 1767 1389 autplus
1782 1317 1955 1385 e/fecta
1977 1327 2052 1372 est
2073 1317 2270 1387 generis

697 1407 941 1476 diﬂinilio.

768 1501 1059 1553 Perfectum
1080 1499 1462 1569 plenamquese
1473 1498 1681 1569 generis
1695 1500 1776 1554 dif
1776 1500 2062 1554 ﬁnitionem
2081 1498 2271 1553 iecisse

697 1593 1107 1661 dicit,quoniam
1127 1608 1297 1661 neque
1326 1593 1443 1661 plus
1474 1607 1647 1660 neque
1673 1592 1847 1645 minus
1879 1590 2010 1644 facta
2043 1588 2272 1643 sitdifﬁ-

695 1685 849 1753 nitio,
872 1684 964 1739 sed
995 1684 1273 1753 aequaliter
1294 1684 1361 1738 ad
1386 1698 1553 1750 genus
1580 1684 1922 1752 pariliterque
1950 1682 2268 1749 composita.

695 1775 845 1842 Quod
877 1776 1031 1843 quale
1060 1774 1127 1828 sit
1158 1776 1260 1828 hoc
1299 1773 1459 1829 modo
1513 1772 1918 1827 monstrandum
1971 1779 2073 1825 est.
2106 1770 2267 1823 Novi-

697 1882 814 1920 mus
854 1865 993 1935 quod
1019 1865 1263 1934 quaedam
1302 1879 1390 1918 res
1418 1878 1538 1933 quae
1568 1864 1632 1916 ad
1666 1862 1771 1915 alia
1804 1861 2161 1931 prmdicantur
2190 1859 2272 1913 his

698 1956 764 2010 de
788 1957 978 2025 quibus
1007 1956 1378 2022 praedicantur,
1422 1955 1713 2017 abundant,
1749 1961 1805 2006 ut
1833 1966 2025 2020 genera
2054 1960 2108 2005 et
2151 1965 2273 2019 spe-

695 2046 823 2101 cies.
848 2047 1084 2115 Namque
1110 2045 1465 2115 animalqnod
1484 2059 1650 2113 genus
1664 2053 1764 2103 est.
1795 2043 1862 2097 de
1893 2043 2106 2096 homine
2129 2041 2271 2111 quod

695 2146 777 2190 est
799 2138 1026 2204 species,
1055 2136 1154 2191 hoc
1180 2136 1445 2198 abundat,
1472 2134 1613 2202 quod
1643 2147 1838 2187 nomen
1870 2132 2081 2201 generis
2110 2132 2269 2185 etiam

694 2229 746 2279 in
770 2241 960 2295 equum
1007 2235 1165 2293 atque
1204 2227 1393 2280 bovem
1450 2234 1606 2293 atque
1661 2224 1712 2278 in
1743 2224 1842 2277 alia
1872 2223 2020 2277 .va‘et
2075 2221 2268 2290 aptari.

695 2316 837 2384 Ergo
865 2315 910 2368 si
938 2316 1056 2383 quis
1087 2314 1152 2368 ad
1184 2316 1477 2383 quamlibet
1525 2330 1638 2367 rem
1671 2313 2027 2368 abundantem
2062 2310 2267 2376 iecerit,

692 2406 1055 2474 majoremque
1080 2404 1441 2459 deﬁnitionem
1469 2419 1624 2474 quam
1652 2405 1761 2473 ipsa
1793 2420 1879 2458 res
1901 2404 2081 2468 fuerit,
2114 2417 2272 2474 quam

692 2494 901 2555 deﬁnit,
934 2507 1039 2544 non
1074 2492 1175 2544 erit
1205 2494 1408 2560 integra
1460 2493 1778 2561 pr0priaque
1828 2493 2101 2559 deﬁnitio,
2134 2507 2273 2561 quo-

694 2583 836 2635 niam
864 2595 968 2633 non
997 2580 1164 2632 solam
1193 2580 1336 2631 illam
1370 2595 1480 2632 rem
1510 2582 1849 2646 amplectitur
1872 2599 2031 2648 quam
2061 2583 2269 2651 deﬁnit,

700 2672 745 2723 si
767 2669 937 2737 major
964 2667 1120 2720 fuerit
1156 2665 1425 2726 dilﬁn’itio,
1460 2665 1553 2718 sed
1581 2668 1738 2719 etiam
1770 2668 1900 2720 alias
1930 2683 2274 2737 quascunque

694 2774 782 2814 res
810 2759 1004 2828 quibus
1057 2755 1222 2824 ipsius
1276 2754 1604 2809 deﬁnitionis
1653 2755 1911 2812 terminus
1957 2757 2268 2811 abundabit.

694 2851 951 2920 Majorum
1003 2848 1162 2917 igitur
1190 2846 1721 2915 praedicamentorum
1772 2847 1942 2916 major
1963 2849 2064 2903 erit
2086 2848 2274 2903 deﬁni-

692 2944 787 3006 tio,
815 2940 1079 2994 minorum
1116 2951 1244 2991 vero
1293 2936 1468 2988 minor
1497 2936 1601 2990 erit
1645 2937 1804 3015 etiam
1854 2936 2112 2992 deﬁnitio.
2146 2931 2275 2990 Ani-

691 3033 796 3088 mal
824 3045 951 3100 ergo
979 3028 1117 3098 quod
1150 3025 1321 3095 majus
1350 3033 1454 3092 est,
1485 3025 1553 3078 ita
1607 3023 1865 3079 deﬁniunt
1895 3044 1908 3079 :
1936 3025 2148 3079 Animal
2192 3034 2275 3080 est

691 3114 1244 3183 substantiaanimata
1272 3115 1588 3172 sensibilis:
1630 3115 1901 3171 hominem
1948 3130 2077 3169 vero
2130 3117 2270 3184 quod

690 3214 758 3267 ab
801 3211 1016 3265 animali
1066 3208 1245 3261 minus
1274 3214 1376 3268 est,
1406 3206 1477 3259 ita
1507 3204 1768 3258 deﬁniunt
1794 3221 1807 3256 :
1839 3204 2007 3258 Homo
2038 3212 2122 3258 est
2150 3205 2267 3257 ani-
2297 3185 2341 3244 Ο

693 3305 798 3359 mal
818 3301 1099 3364 rationale,
1124 3297 1371 3361 mortale,
1405 3297 1545 3351 risus
1575 3304 1632 3351 et
1659 3295 1959 3364 disciplinas
2007 3296 2270 3364 percepti-

694 3395 820 3448 bile.
845 3392 997 3459 Quod
1020 3392 1062 3444 si
1089 3390 1258 3457 majus
1286 3396 1368 3443 est
1391 3388 1589 3441 animal
1633 3387 1700 3440 ab
1726 3385 1960 3449 homile,
1978 3386 2147 3454 major
2171 3386 2274 3439 erit

690 3485 850 3538 etiam
874 3481 1117 3534 animalis
1146 3478 1387 3533 deﬁnitio
1414 3478 1483 3532 ab
1514 3477 1745 3531 hominis
1782 3477 2112 3531 deﬁnitione.
2147 3475 2273 3530 Plus

690 3577 833 3632 enim
857 3576 959 3629 erit
979 3573 1157 3627 dicere
1206 3571 1502 3627 substantia
1532 3572 1763 3625 animata
1793 3569 2083 3633 sensibilis,
2113 3584 2270 3637 quam

690 3665 885 3719 animal
912 3664 1192 3729 rationale,
1225 3661 1468 3716 mortale.
1501 3662 1633 3715 Nam
1688 3660 1985 3715 substantia
2037 3661 2270 3714 animata

690 3755 981 3821 sensibilis,
1010 3755 1147 3809 sicut
1175 3754 1348 3821 ipsum
1382 3753 1599 3820 animal,
1636 3768 1740 3807 non
1794 3752 1968 3806 solum
2001 3753 2270 3806 hominem

690 3846 1078 3916 complectitur,
1107 3845 1204 3902 sed
1226 3846 1383 3901 etiam
1415 3860 1607 3915 equum
1638 3854 1691 3899 et
1715 3844 1905 3899 bovem
1952 3854 2112 3913 atque
2142 3845 2273 3900 alias

688 3939 989 4009 hujusmodi
1018 3939 1240 4009 species.
1271 3938 1326 3993 Si
1367 3941 1483 4007 quis
1508 3952 1635 4006 ergo
1662 3937 1727 3991 ad
1770 3937 2041 3991 hominem
2096 3938 2267 4007 majo-

687 4046 799 4085 rem
826 4030 1188 4086 delinitionem
1218 4027 1497 4102 aptaverit,
1530 4043 1648 4098 qua:
1679 4034 1763 4082 est
1788 4028 2054 4094 animalis,
2086 4036 2143 4083 ut
2193 4030 2266 4084 ita

689 4120 904 4176 deﬁniat
935 4120 1203 4174 hominem
1241 4140 1253 4173 :
1287 4119 1450 4173 homo
1472 4128 1550 4172 est
1567 4118 1861 4172 substantia
1892 4118 2120 4173 animata
2150 4133 2271 4174 sen-

689 4211 879 4273 sibilis,
911 4225 1015 4262 non
1045 4219 1125 4263 est
1157 4210 1310 4277 piena
1362 4208 1690 4263 deﬁnitionis
1730 4210 1890 4275 ratio,
1948 4225 2067 4264 cum
2102 4225 2271 4280 equus

690 4310 844 4370 atque
872 4300 966 4354 bos
1016 4298 1312 4353 substantia
1364 4298 1595 4351 animata
1642 4309 1801 4368 atque
1833 4300 2102 4353 sensibilis
2151 4314 2271 4355 esse

688 4392 912 4460 possint,
943 4405 1060 4459 quae
1090 4389 1295 4458 species
1320 4388 1551 4443 hominis
1600 4405 1704 4445 non
1737 4398 1884 4444 sunt.
1913 4391 1967 4444 Si
1999 4390 2118 4459 quis
2140 4406 2268 4453 vero

689 4482 874 4549 majori
904 4481 980 4534 rei
1010 4479 1269 4533 minorem
1294 4479 1659 4535 deﬁnitionem
1691 4480 1973 4549 aptaverit,
2005 4495 2189 4535 curam
2215 4491 2269 4536 ct

690 4576 999 4627 diminutam
1027 4572 1418 4643 quodammolo
1446 4572 1571 4628 facit
1600 4576 1883 4628 rationem.
1909 4572 2039 4627 Nam
2082 4573 2125 4627 si
2148 4575 2266 4642 quis
2295 4543 2346 4602 Β

686 4666 877 4720 animal
905 4663 1128 4719 deﬁnire
1161 4664 1350 4718 volens
1393 4664 1536 4719 dicat
1568 4684 1580 4718 :
1616 4665 1829 4723 Animal
1870 4673 1954 4719 est
1983 4679 2071 4719 res
2104 4666 2267 4720 ratio-

687 4757 843 4817 nalis,
875 4757 1015 4810 risus
1042 4768 1093 4811 et
1125 4756 1418 4826 disciplina:
1442 4757 1824 4827 perceptibilis,
1855 4770 1961 4810 non
1993 4756 2095 4811 erit
2124 4755 2263 4810 inte-

685 4860 779 4912 gra
818 4846 1077 4910 deﬁnitio,
1110 4851 1359 4917 quoniam
1400 4860 1524 4906 sunt
1569 4853 1811 4920 quaedam
1871 4852 2119 4905 animalia
2147 4867 2267 4921 qua:

687 4939 837 4993 istius
865 4938 1190 4993 deﬁnitionis
1243 4944 1500 4996 rationem
1536 4944 1904 5011 subtel‘ugere
1953 4954 2110 5013 atque
2142 4960 2264 4999 eva-

686 5030 811 5085 dere
839 5039 1078 5100 possunt.
1102 5032 1191 5085 Est
1218 5033 1353 5087 enim
1386 5034 1579 5088 animal
1605 5035 1720 5099 bos,
1745 5033 1886 5102 quod
1907 5048 2077 5103 neque
2104 5035 2266 5089 ratio-

688 5120 806 5173 nale
838 5120 924 5182 sit,
957 5134 1128 5187 neque
1172 5121 1311 5175 risus
1343 5124 1710 5190 perceptibile.
1741 5124 1865 5178 Sola
1906 5123 2064 5192 igitur
2098 5125 2262 5179 relin-

688 5220 916 5278 quantur
938 5209 1074 5271 bene
1114 5209 1352 5277 deﬁniri,
1385 5227 1715 5283 quiscunque
1744 5214 2040 5282 aequalibus
2070 5215 2263 5271 deﬁni-

690 5299 919 5353 tionibus
950 5298 1359 5366 constituuntur,
1393 5301 1480 5355 ubi
1531 5312 1708 5358 autem
1756 5305 1974 5373 aequalis
2024 5305 2265 5363 deﬁnitio

690 5391 776 5454 sit,
835 5393 938 5448 hoc
989 5395 1147 5448 modo
1194 5408 1472 5463 possumus
1525 5396 1810 5465 reperire:
1844 5399 2265 5456 Prtedicamenta

690 5493 1015 5549 quaecunque
1040 5483 1255 5550 fuerint,
1286 5486 1329 5539 si
1361 5485 1528 5557 majus
1565 5488 2033 5557 prmdicamentum
2058 5490 2126 5547 de
2158 5493 2259 5547 mi-

696 5583 826 5621 nore
868 5566 1052 5640 aliquo
1106 5576 1463 5644 praedicatur,
1507 5580 1744 5635 converti
1790 5597 1892 5636 non
1949 5592 2151 5651 potest,
2208 5594 2265 5640 ut

693 5658 867 5711 minor
895 5660 963 5714 de
1005 5665 1205 5734 majore
1236 5669 1570 5736 praedicetur.
1622 5671 1845 5743 Semper
1870 5675 2009 5728 enim
2057 5675 2258 5744 majora

692 5746 760 5798 de
787 5748 1102 5808 minoribus.
1137 5771 1402 5813 nnnnuam
1429 5763 1631 5817 minora
1664 5764 1729 5817 de
1759 5765 2043 5820 maioribus
2069 5768 2263 5822 nrmdi-

2377 586 2572 649 poterit
2593 597 2906 641 convertere
2934 590 3130 643 animal
3166 605 3285 646 esse
3315 592 3604 645 hominem.
3636 592 3767 648 Nam
3791 594 3954 650 homo
4010 604 4015 609 ‘

2375 672 2507 727 nihil
2537 675 2698 741 aliud,
2728 685 2980 744 quantum
3008 680 3071 733 ad
3103 694 3294 749 genus,
3322 676 3422 734 nisi
3452 683 3646 735 animal
3679 695 3761 737 est
3794 700 3808 737 :
3837 689 3956 739 ani-

2374 764 2481 817 mal
2511 775 2765 833 quantum
2794 775 2859 821 ad
2890 770 3097 837 species
3123 778 3297 839 potest
3317 787 3436 826 esse
3458 773 3616 826 etiam
3643 789 3747 827 non
3764 775 3947 833 homo.

2374 853 2525 908 Paria
2553 870 2678 910 vero
2703 858 3112 925 prmdicamenta
3148 877 3360 931 semper
3403 865 3503 917 sibi
3555 864 3669 933 ipsa
3722 867 3949 923 invicem
4042 940 4045 943 ν

2372 956 2773 1003 convertuntur.
2798 949 2928 1004 Nam
2959 953 3210 1021 quoniam
3236 955 3440 1010 risibile
3479 957 3645 1011 solius
3674 968 3756 1012 est
3778 959 3953 1012 homi-

2372 1033 2476 1098 nis,
2510 1035 2714 1092 risibile
2742 1038 2808 1091 ad
2833 1040 3101 1095 hominem
3130 1044 3471 1111 praedicatum
3511 1047 3673 1100 etiam
3706 1050 3949 1103 converti

2372 1132 2566 1193 potest,
2598 1138 2653 1180 ut
2680 1128 2840 1183 homo
2868 1130 2932 1183 ad
2959 1132 3163 1187 risibile
3195 1135 3531 1202 praedicetur.
3578 1137 3780 1192 Dicitur
3801 1140 3946 1194 enim

2369 1216 2627 1285 quidquid
2678 1229 2761 1274 est
2803 1221 2983 1289 homo,
3025 1225 3230 1280 risibile
3279 1244 3292 1278 :
3333 1228 3552 1296 quiquid
3595 1240 3677 1284 est
3722 1232 3949 1298 risibile,

2372 1305 2552 1360 homo.
2586 1308 2725 1375 Ergo
2747 1326 3089 1383 quascunque
3118 1315 3461 1372 deﬁnitiones
3503 1330 3820 1377 convertere
3846 1337 3947 1391 po-

2372 1406 2472 1464 tes,
2496 1399 2598 1453 illae
2624 1415 2765 1455 vera:
2794 1412 2953 1472 atque
2979 1420 3133 1472 pares
3160 1415 3286 1460 sunt
3311 1424 3323 1459 :
3349 1422 3690 1479 quascunque
3728 1426 3949 1465 conver-

2374 1496 2486 1542 tere
2517 1503 2621 1543 non
2653 1499 2823 1559 potes,
2869 1502 2961 1547 aut
2988 1496 3238 1564 majores,
3268 1506 3359 1551 aut
3410 1500 3647 1555 minores
3675 1510 3813 1571 sunt,
3848 1516 3942 1571 pa-

2372 1594 2458 1632 res
2481 1579 2702 1634 inveniri
2732 1597 2836 1636 non
2872 1594 3112 1651 possunt.
3139 1586 3273 1639 Nam
3290 1587 3333 1642 si
3357 1587 3504 1643 dicas
3536 1590 3803 1645 hominem
3826 1606 3948 1646 esse

2371 1668 2723 1724 substantiam
2755 1674 3044 1729 animatam
3076 1685 3236 1745 atque
3264 1678 3596 1743 sensibilem,
3631 1695 3814 1736 verum
3844 1687 3944 1734 est.

2373 1759 2502 1814 Item
2535 1762 2579 1815 si
2629 1773 2910 1820 convertas
2967 1775 3021 1820 et
3062 1767 3211 1822 dicas
3264 1770 3615 1824 substantiam
3661 1774 3948 1831 animatam

2302 1843 2348 1902 Β
2377 1856 2533 1916 atque
2564 1853 2865 1908 sensibilem
2896 1870 3014 1910 esse
3042 1855 3335 1923 hominem,
3371 1876 3475 1913 non
3516 1862 3734 1916 omnino
3764 1880 3949 1920 verum

2376 1939 2596 1994 dixeris.
2632 1943 2810 1999 Potest
2838 1947 2977 2000 enim
3018 1948 3313 2004 substantia
3364 1952 3592 2006 animata
3624 1968 3743 2010 esse
3790 1968 3952 2027 atque

2376 2033 2644 2087 sensibilis
2669 2044 2723 2089 et
2751 2036 2909 2091 homo
2941 2055 3046 2093 non
3077 2056 3213 2096 esse.
3250 2042 3378 2097 Item
3410 2044 3453 2097 si
3486 2045 3686 2100 dixeris
3723 2063 3835 2101 rem
3868 2065 3949 2102 ra~

2377 2122 2998 2193 tionalem,'mortalem,
3058 2132 3197 2186 risus
3247 2142 3301 2188 et
3351 2133 3644 2204 disciplina:
3699 2152 3949 2207 capacem

2375 2213 2569 2265 animal
2600 2228 2738 2281 esse,
2771 2232 2953 2271 verum
2996 2220 3215 2275 dixeris.
3243 2222 3298 2276 Si
3354 2234 3530 2279 autem
3586 2226 3734 2281 dicas
3788 2239 3949 2297 atque

2375 2312 2655 2356 enni-ortas
2693 2307 2888 2360 animal
2932 2322 3050 2363 esse
3080 2326 3189 2364 rem
3225 2312 3555 2368 -rationalem
3578 2355 3593 2380 ,
3642 2319 3945 2387 mortalem,

2376 2393 2516 2447 risus
2535 2395 2898 2460 etdiseiplinae
2927 2401 3350 2470 perceptibilem,
3376 2419 3478 2459 nou
3511 2407 3730 2461 omnino
3764 2424 3948 2465 verum

2375 2484 2590 2540 dixeris.
2620 2488 2797 2542 Potest
2821 2491 2962 2543 enim
2987 2506 3105 2547 esse
3137 2495 3355 2559 animal,
3392 2506 3444 2551 et
3474 2512 3581 2552 non
3610 2514 3730 2554 esse
3781 2502 3949 2554 ratio-

2377 2574 2495 2629 nale
2540 2586 2595 2630 et
2625 2579 2764 2633 risus
2793 2594 2979 2649 capax.
3031 2583 3167 2650 Ergo
3207 2586 3418 2653 quoties
3456 2588 3626 2654 major
3654 2599 3735 2644 est
3764 2590 3946 2644 deﬁni-

2376 2666 2471 2729 tio,
2500 2684 2656 2733 quam
2687 2671 2735 2723 id
2767 2673 2906 2739 qttnd
2936 2674 3208 2740 deﬁnitur,
3236 2676 3279 2730 si
3310 2678 3458 2746 prius
3485 2680 3679 2734 dicitur
3708 2680 3759 2735 id
3808 2682 3946 2750 quod

2374 2750 2642 2831 deﬁnitur,
2669 2766 2722 2810 et
2748 2760 2917 2825 major
2938 2763 3178 2817 deﬁnitio
3198 2764 3502 2833 adhibetur,
3526 2785 3645 2824 vera
3669 2785 3787 2825 esse
3809 2781 3947 2840 pole-

2374 2842 2442 2894 rit
2470 2842 2728 2899 deﬁnitio.
2764 2848 2819 2902 Si
2841 2849 2982 2902 enim
3013 2854 3158 2919 prius
3180 2853 3379 2910 dixeris
3412 2857 3679 2914 hominem
3706 2876 3817 2915 rem
3846 2863 3948 2916 mi-

2376 2948 2581 3001 norem,
2613 2947 2665 2991 et
2693 2938 2758 2991 ad
2792 2940 2959 3006 ipsum
3008 2952 3191 3011 postea
3242 2947 3553 3002 adhibueris
3584 2951 3948 3009 deﬁnitionem

2377 3027 2655 3095 majorem,
2682 3043 2739 3085 ut
2778 3034 2921 3101 prius
2946 3035 3093 3089 dicas
3117 3037 3276 3091 homo
3299 3049 3398 3106 est,
3434 3052 3488 3096 et
3518 3056 3700 3111 postea
3729 3048 3948 3117 subjun-

2376 3132 2467 3185 gas
2493 3120 2783 3175 substantia
2832 3126 3063 3179 animata
3107 3129 3397 3195 sensibilis,
3429 3141 3603 3188 utrum
3641 3144 3739 3191 est.
3778 3137 3948 3195 lloma

2375 3208 2514 3262 enim
2540 3213 2839 3267 necessario
2869 3225 2950 3269 est
2985 3217 3279 3272 substantia
3307 3221 3535 3277 animata
3569 3227 3857 3282 sensibilis.
3890 3229 3948 3284 Si

2373 3309 2498 3349 vero
2522 3299 2667 3364 prius
2708 3302 2908 3358 dixeris
2936 3306 3326 3379 deﬁnitionem,
3356 3324 3408 3367 et
3455 3323 3636 3383 postea
3667 3316 3868 3372 dixeris
3900 3320 3948 3374 id

2375 3386 2515 3455 quod
2539 3387 2780 3455 delinies,
2810 3410 2930 3449 vera
2964 3412 3087 3456 esse
3118 3416 3223 3457 non
3255 3412 3429 3472 potest
3455 3408 3696 3465 omnino.
3744 3410 3875 3465 Nam
3905 3414 3949 3469 si

2374 3476 2740 3533 deﬁnitionem
2772 3486 3029 3553 majorem
3062 3495 3208 3561 prius
3236 3495 3460 3565 dixeris,
3487 3500 3668 3555 dicens
3700 3503 3946 3558 substan-

2376 3567 2447 3621 tia
2476 3568 2706 3625 animata
2735 3577 3024 3647 sensibilis,
3049 3592 3102 3636 et
3129 3594 3309 3652 postea
3352 3604 3463 3644 rem
3516 3592 3773 3648 minorem
3808 3596 3946 3649 intu-

2375 3656 2523 3724 leris,
2557 3667 2614 3711 ut
2643 3658 2789 3715 dicas
2838 3663 2997 3720 homo
3025 3683 3124 3738 est,
3156 3681 3212 3726 ut
3242 3675 3331 3742 sit,
3370 3677 3662 3731 substantia
3717 3681 3945 3738 animata

2373 3746 2665 3800 sensibilis
2688 3749 2850 3805 homo
2878 3762 2982 3819 est,
3020 3771 3126 3812 non
3169 3763 3386 3815 omnino
3421 3779 3603 3819 verum
3634 3775 3735 3820 εει.
3768 3767 3946 3825 Potest

2376 3836 2519 3890 enim
2550 3851 2671 3892 esse
2700 3847 2754 3893 et
2781 3840 3079 3898 substantia
3098 3848 3750 3921 auimata‘sensibilismon
3773 3867 3945 3914 tamen

2374 3924 2553 3981 homo.
2586 3929 2651 3982 At
2675 3944 2801 3984 vero
2847 3931 2894 3985 si
2945 3934 3119 3989 minor
3149 3937 3310 3991 fuerit
3358 3942 3597 3998 deﬁnitio
3647 3962 3803 4015 quam
3859 3949 3945 4002 illa

2375 4016 2487 4085 ipsa
2518 4031 2604 4071 res
2635 4034 2754 4087 quae
2798 4020 3067 4087 deﬁnitur,
3112 4024 3156 4077 si
3190 4027 3335 4093 prius
3383 4028 3521 4084 dicta
3569 4034 3639 4087 sit
3684 4035 3945 4097 deﬁnitio,

2373 4123 2498 4163 vera
2521 4118 2621 4175 est,
2659 4113 2943 4180 posterior,
2968 4114 3117 4169 falsa.
3136 4115 3263 4170 Nam
3285 4119 3329 4171 si
3355 4119 3550 4176 dixeris
3578 4123 3945 4183 deﬁnitionem

2373 4214 2490 4268 quae
2520 4208 2600 4255 est
2625 4201 2823 4268 minor,
2852 4218 2940 4257 res
2969 4205 3259 4270 rationalis,
3282 4212 3538 4274 mortalis,
3564 4212 3702 4267 risus
3718 4216 3946 4277 etdisci-

2374 4291 2529 4357 plina:
2558 4306 2750 4361 capax,
2779 4301 2835 4348 et
2877 4302 2996 4363 post
3036 4296 3276 4350 intuleris
3305 4301 3499 4354 animal
3527 4312 3629 4368 est,
3662 4314 3717 4359 nt
3743 4307 3834 4371 sit,
3859 4324 3946 4363 res

2372 4382 2667 4446 rationalis,
2699 4386 2962 4454 mortalis,
2996 4386 3133 4440 risus
3157 4396 3209 4441 et
3239 4387 3529 4456 disciplinae
3556 4408 3723 4463 capax
3752 4399 3946 4456 animal

2366 4481 2473 4537 est,
2505 4487 2631 4526 vera
2684 4481 2788 4527 est.
2821 4473 3006 4529 Omnis
3055 4476 3197 4529 enim
3248 4492 3363 4546 res,
3406 4495 3524 4548 qua:
3565 4485 3841 4541 rationalis
3894 4499 3946 4545 et

2374 4563 2611 4617 mortalis
2661 4576 2761 4629 est,
2809 4568 2947 4621 risus
2990 4576 3041 4622 et
3073 4568 3367 4638 disciplinas
3412 4589 3598 4645 capax,
3641 4584 3945 4637 necessario

2373 4654 2567 4708 animal
2590 4663 2692 4709 est.
2719 4658 2786 4711 At
2813 4673 2940 4713 vero
2985 4661 3029 4713 si
3056 4664 3406 4731 converteris,
3448 4678 3498 4720 et
3531 4684 3640 4722 rem
3690 4672 3946 4741 m'ajorem

2372 4745 2515 4815 prius
2545 4747 2774 4803 dixeris:
2802 4760 2921 4819 post
2951 4766 3080 4807 vero
3107 4754 3365 4809 minorem
3396 4757 3761 4817 deﬁnitionem
3789 4764 3947 4819 adhi-

2374 4839 2576 4905 bueris,
2607 4855 2728 4895 vera
2770 4843 2989 4897 omnino
3017 4857 3138 4898 esse
3181 4860 3289 4900 non
3319 4858 3510 4916 potest.
3563 4851 3693 4906 Nam
3725 4856 3768 4907 si
3802 4856 3946 4913 dicas

2374 4928 2539 4994 prius,
2572 4929 2763 4983 animal
2788 4940 2889 4998 est,
2922 4941 3103 5001 postea
3129 4945 3301 4992 autem
3326 4938 3587 5008 junxeris,
3609 4957 3691 4995 res
3714 4944 3945 4996 rationa-

2375 5016 2459 5079 lis,
2491 5017 2749 5082 mortalis,
2802 5021 2942 5075 risus
2982 5030 3036 5077 et
3081 5023 3376 5095 disciplinae
3425 5029 3802 5096 perceptibilis,
3838 5046 3944 5087 non

2374 5108 2589 5161 omnino
2615 5124 2796 5163 verum
2812 5124 2916 5167 est.
2950 5112 3131 5170 Potest
3151 5119 3294 5171 enim
3316 5133 3435 5172 esse
3457 5119 3673 5184 animal,
3704 5129 3757 5172 et
3783 5125 3944 5178 ratio-

2373 5205 2491 5261 nale
2512 5208 2593 5263 vel
2622 5210 2845 5267 mortale
2875 5228 2979 5268 non
3009 5229 3146 5270 esse.
3179 5215 3358 5284 Itaque
3387 5215 3431 5268 si
3463 5215 3631 5281 major
3656 5225 3738 5271 est
3758 5218 3944 5275 deﬁni~

2375 5298 2447 5353 tio
2472 5315 2628 5370 quam
2652 5317 2737 5357 res
2766 5304 2960 5360 fuerit:
2989 5307 3032 5361 si
3053 5307 3197 5375 prius
3228 5320 3339 5361 rem
3371 5304 3595 5373 dixeris,
3640 5319 3826 5377 postea
3854 5313 3945 5367 deo

2374 5388 2665 5445 ﬁnitionem
2696 5393 2962 5459 intuleris,
2993 5408 3117 5448 vera
3147 5402 3248 5449 est.
3280 5392 3336 5448 Si
3358 5407 3485 5447 vero
3502 5395 3648 5463 prius
3677 5397 3943 5454 deﬁnitio-
3982 5403 3990 5418 '

2368 5496 2488 5537 nem
2527 5482 2727 5539 dixeris
2756 5495 2876 5554 post
2914 5501 3023 5540 rem
3056 5485 3321 5550 intuleris,
3351 5485 3479 5540 falsa
3505 5499 3607 5544 est.
3642 5489 3696 5543 ln
3730 5490 3941 5544 minori.

2369 5571 2467 5627 bus
2496 5588 2625 5629 vero
2673 5575 3072 5630 deﬁnitionibus
3122 5586 3177 5631 et
3230 5577 3519 5646 majoribus
3558 5580 3716 5635 rebus
3758 5592 3941 5651 contra

2369 5670 2468 5716 est.
2500 5662 2630 5717 Nam
2664 5666 2707 5717 si
2753 5663 3118 5719 deﬁnitionem
3170 5670 3315 5734 prius
3341 5667 3561 5734 dixeris,
3597 5676 3777 5736 postea
3830 5684 3941 5723 rem

2368 5752 2680 5822 subjeceris,
2702 5766 2824 5807 vera
2846 5762 2946 5812 est.
2980 5753 3037 5808 Si
3067 5769 3194 5811 vero
3219 5772 3329 5811 rem
3357 5757 3501 5813 prius
3528 5757 3940 5821 dixeris,nostea
