4244 6254
330 301 398 355 37
1491 295 1554 350 ΙΝ
1596 294 1912 350 PORPIIYR

2011 290 2032 347 t
2072 291 2407 365 DlALUGL‘S
2446 298 2483 352 t.
3050 330 3055 337 -
3206 316 3209 319 ν
3509 315 3581 371 53

329 413 708 467 definitionem
733 406 1184 479 subjecerispera
1207 405 1425 460 omnino
1443 420 1679 460 essenon
1713 413 1907 473 potest.
1939 408 1986 463 A
2015 405 2210 474 speciei
2263 422 2392 463 vero
2445 410 2739 465 substantia
2794 428 2992 483 genere
3044 421 3399 491 superposito,
3439 434 3492 480 et
3526 427 3593 484 ad

332 504 401 556 At
431 518 569 558 vero
608 504 660 556 iu
696 501 980 571 aequalibus
1028 497 1428 554 deﬁnitionibus
1457 498 1699 552 converti
1732 511 1910 565 requa-

332 594 458 648 liter
489 603 679 660 potest.
714 593 839 646 Nam
891 590 1141 659 quoniam
1193 588 1356 643 solius
1387 589 1619 642 hominis
1670 588 1786 641 hzec
1829 596 1913 641 est

334 684 601 748 deﬁnitio,
624 682 813 736 animal
839 680 1120 745 rationale,
1151 680 1400 745 mortale,
1435 678 1657 744 aequalis
1685 686 1768 731 est
1796 677 1911 730 inec

334 776 402 830 ad
436 777 698 831 hominem
727 773 991 839 deﬁnitio,
1024 772 1274 841 quoniam
1329 785 1436 824 non
1490 776 1574 824 est
1626 768 1787 830 aliud,
1822 766 1909 820 cui

272 922 283 931 ,
335 865 504 931 possit
529 865 720 932 aptari.
763 862 947 929 Itaque
997 860 1042 914 si
1092 859 1240 928 prius
1266 857 1632 912 deﬁnitionem
1685 854 1907 917 dixeris,

335 963 513 1022 postea
551 968 663 1006 rem
695 950 1013 1019 subjeceris,
1057 964 1180 1003 vera
1234 948 1357 1013 erit,
1398 956 1457 1000 ut
1487 954 1600 1001 Cat:
1626 946 1787 999 homo
1827 952 1911 997 est

331 1042 521 1095 animal
546 1042 830 1106 rationale,
859 1040 1107 1104 mortale,
1141 1040 1281 1093 risus
1307 1047 1361 1091 et
1398 1038 1693 1104 disciplinae
1725 1049 1909 1104 peree-

330 1113 532 1198 pzibilc.
566 1132 661 1186 Sin
692 1145 818 1183 vero
856 1130 1211 1193 converteris,
1244 1136 1300 1182 et
1327 1128 1474 1197 prius
1516 1115 1903 1191 definitionem,

326 1228 509 1287 postea
539 1234 650 1273 rem
690 1217 913 1281 dixeris,
944 1225 1003 1270 ut
1024 1218 1068 1271 si
1109 1217 1275 1280 dicas,
1308 1216 1505 1270 animal
1552 1215 1691 1284 quod
1748 1213 1909 1269 fuerit

328 1311 609 1376 rationale,
638 1310 885 1373 mortale,
936 1311 1078 1387 risus
1127 1319 1181 1363 et
1228 1310 1521 1379 disciplinze
1562 1309 1908 1389 perceptibiie

322 1406 488 1469 homo
520 1416 626 1471 est,
655 1408 769 1460 haec
796 1420 1013 1474 quoque
1034 1419 1158 1459 vera
1186 1415 1267 1458 est
1302 1422 1315 1456 :
1347 1404 1417 1457 ita
1447 1417 1658 1470 semper
1686 1412 1744 1456 ut
1781 1402 1909 1457 deﬁ-

328 1499 564 1551 nitiones
589 1512 731 1552 verte
768 1498 895 1562 s'nt,
926 1510 1098 1564 neque
1122 1495 1263 1563 plus,
1293 1510 1466 1563 neque
1496 1496 1671 1548 minus
1697 1495 1748 1547 in
1779 1494 1908 1549 de‘i-

329 1589 625 1642 nitionibus
654 1596 863 1656 oportet
916 1588 1108 1654 aptari,
1137 1587 1227 1640 sed
1260 1588 1535 1654 .rqnalitcr
1572 1584 1909 1638 deﬁnitiones

328 1681 819 1745 convenienterque
860 1676 1091 1743 disponi.
1146 1676 1296 1742 Quod
1350 1676 1673 1746 Porphyrius
1702 1676 1909 1730 scilicet

2017 498 2183 565 ipsam
2237 499 2544 566 praedicatio
2578 502 2873 570 perﬁcitur,
2903 521 3010 561 non
3061 518 3143 563 est
3192 511 3408 565 dubium
3463 517 3593 583 quin

2013 602 2135 640 cum
2164 602 2334 656 genus
2359 589 2591 644 difﬁnire
2618 606 2836 646 necesse
2872 595 2942 647 sit
2966 595 3087 663 jure
3122 601 3444 669 speciem,et
3471 620 3591 662 cum

2013 676 2273 744 speciem,
2290 678 2409 746 jure
2429 679 2585 733 nobis
2600 694 2766 749 genus
2786 682 3071 750 praedicare
3097 703 3315 744 necesse
3353 694 3439 745 sit.
3470 695 3592 750 llaec

2014 764 2176 831 igitur
2188 767 2349 820 etiam
2362 767 2415 821 in
2429 770 2637 837 generis
2651 771 3044 841 subscriptione
3056 780 3366 833 servabatur
3378 782 3593 838 distincc

2015 856 2091 908 tio
2106 896 2120 920 ,
2141 872 2259 911 cum
2277 860 2488 927 generis
2504 861 2749 916 deﬁnitio
2772 863 2950 918 habita
2971 874 3071 921 est.
3111 867 3221 921 lloc
3233 872 3372 923 enim
3388 872 3591 929 dictum

2014 958 2114 1012 est,
2137 956 2260 1001 tunc
2277 964 2396 1003 esse
2422 966 2590 1019 genus
2611 953 2752 1023 quod
2778 955 2843 1008 ad
2870 956 3130 1012 distantes
3152 962 3360 1027 species
3388 964 3592 1020 dicere~

2014 1046 2120 1091 tur.
2144 1037 2293 1092 Nunc
2307 1055 2434 1095 vero
2462 1043 2743 1098 dicendum
2773 1047 2920 1100 estid
2936 1063 3054 1103 esse
3084 1052 3314 1118 speciem
3344 1069 3461 1123 qua:
3490 1057 3591 1111 sub

2010 1142 2209 1196 genere
2222 1131 2453 1198 ponitur.
2475 1132 2579 1188 Sed
2596 1135 2871 1203 multiplex
2890 1138 3007 1206 ejus
3020 1138 3267 1195 difﬁnitio
3282 1143 3460 1198 haberi
3490 1160 3589 1214 po-

2013 1227 2138 1272 test.
2160 1219 2339 1275 Potest
2354 1223 2496 1277 enim
2528 1239 2715 1279 rursus
2741 1222 2847 1281 dici
2865 1228 2917 1281 id
2934 1244 3053 1284 esse
3073 1233 3326 1298 speciem,
3350 1234 3416 1287 ad
3431 1251 3588 1302 quam

2010 1323 2175 1377 genus
2205 1309 2260 1363 in
2282 1325 2347 1364 eo
2368 1313 2506 1379 quod
2534 1314 2660 1382 quid
2676 1316 2768 1379 sit,
2802 1319 3139 1385 praedicator.
3174 1323 3300 1386 Qum
3322 1339 3405 1377 res
3431 1336 3589 1378 utrm-

2010 1412 2114 1466 que
2140 1398 2190 1452 id
2220 1399 2539 1469 significant,
2592 1404 2823 1476 speciem
2873 1407 2995 1474 poni
3045 1410 3145 1462 suh
3182 1426 3398 1478 genere.
3456 1414 3587 1469 Nam

2013 1490 2184 1556 prima
2215 1493 2426 1559 quidem
2467 1494 2735 1560 deﬁnitio,
2766 1497 2816 1550 id
2843 1506 3027 1566 aperte
3054 1500 3316 1569 designat.
3343 1504 3586 1561 Secunda

2012 1593 2119 1631 non
2153 1581 2275 1634 talis
2322 1593 2435 1636 est:
2469 1584 2722 1652 quoniam
2775 1602 2988 1654 semper
3036 1590 3239 1645 nzinora
3295 1594 3587 1662 majoribus

2012 1682 2404 1740 supponuntur.
2437 1673 2613 1730 Genus
2646 1677 2714 1731 ab
2738 1692 2804 1732 eo
2827 1680 3024 1749 aliquid
3076 1682 3127 1735 in
3184 1698 3250 1737 eo
3295 1687 3433 1754 quod
3463 1689 3587 1756 quid

330 1781 427 1819 non
456 1765 714 1835 ignorans
758 1766 851 1826 ait,
890 1778 949 1816 se
991 1780 1164 1832 neque
1197 1764 1335 1832 plus,
1374 1780 1547 1833 neque
1575 1765 1751 1819 minus
1774 1764 1897 1820 θῦε·
1937 1763 1986 1823 Β
2015 1762 2084 1815 sit
2126 1763 2481 1830 pradicatur:
2516 1769 2657 1835 quod
2708 1769 2879 1839 majus
2902 1786 3021 1826 esse
3058 1788 3160 1828 non
3210 1776 3431 1832 dubium
3481 1790 3585 1835 est.

331 1856 460 1921 tisse
493 1854 704 1924 generis
741 1854 1128 1909 definitionem.
1162 1854 1227 1909 Et
1275 1855 1469 1910 Fabius
1502 1874 1513 1908 :
1546 1857 1799 1924 Sequitur
1827 1856 1909 1910 in-

332 1952 438 2018 juit
461 1949 525 2003 de
551 1948 729 2016 Specie
753 1948 1050 2016 disputare.
1083 1947 1201 2012 Dic,
1231 1948 1610 2017 inquam,quid
1630 1948 1911 2017 sequitur?

332 2042 391 2093 Et
415 2039 612 2095 Fabius
648 2057 660 2091 :
692 2039 787 2093 ilic
807 2035 1123 2107 (utopinor)
1152 2037 1286 2090 ordo
1308 2046 1410 2092 est.

929 2126 1013 2179 DE
1054 2125 1311 2180 SPECiE.
1644 2180 1649 2184 ἢ

395 2220 605 2287 Species
627 2234 823 2288 quoque
842 2218 1019 2271 multis
1050 2218 1235 2269 dicitur
1279 2217 1460 2269 modis.
1496 2216 1629 2268 Nam
1658 2225 1705 2269 el
1732 2218 1911 2270 tmins-

334 2316 570 2383 :ujusque
614 2312 838 2367 [laminis
886 2312 1050 2379 [arma
1106 2310 1295 2378 species
1359 2309 1665 2375 appellatur.
1716 2309 1910 2362 Rursus

335 2402 567 2453 licilurel
584 2399 1116 2467 pulcltriludovullus,
1148 2397 1284 2457 unde
1311 2396 1677 2465 pulcherrimos
1691 2412 1911 2465 quosque

334 2493 575 2559 speciosus
607 2491 840 2543 dicimur.
895 2488 1093 2541 Eicitur
1125 2488 1318 2554 species
1348 2496 1392 2538 et
1417 2503 1477 2541 ea
1507 2503 1620 2555 qua:
1650 2490 1911 2557 supposita

331 2592 398 2634 ἀει
421 2583 615 2651 generi,
628 2560 768 2633 lunde
789 2579 1041 2632 hominem
1059 2578 1302 2631 animalis
1318 2579 1538 2647 speciem
1572 2578 1908 2647 appellamus,

333 2687 440 2723 :nm
457 2670 653 2723 animal
680 2671 839 2733 ipsum
866 2685 1027 2740 genus
1047 2669 1111 2721 sit
1135 2684 1154 2721 :
1181 2678 1226 2722 el
1251 2668 1443 2734 album,
1476 2670 1659 2720 coloris
1675 2670 1909 2735 speciem.

394 2761 544 2814 Tunc
602 2773 702 2829 ego
740 2758 936 2828 speciei
989 2773 1204 2828 quoque
1271 2773 1466 2811 nomen
1521 2758 1659 2812 sicut
1701 2760 1912 2827 generis

333 2851 661 2920 a’quivocum
714 2861 858 2919 puta.
904 2849 1035 2903 Nam
1065 2856 1118 2902 et
1169 2849 1269 2903 hoc
1312 2862 1524 2917 quoque
1566 2848 1910 2902 multifariam

335 2944 576 3010 appellari
600 2943 868 3011 deﬁgunt.
927 2941 1128 2995 Dicitur
1173 2940 1339 3005 enim,
1388 2939 1577 3009 inquit,
1613 2940 1822 3009 species
1848 2948 1903 2994 et

336 3035 488 3104 ﬁgura
514 3035 779 3103 corporis,
792 3045 845 3088 et
877 3034 1105 3088 fortasse
1136 3031 1235 3087 alia
1266 3034 1433 3101 plura.
1462 3032 1536 3088 De
1562 3033 1755 3102 quibus
1777 3048 1908 3102 quo-

2015 1852 2166 1915 Ουοα
2207 1856 2250 1907 si
2295 1856 2366 1909 ita
2416 1865 2519 1921 est,
2548 1858 2724 1913 nullus
2777 1871 2857 1915 est
2887 1863 3229 1921 obscuritatis
3257 1884 3428 1938 error,
3459 1873 3587 1939 quin

2013 1942 2222 2007 species
2250 1957 2369 2010 qua:
2407 1946 2581 1999 mino‘r
2605 1956 2687 2001 est
2728 1948 2915 2017 majori
2946 1952 3047 2006 sibi
3089 1957 3271 2022 generi
3320 1974 3588 2028 suppona-
3638 2021 3647 2037 ι

2015 2037 2118 2082 tur.
2150 2028 2286 2083 Nihil
2310 2031 2468 2099 igitur
2505 2034 2616 2089 lure
2642 2038 2873 2091 secunda
2904 2040 3231 2098 deﬁnitionis
3272 2047 3508 2116 signiﬁca
3537 2052 3587 2104 io

2002 2133 2040 2173 ta
2077 2121 2256 2187 priore
2282 2123 2461 2179 dill'ert
2492 2142 2505 2178 :
2533 2143 2637 2181 non
2666 2131 2808 2183 enim
2842 2134 3049 2199 Species
3078 2136 3177 2189 sub
3202 2152 3397 2204 genere
3427 2156 3586 2207 pone-

2012 2219 2180 2276 retur,
2207 2214 2308 2268 nisi
2338 2230 2506 2282 genus
2526 2217 2593 2269 ad
2628 2219 2859 2285 speciem
2879 2222 2930 2273 in
2955 2237 3018 2275 eo
3046 2226 3186 2291 quod
3217 2227 3340 2293 quid
3366 2229 3433 2280 sit
3456 2244 3587 2296 prae.

2014 2297 2309 2353 dicaretur.
2328 2302 2503 2355 Tertia
2535 2305 2911 2360 verodelinitio
2933 2310 3125 2376 speciei
3158 2312 3355 2380 integra
3386 2318 3589 2373 ratione

2012 2386 2235 2441 collecta
2267 2396 2370 2452 est,
2401 2399 2455 2442 et
2502 2391 2670 2458 ipsius
2709 2394 2923 2461 specieiu
2941 2398 3043 2451 vim
3101 2412 3450 2473 naturamque
3495 2410 3589 2463 dc-

2013 2488 2294 2533 monstrat.
2324 2481 2459 2535 Dicit
2499 2484 2641 2537 enim
2698 2486 2931 2552 Speciem
2973 2500 3094 2542 esse
3122 2504 3240 2557 qua:
3260 2486 3331 2545 ad
3365 2495 3588 2561 plurima

2016 2588 2237 2627 numero
2260 2574 2558 2630 differentia
2603 2578 2666 2631 in
2700 2594 2765 2633 eo
2806 2580 2947 2649 quod
2978 2583 3102 2652 quid
3130 2585 3200 2638 sit
3244 2590 3585 2656 pra‘dicatur.

2012 2661 2142 2728 Qua:
2170 2662 2418 2718 difﬁnitio
2443 2666 2603 2721 etiam
2629 2681 2697 2722 ex
2718 2671 2992 2739 superiore
3021 2688 3221 2745 genere
3264 2680 3440 2736 debuit
3468 2700 3589 2740 esse

2015 2751 2340 2817 planissima.
2370 2753 2475 2808 Sed
2506 2769 2606 2823 ego
2633 2770 2741 2810 non
2773 2768 3026 2826 quantum
3047 2767 3300 2833 castigata
3331 2772 3589 2836 permittit

2014 2842 2247 2895 brevitas
2297 2842 2613 2911 explicabo,
2659 2845 2752 2899 sed
2808 2848 2955 2917 prius
3005 2850 3075 2906 de
3124 2853 3252 2922 ipsis
3304 2859 3588 2923 generibus

2015 2932 2397 3000 speciebusque
2426 2946 2591 3001 pauca
2622 2932 2846 2989 dicenda
2863 2945 2989 2992 sunt
3019 2955 3034 2992 :
3063 2937 3194 2994 Cum
3224 2942 3588 3013 sintqumdam

2015 3036 2207 3088 genera
2231 3038 2349 3091 quae
2378 3022 2585 3090 species
2606 3023 2854 3092 habeant,
2884 3035 3044 3095 atque
3075 3032 3187 3098 ipsa
3222 3032 3345 3087 aliis
3371 3038 3585 3101 generi-

332 3126 470 3179 niam
519 3127 694 3179 nullus
726 3132 986 3179 tractatus
1034 3124 1352 3189 habebatur,
1394 3125 1515 3193 jure
1547 3126 1905 3193 praetermissa

2014 3110 2113 3165 bus
2141 3114 2349 3182 species
2375 3128 2496 3169 esse
2526 3118 2749 3183 possint,
2784 3132 2891 3172 non
2922 3126 3005 3173 est
3041 3119 3259 3175 dubium
3290 3137 3349 3177 ea
3380 3127 3589 3193 gemina
3632 3160 3635 3161 ν

334 3223 477 3267 sunt.
519 3214 615 3268 Hic
647 3224 822 3268 tamen
866 3227 897 3266 a
922 3212 1201 3267 Victorino
1224 3214 1435 3268 videtur
1473 3224 1732 3279 erratum,
1763 3214 1905 3284 quod

334 3315 451 3355 cum
479 3304 618 3357 idem
645 3304 712 3356 sit
730 3303 1097 3371 cujuscunque
1129 3302 1357 3373 hominis
1395 3304 1603 3370 species
1627 3318 1672 3357 et
1708 3304 1903 3369 vultus,

334 3393 478 3458 quasi
525 3394 575 3445 in
605 3394 706 3445 alia
745 3393 1105 3461 appellatione
1142 3394 1337 3460 speciei
1362 3396 1538 3447 vultus
1567 3396 1756 3450 iterum
1791 3396 1909 3464 pul-

334 3481 697 3536 chritudinem
735 3481 871 3535 dixit
906 3499 919 3535 :
952 3481 1105 3551 quasi
1134 3497 1260 3536 vero
1291 3496 1394 3536 non
1425 3483 1646 3553 perinde
1676 3484 1910 3552 pulchri-

338 3570 465 3625 tudo
495 3571 668 3624 vultus
691 3572 759 3625 sit
785 3586 847 3625 ac
870 3582 977 3625 tota
1003 3570 1209 3639 species
1230 3571 1408 3636 fuerit,
1444 3588 1562 3627 nam
1587 3576 1629 3629 si
1647 3575 1909 3643 quispiam

333 3661 555 3731 pulcher
585 3661 745 3715 fuerit
789 3669 898 3714 toto
930 3675 1175 3730 corpore,
1211 3661 1371 3714 etiam
1407 3663 1574 3715 vultu.
1609 3663 1737 3729 Sed,
1781 3679 1914 3732 prte-

332 3754 594 3807 termis‘sis
618 3754 721 3820 his,
750 3753 816 3806 ad
844 3754 981 3807 illam
1008 3755 1239 3822 speciem
1271 3772 1388 3825 quae
1416 3755 1514 3808 sub
1539 3770 1736 3824 genere
1764 3756 1915 3823 poni-

328 3852 421 3897 tur
452 3852 612 3906 atque
635 3857 799 3911 genus
825 3843 989 3897 efﬁc't
1010 3847 1298 3901 veniamus.
1328 3847 1586 3914 Namque,
1629 3858 1685 3902 ut
1713 3848 1911 3902 dictum

335 3941 440 3996 est,
472 3932 788 3987 substantia:
818 3933 943 4001 ipsa:
981 3935 1124 3990 nullo
1156 3939 1352 4005 speciei
1402 3938 1615 3992 nomine
1640 3938 1915 4007 generisve

336 4031 646 4088 censentur,
682 4022 781 4076 nisi
800 4025 1022 4092 quadam
1054 4025 1118 4080 ad
1148 4042 1208 4081 se
1245 4027 1471 4080 invicem
1498 4026 1781 4081 collatione
1810 4026 1916 4079 sint

336 4114 838 4185 romparationeqn‘e
853 4119 1184 4185 compositae.
1200 4118 1438 4187 Namque
1466 4119 1604 4188 quod
1624 4119 1783 4172 homo
1804 4120 1919 4171 ani-

331 4208 438 4259 mal
467 4215 569 4276 est,
586 4222 691 4260 non
714 4207 912 4262 ideirco
934 4209 981 4262 ei
1007 4223 1179 4277 genus
1193 4218 1294 4273 est,
1312 4210 1561 4276 quoniam
1592 4208 1786 4262 animal
1813 4218 1915 4274 est,

339 4298 425 4350 sed
450 4296 652 4351 idcirco
679 4299 818 4363 quod
841 4298 938 4351 sub
965 4314 1021 4352 se
1036 4299 1267 4353 hominis
1283 4307 1439 4367 atque
1466 4300 1610 4367 equi,
1629 4309 1918 4353 etcmteroo

339 4404 453 4440 rum
478 4389 825 4442 animantium
841 4390 1047 4457 sp‘ecies
1062 4390 1412 4457 habet,atque
1426 4390 1625 4444 ideirco
1639 4391 1739 4443 ait:
1769 4389 1918 4444 Unde

2010 3204 2424 3271 comparationis
2456 3205 2767 3262 habitudine
2794 3207 2964 3277 fungi,
3008 3221 3066 3263 ut
3102 3210 3169 3265 ad
3212 3212 3314 3266 alia
3358 3215 3588 3282 species,

2010 3293 2077 3347 ad
2102 3294 2202 3346 alia
2229 3309 2423 3361 genera
2451 3296 2813 3351 nominentur.
2858 3297 2961 3352 Sed
2993 3298 3039 3352 si
3065 3298 3117 3353 in
3158 3314 3264 3354 uno
3316 3302 3407 3355 ﬁlo
3432 3312 3589 3371 atque

2012 3382 2200 3438 ordine
2230 3385 2584 3452 speculemur,
2619 3395 2674 3441 et
2702 3388 3055 3465 quodcunque
3079 3405 3246 3460 genus
3270 3393 3492 3461 a'icujus
3514 3397 3589 3452 rei

1970 3479 2282 3563 'repertum
2307 3482 2410 3538 est,
2432 3475 2550 3542 ejus
2569 3490 2758 3530 rursus
2785 3490 2953 3545 genus
2979 3479 3119 3532 aliud
3153 3481 3506 3549 requiramus,
3538 3494 3591 3542 et

2013 3574 2199 3615 rursus
2219 3562 2363 3616 aliud
2394 3561 2552 3633 attiue
2572 3564 2749 3619 aliud:
2776 3566 2965 3621 iterum
2982 3569 3024 3621 si
3056 3569 3185 3623 nihil
3210 3572 3282 3625 sit
3304 3586 3412 3640 quo
3438 3573 3590 3629 intel~
3680 3603 3684 3606 ι

2015 3650 2183 3703 lectus
2213 3652 2458 3721 ratioque
2489 3654 2768 3718 consistat,
2816 3658 3204 3726 inexplicabilis
3252 3662 3387 3716 ratio
3426 3662 3591 3719 inter-

2015 3742 2389 3813 minabilisque
2415 3746 2753 3801 tractabitur:
2779 3747 2895 3813 sed,
2919 3751 3168 3818 quoniam
3196 3755 3355 3807 multa
3383 3766 3509 3810 sunt
3538 3756 3590 3812 in

2016 3833 2097 3886 his
2124 3834 2364 3889 scientia:
2407 3835 2769 3904 fundanienta,
2803 3855 2921 3908 quae
2947 3843 3084 3895 nulla
3117 3845 3321 3899 ratione
3347 3847 3507 3901 animi
3538 3849 3590 3902 in

2016 3921 2279 3976 infinitum
2304 3926 2641 3992 procedeniia
2663 3930 3071 3996 concluduntur,
3091 3933 3374 3989 dicendum
3404 3953 3590 3994 neces-

2017 4002 2160 4066 sario
2178 4020 2261 4067 est
2283 4029 2440 4080 posse
2467 4031 2565 4068 nos
2590 4017 2942 4073 ascendentes
2966 4035 3133 4088 usque
3162 4022 3226 4075 ad
3264 4026 3366 4079 tale
3393 4028 3591 4094 aliquid

2022 4107 2317 4172 pcrven’re,
2338 4105 2490 4173 cujus
2517 4121 2635 4160 cum
2660 4108 2833 4177 ipsum
2889 4112 3098 4175 caeteris
3132 4127 3297 4182 genus
3316 4115 3407 4181 sit,
3448 4118 3592 4173 aliud

2016 4210 2184 4265 genus
2203 4197 2444 4253 invenire
2466 4212 2572 4251 non
2593 4214 2897 4267 possumus,
2916 4202 3056 4271 quod
3080 4218 3245 4273 genus
3269 4208 3517 4274 primum,
3540 4218 3592 4264 et

2021 4290 2187 4358 magis
2208 4304 2400 4359 genus,
2431 4299 2486 4345 et
2522 4288 2979 4359 generalissimum
3012 4308 3363 4365 nuncupetur.
3395 4300 3498 4355 Sed
3547 4301 3592 4355 si

2024 4381 2199 4435 hocin
2240 4397 2434 4451 genere
2459 4383 2737 4452 contingit,
2769 4392 2828 4437 ut
2855 4387 3204 4441 ascendentes
3232 4388 3424 4442 a'icubi
3469 4405 3595 4445 con-

340 4477 607 4531 hominem
639 4479 885 4533 animalis
929 4480 1162 4548 speciem
1193 4480 1545 4549 appellamus,
1578 4496 1697 4534 cunt
1720 4482 1914 4535 animal

2022 4473 2292 4540 sistamus,
2316 4488 2419 4527 non
2452 4486 2533 4529 est
2573 4476 2791 4531 dubium
2816 4478 2943 4546 quin
2969 4479 3355 4534 descendentes
3404 4482 3593 4536 iterum

342 4567 510 4632 ipsum
536 4582 701 4634 genus
730 4569 830 4621 sit:
863 4584 1038 4637 neque
1061 4570 1199 4624 enim
1234 4570 1611 4639 homospeeies
1625 4571 1912 4636 diceretur,

342 4658 441 4710 nisi
459 4672 617 4725 super
635 4659 806 4727 ipsum
829 4659 1074 4713 animalis
1092 4661 1374 4728 appellatio
1389 4663 1786 4729 prtedicaretur.
1809 4664 1915 4720 Sed

342 4758 401 4799 ut
441 4758 757 4804 monstraret
782 4766 885 4805 non
915 4750 964 4803 in
982 4751 1112 4805 solis
1133 4751 1445 4806 substantiis
1468 4768 1659 4821 genera
1688 4757 1919 4824 species-

340 4852 449 4905 que
466 4842 679 4904 versari,
704 4840 798 4894 sed
822 4841 982 4895 etiam
1017 4842 1068 4894 in
1103 4842 1338 4897 omnium
1387 4844 1918 4914 prmdicamentorum

340 4930 822 4995 nuncupationibus
862 4946 981 4987 esse
1017 4946 1276 4995 connexa,
1298 4949 1400 4987 non
1422 4936 1587 4989 solius
1611 4938 1921 4992 substantiae

342 5021 487 5074 dedit
503 5023 831 5089 exemplum,
848 5024 942 5078 sed
956 5024 1115 5078 etiam
1139 5024 1252 5093 ejus
1269 5026 1406 5095 quod
1432 5028 1692 5097 reliquum
1711 5044 1923 5083 reman-

340 5112 807 5165 serataccidentis.
828 5113 977 5177 Quod
1002 5114 1145 5169 enim
1175 5118 1247 5169 ait
1270 5133 1284 5172 :
1311 5117 1373 5170 Et
1395 5118 1569 5171 albutn
1583 5120 1780 5173 coloris
1800 5135 1923 5189 spe-

339 5202 558 5265 riem,in
572 5204 862 5259 accidentis
876 5206 1137 5262 divisione
1151 5209 1360 5277 ponitur
1374 5210 1924 5281 qualitatis.Sed,quo-

338 5297 485 5347 niam
514 5297 650 5350 inter
666 5312 724 5352 se
735 5298 977 5367 qttmdam
995 5303 1259 5354 connexio
1272 5312 1371 5364 eSt,
1389 5312 1442 5355 et
1465 5302 1583 5355 talis
1596 5305 1922 5370 comparatio

335 5394 502 5453 atque
516 5386 725 5451 relatio,
754 5398 1013 5456 utpraeter
1037 5389 1099 5443 ad
1125 5404 1189 5443 se
1211 5390 1437 5443 invicem
1458 5389 1815 5446 habitudinem
1833 5408 1926 5461 ge-

332 5479 764 5545 neraetspecies
787 5493 905 5533 esse
934 5495 1040 5533 non
1068 5481 1272 5547 possint
1298 5496 1311 5534 :
1337 5480 1470 5537 nihil
1493 5484 1633 5534 enim
1660 5482 1710 5535 in
1740 5498 1921 5538 eorum

328 5566 751 5623 diluititionihus
763 5570 1007 5626 concludi
1030 5582 1220 5639 potest,
1239 5572 1663 5628 uisialterutrum
1679 5574 1922 5628 nomina-

326 5670 383 5713 ta
422 5653 557 5731 sint.
596 5657 726 5713 Nam
770 5660 813 5712 si
845 5660 1137 5716 substantia
1172 5664 1383 5731 generis
1410 5663 1603 5739 speciei
1631 5664 1921 5734 supposita,

2023 4568 2228 4634 species
2251 4568 2315 4619 ad
2342 4567 2572 4634 aliquem
2597 4568 2992 4636 quodammodo
3021 4572 3221 4623 calcem
3263 4572 3466 4625 oll‘enso
3490 4583 3594 4627 ter-

2026 4656 2170 4710 mino
2222 4656 2595 4710 consistamus.
2647 4658 2810 4725 lgitur
2855 4673 2973 4711 cum
3023 4659 3455 4715 descenderitntts
3505 4679 3595 4733 per

2022 4749 2252 4818 speciem
2284 4758 2335 4801 et
2362 4760 2530 4817 usque
2555 4748 2621 4801 ad
2670 4748 2811 4801 illam
2865 4749 3097 4817 speciem
3130 4753 3453 4820 venerimus,
3481 4773 3596 4827 qua!

2025 4841 2126 4895 sub
2147 4856 2205 4895 se
2230 4840 2436 4910 species
2476 4841 2649 4895 nullas
2690 4841 2872 4907 habet,
2903 4843 3042 4898 illam
3072 4846 3307 4909 speciem
3359 4849 3597 4906 ultimam

2029 4933 2260 5002 speciem
2282 4942 2336 4986 et
2372 4933 2536 5001 magis
2557 4935 2786 5001 speciem
2817 4942 2871 4989 et
2908 4936 3346 5004 Specialissimam
3400 4955 3597 4994 nnncu~

2031 5038 2236 5093 petnus.
2257 5023 2383 5085 Sed,
2399 5024 2648 5092 quoniam
2670 5025 2875 5092 species
2901 5026 3197 5095 aliquorum
3220 5036 3300 5080 cst
3323 5028 3595 5084 continens

2031 5114 2099 5186 (si
2127 5115 2423 5185 aliquorum
2454 5116 2631 5183 specie
2685 5115 3044 5171 dillerentium
3093 5118 3372 5169 continens
3409 5114 3596 5184 esset),

2032 5218 2134 5257 non
2163 5206 2332 5274 magis
2356 5205 2584 5273 species,
2614 5206 2705 5260 sed
2732 5221 2897 5276 genus
2923 5208 3114 5260 merito
3132 5212 3429 5257 vocaretur.
3466 5204 3596 5275 Sed,
3648 5197 3656 5200 ⁴

2027 5297 2275 5365 quoniam
2291 5299 2604 5358 continet,et
2620 5314 2722 5351 non
2740 5298 2917 5365 specie
2927 5296 3230 5350 differentes
3244 5307 3326 5346 res
3340 5292 3597 5362 continet,
3626 5348 3629 5349 ν

2027 5388 2230 5443 similes
2261 5402 2483 5444 necesse
2503 5402 2586 5443 est
2610 5389 2709 5441 sibi
2760 5388 3026 5441 contineat
3054 5384 3381 5452 pluralitates
3405 5403 3419 5439 :
3442 5388 3535 5442 sed
3556 5389 3597 5442 si

2027 5478 2261 5533 continet
2286 5479 2663 5547 pluralitatem,
2695 5486 2749 5528 et
2805 5490 2854 5528 tn
2877 5474 2975 5541 -jus
3005 5489 3218 5544 semper
3247 5486 3327 5529 est
3371 5477 3419 5529 id
3460 5479 3598 5545 quod

2027 5573 2282 5633 continet,
2319 5582 2474 5636 quam
2524 5567 2572 5619 id
2620 5566 2757 5633 quod
2808 5565 3130 5629 continetur,
3179 5566 3246 5620 de
3299 5568 3599 5635 pluralitate

2029 5663 2115 5717 illa
2144 5659 2350 5731 species
2382 5656 2775 5727 prtedicabitur.
2812 5654 3179 5725 Appellahitur
3207 5656 3366 5729 igitur
3395 5662 3599 5731 species
