4244 6254
614 349 687 408 39

1842 346 1952 400 ΑΝ.
1996 343 2202 399 MANL.
2243 343 2396 399 SEV’.
2440 341 2666 397 BOETH

3799 314 3973 406 ω’

584 504 585 507 η
614 466 688 522 de
710 463 947 533 pluribus
998 460 1158 516 rebus
1186 473 1408 517 numero
1432 455 1806 513 diﬂ‘erentibus
1856 456 1908 509 in
1941 469 2006 509 eo
2049 454 2191 523 quod
2221 458 2275 515 Α
2301 470 2415 508 rum
2449 455 2579 508 nihil
2621 455 2792 525 majus
2825 456 3012 524 poterit
3050 454 3305 519 inveniri,
3340 455 3528 511 merito
3558 456 3669 527 ipsa
3702 460 3874 530 magis

615 557 741 628 quid
771 556 859 610 sit.
889 554 1108 623 Species
1133 553 1274 608 enim
1303 566 1423 606 cum
1445 549 1744 619 appellatur
1775 548 1843 602 de
1872 547 2192 601 subteriuri—

616 648 737 712 bus,
776 643 1103 713 superiorem
1142 641 1373 711 speciem
1425 638 1889 707 substantiamque
1934 634 2189 691 declarat.

615 736 745 790 Nam
772 749 892 789 cum
930 732 1156 788 dicimus
1198 730 1325 800 quid
1356 737 1439 785 est
1478 728 1669 783 Cicero
1701 744 1717 781 :
1750 728 1912 782 homo
1941 726 2194 780 continuo

616 826 985 893 respondetur.
1015 822 1146 876 Cum
1176 835 1302 890 ergo
1327 820 1495 874 tribus
1522 819 1695 874 modis
1742 816 1941 889 speciei
1968 816 2102 869 facta
2126 815 2196 869 sit

616 916 875 980 deﬁnitio,
898 913 1202 981 superiores
1229 911 1348 965 duae
1383 926 1490 964 non
1545 918 1749 963 tantum
1792 914 1917 962 sunt
1970 903 2188 974 speciei,

618 1008 709 1062 sed
732 1008 891 1062 etiam
921 1003 1240 1059 subalternae
1286 1002 1505 1071 speciei.
1551 1002 1646 1055 Est
1673 1001 1814 1056 enim
1839 998 2046 1066 species
2074 1009 2195 1065 quas

615 1106 669 1153 et
694 1099 806 1165 ipsa
833 1109 1002 1164 genus
1028 1101 1111 1148 est
1140 1108 1158 1148 :
1182 1092 1252 1147 sit
1272 1092 1411 1149 enim
1445 1092 1557 1161 ipsa
1588 1088 2052 1161 generalissimum
2101 1101 2195 1156 ge-

615 1202 715 1242 nus
731 1185 1045 1248 substantia,
1065 1194 1118 1238 et
1146 1183 1244 1236 sub
1268 1197 1330 1237 ea
1351 1197 1566 1251 corpus,
1585 1181 1685 1235 sub
1714 1192 1963 1248 corpore,
1992 1176 2196 1231 anima-

618 1288 729 1331 tum
752 1288 966 1342 corpus;
998 1273 1097 1327 sub
1134 1271 1369 1325 animato
1408 1284 1654 1340 corpore,
1679 1267 1897 1333 animal;
1928 1265 2028 1321 sub
2075 1264 2193 1318 ani-

614 1367 762 1431 mali,
788 1365 975 1428 homo;
1000 1364 1099 1420 sub
1126 1363 1360 1429 homine,
1380 1360 1676 1415 individua.
1700 1359 1803 1414 Sed
1822 1359 1960 1413 hanc
1979 1353 2198 1435 divisio-

614 1472 735 1512 nem
758 1455 967 1526 plenius
996 1454 1262 1524 posterius
1291 1466 1676 1527 exsequemur,
1701 1464 1843 1503 nunc
1891 1455 2069 1501 autem
2097 1450 2197 1500 hoc

615 1548 770 1603 nobis
786 1540 987 1601 tantum
1003 1544 1219 1599 sufﬁcit.
1239 1542 1540 1599 Substautia
1556 1542 1714 1610 igitur
1728 1540 1895 1608 magis
1907 1552 2077 1608 genus
2088 1543 2193 1603 est,

617 1643 775 1693 homo
792 1638 958 1706 magis
973 1636 1200 1703 Species,
1219 1635 1287 1687 ita
1307 1644 1363 1687 ut
1378 1646 1547 1700 neque
1561 1631 1851 1685 substantia
1871 1628 2080 1698 species
2094 1628 2196 1681 ali-

614 1729 825 1799 quando
850 1742 969 1782 esse
994 1727 1178 1794 possit,
1206 1740 1305 1779 nec
1331 1725 1487 1777 homo
1501 1737 1697 1793 genus:
1718 1736 1912 1790 corpus
1927 1734 2054 1775 vero
2084 1718 2198 1771 ani-

2295 560 2489 615 geucra
2541 545 2860 599 vocitantur.
2921 545 3059 601 Sunt
3099 557 3274 602 autem
3320 548 3562 616 quaedam
3606 550 3707 604 alia
3750 565 3874 619 quas

2295 635 2464 703 magis
2509 635 2717 703 species
2757 634 3109 704 appellantur,
3142 637 3242 691 sub
3278 636 3468 706 quibus
3505 638 3624 693 alia:
3665 641 3874 707 species

2290 724 2482 780 locatas
2510 740 2614 779 non
2642 735 2787 781 sunt.
2815 726 2945 780 Nam
2972 727 3092 796 plus
3122 727 3473 783 videtur‘esse
3500 729 3706 797 species
3734 744 3795 783 ca
3821 740 3877 784 et

2292 814 2571 886 integrior,
2609 830 2672 871 ac
2710 831 2837 871 vere
2874 817 3080 886 species
3111 828 3211 883 est,
3249 834 3367 887 quae
3400 833 3567 888 genus
3604 834 3873 890 nunquam

2295 915 2396 972 est,
2433 921 2589 975 quam
2624 921 2686 961 ea
2712 922 2833 976 quae
2863 907 3146 977 aliquando
3165 923 3332 978 genus
3357 923 3476 963 esse
3498 918 3692 978 potest.
3722 910 3876 975 Quod

2294 996 2341 1051 si
2386 997 2560 1051 verior
2608 998 2813 1066 species
2858 1006 2960 1064 est,
3010 1013 3128 1068 qua:
3174 999 3287 1054 sola
3332 1000 3559 1068 species,
3604 1013 3875 1068 nunquam

2294 1102 2463 1157 genus
2491 1096 2591 1163 est,
2623 1089 2815 1143 merito
2840 1089 3007 1159 magis
3037 1091 3244 1158 Species
3274 1091 3539 1158 appellata
3568 1100 3669 1146 est.
3713 1091 3876 1161 Igitur

2294 1174 2436 1231 inter
2461 1177 2628 1246 magis
2654 1179 2891 1246 speciem
2917 1187 2973 1233 et
2994 1179 3163 1247 magis
3186 1193 3353 1248 genus
3376 1180 3708 1235 intervallum
3733 1181 3877 1251 quod

2296 1277 2399 1334 est,
2424 1268 2727 1323 subalterna
2758 1284 2974 1339 genera,
3008 1281 3061 1326 et
3090 1272 3411 1328 subalterna:
3436 1277 3645 1343 species
3686 1277 3877 1346 imple-
3912 1256 3923 1293 ²

2276 1366 2507 1445 .verunt.
2559 1358 2690 1413 Nam
2717 1359 3027 1415 subalterna
3055 1376 3303 1427 vocamus
3333 1378 3662 1435 quaecunque
3684 1367 3749 1421 ad
3779 1382 3875 1423 su-

2299 1451 2511 1517 periora
2539 1451 2768 1518 species,
2794 1451 2861 1505 ad
2893 1451 3143 1508 inferiora
3172 1468 3267 1522 pro
3293 1456 3580 1524 generibus
3606 1457 3877 1527 accipiun-

2300 1548 2406 1606 tur,
2425 1540 2623 1595 idcirco
2644 1542 2790 1608 quia,
2806 1542 2851 1597 si
2872 1557 3059 1599 omnes
3084 1559 3171 1599 res
3199 1545 3265 1599 ad
3288 1545 3539 1602 inferiora
3564 1563 3871 1617 componas,

2296 1640 2491 1694 genera
2514 1639 2657 1693 sunt,
2673 1630 2719 1684 si
2734 1630 2798 1684 ad
2814 1634 3109 1700 superiora,
3128 1635 3359 1702 species:
3376 1644 3428 1691 et
3451 1637 3494 1691 si
3518 1639 3583 1691 ad
3598 1640 3876 1708 superiora

2297 1729 2351 1773 et
2376 1719 2627 1775 inferiora
2654 1722 2836 1776 eadem
2861 1724 3045 1791 ducas,
3069 1740 3266 1793 genera
3291 1736 3345 1780 et
3367 1728 3574 1794 species
3601 1730 3878 1784 invenien-

592 1828 815 1881 gmatum
849 1818 928 1871 vel
946 1816 1143 1871 animal
1167 1815 1231 1868 ad
1254 1814 1531 1882 superiora
1547 1813 1777 1881 species,
1801 1814 1865 1864 ad
1897 1811 2196 1864 subteriora
2224 1804 2271 1864 Β
2302 1820 2404 1863 tur.
2428 1810 2603 1881 Atque
2624 1812 2742 1866 ideo
2763 1814 3068 1868 subalterna
3085 1829 3279 1883 genera
3301 1824 3353 1870 et
3375 1818 3582 1883 Species
3604 1819 3875 1874 nominata

613 1923 807 1979 genera
842 1906 1199 1960 nominantur.
1217 1903 1271 1958 Si
1289 1902 1408 1971 quis
1428 1916 1555 1971 ergo
1576 1914 1770 1971 corpus
1799 1901 2087 1954 animatum
2109 1899 2195 1954 vel

615 1998 812 2054 animal
826 1999 905 2051 vel
923 1996 1190 2050 hominem
1205 1994 1331 2047 velit
1344 1994 1642 2061 exprimere
1656 1991 1859 2046 etdicat
1871 1990 2197 2058 :Speciesest

614 2104 735 2159 qua:
766 2089 977 2157 ponitur
997 2086 1096 2139 sub
1109 2099 1326 2154 genere,
1350 2082 1479 2137 etad
1496 2098 1651 2150 quam
1667 2096 1834 2151 genus
1882 2081 1934 2135 in
1963 2096 2027 2134 eo
2053 2078 2195 2149 quod

593 2178 739 2245 .quitl
758 2179 825 2230 sit
852 2174 1193 2244 praedicatur,
1214 2173 1328 2227 haec
1344 2172 1584 2227 deﬁnitio
1609 2181 1661 2226 et
1679 2172 1848 2239 magis
1870 2172 2124 2247 speciem,
2144 2169 2195 2223 id

592 2316 595 2321 ,
619 2275 703 2322 εει
730 2266 1025 2329 hominem,
1041 2273 1095 2318 et
1114 2262 1475 2318 subalternam
1497 2261 1727 2329 speciem
1750 2262 2007 2322 continet,
2027 2260 2077 2313 id
2117 2268 2199 2314 est

616 2372 812 2425 corpus
840 2355 1130 2409 animatum
1161 2352 1242 2407 vel
1274 2352 1492 2406 animal.
1520 2350 1651 2405 Nam
1688 2364 1881 2419 corpus
1908 2351 2194 2402 animatum

616 2452 672 2499 et
691 2446 889 2498 animal
933 2454 987 2496 et
1024 2444 1183 2495 homo
1210 2442 1309 2495 sub
1336 2456 1536 2510 genere
1558 2448 1682 2495 sunt
1718 2440 1911 2507 posita,
1942 2448 1991 2492 et
2014 2439 2079 2491 ad
2107 2452 2198 2492 eas

619 2546 806 2587 omnes
828 2533 880 2584 in
906 2546 966 2584 eu
992 2532 1135 2598 quod
1172 2531 1299 2598 quid
1336 2532 1405 2583 sit
1431 2531 1751 2596 appellatur,
1783 2537 1839 2581 ut
1866 2530 2063 2583 dictum
2095 2537 2195 2583 est.

621 2622 679 2675 Si
704 2621 822 2689 quis
846 2634 972 2672 Vero
995 2619 1136 2671 illam
1160 2617 1395 2685 speciem
1417 2616 1724 2669 deﬁnitione
1754 2615 2057 2669 monstrare
2074 2619 2201 2670 velit

621 2726 738 2779 qua:
767 2723 890 2763 vere
919 2708 1125 2777 species
1156 2716 1258 2771 est,
1286 2705 1340 2759 id
1371 2712 1454 2759 est
1480 2702 1924 2772 specialissitnam
1963 2703 2197 2770 speciem

619 2816 736 2870 qua:
767 2807 966 2853 tantum
998 2798 1205 2866 species
1231 2805 1285 2851 et
1308 2810 1576 2865 nunquam
1598 2808 1762 2863 genus
1779 2797 1870 2859 sit,
1902 2792 2004 2847 hoc
2043 2792 2201 2847 modo

622 2890 840 2946 deﬁniet
863 2908 875 2943 :
909 2888 1151 2958 Speciem
1177 2902 1315 2952 esse,
1341 2902 1461 2957 qua:
1484 2885 1549 2939 ad
1580 2885 1833 2954 plurimas
1868 2901 1953 2939 res
1980 2899 2202 2939 numero

619 2984 925 3039 differentes
967 2982 1018 3034 in
1042 2996 1108 3036 eo
1132 2980 1270 3049 quod
1311 2979 1436 3049 quid
1469 2977 1537 3032 sit
1568 2977 1904 3047 praedicetur.
1954 2974 2059 3031 Sed
2092 2977 2203 3028 haec

621 3076 866 3131 deﬁnitio
897 3074 1219 3129 subalternis
1248 3072 1528 3142 speciebus
1583 3086 1850 3139 nunquam
1898 3065 2198 3122 conveniet.

2296 1910 2451 1968 sunt,
2499 1903 2637 1971 quod
2679 1904 2765 1956 ﬁlo
2808 1903 3034 1972 quodam
3078 1914 3237 1973 atque
3279 1905 3468 1961 ordine
3512 1907 3579 1961 ad
3624 1908 3878 1963 in'eriora

2298 1994 2587 2062 composita
2615 2008 2830 2062 genera,
2864 2005 2917 2050 et
2946 1995 3013 2048 ad
3045 1997 3320 2063 superiora
3350 1999 3559 2067 species
3583 2013 3879 2068 agnoscan-

2299 2092 2403 2137 tur.
2435 2084 2539 2137 Sed
2566 2084 2679 2137 htec
2705 2085 2774 2137 ita
2801 2098 2994 2151 genera
3017 2086 3328 2154 speciesque
3352 2100 3473 2141 esse
3499 2096 3741 2155 possunt,
3772 2101 3878 2143 non

2300 2185 2356 2227 ut
2390 2176 2473 2227 cui
2511 2189 2679 2242 genus
2705 2183 2807 2237 est,
2846 2175 3020 2229 eidem
3052 2176 3240 2229 iterum
3272 2177 3417 2230 velut
3445 2178 3651 2245 species
3683 2192 3881 2247 suppo-

2300 2276 2478 2319 natur.
2510 2267 2641 2318 Nam
2668 2263 2714 2318 si
2738 2267 2818 2335 (ut
2845 2267 2991 2333 prius
3013 2275 3286 2321 ostensum
3309 2268 3413 2338 est)
3441 2270 3618 2338 specie
3646 2284 3741 2324 sua
3768 2285 3880 2325 ma-

2296 2356 2381 2423 jus
2411 2365 2493 2410 est
2519 2370 2714 2423 genus,
2759 2370 2864 2409 non
2909 2366 2993 2410 est
3032 2356 3253 2412 dubium
3276 2360 3409 2427 quin
3442 2361 3614 2429 major
3656 2375 3744 2417 res
3779 2362 3880 2416 sub

2302 2446 2492 2499 minori
2526 2446 2649 2512 poni
2682 2461 2784 2499 non
2818 2447 2985 2514 pnssit
3018 2465 3029 2499 :
3062 2456 3221 2516 atque
3252 2450 3370 2504 ideo
3398 2450 3491 2516 ait,
3525 2460 3581 2504 ut
3610 2452 3760 2506 alteri
3791 2467 3881 2522 ge-

2305 2550 2433 2599 nus,
2465 2535 2618 2588 alteri
2658 2536 2865 2603 species
2899 2537 3253 2604 appellentur,
3282 2540 3421 2608 quod
3453 2555 3788 2610 nequaquam
3814 2542 3881 2596 ad

2280 2624 2546 2678 eumdem
2595 2640 2706 2678 rem
2747 2633 2800 2679 et
2838 2640 3006 2693 genus
3043 2641 3162 2680 esse
3203 2638 3256 2680 et
3298 2629 3505 2697 species
3548 2632 3879 2686 conveniret.

2306 2715 2394 2766 Da'
2427 2715 2585 2782 igitur
2613 2717 2767 2782 hujus
2794 2718 2866 2769 rei
2896 2718 3226 2785 exemplum,
3251 2728 3307 2773 ut
3329 2720 3467 2787 quod
3495 2720 3643 2786 dicit,
3673 2720 3882 2776 facilius

2304 2804 2475 2870 possit
2509 2804 2749 2870 agnosci.
2794 2803 2945 2858 Facit
2984 2805 3143 2874 igitur
3172 2809 3308 2863 hanc
3336 2809 3675 2866 divisionem.
3729 2812 3884 2867 Ponit

2305 2892 2651 2944 submant‘am
2713 2895 2880 2961 magis
2941 2909 3136 2963 genus,
3199 2900 3514 2966 supponitur
3574 2902 3883 2957 substantia:

2305 2995 2501 3048 corpus
2527 2990 2581 3035 et
2606 2982 2658 3035 in
2689 2981 3083 3052 incorporeum.
3105 2984 3348 3052 Corpori,
3378 2990 3666 3045 animatum
3690 3008 3884 3064 corpus

2307 3080 2361 3125 et
2390 3072 2755 3126 inanimatum.
2790 3073 3037 3127 Animato
3066 3079 3277 3143 corpori
3310 3079 3503 3132 animal
3532 3083 3805 3149 sensibile,
3832 3093 3883 3140 et

624 3170 730 3223 Illa:
748 3171 889 3223 enim
915 3183 1035 3234 quin
1062 3167 1382 3221 subalternae
1405 3173 1531 3218 sunt
1557 3164 2021 3232 species,possunt
2046 3159 2208 3213 etiam
2239 3150 2285 3214 C
2314 3161 2508 3217 animal
2546 3164 2878 3232 insensibile,
2912 3174 2969 3219 ut
3001 3174 3125 3219 sunt
3152 3177 3325 3221 ostrea
3362 3168 3447 3223 vel
3479 3171 3762 3239 conchilia,
3796 3174 3884 3229 vel

625 3272 722 3324 pro
751 3257 1035 3321 generibus
1084 3254 1271 3324 accipi,
1313 3255 1356 3308 si
1413 3253 1480 3307 ad
1532 3253 1772 3320 subjecta
1822 3250 2196 3319 prmdicentur.

622 3348 776 3409 Quod
805 3346 1093 3413 sipossunt
1126 3358 1222 3413 pro
1253 3343 1537 3414 generibus
1558 3342 1747 3412 accipi,
1766 3356 1883 3395 cum
1918 3356 2011 3409 prn
2040 3353 2203 3408 gene-

622 3436 769 3490 ribus
798 3446 1030 3503 accepue
1080 3433 1279 3487 fuerint
1322 3447 1426 3487 non
1459 3440 1662 3486 tantum
1716 3431 1782 3485 ad
1811 3430 2067 3497 plurimas
2094 3441 2202 3482 ‘res

622 3539 865 3588 numero,
892 3524 987 3580 sed
1010 3524 1169 3578 etiam
1195 3524 1376 3592 specie
1413 3522 1725 3576 differentes
1753 3518 2205 3607 praedicabuntur‘

620 3615 815 3684 quippe
833 3629 953 3670 cum
989 3624 1113 3668 sunt
1134 3627 1349 3682 genera.
1379 3612 1481 3667 Sed
1515 3611 1638 3681 quia
1670 3611 1769 3664 hoc
1799 3610 2048 3677 in'magis
2076 3622 2200 3676 spe-

621 3709 803 3763 ciebus
831 3723 935 3761 non
965 3707 1213 3761 evenitut
1238 3705 1523 3775 aliquando
1554 3704 1620 3758 de
1648 3700 2203 3772 speciedilferemibus

624 3797 1002 3865 prmdicentur,
1059 3796 1173 3849 haec
1218 3795 1458 3849 deﬁnitio
1499 3792 1983 3863 posterior‘snlius
2038 3791 2204 3859 magis

622 3888 816 3956 speciei
841 3886 1081 3941 deﬁnitio
1117 3896 1219 3948 est,
1250 3894 1304 3939 et
1325 3900 1443 3940 eam
1469 3895 1679 3939 caztera:
1726 3883 2049 3937 subalternze
2079 3896 2202 3949 spe-

622 3979 731 4033 cies
752 3977 1041 4032 excludunt
1063 3985 1223 4046 atque
1272 3976 1515 4043 rejieiunt
1538 4014 1555 4041 ,
1587 3972 1729 4042 quod
1759 3972 2083 4041 Porphyrius
2132 3971 2203 4025 ita

622 4067 976 4137 demonstrat.
1015 4066 1123 4122 Sed
1154 4068 1268 4121 htec
1290 4064 1529 4120 deﬁnitio
1551 4064 1670 4132 ejus
1723 4062 1920 4131 speciei
1952 4069 2054 4124 est,
2086 4074 2205 4128 quae

623 4160 792 4226 magis
824 4158 1259 4225 Speciesdieitur.
1310 4157 1443 4211 Alire
1493 4170 1622 4209 vero
1663 4154 2001 4209 deﬁnitioaes
2048 4161 2207 4205 erunt

625 4251 786 4305 etiam
820 4250 1028 4303 illatum
1062 4264 1179 4317 quae
1211 4263 1315 4301 non
1376 4256 1500 4300 sunt
1548 4248 1715 4315 magis
1743 4247 1968 4313 species,
2017 4247 2204 4298 horum

626 4353 758 4409 ergo
783 4339 950 4408 ipsam
975 4338 1177 4393 subseri
1188 4338 1421 4407 ptionem
1441 4336 2067 4404 demonstrationemque
2091 4334 2205 4388 cla-

623 4432 735 4486 rius
755 4432 985 4502 seipsum
1008 4431 1187 4487 dicere
1208 4431 1471 4501 promittit
1501 4444 1623 4484 cum
1653 4428 1786 4484 dicit
1812 4444 1827 4482 :

694 4500 1015 4590 Maiiij‘estius
1044 4500 1221 4575 autem,
1244 4522 1337 4574 hoc
1363 4522 1448 4588 [iet
1475 4519 1610 4589 quod
1638 4520 1852 4573 dicimus
1881 4519 1977 4572 hoc
2007 4517 2196 4573 modo:
2224 4500 2278 4562 D

625 4613 691 4669 In
728 4614 956 4666 omnibus
991 4612 1400 4682 prmdicamentis
1435 4620 1551 4666 sunt
1584 4610 1817 4678 quaedam
1856 4612 2019 4681 magis
2054 4627 2203 4681 gene-

623 4723 736 4761 rum
762 4716 806 4759 et
832 4706 993 4775 magis
1018 4705 1318 4770 specierum,
1345 4711 1461 4757 sunt
1487 4703 1591 4756 alia
1617 4704 1811 4756 mixta:
1837 4704 1995 4773 magis
2018 4718 2203 4772 genera

623 4806 740 4848 sunt
780 4811 936 4861 supra
977 4811 1089 4863 qua:
1130 4795 1329 4848 nullum
1367 4795 1512 4846 aliud
1549 4810 1706 4863 genus
1746 4795 1927 4859 poterit
1969 4794 2201 4848 inveniri.

611 4886 791 4956 Magis
819 4885 1011 4951 species
1042 4899 1241 4947 rursus,
1273 4886 1365 4936 sub
1395 4902 1495 4954 qua
1527 4888 1671 4937 nulla
1705 4887 1891 4954 species
1930 4887 2201 4952 reperitur,

625 4978 804 5029 horum
840 4974 1117 5028 intervalla
1158 4990 1273 5043 qua:
1317 4974 1594 5041 possident,
1636 4985 1680 5028 et
1711 4992 1894 5045 genera
1927 4984 1972 5028 et
2012 4977 2200 5043 species

624 5076 762 5128 sunt,
807 5064 1007 5135 singula
1054 5064 1398 5134 superioribus
1429 5075 1476 5117 et
1522 5064 1852 5134 inferioribus
1896 5065 2101 5131 collata,
2146 5075 2201 5119 ut

623 5158 768 5213 alteri
797 5171 949 5226 genus
978 5152 1123 5207 alteri
1150 5156 1339 5222 species
1368 5153 1711 5224 appellentur.

696 5244 1007 5315 llujusmodi
1045 5255 1191 5311 sunt,
1226 5246 1415 5313 inquit,
1444 5247 1688 5315 quaedam
1729 5263 1953 5318 quorum
2002 5263 2195 5319 genera

628 5340 849 5395 inveniri
889 5355 993 5395 non
1032 5349 1273 5410 possunt,
1307 5339 1523 5408 haecque
1550 5341 1662 5408 ipsa
1697 5342 1887 5394 merito
1915 5343 2081 5411 magis
2107 5357 2200 5411 ge-

627 5445 751 5486 nera
783 5432 1142 5499 nominantur,
1172 5433 1420 5503 quoniam
1451 5430 1621 5501 majus
1662 5432 1793 5501 ipsis
1825 5432 2021 5501 aliquid
2052 5435 2198 5489 inve-

626 5524 727 5578 niri
752 5540 857 5578 non
880 5534 1070 5593 potest.
1101 5525 1227 5579 Nam
1252 5525 1295 5580 si
1326 5526 1423 5580 ista
1446 5534 1567 5580 sunt
1588 5539 1781 5593 genera
1808 5524 1995 5595 (genus
2017 5537 2195 5581 autem

628 5613 871 5668 euntibus
900 5615 999 5668 sub
1019 5629 1077 5670 se
1099 5616 1282 5682 positis
1311 5616 1480 5685 majus
1505 5614 1608 5685 est)
1632 5630 1853 5685 quorum
1886 5631 1917 5683 g
1939 5632 2052 5669 -nus
2082 5616 2198 5669 nul-

588 5776 591 5777 ν
627 5702 737 5756 lum
764 5713 865 5767 est,
896 5706 1021 5760 nihil
1049 5720 1233 5759 eorum
1265 5706 1431 5773 majus
1460 5706 1913 5776 poteritrepeairi.
1948 5707 2034 5772 At,
2067 5721 2198 5775 quo-

2303 3254 2498 3314 echini.
2528 3255 2608 3308 vel
2638 3255 2877 3319 arbores,
2905 3266 2958 3310 et
2988 3239 3090 3310 alia
3116 3258 3499 3327 hujuscemodi,
3530 3276 3648 3331 quae
3672 3264 3884 3320 vivendi

2301 3345 2532 3397 animam
2577 3344 2794 3411 habent,
2834 3362 2941 3413 non
2980 3348 3140 3401 etiam
3172 3349 3457 3403 sentiendi.
3497 3351 3607 3405 Sub
3643 3352 3883 3419 animali,

2302 3438 2499 3491 animal
2523 3437 2782 3494 rationale
2807 3447 2861 3493 et
2887 3442 3214 3496 irrationale.
3237 3442 3346 3498 Sub
3370 3446 3633 3512 rationali,
3661 3449 3884 3510 mortale

2302 3536 2356 3581 et
2395 3528 2712 3584 immortale.
2754 3529 2863 3586 Sub
2905 3533 3132 3599 mortali,
3180 3533 3474 3589 hominem.
3516 3537 3627 3591 Sub
3668 3538 3884 3595 homine

2304 3616 2538 3687 singulos
2567 3618 2830 3686 homines,
2863 3620 2963 3674 hoc
2991 3632 3073 3676 est
3099 3637 3325 3691 corpora
3358 3625 3646 3691 individua,
3672 3628 3884 3683 Cicero-

2305 3723 2422 3761 nem
2447 3718 2499 3763 et
2525 3709 2797 3778 Virgilium
2822 3712 3046 3780 scilicet,
3066 3722 3117 3786 et
3140 3728 3231 3768 eos
3254 3716 3340 3784 qui
3360 3715 3469 3785 jam
3493 3718 3543 3770 in
3566 3730 3741 3786 partes
3761 3751 3784 3773 ο
3812 3711 3884 3774 ...ζ

2303 3799 2519 3867 singuli.
2549 3800 2853 3857 Snbstantia
2882 3818 3009 3873 ergo
3035 3784 3150 3872 qu}
3175 3806 3318 3874 prior
3344 3784 3446 3875 est,
3478 3784 3641 3878 magis
3671 3812 3882 3879 generis

2307 3891 2423 3944 loco
2449 3893 2722 3959 accipitur.
2762 3892 2945 3948 Genus
2974 3895 3114 3947 enim
3145 3896 3317 3950 solum
3351 3912 3453 3951 non
3481 3900 3641 3953 etiam
3672 3901 3881 3969 species

2305 3989 2405 4043 est,
2430 3982 2569 4049 quod
2596 3997 2859 4051 nunquam
2881 3987 2927 4035 ei
2951 3998 3118 4051 genus
3140 3987 3383 4054 superius
3408 3988 3696 4053 invenitur,
3723 3989 3882 4042 homo

2284 4086 2434 4147 Avero
2456 4072 2628 4124 solum
2658 4073 2867 4138 species
2892 4083 2974 4126 est
2997 4091 3010 4125 :
3039 4074 3209 4127 nullas
3234 4076 3374 4128 enim
3404 4078 3532 4129 alias
3559 4078 3658 4131 sub
3680 4093 3738 4131 se
3760 4094 3883 4148 spc-

2305 4159 2413 4213 cies
2454 4170 2685 4215 enecet.
2729 4161 2933 4229 Singuli
2974 4164 3114 4216 enim
3158 4164 3398 4218 homines
3443 4181 3548 4218 non
3594 4169 3790 4234 specie,
3825 4180 3885 4224 ttt

2258 4318 2281 4335 ⁸
2305 4251 2504 4304 dictum
2535 4260 2636 4312 est,
2668 4252 2760 4306 sed
2797 4266 3017 4306 numero
3052 4253 3324 4307 differunt.
3352 4255 3559 4325 Corpus
3585 4272 3711 4311 vero
3740 4260 3880 4326 quod

2305 4341 2509 4409 pridem
2548 4341 2645 4395 sub
2676 4356 2871 4409 genere
2906 4341 3179 4410 posuimus
3244 4344 3294 4397 id
3334 4355 3416 4398 est
3454 4346 3774 4407 substantia.
3814 4349 3883 4401 ad

2305 4430 2654 4484 substantiam
2690 4431 2933 4499 quaedam
2976 4432 3204 4499 species,
3249 4431 3315 4487 ad
3357 4434 3650 4488 animatum
3690 4450 3883 4505 corpus

2304 4536 2468 4590 genus
2498 4519 2774 4588 accipitur.
2820 4522 3124 4576 Animatum
3165 4534 3341 4578 autem
3372 4539 3567 4595 corpus
3596 4528 3659 4581 ad
3692 4544 3884 4597 corpus

2306 4614 2512 4681 species
2534 4618 2642 4677 ‘est,
2672 4612 2739 4666 ad
2767 4612 2964 4666 animal
2992 4628 3194 4682 genus;
3226 4615 3421 4670 animal
3457 4627 3633 4672 autem
3674 4620 3738 4673 ad
3773 4621 3884 4674 ani-

2308 4713 2507 4756 matum
2543 4717 2737 4772 corpus
2765 4701 2971 4771 species
2999 4702 3231 4770 videtur,
3270 4707 3334 4758 ad
3369 4708 3628 4763 rationale
3662 4710 3879 4779 animal,

2307 4806 2492 4861 genus.
2536 4792 2816 4846 Rationale
2855 4794 2980 4847 item
3021 4793 3239 4858 animal,
3284 4798 3523 4852 mortalis
3564 4815 3731 4870 genus
3779 4810 3884 4866 est,

2306 4885 2516 4952 species
2558 4884 2824 4937 animalis.
2870 4883 3092 4939 Mortale
3123 4896 3297 4941 autem
3326 4902 3495 4958 genus
3522 4889 3753 4943 hominis
3780 4899 3880 4955 est,
3950 4912 3953 4913 ν

2308 4973 2516 5041 species
2544 4974 2823 5029 rationalis
2852 4972 3134 5036 animalis:
3162 4981 3322 5034 homo
3349 4991 3523 5035 autem
3554 4981 3692 5046 quod
3724 4996 3883 5047 super

2307 5062 2575 5120 individua
2615 5077 2727 5136 est,
2765 5068 2892 5123 nihil
2933 5070 3001 5125 de
3036 5072 3248 5140 generis
3290 5080 3473 5125 natura
3518 5072 3738 5124 sortitus
3776 5082 3880 5139 est,

2306 5156 2399 5210 sed
2433 5167 2634 5212 tantum
2662 5161 2772 5215 sola
2797 5163 3004 5229 species
3027 5164 3343 5232 appellatur.
3376 5163 3478 5217 Sed
3504 5163 3638 5217 hanc
3659 5164 3883 5220 divisio-

2306 5265 2427 5304 nem
2456 5251 2624 5306 sicubi
2666 5252 2720 5306 in
2750 5252 2869 5308 aliis
2908 5256 3067 5309 rebus
3107 5253 3379 5307 transferri
3410 5265 3461 5307 et
3493 5256 3661 5321 aptari
3692 5256 3882 5324 placet,

2306 5340 2376 5394 ita
2416 5343 2857 5398 considerandum
2895 5354 3008 5409 est,
3046 5352 3101 5398 ut
3135 5343 3390 5413 quidquid
3422 5343 3579 5399 fuerit
3616 5348 3767 5415 cujus
3796 5362 3884 5416 ge—

2305 5446 2403 5487 nus
2429 5434 2652 5487 inveniri
2677 5450 2778 5488 non
2796 5443 2990 5503 potest,
3014 5434 3180 5502 magis
3204 5435 3251 5487 id
3277 5450 3443 5503 genus
3466 5438 3787 5505 appelletur.
3824 5438 3882 5489 Et

2304 5524 2561 5594 quidquid
2597 5527 2748 5595 cujus
2786 5526 2929 5579 nulla
2966 5526 3172 5591 species
3212 5526 3387 5589 fuerit,
3422 5527 3473 5581 id
3514 5537 3596 5582 est
3632 5537 3686 5581 ut
3725 5541 3885 5595 super

2304 5616 2571 5671 individua
2599 5617 2905 5679 collocetur,
2932 5613 3021 5668 illa
3051 5616 3218 5686 magis
3247 5617 3473 5687 species.
3506 5617 3724 5685 Oportet
3740 5615 3885 5669 enim

2304 5709 2349 5763 si
2386 5708 2527 5775 quod
2557 5721 2724 5776 genus
2754 5705 2844 5770 sit,
2879 5720 3039 5774 super
3068 5706 3378 5764 differentes
3407 5707 3587 5772 specie
3619 5720 3704 5768 res
3731 5704 3879 5768 poni.
