4244 6254
528 356 590 409 ιδ
1762 358 1867 412 AN.
1917 356 2126 411 MANL.
2163 356 2195 410 ὃ

2095 392 2126 408 ..
2163 355 2312 410 ξεν.
2357 354 2577 410 ΒΟΕΉῙ
3703 354 3771 407 ιι

531 476 744 530 deduci.
779 475 849 527 lla
888 474 1264 528 diversisstmre
1309 482 1492 540 gentes
1520 487 1595 550 έιιι
1642 473 1794 523 unius
1834 469 2104 537 cognatio-
2130 466 2179 526 Α
2208 465 2389 519 decem
2424 473 2568 529 sunt,
2605 465 2696 520 sed
2731 465 2929 534 plures,
2974 479 3078 518 non
3133 471 3309 517 tamen
3366 461 3603 518 iufittitm.
3632 464 3774 520 Indi-

527 582 646 620 uem
668 565 797 633 erigi
819 574 1058 633 possunt,
1078 562 1217 631 quod
1235 561 1372 616 idem
1411 562 1468 614 in
1486 559 1764 629 speciebus
1779 557 2094 628 generibus-

524 672 625 726 que
678 673 781 710 non
830 657 905 708 fit.
934 655 1208 721 Nunquam
1232 654 1375 706 enim
1402 652 1609 706 diversa
1641 665 1836 720 genera
1864 650 1962 703 sub
1991 663 2097 701 uno

523 763 716 817 genere
744 754 989 816 poterunt
1016 743 1424 799 accommodari.
1466 742 1779 796 Arismteles
1818 741 1957 794 enim
1991 740 2098 808 pri-

523 853 727 892 morum
787 852 1040 904 generum
1096 834 1502 904 prtedicamenta
1560 835 1742 887 decem
1795 831 2093 895 constituit,

520 946 633 994 qua:
690 929 838 982 velut
896 927 1088 995 aliquis
1143 923 1295 991 fons,
1357 924 1425 979 ita
1486 910 1872 978 soblerioribus
1927 922 2100 975 omni-

519 1021 616 1072 hus
647 1029 822 1073 ortum
871 1015 1264 1086 quodammodo
1318 1015 1693 1082 nationemque
1729 1012 2095 1080 profuderunt.

519 1110 642 1164 llzec
673 1109 828 1177 igitur
871 1122 1088 1176 genera,
1129 1094 1375 1175 quoniam
1411 1104 1809 1172 generalissitua
1859 1111 2001 1168 sunt,
2044 1111 2099 1156 et

517 1203 757 1272 superius
801 1201 878 1254 eis
924 1200 1127 1254 nullum
1174 1198 1314 1252 aliud
1359 1197 1582 1252 inveniri
1615 1213 1782 1266 genus
1803 1205 1999 1265 potest,
2031 1195 2096 1247 ad

517 1307 674 1346 unum
729 1305 896 1359 genus
948 1287 1127 1342 reduci
1165 1275 1587 1354 non’poterunt.
1630 1285 1782 1352 Quod
1825 1284 1868 1338 si
1913 1285 2096 1337 decem

515 1397 705 1449 genera
737 1381 906 1449 prima
950 1379 1014 1432 ad
1047 1392 1209 1432 unum
1253 1391 1421 1445 genus
1463 1375 1640 1429 reduci
1692 1391 1795 1428 non
1825 1383 2095 1442 poterunt,

515 1490 612 1529 nec
642 1474 725 1528 illa
757 1488 875 1543 quae
901 1472 1128 1526 subsunt
1156 1470 1355 1525 eisdem
1384 1469 1688 1537 generibus,
1714 1466 1765 1519 id
1787 1474 1872 1519 est
1895 1464 2098 1533 species

514 1567 922 1633 subalternaque
975 1578 1209 1633 genera,
1264 1562 1328 1615 ad
1390 1576 1552 1615 unum
1597 1575 1765 1628 genus
1811 1557 2098 1626 aliquando

515 1667 762 1727 poterunt
807 1655 1083 1724 applicari.
1126 1655 1256 1707 Nam
1304 1653 1346 1706 si
1392 1652 1558 1720 prima
1592 1665 1775 1704 eorum
1805 1664 1999 1718 genera
2030 1648 2097 1701 ad

513 1765 673 1803 unum
723 1745 970 1816 superius
1022 1745 1142 1799 duci
1175 1759 1279 1797 non
1312 1750 1534 1811 possunt
1562 1782 1577 1806 ,
1611 1756 1714 1794 non
1745 1750 1826 1793 est
1880 1739 2095 1793 dubium

2203 555 2358 632 vidua
2404 572 2532 612 vero
2579 573 2697 626 quas
2737 557 2836 610 sub
2875 557 3043 626 magis
3079 555 3360 625 speciebus
3403 563 3530 610 sunt
3575 555 3773 610 iulluita

2200 655 2358 710 sunt,
2406 655 2460 700 et
2514 661 2698 701 eorum
2765 646 3114 715 intelligentia
3170 643 3313 699 nulla
3370 658 3601 713 unquam
3657 645 3774 712 capi

2199 741 2419 795 scientia
2449 749 2640 808 potest.
2671 741 2799 805 Qua:
2821 740 2960 794 enim
2987 737 3190 793 infinita
3217 743 3340 792 sunt
3371 735 3516 791 nullo
3537 735 3777 791 scientiae

2202 837 2428 888 termino
2467 833 2875 888 concluduntur.
2947 831 3085 901 gitur
3119 830 3294 884 omnis
3319 845 3349 883 a
3378 828 3532 883 nobis
3561 827 3777 893 divisio,
3811 852 3820 856 ε

2203 927 2487 996 omnisque
2513 925 2736 980 scientia
2781 940 2811 978 a
2850 924 3017 993 magis
3041 923 3326 992 generibus
3354 935 3451 989 per
3471 919 3776 974 subalterua

2201 1029 2392 1084 genera
2425 1030 2592 1084 usque
2622 1015 2687 1068 ad
2720 1016 2888 1083 magis
2914 1015 3120 1083 species
3149 1012 3463 1066 deducatur.
3513 1009 3589 1064 lbi
3633 1009 3774 1064 enim

2199 1106 2552 1159 consistentes
2574 1105 2833 1170 integram
2856 1103 3191 1172 superiorum
3217 1102 3495 1157 scientiam
3524 1100 3770 1170 accipere

2201 1209 2482 1264 possomus
2504 1211 2566 1248 ac
2597 1197 2850 1249 retinere.
2891 1194 2946 1248 Si
2990 1194 3108 1263 quis
3150 1201 3327 1247 autem
3357 1191 3624 1245 individua
3646 1191 3778 1244 velit

2201 1288 2418 1342 scientia
2449 1288 2836 1357 disciplinaque
2864 1285 3344 1356 comprehendere,
3388 1285 3584 1340 frustra
3628 1285 3778 1339 labo—

2203 1389 2281 1432 rat
2313 1397 2325 1432 :
2357 1379 2452 1433 sed
2492 1380 2562 1432 ita
2599 1380 2850 1447 jubemur
2880 1393 2910 1432 a
2964 1379 3131 1446 magis
3171 1375 3456 1447 generibus
3499 1386 3668 1445 usque
3711 1376 3777 1428 ad

2202 1470 2368 1536 magis
2419 1471 2626 1538 species
2671 1486 2770 1539 per
2809 1470 2983 1524 media
3027 1469 3300 1524 intervalla
3345 1468 3671 1532 discurrere,
3723 1477 3780 1522 ut

2199 1561 2464 1628 specificis
2521 1560 2838 1615 differentiis
2891 1559 3194 1615 dividentes
3221 1559 3528 1614 subalterna
3556 1572 3777 1628 genera,

2201 1667 2228 1704 a
2259 1652 2425 1720 magis
2457 1651 2741 1720 generibus
2771 1666 2938 1720 usque
2981 1651 3046 1704 ad
3093 1652 3262 1719 magis
3305 1649 3512 1719 species
3557 1649 3780 1703 descen-

2199 1742 2408 1796 datntts.
2467 1742 2741 1810 Specilicte
2792 1741 3106 1796 differentia:
3171 1748 3295 1795 sunt
3355 1755 3474 1808 quae
3539 1740 3778 1808 Speciem

514 1841 636 1907 quin
660 1855 719 1892 ea
746 1839 857 1904 ipsa
889 1852 1006 1904 quze
1034 1835 1132 1890 sub
1159 1834 1291 1903 ipsis
1320 1843 1464 1899 sunt,
1497 1832 1562 1884 ab
1588 1847 1692 1884 uno
1719 1826 1916 1899 genere
1947 1843 2098 1883 coer-
2126 1828 2174 1889 Β
2205 1848 2573 1902 quamcunque
2639 1833 2938 1889 declarant.
2987 1833 3271 1888 Declarant
3327 1841 3506 1888 autem
3568 1832 3777 1901 species

515 1932 620 1984 ceri
679 1928 1049 1993 continerique
1095 1941 1199 1978 non
1235 1927 1520 1992 patiantur.
1550 1921 1679 1975 Nam
1707 1921 1750 1974 si
1774 1919 2093 1983 substantia,

514 2022 763 2091 qualitas,
794 2032 848 2075 et
885 2018 1174 2088 quantitas,
1207 2024 1260 2072 et
1303 2002 1497 2070 caetera
1539 2014 1639 2068 sub
1685 2013 1791 2066 alio
1820 2011 2096 2066 communi

514 2127 707 2179 genere
746 2110 871 2179 poni
910 2125 1014 2163 non
1066 2116 1308 2177 possunt,
1349 2105 1490 2176 quod
1519 2105 1630 2173 ipsa
1665 2104 1833 2173 magis
1858 2113 1981 2155 sunt
2004 2117 2100 2172 ge-

513 2220 664 2268 nera,
697 2217 796 2255 nec
844 2200 1098 2271 quidquid
1130 2198 1422 2254 substantia
1473 2198 1649 2260 fuerit,
1683 2195 1734 2249 id
1765 2204 1848 2250 est
1879 2194 1979 2249 sub
2006 2210 2100 2250 eo-

513 2296 631 2350 dem
661 2309 879 2365 genere,
925 2305 981 2347 ut
1017 2292 1212 2346 animal
1243 2291 1326 2346 vel
1357 2290 1538 2356 homo,"
1571 2291 1650 2343 vel
1685 2289 1811 2343 item
1843 2288 1942 2343 sub
1971 2303 2100 2358 qua-

516 2389 665 2441 litate
704 2388 784 2442 vel
816 2387 1131 2456 quantitate,
1164 2385 1226 2439 ad
1255 2383 1466 2453 aliquod
1507 2398 1675 2454 genus
1712 2398 1998 2438 commune
2043 2396 2102 2437 se

514 2486 764 2544 poterunt
809 2475 1101 2544 applicare.
1150 2475 1427 2542 Nunquam
1477 2473 1619 2526 enim
1658 2472 1884 2527 inveniri
1928 2487 2096 2542 genus

514 2568 724 2635 poterit,
757 2566 895 2634 quod
930 2565 1044 2617 haec
1069 2564 1253 2617 derem
1285 2578 1480 2631 genera
1510 2563 1754 2616 solitario
1783 2573 1836 2615 et
1881 2563 2099 2629 proitrio

515 2659 788 2713 intellectu
818 2657 956 2710 intra
979 2670 1038 2710 se
1067 2653 1232 2722 possit
1263 2653 1426 2707 veluti
1456 2656 1664 2720 species
1695 2654 1992 2705 continere.
2031 2651 2101 2706 At

515 2751 657 2803 dicat
686 2749 804 2815 quis
837 2765 847 2797 :
884 2747 1005 2800 "(PC
1044 2746 1222 2799 omnia
1255 2745 1438 2799 decem
1469 2757 1665 2812 genera
1713 2742 1757 2796 si
1805 2757 1930 2795 vere
1977 2748 2101 2794 sunt

515 2839 885 2903 subsistentia,
914 2835 1304 2906 quodammodo
1352 2835 1643 2890 substantia
1689 2832 1771 2888 vel
1822 2832 1962 2887 entia
1994 2831 2098 2886 dici

517 2948 691 3000 posse.
726 2930 920 2985 Flexus
951 2931 1092 2984 enim
1137 2930 1223 2984 hic
1250 2944 1428 2984 sermo
1477 2937 1560 2982 est
1607 2928 1676 2982 ab
1720 2942 1785 2982 eo
1826 2925 1967 2997 quod
2016 2935 2099 2981 est

516 3037 657 3089 esse,
688 3031 741 3077 et
771 3023 822 3076 in
855 3021 1120 3091 participii
1170 3021 1427 3075 abusione
1477 3028 1702 3074 tractum
1754 3027 1836 3073 est
1883 3024 2100 3086 propter

516 3114 941 3185 angustationcnt
1001 3112 1202 3166 Latinte
1259 3112 1452 3181 lingum
1509 3111 2096 3179 compressionemque.

2203 1923 2520 2000 differentiis
2547 1923 2646 1977 hoc
2675 1922 2855 1977 modo.
2887 1921 2945 1977 Si
2991 1924 3111 1992 quis
3154 1923 3296 1976 enim
3333 1922 3476 1976 dicat
3525 1922 3775 1976 substan-

2205 2019 2360 2082 tiam,
2389 2026 2446 2070 ut
2473 2027 2636 2088 ponat
2662 2017 2760 2072 sub
2801 2017 3117 2082 substantia,
3151 2029 3346 2085 corpus
3383 2015 3482 2070 sub
3525 2028 3774 2083 corpore,

2201 2110 2493 2163 animatum
2534 2125 2727 2178 corpus
2774 2110 2874 2164 sub
2913 2110 3148 2164 animato
3178 2123 3425 2179 corpore,
3453 2110 3650 2163 animal
3677 2107 3776 2162 sub

2201 2200 2438 2264 animali,
2465 2201 2722 2255 rationale
2747 2200 2943 2255 animal
2974 2199 3074 2256 sub
3097 2200 3312 2255 animali
3335 2199 3607 2264 rationali,
3632 2212 3778 2253 mor-

2205 2294 2326 2357 tale,
2361 2301 2413 2347 et
2441 2307 2627 2346 omnes
2658 2293 2753 2347 has
2780 2292 2988 2362 species
3014 2307 3134 2362 quae
3160 2301 3286 2347 sunt
3314 2290 3629 2347 substantia:
3655 2305 3776 2347 cum

2202 2381 2516 2437 differentiis
2575 2383 2847 2451 posuerit,
2895 2382 3124 2437 hominis
3176 2381 3380 2438 scilicet
3441 2382 3650 2450 species
3699 2381 3778 2435 ins

2203 2474 2539 2529 formabitur.
2557 2473 2686 2527 Nam
2708 2487 2902 2542 corpus
2930 2473 3221 2528 animatum
3246 2473 3314 2527 ab
3344 2472 3634 2526 inanimato
3658 2487 3779 2526 cor-

2204 2582 2336 2637 pore
2387 2566 2684 2621 differentia
2724 2574 2824 2620 est.
2851 2565 3016 2620 Porro
3041 2574 3216 2620 autem
3239 2563 3438 2619 animal
3467 2563 3534 2618 ab
3555 2564 3778 2619 insensi-

2207 2659 2427 2722 bilibus,
2447 2669 2501 2713 et
2525 2657 2786 2712 rationale
2815 2657 2882 2711 ab
2907 2656 3227 2723 irrationali,
3255 2665 3309 2710 et
3336 2656 3561 2711 mortale
3582 2655 3651 2710 ab
3674 2654 3779 2710 im-

2206 2747 2517 2799 mortalibus
2547 2747 2862 2801 ditlerentite
2891 2756 3016 2802 sunt
3045 2766 3061 2802 :
3087 2749 3202 2804 haec
3227 2748 3389 2819 igitur
3432 2750 3609 2804 omnia
3655 2763 3780 2806 cum

2199 2836 2464 2904 jttttxeris,
2498 2851 2657 2891 uuam
2685 2837 2920 2907 speciem
2949 2838 3264 2908 declarabis,
3290 2839 3342 2893 id
3371 2849 3451 2894 est
3480 2838 3778 2896 hominem.
3833 2881 3838 2889 .

2200 2927 2335 2982 Nam
2376 2943 2498 2983 cum
2539 2928 2671 2984 dicis
2701 2941 2894 2996 corpus
2937 2929 3250 2994 animatum,
3284 2930 3482 2984 animal
3512 2929 3779 2987 rationale

2202 3031 2260 3078 et
2286 3021 2534 3089 mortale,
2569 3036 2688 3091 quae
2714 3021 2916 3076 scilicet
2937 3021 3251 3075 differentiae
3274 3021 3325 3075 in
3350 3020 3662 3076 subalterno
3691 3038 3777 3077 or-

2202 3114 2329 3169 dine
2368 3113 2468 3167 sibi
2510 3113 2798 3181 suppositae
2845 3121 2988 3179 sunt,
3050 3110 3318 3166 hominem
3371 3111 3777 3166 demonstrasti.

517 3184 640 3261 lltec
661 3206 818 3275 igitur
843 3207 922 3272 (ut
951 3204 1151 3257 dictum
1177 3204 1284 3273 est)
1311 3203 1451 3257 entia
1481 3201 2004 3270 possuntappellari.
2028 3201 2092 3254 Et
2122 3184 2166 3248 C
2198 3205 2334 3260 Sunt
2381 3214 2555 3261 autem
2605 3204 2845 3274 quaedam
2901 3205 3020 3259 alite
3079 3203 3410 3270 diﬂerentim,
3466 3219 3584 3274 quae
3641 3206 3780 3260 tales

515 3311 612 3352 ens
667 3297 766 3349 hoc
817 3296 1010 3364 ipsum,
1046 3293 1094 3346 id
1128 3303 1206 3345 est
1256 3307 1394 3356 esse,
1427 3308 1590 3358 genus
1633 3308 1816 3346 eorum
1864 3292 2092 3347 fortasse

514 3389 616 3443 dici
645 3387 929 3450 videbitur,
963 3385 1056 3440 sed
1089 3385 1244 3438 falso.
1275 3383 1514 3453 Namque
1545 3387 1738 3450 omnia
1785 3399 1901 3452 quae
1953 3383 2092 3438 inter

514 3495 572 3535 se
599 3478 869 3547 tequivoce
909 3475 1271 3540 nominantur,
1323 3491 1589 3544 nunquam
1639 3475 1876 3543 ejusdem
1920 3475 2095 3530 conti-

519 3573 754 3627 nentiam
803 3569 1016 3639 generis
1065 3568 1377 3622 sortiuntur.
1431 3568 1636 3635 Quippe
1688 3580 1910 3637 quorum
1967 3566 2093 3620 sub-

513 3663 706 3716 stantia
736 3662 1020 3730 discrepat,
1046 3676 1150 3715 non
1181 3669 1259 3715 est
1285 3659 1499 3714 dubium
1535 3660 1660 3729 quin
1710 3660 1918 3728 generis
1960 3673 2091 3729 quo-

512 3767 615 3820 que
645 3752 810 3820 ipsius
841 3750 1085 3806 definitio
1108 3750 1432 3819 discrepabit
1465 3766 1479 3802 :
1513 3750 1624 3803 hmo
1656 3758 1830 3803 autem
1865 3756 1923 3803 ut
1948 3749 2091 3803 entia

518 3841 879 3906 nomine'ntur,
911 3858 1015 3896 non
1064 3842 1311 3908 univoce,
1348 3841 1443 3896 sed
1492 3841 1764 3911 mquivoce
1794 3838 2092 3909 prardican-

513 3945 616 3989 tur.
652 3933 783 3988 Nam
813 3934 1063 4002 quoniam
1112 3932 1405 3988 substantia
1451 3947 1547 3987 ens
1596 3940 1700 3999 est,
1731 3939 1785 3986 et
1806 3931 1932 3986 item
1965 3946 2094 4000 qua-

519 4023 640 4075 litas
686 4036 802 4085 eos,
834 4021 876 4075 si
907 4023 1025 4091 quis
1052 4021 1309 4076 rationem
1357 4021 1824 4091 definitionemque
1851 4020 2095 4075 substan-

522 4114 609 4166 tiae
635 4125 686 4167 et
711 4112 980 4180 qualitatis
1005 4111 1218 4174 dixerit,
1243 4110 1555 4168 eademnam
1598 4113 1834 4180 utrisque
1865 4126 1970 4165 non
1999 4126 2096 4181 po-

524 4203 645 4256 terit
671 4202 976 4266 convenire,
1009 4217 1114 4255 non
1152 4211 1234 4256 est
1280 4201 1497 4256 dubium
1535 4203 1660 4271 quin
1701 4202 1999 4256 substantia
2042 4212 2096 4257 et

517 4295 746 4362 qualitas
791 4308 896 4347 non
947 4292 1192 4358 univoce,
1248 4291 1343 4346 sed
1397 4292 1670 4362 tequivoce
1717 4292 2091 4361 prmdicentur.

515 4386 670 4453 Quod
698 4385 741 4439 si
770 4385 1042 4455 mquivoce
1071 4385 1448 4453 prmdicantur,
1479 4385 1579 4440 sub
1617 4384 1853 4453 ejusdem
1885 4386 2094 4453 generis

517 4479 663 4531 fonte
696 4478 814 4545 poni
849 4491 951 4530 non
986 4485 1253 4545 poterunt.
1286 4475 1400 4531 Non
1431 4485 1509 4531 est
1543 4476 1699 4545 igitur
1728 4475 1779 4529 in
1809 4474 2093 4544 generibus

2197 3304 2342 3358 sunt,
2376 3309 2438 3348 ac
2486 3292 2529 3348 si
2574 3293 2723 3348 dicas
2768 3294 2966 3348 animal
3010 3293 3422 3358 rhetoricorum,
3456 3294 3601 3364 quod
3627 3295 3784 3354 solus

2195 3384 2360 3438 homo
2388 3385 2574 3438 rhetor
2603 3398 2724 3439 esse
2756 3383 2940 3453 possit.
2989 3384 3093 3441 Sed
3149 3384 3263 3439 hazc
3321 3384 3621 3441 differentia
3669 3401 3783 3444 non

2197 3475 2448 3543 specifica
2487 3473 2784 3530 differentia
2808 3483 2912 3543 est,
2941 3483 2996 3530 et
3024 3475 3377 3534 substantiam
3417 3476 3646 3531 hominis
3675 3491 3780 3532 na-

2196 3567 2476 3630 turamque
2512 3575 2618 3614 non
2645 3561 2872 3630 perficit,
2900 3560 2995 3616 sed
3029 3570 3232 3616 tantum
3277 3572 3444 3617 artem
3491 3562 3778 3632 quamdam

2193 3650 2583 3721 scientiamque
2624 3652 2986 3707 commendat.
3020 3652 3124 3706 lllre
3155 3652 3314 3722 igitur
3344 3653 3397 3707 in
3422 3653 3778 3712 divis’ionibua

2193 3744 2512 3800 differentia:
2559 3745 2872 3815 speciesque
2917 3753 3166 3814 prosunt,
3205 3760 3269 3800 ex
3301 3740 3491 3814 quibus
3529 3745 3617 3800 illa
3654 3761 3775 3814 qua:

2194 3836 2391 3892 dicitur
2440 3837 2608 3904 magis
2662 3834 2872 3904 Species
2927 3835 3265 3904 informatur,
3298 3843 3353 3890 et
3395 3835 3508 3889 haec
3555 3844 3773 3889 vocatur

2192 3929 2440 4000 specitiea
2467 3928 2787 3994 differentia,
2816 3941 2934 3998 quae
2972 3928 3140 3998 magis
3169 3928 3403 3999 speciem
3445 3928 3615 3997 possit
3658 3925 3774 3980 etii.

2192 4038 2339 4079 cere.
2370 4023 2509 4092 Ergo
2543 4037 2662 4077 cum
2701 4037 2795 4092 per
2835 4022 2949 4077 haec
2977 4021 3290 4076 descensum
3318 4019 3479 4076 fuerit
3506 4019 3572 4073 ad
3604 4020 3772 4088 magis

2193 4115 2422 4181 snecies,
2448 4114 2796 4185 relinquenda
2833 4123 2956 4168 sunt
3001 4114 3100 4168 sub
3129 4113 3294 4181 magis
3324 4112 3604 4182 speciebus
3634 4111 3770 4164 iudi-

2195 4206 2378 4269 vidua,
2402 4221 2500 4261 nec
2527 4221 2710 4261 eorum
2731 4215 2812 4260 est
2832 4206 3006 4273 aliqua
3035 4205 3253 4260 scientia
3275 4203 3609 4274 requirenda.
3636 4203 3768 4258 Nant

2193 4298 2280 4353 illa
2312 4314 2416 4352 non
2462 4299 2636 4353 solum
2671 4297 2878 4353 inﬁnita
2906 4306 3066 4362 sunt,
3097 4297 3190 4353 sed
3232 4298 3391 4352 etiam
3437 4309 3769 4365 quaecunque

2194 4388 2246 4443 in
2293 4403 2414 4443 sese
2469 4387 2830 4444 continuerint
2879 4388 3083 4443 infinita
3127 4386 3279 4442 fiunt.
3313 4385 3596 4441 Rhetorica
3623 4386 3766 4441 enim

2193 4481 2401 4549 species
2440 4488 2544 4536 est.
2589 4479 2693 4534 Sed
2737 4495 2856 4534 cum
2907 4481 3117 4534 venerit
3156 4479 3206 4532 in
3236 4478 3473 4548 singulos
3498 4477 3765 4543 homines,

503 4567 885 4636 speciebusque
950 4567 1167 4635 aliquod
1244 4582 1413 4635 genus
1470 4567 1642 4621 solum
1707 4567 1848 4632 quod
1914 4546 2313 4635 possitDtuuc
2359 4585 2453 4639 per
2503 4570 2738 4639 singulos
2785 4578 2840 4624 et
2883 4569 3119 4623 infinitos
3149 4546 3342 4634 divisa,
3374 4569 3582 4637 singula
3606 4567 3766 4623 etiam

501 4661 710 4713 diversa
741 4674 918 4713 rerum
952 4673 1148 4727 genera
1179 4658 1614 4712 coercere.Tunc
1645 4655 1838 4710 Fabius
1863 4674 1875 4709 :
1898 4657 2081 4711 Abun-

504 4751 695 4805 danter
725 4752 859 4817 haec,
890 4751 1079 4820 inquit,
1105 4751 1307 4817 omnia,
1335 4760 1389 4806 et
1417 4749 1595 4805 dehis
1627 4749 1755 4819 ipsis
1777 4749 1936 4805 rebus
1968 4749 2076 4805 fre-

497 4840 745 4909 quentius
783 4841 1100 4896 inculcatum
1145 4852 1247 4895 est.
1290 4840 1392 4895 Sed
1447 4854 1608 4909 perge
1658 4839 1724 4894 ad
1773 4840 2070 4909 sequentia.

504 4931 738 4998 Faciam,
773 4929 1010 5000 inquam.
1045 4931 1168 4985 Haec
1197 4930 1364 4996 enim,
1391 4938 1447 4983 ut
1473 4930 1724 4994 arbitror,
1755 4939 2073 4997 sequuntur.

571 5024 710 5094 Erga
734 5023 906 5078 decem
934 5039 1120 5094 genera
1148 5024 1411 5077 constituit
1451 5023 1749 5078 Aristoteles
1791 5025 1845 5077 in
1885 5025 2077 5092 prtedi-

492 5115 737 5170 camcntis
775 5129 890 5185 qut:
935 5116 1096 5184 magis
1142 5130 1327 5182 genera
1373 5123 1513 5169 sunt.
1561 5115 1626 5168 At
1671 5130 1786 5168 vero
1830 5114 1937 5168 illa:
1963 5129 2076 5184 qua:

491 5211 652 5280 magis
678 5208 868 5280 species
896 5217 1034 5275 sunt,
1063 5224 1258 5280 semper
1291 5209 1344 5262 in
1374 5209 1597 5276 plurimo
1625 5207 1831 5278 quidem
1859 5223 2070 5262 numero

489 5311 629 5367 sunt,
660 5319 760 5356 non
795 5315 962 5356 tamen
1015 5302 1071 5356 in
1106 5301 1327 5372 inﬁnito.
1390 5302 1453 5354 At
1501 5318 1616 5355 vero
1669 5300 1928 5353 individua
1955 5314 2072 5369 quas

490 5391 567 5443 ub‘
582 5391 753 5461 magis
773 5390 1040 5460 speciebus
1066 5402 1204 5458 sunt,
1232 5392 1432 5460 inﬁnita
1458 5401 1574 5445 sunt
1602 5407 1816 5459 semper.

565 5481 674 5537 Hoc
717 5484 859 5537 enim
899 5484 1076 5538 dicere
1105 5484 1219 5537 vult
1257 5484 1399 5554 quod
1446 5482 1611 5536 multo
1641 5481 1819 5551 plures
1857 5480 2066 5550 species

490 5583 795 5642 suntquam
825 5589 1018 5645 genera
1054 5593 1066 5628 :
1098 5575 1259 5628 habet
1284 5576 1424 5629 enim
1453 5587 1620 5644 genus
1669 5573 1768 5628 sub
1797 5587 1856 5628 se
1895 5572 2063 5642 pluri-

488 5679 602 5720 mas
657 5665 864 5733 species
911 5677 1019 5722 :et
1073 5669 1322 5736 quoniam
1382 5666 1567 5721 decem
1639 5679 1833 5735 genera
1886 5678 2064 5721 rerum

485 5754 725 5842 omnium
747 5756 916 5819 prima
937 5765 1079 5825 sunt,
1108 5757 1311 5826 species
1337 5755 1734 5824 specialissima:
1755 5771 1861 5812 non
1893 5757 2065 5811 solum

2189 4663 2278 4718 fiet
2329 4673 2385 4716 et
2435 4664 2657 4717 infinita.
2690 4663 2743 4717 Si
2785 4662 2925 4716 enim
2967 4677 3152 4716 omnes
3179 4661 3481 4732 quicunque
3527 4670 3650 4717 sunt
3681 4663 3764 4715 vel

2187 4752 2335 4808 fuere
2392 4761 2737 4807 numerentur
2765 4752 3026 4815 rhetores,
3051 4751 3231 4806 nullus
3279 4765 3510 4816 unquam
3544 4747 3767 4820 hujusce

2187 4843 2574 4898 numerationis
2619 4842 2739 4897 fluis
2788 4842 2912 4906 erit,
2945 4841 3077 4894 cum
3109 4841 3405 4909 praisertim
3455 4841 3615 4894 etiam
3670 4855 3758 4908 pet

2186 4934 2391 4988 infinita
2421 4944 2659 5000 tempora
2691 4933 2744 4985 in
2775 4931 3004 4984 futurum
3035 4930 3227 4999 singuli
3249 4930 3493 4985 homines
3521 4930 3764 4984 rhetores

2179 5041 2302 5082 esse
2350 5026 2574 5094 pOssittt.
2629 5023 2724 5078 llic
2779 5021 2975 5078 Fabius
3019 5021 3177 5078 :lloc
3225 5021 3402 5092 igitur,
3435 5023 3762 5091 inquit,crat

2180 5119 2320 5188 quod
2350 5117 2446 5172 ait.

2257 5207 2416 5262 Porro
2445 5215 2612 5259 autent
2637 5206 2716 5259 vel
2743 5207 2932 5260 artium
2961 5207 3038 5260 vel
3068 5205 3458 5276 disciplinarum
3483 5218 3595 5261 cum
3629 5202 3762 5254 indi.

2176 5303 2326 5356 vidua
2363 5317 2452 5370 per
2480 5299 2709 5368 singulos
2747 5299 2974 5353 homines
3007 5314 3113 5352 esse
3141 5296 3388 5365 ceperint,
3418 5297 3668 5347 rationem
3695 5298 3762 5348 ad

2177 5391 2559 5461 percipiendum
2607 5405 2790 5458 capere
2819 5390 2896 5444 vel
2937 5388 3118 5441 habere
3146 5384 3353 5440 omnino
3388 5397 3489 5435 non
3523 5391 3756 5451 possunt.

2252 5482 2318 5536 Et
2343 5497 2460 5552 ego.
2491 5481 2621 5546 lloc,
2652 5481 2888 5552 inquam,
2914 5487 2994 5534 est
3014 5476 3155 5548 quod
3184 5489 3304 5530 cum
3329 5482 3471 5528 artes
3491 5474 3574 5528 vel
3595 5474 3759 5528 disci-

2182 5574 2361 5643 plinae,
2396 5589 2513 5644 qua:
2545 5574 2596 5627 in
2639 5588 2733 5627 sua
2773 5572 2951 5643 Specie
2978 5583 3080 5624 una
3112 5575 3238 5622 ante
3274 5566 3499 5621 collecta
3537 5565 3754 5626 fuerint,

2179 5667 2231 5720 in
2257 5664 2528 5720 individua
2555 5664 2817 5726 venerint,
2843 5661 2893 5716 id
2917 5671 3022 5724 est,
3051 5673 3148 5729 per
3168 5658 3406 5729 singulos
3435 5656 3679 5712 homines
3700 5655 3754 5709 in

2177 5756 2442 5811 infinitam
2471 5754 2863 5819 multitudinem
2902 5749 3454 5820 innumerabilemque
3496 5761 3614 5802 sese
3641 5745 3752 5799 dis-
