4244 6254
332 359 402 415 45
1500 360 1565 417 ΙΝ
1604 357 1878 417 PORPHY
1887 357 1941 414 R1

2038 356 2080 413 Ι⁶
2095 354 2443 415 DiALGGUS
2481 357 2521 413 Ι.
3551 362 3620 420 ιθ

330 472 577 544 pertinnt
603 490 617 528 :
645 474 751 529 hoc
781 482 950 529 autem
972 473 1178 530 ideirco
1204 473 1403 539 evenit,
1434 473 1574 544 quod
1598 473 1713 527 haec
1735 473 1922 528 eadem
1952 475 2007 532 Λ
2031 473 2115 524 nis
2158 471 2450 540 appellatio
2482 483 2593 524 non
2622 479 2893 527 convenit.
2933 472 3066 528 {Nam
3114 473 3160 527 si
3204 474 3348 531 dicas
3396 479 3620 547 animal,

332 568 475 622 ratio
508 578 593 623 est
618 582 772 637 quam
806 567 1132 637 Porphyrius
1162 568 1279 638 ipse
1304 567 1487 622 dicere
1531 566 1923 636 non'neglcxit.

335 657 522 713 Genus
548 661 684 712 enim
723 674 843 713 cum
880 676 1046 713 unum
1091 661 1183 726 sit,
1225 661 1575 730 plurimarum
1625 660 1925 727 specierum

338 751 724 819 progenitivum
765 762 867 804 eSt.
914 752 1159 820 Namque
1206 752 1305 805 sub
1346 766 1453 805 uno
1508 766 1706 820 genere
1742 752 1927 821 plures

330 844 540 910 species
584 843 951 908 inveniuntur,
983 844 1183 897 idcirco
1222 845 1471 913 quoniam
1514 843 1727 912 species
1756 857 1927 912 genus

340 934 467 987 illud
520 934 661 989 unde
711 935 1020 1004 proﬂuunt,
1072 938 1124 990 in
1174 938 1398 1006 plurima
1441 946 1722 1007 segregant
1768 946 1928 1006 atque

336 1028 670 1095 dispertiunt.
706 1029 891 1085 Genus
921 1040 1100 1085 autem
1125 1032 1388 1100 plurimas
1408 1032 1613 1100 colligit
1647 1046 1755 1098 res,
1787 1031 1931 1085 sicut

335 1121 501 1186 ipsum
531 1135 561 1173 a
591 1114 840 1189 plurimis
864 1125 1053 1177 iterum
1078 1123 1361 1191 speciebus
1382 1123 1664 1178 dividitur.
1686 1123 1929 1189 Namque

334 1214 513 1275 homo,
541 1228 742 1269 corvus
771 1225 826 1270 et
852 1231 1045 1286 equus,
1087 1230 1203 1286 qua:
1234 1228 1359 1271 sunt
1404 1219 1639 1286 species,
1669 1227 1928 1288 quantum

331 1305 397 1359 ad
426 1306 649 1372 animal,
683 1309 960 1378 mqualiter
981 1310 1229 1363 animalia
1272 1318 1417 1364 sunt.
1452 1310 1525 1363 Ita
1558 1311 1703 1363 enim
1735 1322 1930 1363 nomen

332 1400 581 1453 animalis
604 1414 800 1455 omnes
830 1416 957 1457 suas
990 1404 1198 1472 species
1230 1404 1365 1457 inm
1388 1418 1455 1458 se
1491 1405 1751 1458 continet.
1778 1404 1932 1469 Quod

330 1492 380 1543 si
413 1503 468 1545 et
498 1492 552 1545 in
592 1492 815 1549 homine
853 1495 1099 1549 animalis
1139 1510 1332 1550 nomen
1364 1503 1465 1556 est,
1506 1507 1561 1550 et
1590 1498 1642 1549 in
1670 1512 1852 1560 corvo,
1882 1504 1934 1551 et

334 1582 392 1634 in
425 1598 589 1651 equo.
624 1598 731 1638 non
759 1595 846 1639 est
872 1586 1111 1652 dubium,
1135 1588 1386 1655 quoniam
1417 1587 1544 1641 illud
1571 1601 1759 1655 genus,
1791 1588 1933 1655 quod

333 1676 441 1728 sub
466 1677 704 1743 seipsnm
734 1692 797 1731 ea
824 1678 1087 1744 continet,
1122 1680 1332 1746 species
1363 1679 1549 1732 divisas
1595 1680 1735 1734 inter
1764 1696 1822 1735 se
1851 1681 1931 1733 di-

333 1766 518 1819 vidant
559 1767 1038 1837 multiplicemque.
1078 1770 1289 1838 Colligit
1331 1771 1488 1840 igitur
1518 1783 1691 1839 genus
1722 1774 1932 1839 species

2034 562 2134 618 hoc
2165 571 2268 626 est,
2315 562 2460 632 quod
2507 562 2668 616 homo
2712 565 2764 617 in
2813 564 2898 617 illa
2945 575 3096 633 parte
3125 567 3178 621 in
3210 583 3310 635 qua
3340 585 3506 639 equus
3533 579 3623 627 est

2032 669 2138 708 non
2170 654 2275 707 erit
2306 654 2489 721 homo,
2518 664 2678 723 atque
2706 655 2829 709 ideo
2862 657 3239 713 universaliter
3269 674 3376 713 non
3392 676 3625 718 convena

2033 756 2240 801 tuntur.
2269 746 2402 801 Nam
2426 748 2471 801 si
2488 748 2643 812 dicis,
2676 748 2851 802 omnis
2879 749 3039 803 homo
3061 751 3280 820 animal,
3307 766 3494 808 rerum
3514 764 3620 809 est.

2030 840 2083 893 Si
2117 840 2349 905 dixeris,
2378 828 2539 894 omne
2566 841 2764 893 animal
2796 840 2955 895 homo
2977 848 3080 911 est,
3114 842 3304 897 falsum
3335 855 3437 900 est.
3466 848 3624 913 Quod

2032 932 2076 985 si
2126 935 2332 999 majora
2373 932 2443 986 de
2482 932 2781 987 minoribus
2820 933 3026 987 idcirco
3071 933 3449 1003 medicantur,
3497 940 3625 1007 quia

2032 1040 2194 1081 omne
2221 1025 2394 1095 majus
2424 1028 2600 1081 minus
2631 1028 2684 1080 in
2710 1042 2769 1081 se
2794 1031 3069 1082 continet:
3101 1038 3156 1083 et
3181 1030 3389 1084 minora
3418 1032 3486 1084 de
3513 1048 3629 1086 mat-

2028 1118 2237 1187 joribus
2256 1117 2459 1173 idcirco
2489 1134 2593 1173 non
2620 1118 2996 1188 praadiiantu‘r,
3026 1121 3147 1191 quia
3172 1122 3373 1191 majora
3402 1125 3631 1180 minoris
3668 1158 3675 1163 τ

2032 1209 2400 1265 deﬁnitionem
2444 1212 2833 1279 sopert‘adunt,
2875 1223 2930 1268 et
2966 1214 3363 1281 quodammodo
3393 1228 3631 1286 exsupe-

2035 1311 2177 1367 rant,
2209 1315 2314 1356 non
2368 1310 2453 1357 est
2495 1303 2713 1358 dubium
2762 1306 2890 1375 quin
2928 1305 3014 1359 illa
3040 1320 3171 1376 qua
3215 1317 3340 1361 sunt
3379 1310 3627 1379 manalis,
3668 1328 3671 1331 ν

2033 1394 2135 1447 sibi
2166 1396 2376 1464 possint
2404 1396 2520 1464 ipsa
2550 1398 2812 1451 converti.
2858 1395 3109 1467 Equth
3161 1407 3339 1453 autem
3370 1401 3463 1454 illa
3503 1412 3633 1458 sim

2035 1503 2154 1555 quae
2184 1504 2358 1557 neq-ne
2387 1493 2593 1544 minora
2620 1504 2800 1559 neque
2839 1492 3039 1559 majora
3070 1502 3216 1557 sunt,
3268 1494 3319 1547 id
3357 1506 3460 1559 est,
3492 1506 3549 1548 ut
3580 1498 3631 1553 sl
3659 1496 3669 1506 ’

2038 1579 2088 1631 in
2119 1579 2409 1647 quamlibet
2433 1581 2669 1648 Speciem
2692 1590 3048 1650 opponantur,
3078 1592 3136 1637 et
3156 1586 3301 1638 ornni
3320 1585 3399 1640 illi
3429 1589 3630 1654 speciei

2035 1670 2249 1734 adsunt,
2284 1681 2338 1724 et
2368 1674 2498 1725 nulli
2531 1673 2617 1727 alii
2646 1691 2658 1725 :
2694 1690 2815 1727 nam
2854 1676 3033 1730 omnis
3060 1675 3221 1731 homo
3262 1680 3480 1733 risibilis
3524 1692 3630 1749 est,

2042 1763 2260 1817 etnnlla
2286 1764 2385 1817 alia
2413 1767 2619 1835 species
2650 1767 2837 1821 risibili
2865 1778 3043 1837 potest
3068 1771 3281 1838 proprio
3312 1774 3630 1843 nuncupari,

334 1858 390 1913 in
412 1874 495 1924 se,
512 1860 728 1926 species
748 1874 879 1914 vero
900 1854 1087 1930 suapte
1110 1872 1298 1915 natura
1325 1876 1496 1931 genus
1521 1863 1693 1930 ipsum
1719 1862 1930 1932 disper-
1958 1852 2007 1911 B
2033 1865 2195 1924 atque
2227 1856 2346 1910 ideo
2376 1857 2630 1927 quoniam
2657 1860 2881 1927 aequalia
2906 1868 3031 1913 sunt
3048 1872 3455 1918 convertuntur.
3488 1867 3632 1923 Dicis

334 1954 495 2008 tiunt.
530 1955 623 2008 Est
648 1955 808 2023 igitur
820 1966 995 2025 genus
1019 1954 1355 2009 collectivum
1384 1956 1686 2025 specierum
1711 1969 1929 2009 suarum

332 2056 391 2100 et
441 2046 833 2115 quodammodo
873 2048 1239 2101 adunativum.
1293 2046 1514 2115 Species
1564 2060 1696 2101 vero
1744 2045 1932 2099 divisas

333 2141 551 2210 generis
566 2138 959 2208 quodammodo
978 2148 1034 2193 et
1052 2138 1490 2208 tnultiplicativae.
1525 2138 1690 2208 igitur
1707 2138 1937 2206 quicun-

335 2246 441 2302 que
486 2230 555 2285 ad
603 2231 772 2299 magis
812 2245 1011 2301 genera
1068 2232 1329 2295 ascendit,
1362 2247 1577 2285 omnem
1628 2232 1929 2300 specierum

338 2322 733 2378 multitudinem
790 2338 884 2392 per
932 2336 1131 2391 genera
1170 2323 1372 2393 colligit
1415 2325 1738 2392 adnuatque.
1795 2323 1930 2374 Cum

338 2427 469 2467 vero
500 2428 529 2467 a
561 2413 730 2483 magis
756 2414 1043 2481 generibus
1088 2429 1256 2482 usque
1286 2413 1351 2466 ad
1384 2413 1558 2483 magis
1590 2413 1800 2481 species
1830 2412 1930 2465 de-

339 2504 592 2570 curritur,
625 2505 799 2559 omnis
828 2505 1001 2557 unitas
1032 2519 1291 2573 generum
1339 2504 1672 2573 superiorum
1706 2505 1757 2557 in
1792 2504 1932 2556 mul-

340 2594 523 2650 tilidas
550 2610 893 2666 ramosasque
923 2597 1133 2664 species
1161 2595 1544 2667 segregabitur.
1576 2595 1726 2661 Quod
1754 2604 1931 2649 autem

341 2687 421 2741 ait
466 2688 747 2742 multitudo
788 2688 1075 2754 capienda,
1127 2688 1348 2756 perinde
1395 2699 1476 2742 est
1520 2702 1581 2741 ac
1629 2689 1675 2742 si
1707 2687 1931 2749 diceret,

340 2779 628 2835 multitudo
674 2780 915 2835 facienda
953 2788 1036 2833 est
1070 2797 1083 2832 :
1134 2796 1253 2833 nam
1293 2796 1414 2835 cum
1447 2780 1637 2833 dividis
1667 2797 1835 2851 genus
1878 2781 1936 2836 in
1975 2802 1981 2808 ·

343 2876 576 2944 species,
604 2877 822 2930 easdem
852 2874 1060 2945 species
1081 2876 1273 2929 [liuile
1312 2890 1431 2930 esse
1463 2876 1686 2943 accipis,
1718 2891 1850 2943 quas
1881 2884 1936 2928 tu
1975 2871 1982 2879 ’

346 2970 494 3024 idem
526 2969 716 3024 fecisti.
756 2970 974 3038 Species
1000 2984 1216 3039 quoque
1258 2970 1327 3024 ab
1367 2969 1467 3023 bac
1494 2970 1705 3037 generis
1735 2950 1935 3023 adtma-
1977 2996 1981 3001 ~

347 3064 492 3120 tione
535 3079 596 3119 ac
643 3063 1040 3133 quodammodo
1079 3064 1395 3119 collectione
1447 3080 1552 3117 non
1604 3062 1933 3131 discrepant.

344 3160 585 3229 Namque
632 3169 687 3215 et
717 3161 847 3228 ipsa:
884 3158 1199 3213 inﬁnitatem
1251 3157 1642 3211 individuorum
1675 3158 1739 3211 ad
1774 3173 1934 3212 unam

2035 1950 2217 2002 enim:
2262 1950 2397 2016 Quid
2442 1966 2519 2005 ρει
2569 1952 2765 2006 homo?
2810 1953 3059 2022 Risibile;
3091 1956 3227 2023 Quid
3266 1970 3355 2014 est
3384 1960 3635 2018 rlsibilei

2037 2039 2208 2094 Homo
2234 2059 2245 2094 :
2280 2051 2332 2095 et
2355 2042 2507 2112 item,
2540 2044 2676 2109 Quid
2704 2055 2787 2097 est
2818 2046 3122 2101 hinnibile?
3153 2048 3364 2118 Equus;
3389 2054 3525 2118 Quid
3548 2065 3637 2110 est

2036 2136 2236 2201 equus?
2260 2136 2549 2191 l-linnibile.
2582 2136 2736 2203 Quod
2763 2140 2806 2191 si
2840 2152 3056 2207 semper
3086 2143 3287 2206 majora
3316 2145 3381 2198 de
3410 2146 3633 2202 minori.

2040 2224 2137 2278 bus
2172 2227 2550 2293 praedicantur,
2583 2230 2863 2295 superiora
2896 2245 3121 2285 necesse
3147 2245 3228 2286 est
3258 2249 3452 2301 genera
3484 2252 3629 2302 esse,

2038 2327 2093 2368 et
2116 2319 2295 2370 omnia
2328 2319 2638 2374 subalterna
2671 2320 2899 2375 minora.
2926 2322 3078 2388 Quod
3108 2325 3154 2378 si
3183 2326 3485 2381 subalterna
3514 2344 3634 2382 om-

1978 2484 1981 2487 _
2042 2412 2125 2463 nia
2173 2414 2375 2465 minora
2418 2425 2576 2482 sunt,
2608 2431 2714 2469 non
2747 2425 2833 2470 est
2877 2418 3098 2472 dubium
3139 2422 3267 2491 quin
3300 2425 3342 2475 si
3383 2426 3503 2494 quis
3535 2441 3634 2495 per

2038 2504 2458 2561 subdivisionem
2482 2508 2776 2563 descen'dat
2802 2511 2868 2565 ad
2902 2514 3138 2568 ultimam
3173 2520 3429 2586 speciem,
3462 2524 3634 2591 quod-

2038 2614 2248 2667 cunque
2288 2616 2455 2667 genus
2486 2604 2552 2656 de
2584 2603 2770 2657 vicinis
2816 2606 2915 2660 sibi
2953 2611 3348 2679 prmtlicabitur,
3377 2617 3536 2671 etiam
3564 2616 3633 2674 de

2040 2694 2367 2749 subalternis
2388 2697 2712 2764 praedicetur
2742 2717 2753 2751 :
2784 2715 3012 2769 namque
3031 2703 3322 2758 substantia
3351 2707 3510 2764 habet
3531 2713 3634 2770 s‘ibi

2040 2787 2271 2841 vicinum
2320 2789 2385 2842 ad
2429 2776 2730 2844 subteriora
2772 2807 2966 2860 genus,
3000 2796 3063 2847 ad
3107 2812 3164 2848 se
3205 2815 3334 2852 vero
3371 2806 3633 2872 speciem,

2040 2879 2180 2949 quod
2214 2890 2293 2933 est
2319 2895 2544 2949 corpus;
2572 2882 2639 2936 de
2663 2882 2765 2937 hoc
2786 2883 2947 2951 igitur
2968 2887 3262 2942 substantia
3293 2895 3633 2959 pra-dicatur.

2044 2974 2099 3026 Si
2129 2973 2252 3042 quis
2278 2973 2419 3027 enim
2452 2973 2751 3045 interroget
2776 2978 2901 3045 quid
2932 2988 3015 3032 est
3037 2972 3253 3049 carpas,
3282 2984 3476 3040 dicitur
3504 2990 3636 3044 sub.

2044 3067 2259 3119 stantia.
2308 3066 2423 3121 Sub
2459 3081 2687 3137 corpore
2717 3085 2847 3123 vero
2877 3081 2963 3125 est
2994 3074 3288 3129 animatum
3328 3092 3543 3148 corpus,
3578 3095 3638 3139 et

2045 3158 2147 3211 sub
2194 3174 2261 3213 eo
2319 3161 2539 3215 animal.
2598 3163 2737 3233 Ergo
2784 3166 3037 3232 quoniam
3084 3168 3381 3227 substantia
3437 3175 3638 3235 idcirco

346 3252 863 3310 revocantl‘ormam.
882 3253 1224 3322 Singulorum
1255 3253 1395 3305 enim
1427 3251 1699 3306 hominum
1728 3252 1939 3320 species
1967 3233 2015 3298 ί)
2048 3254 2371 3321 praedicatur
2385 3254 2454 3309 de
2474 3271 2722 3325 corpore,
2747 3262 2869 3327 quia
2900 3260 2976 3313 illi
3001 3270 3085 3315 est
3112 3265 3380 3331 superior,
3414 3233 3639 3328 necesse

347 3365 466 3420 qua
494 3359 578 3405 est
605 3350 786 3417 homo,
811 3348 1089 3403 collectiva
1116 3355 1220 3413 est,
1253 3348 1352 3400 hoc
1382 3346 1563 3401 modo.
1596 3346 1673 3399 Ad
1705 3345 1938 3399 hominis

346 3445 492 3500 enim
533 3444 761 3512 speciem
813 3442 992 3519 cuncti
1042 3441 1546 3512 singulibomines,
1595 3456 1731 3495 unus
1770 3438 1935 3493 homo

346 3546 493 3603 sunt,
518 3535 570 3589 id
602 3545 685 3591 est
712 3536 881 3605 prima
910 3535 1121 3604 species
1143 3550 1261 3601 qua:
1297 3549 1394 3589 nos
1421 3534 1659 3588 continet
1695 3540 1938 3588 coercet-

348 3646 473 3701 que.
509 3629 674 3683 Porro
704 3638 880 3685 autem
928 3628 1042 3697 ipsa
1086 3630 1293 3697 species
1324 3629 1375 3681 in
1408 3642 1506 3680 nos
1536 3626 1731 3681 multos
1764 3627 1936 3680 scissa

350 3724 623 3780 dividitur.
656 3723 825 3778 Omne
848 3723 994 3778 enim
1026 3722 1167 3790 quod
1204 3722 1470 3791 singultim
1500 3729 1585 3773 est
1610 3731 1767 3790 atque
1796 3718 1935 3773 indi-

349 3819 596 3882 viduum,
628 3815 754 3870 illud
786 3815 924 3869 unde
963 3816 1200 3870 nascitur
1230 3813 1435 3867 dividit.
1463 3812 1633 3868 Omne
1658 3811 1797 3881 quod
1830 3826 1935 3865 non

353 3918 445 3965 est
484 3909 747 3978 cingulum
796 3917 951 3977 atque
1001 3907 1352 3972 individuum,
1391 3904 1484 3960 sed
1534 3902 1695 3957 dividi
1740 3909 1936 3971 potest,

353 4018 466 4058 non
497 4016 593 4071 per
614 4016 672 4055 se
690 4001 863 4068 ipsum
892 4001 1057 4069 magis
1084 3998 1273 4054 dividit
1299 3997 1621 4060 suberiora,
1647 4010 1803 4065 quam
1827 3993 1939 4049 col-

352 4098 489 4167 ligit.
519 4096 611 4150 llis
642 4094 801 4164 igitur
823 4094 1105 4164 expeditis,
1147 4101 1357 4146 constat
1384 4102 1440 4146 et
1477 4105 1647 4159 genus
1682 4089 1940 4158 plurima-

355 4208 473 4246 rum
501 4192 799 4259 specierum
830 4202 949 4242 esse
977 4201 1164 4257 genus,
1207 4196 1261 4239 et
1297 4184 1532 4253 speciem
1564 4182 1794 4253 plurima
1838 4178 1943 4234 sub

354 4304 412 4342 se
445 4287 713 4341 individua
744 4298 1017 4338 coercere.
1051 4280 1183 4346 Nam
1226 4280 1271 4333 si
1321 4278 1409 4331 illa
1440 4292 1559 4347 qua:
1591 4288 1716 4330 sunt
1758 4274 1945 4328 subte-

354 4381 501 4435 riora
528 4378 871 4447 dispertiunt,
904 4384 958 4427 et
988 4376 1038 4427 in
1071 4370 1465 4425 multitudinem
1505 4369 1770 4439 dissipant
1806 4367 1945 4422 divi-

356 4477 748 4543 duntque,,non
777 4479 862 4524 est
890 4468 1108 4522 dubium
1141 4466 1268 4536 quin
1299 4464 1577 4531 superiora
1611 4477 1821 4532 semper
1860 4459 1952 4513 in-

2041 3355 2143 3411 est,
2176 3348 2367 3414 quibus
2397 3350 2595 3418 oorpus
2624 3352 2870 3420 superius
2908 3352 3088 3421 fuerit,
3136 3356 3338 3412 eiSdem
3376 3361 3538 3415 etiam
3569 3362 3641 3423 sit

2046 3441 2345 3497 substantia
2391 3443 2658 3511 superior.
2710 3442 2842 3498 Nam
2891 3442 2935 3499 si
2977 3462 3175 3516 corpus
3222 3451 3640 3523 prtedicaturde

2045 3536 2281 3591 animato
2304 3551 2551 3607 corpore,
2579 3548 2634 3593 et
2666 3538 2739 3594 de
2779 3528 3020 3607 animali,
3064 3540 3447 3611 prardicabitur
3474 3548 3641 3606 etiam

2044 3629 2343 3685 substantia
2366 3631 2441 3686 de
2473 3632 2712 3686 animato
2745 3646 2996 3701 corpore,
3046 3643 3101 3689 et
3143 3635 3211 3690 de
3249 3637 3488 3694 animali.
3544 3641 3641 3697 Sic

2050 3722 2211 3791 igitur
2240 3737 2577 3794 quaecunque
2606 3725 2887 3791 superiora
2920 3724 3119 3781 fuerint
3144 3728 3212 3783 de
3241 3730 3642 3791 subterioribus

2046 3829 2151 3869 non
2179 3817 2351 3870 solum
2382 3818 2479 3871 sibi
2510 3817 2722 3883 vicinis,
2754 3819 2848 3874 sed
2877 3820 3036 3875 etiam
3066 3822 3223 3893 longe
3246 3824 3640 3884 subterioribua

2049 3907 2429 3976 praedicantur.
2463 3907 2593 3962 Nam
2623 3910 2669 3963 si
2697 3909 2900 3977 majora
2928 3920 3051 3965 sunt
3082 3912 3146 3967 iis
3176 3914 3295 3981 qua:
3320 3916 3422 3970 sibi
3448 3918 3641 3973 vicina

2047 4009 2171 4053 sunt
2195 4000 2500 4066 speciebus,
2524 4002 2692 4056 multo
2710 4003 2911 4067 majora
2940 4012 3101 4059 erunt
3123 4006 3286 4060 etiam
3318 4006 3425 4061 illis
3445 4010 3641 4079 quibus

2050 4093 2155 4147 illa:
2178 4092 2367 4147 vicina:
2388 4095 2597 4161 spuies
2623 4094 2825 4151 fuerint
2842 4096 3162 4166 ampliores:
3187 4112 3315 4169 ergo
3329 4101 3398 4157 de
3417 4103 3642 4171 quibus-

2050 4200 2260 4255 cuuque
2286 4186 2495 4254 species
2523 4186 2865 4257 medicatur,
2906 4188 2977 4243 de
3004 4188 3138 4259 ipsis
3166 4191 3551 4260 praedicabiliu-
3586 4203 3644 4249 et

2053 4278 2195 4333 illius
2224 4280 2425 4348 speciei
2448 4294 2638 4347 genus.
2669 4279 2802 4335 Nam
2826 4281 2870 4336 si
2905 4282 3115 4348 species
3143 4283 3342 4353 aliqua,
3375 4285 3553 4353 aliqua
3584 4300 3643 4341 re

2053 4372 2223 4440 major
2250 4381 2354 4434 est,
2388 4372 2559 4427 multo
2581 4388 2752 4442 genus
2776 4373 2973 4442 speciei
3005 4374 3173 4443 ipsius
3194 4376 3281 4430 illa
3304 4392 3362 4431 re
3387 4380 3491 4447 qua
3515 4394 3643 4448 spe-

2054 4465 2164 4517 cies
2192 4464 2364 4533 major
2391 4476 2497 4526 εει.
2532 4465 2705 4533 majus
2726 4470 2848 4519 erit.
2879 4467 3056 4533 Atque
3084 4466 3159 4520 ita
3198 4466 3264 4519 ad
3295 4466 3344 4519 id
3383 4469 3644 4533 praedica-

358 4567 644 4622 l‘erioribus
690 4564 939 4633 pauciora
991 4562 1119 4615 sint.
1174 4558 1597 4613 Praedicamenta
1652 4569 1781 4610 vero
1827 4570 1947 4625 quas
1971 4623 2016 4633 _
2055 4554 2197 4610 bitur
2217 4554 2664 4624 quemadmodum
2685 4556 2795 4623 ipsa
2822 4557 3027 4624 species
3046 4564 3204 4610 antea
3229 4557 3517 4625 praedicata
3539 4570 3644 4615 est.

356 4660 505 4716 aliud
531 4658 596 4711 de
619 4623 721 4709 alio
744 4655 1122 4723 praedicantur,
1156 4652 1236 4706 vel
1266 4652 1331 4704 ad
1358 4666 1416 4704 se
1439 4650 1663 4705 invicem
1686 4664 1805 4718 qua:
1834 4658 1944 4702 tor—
1969 4623 2024 4683 Ῑ)
2051 4648 2201 4716 Quod
2232 4650 2273 4702 si
2307 4649 2377 4703 ita
2402 4657 2508 4711 est,
2539 4664 2643 4701 non
2675 4661 2757 4703 eat
2793 4648 3013 4703 dubium
3047 4648 3175 4718 quin
3220 4664 3386 4719 genus
3431 4666 3645 4722 quoque

358 4763 616 4823 queatur,
665 4750 764 4802 hoc
813 4745 969 4800 niodo
997 4753 1161 4799 sunt:
1193 4743 1370 4797 omnis
1405 4741 1549 4797 enim
1596 4755 1681 4794 res
1724 4740 1825 4793 alia
1855 4751 1949 4794 aut

360 4847 541 4913 major
577 4846 694 4907 erit,
734 4853 822 4895 aut
872 4842 1070 4903 minor,
1113 4848 1207 4893 aut
1236 4851 1422 4905 aequa;
1470 4850 1633 4891 omne
1676 4834 1817 4905 quod
1865 4841 1951 4890 est

358 4939 561 5007 majus,
589 4937 655 4990 de
682 4936 889 4989 minore
930 4933 1126 5000 poterit
1173 4928 1485 4999 praedicari:
1518 4946 1640 4982 nam
1672 4942 1795 4983 cum
1835 4928 1951 4982 ani-

362 5032 471 5085 mal
508 5033 576 5082 sit
603 5028 774 5096 majus
800 5029 865 5082 ab
897 5027 1134 5093 homine,
1175 5024 1369 5093 poterit
1399 5023 1593 5077 animal
1634 5022 1702 5077 de
1732 5022 1951 5077 homine

366 5122 666 5191 praedicari,
707 5123 885 5175 minus
910 5135 1038 5174 vero
1078 5118 1147 5172 de
1180 5115 1383 5185 majore
1421 5132 1525 5168 non
1555 5114 1768 5169 dicitur.
1818 5114 1949 5168 Nam

364 5215 617 5286 quoniam
655 5214 848 5267 animal
885 5220 967 5266 est
1010 5222 1063 5266 et
1110 5209 1271 5264 homo
1317 5217 1371 5262 et
1417 5222 1609 5277 equus,
1641 5207 1705 5260 ad
1752 5206 1952 5260 animal

366 5308 639 5363 hominem
670 5308 713 5362 si
740 5306 1031 5375 praedicare
1054 5304 1307 5367 volueris,
1337 5310 1543 5356 tantum
1568 5302 1683 5355 hanc
1705 5299 1957 5354 convenit

364 5400 700 5474 pratdicatio,
742 5408 997 5467 quantum
1037 5397 1289 5451 convenit
1335 5393 1527 5448 animal
1586 5403 1790 5460 partem
1834 5404 1953 5444 esse

363 5508 541 5563 super
569 5493 861 5546 hominem.
895 5491 1005 5559 Age
1028 5490 1193 5552 enim,
1219 5494 1492 5549 converte,
1524 5484 1674 5537 ctdic
1707 5484 1806 5535 hoc
1833 5494 1952 5536 esse

362 5586 569 5643 animal
591 5585 733 5653 quod
765 5585 1037 5638 hominem
1065 5602 1075 5635 :
1104 5590 1360 5650 quantum
1392 5578 1554 5647 igitur
1583 5592 1704 5647 pars
1732 5585 1813 5629 est
1840 5573 1955 5627 ani-

362 5680 550 5741 malis,
580 5692 700 5746 qua:
744 5677 975 5731 hominis
1001 5675 1237 5745 speciem
1267 5674 1559 5738 contineat,
1594 5680 1793 5724 tantum
1837 5669 1954 5724 ani-

366 5772 479 5827 mal
522 5771 691 5824 {homo
719 5779 821 5823 est.
854 5770 907 5823 In
948 5770 1055 5824 illis
1082 5779 1258 5822 autem
1286 5767 1405 5822 aliis
1444 5766 1682 5836 partibus
1709 5763 1955 5819 animalis

365 5878 492 5936 qua
512 5863 661 5919 aliud
684 5864 961 5918 continent
987 5878 1142 5931 quam
1164 5871 1245 5917 est
1270 5861 1477 5930 species
1505 5859 1759 5923 hominis,
1786 5858 1960 5912 homi-

2051 4741 2264 4814 generis
2291 4742 2455 4808 illius,
2486 4741 2628 4812 quod
2660 4741 2725 4795 ad
2774 4741 2903 4796 illud
2947 4741 3015 4796 ad
3046 4743 3187 4811 quod
3213 4744 3424 4815 species
3450 4748 3648 4816 praedi-

2057 4835 2297 4901 cabatur,
2335 4843 2542 4902 poterat
2565 4834 2869 4903 praedicari,
2894 4834 3056 4891 etiam
3082 4835 3133 4890 id
3163 4853 3376 4909 quoque
3396 4841 3464 4895 de
3492 4856 3557 4897 co
3577 4841 3648 4898 de

2056 4944 2163 4999 quo
2192 4928 2402 4998 species
2426 4937 2480 4981 et
2504 4942 2670 4997 genus
2700 4928 2901 4996 speciei
2928 4929 3340 4997 prmdicabatur,
3365 4932 3647 4999 prmdicari

2060 5038 2238 5093 posse.
2267 5022 2398 5076 Nam
2429 5022 2474 5075 si
2507 5022 2624 5088 quis
2661 5020 2806 5076 dicat
2847 5019 3165 5077 Ciceronem
3197 5037 3321 5077 esse
3350 5022 3644 5084 hominem,

2060 5131 2179 5169 cum
2215 5113 2411 5168 animal
2452 5112 2685 5168 hominis
2722 5128 2899 5183 genus
2935 5113 3027 5177 sit,
3079 5128 3186 5168 non
3216 5112 3318 5166 erit
3355 5112 3645 5166 absurdum

2059 5202 2372 5259 Ciceronem
2414 5203 2610 5257 animal
2642 5202 2943 5272 praedicari,
2973 5212 3027 5257 et
3055 5217 3177 5257 cum
3201 5199 3447 5254 animalis
3478 5201 3647 5269 ipsius

2061 5298 2355 5353 substantia
2381 5311 2549 5367 genus
2568 5295 2657 5358 sit,
2682 5310 2789 5350 non
2814 5295 2913 5348 erit
2934 5293 3312 5347 inconveniens
3332 5289 3648 5350 Ciceroizem

2061 5390 2413 5443 substantiam
2460 5385 2760 5456 praedicari,
2793 5382 3045 5453 quoniam
3089 5395 3207 5449 quae
3249 5390 3541 5449 supersunt
3579 5382 3650 5439 de

2063 5481 2449 5537 subterioribus
2474 5477 2852 5549 praedicantur,
2880 5481 2935 5530 et
2963 5489 3082 5544 quae
3117 5473 3416 5529 subteriora
3448 5484 3573 5530 sunt
3602 5477 3650 5535 si

2064 5590 2165 5644 qua
2194 5572 2294 5625 alia
2324 5571 2423 5625 sibi
2452 5569 2748 5625 subteriora
2782 5568 3033 5633 habeant,
3066 5567 3195 5621 illud
3222 5566 3451 5635 primum
3481 5583 3653 5638 genus

2067 5664 2338 5718 habebunt
2366 5661 2527 5715 etiam
2553 5662 2653 5715 ista
2680 5658 2999 5725 subteriora,
3025 5668 3080 5715 et
3108 5658 3177 5714 de
3207 5659 3289 5714 his
3324 5674 3435 5714 non
3464 5661 3653 5718 incon-

2066 5756 2343 5811 venienter
2370 5754 2770 5825 prmdicahitur.
2804 5752 2965 5822 Igitur
3005 5753 3212 5824 species
3257 5750 3327 5807 de
3375 5751 3653 5808 individuo

2066 5852 2387 5920 praedicatur
2423 5859 2482 5905 ut
2514 5866 2633 5919 mag
2662 5867 2718 5917 s,
2750 5848 2917 5914 magis
2940 5860 3116 5915 genus
3144 5860 3274 5902 vero
3304 5845 3372 5903 de
3402 5843 3651 5901 omnibus
