4244 6254
515 433 582 487 ιτ
1738 416 1851 471 AN.
1892 413 2102 473 MANL.
2144 412 2292 469 SEV.
2344 407 2569 464 BOETII
3734 399 3804 455 48

514 544 863 608 subalternis,
904 548 960 596 et
994 552 1062 595 oe
1111 550 1283 607 magis
1328 533 1511 605 specie
1556 529 1916 602 praedicatur:
1962 542 2117 598 aequo
2141 529 2198 590 Α
2222 525 2422 596 prietas
2452 524 2505 579 in
2532 521 2651 578 aliis
2680 521 3091 589 nonconvenit,
3134 520 3237 577 nisi
3266 520 3319 577 in
3347 533 3409 578 se
3436 519 3568 592 ipsis
3597 526 3799 576 tantum

520 634 666 697 enim
697 636 858 692 modo
882 632 1077 687 dicitur
1094 639 1149 687 et
1172 644 1366 698 corpus
1390 624 1711 689 substantia,
1731 634 1785 678 et
1812 624 2110 678 animatum

526 744 723 801 corpus
749 723 1069 790 substantia,
1099 731 1154 778 et
1196 719 1453 777 sensibile
1487 730 1682 785 corpus
1712 711 2029 776 substantia,
2058 719 2113 765 et

518 824 787 887 rationale
827 820 1026 877 animal
1072 817 1392 879 substantia,
1424 823 1479 868 et
1523 809 1748 867 mortale
1785 804 2109 871 substantia,

518 929 577 978 et
608 920 771 973 homo
802 912 1124 975 substantia,
1161 919 1217 965 et
1257 908 1325 963 de
1358 908 1492 977 ipsis
1517 906 1682 960 etiam
1729 902 1897 973 magis
1941 911 2112 970 genus

518 1008 811 1069 individuis
856 1004 1194 1077 praedicatur,
1243 1009 1300 1055 ut
1344 1000 1549 1054 dictum
1596 1004 1716 1051 est:
1752 1002 1930 1064 potest
1967 990 2112 1046 enim

515 1102 710 1158 Cicero
756 1098 863 1153 dici
904 1094 1225 1157 substantia,
1266 1090 1477 1161 species
1519 1102 1650 1144 vero
1692 1086 1807 1141 sola
1848 1086 1914 1140 de
1954 1082 2113 1138 nullis

520 1194 663 1261 aliis,
712 1189 818 1246 nisi
857 1188 927 1244 de
972 1184 1260 1242 individuis
1305 1182 1648 1253 praedicatur,
1695 1186 1754 1233 ut
1797 1176 2113 1247 praedictum

520 1298 643 1345 est:
670 1284 940 1344 individua
984 1292 1165 1337 autem
1197 1281 1311 1349 ipsa
1348 1277 1417 1333 de
1442 1275 1593 1331 nullo
1619 1273 1727 1328 alio
1757 1272 2114 1342 praedicantur

521 1385 630 1441 nisi
651 1382 720 1437 de
750 1379 902 1450 ipsis,
932 1376 984 1432 id
1005 1386 1091 1431 est
1114 1373 1360 1444 singulis.
1386 1371 1587 1426 Natura
1610 1376 1789 1423 autem
1814 1364 2116 1420 individuo-

519 1494 643 1536 rum
672 1478 785 1531 haec
805 1482 910 1540 est,
932 1470 1075 1542 quod
1100 1466 1453 1539 proprietates
1479 1463 1875 1519 individuorum
1900 1458 1954 1513 in
1984 1457 2115 1515 solis

521 1571 749 1643 singulis
774 1564 1065 1624 individuis
1089 1569 1360 1623 constant,
1393 1566 1447 1615 et
1477 1558 1529 1613 in
1557 1555 1715 1612 nullis
1736 1556 1857 1610 aliis
1884 1550 2115 1607 transfe-

520 1679 735 1732 runtur,
762 1671 924 1733 atque
950 1659 1074 1716 ideo
1099 1659 1168 1714 de
1196 1655 1359 1712 nullis
1396 1654 1517 1708 aliis
1542 1650 1923 1723 praedicantur.
1956 1647 2114 1701 Cice-

521 1762 675 1820 ronis
704 1758 848 1814 enim
879 1755 1182 1826 proprietas
1209 1749 1492 1821 cujuslibet
1522 1746 1667 1802 modi
1717 1744 1895 1809 fuerit,
1941 1756 2115 1811 neque

521 1854 578 1911 in
605 1852 890 1913 Catonem,
938 1859 1112 1915 neque
1150 1843 1205 1898 in
1238 1842 1479 1905 Brutum,
1522 1852 1696 1907 neque
1737 1836 1789 1890 in
1842 1833 2129 1889 Catullum'

2218 617 2589 688 singulariter,
2620 614 2689 672 de
2716 615 2980 687 aliquibus
3004 615 3124 671 aliis
3157 614 3357 686 praeter
3377 630 3439 672 se
3465 614 3804 685 singulariter
3853 684 3856 691 ἤ

2218 710 2502 785 praedicari
2532 725 2636 764 non
2668 718 2916 780 possunt.
2950 709 3319 780 Repetendum
3352 717 3435 764 est
3460 709 3641 779 igitur,
3662 708 3803 777 quod

2217 819 2379 860 omne
2423 802 2759 858 individuum
2795 801 2977 873 specie
3024 802 3349 865 continetur,
3406 801 3615 870 species
3676 814 3807 854 vero

2216 899 2335 969 ipsa
2363 906 2648 953 coercetur
2673 912 2705 951 a
2729 910 2956 966 genere,
2989 904 3044 950 et
3069 909 3233 950 unum
3264 894 3418 965 quasi
3461 893 3697 948 omnium
3728 902 3808 947 to-

2217 1000 2329 1047 tum
2358 1005 2575 1061 corpus,
2601 990 2773 1060 magis
2806 982 2979 1060 genus
3010 969 3112 1054 est,
3145 998 3201 1043 et
3233 1001 3502 1058 nunquam
3528 996 3610 1041 est
3646 1000 3806 1055 pars;

2218 1081 2552 1141 individuum
2575 1096 2704 1137 vero
2722 1096 2847 1153 pars
2868 1096 3081 1151 semper
3097 1089 3203 1147 est,
3221 1093 3492 1150 nunquam
3514 1087 3598 1134 est
3613 1086 3808 1133 totum.

2220 1176 2443 1247 Species
2468 1182 2647 1230 autem
2672 1182 2728 1230 et
2754 1188 2881 1244 pars
2926 1182 2981 1229 et
3011 1181 3180 1228 totum
3221 1172 3413 1228 merito
3452 1181 3808 1241 nuncupatur,

2218 1285 2344 1327 nam
2385 1269 2451 1325 ad
2482 1283 2652 1341 genus
2677 1283 2802 1339 pars
2823 1276 2927 1336 est,
2966 1266 3037 1323 ad
3080 1265 3353 1323 individua
3385 1273 3554 1321 totum
3580 1282 3596 1318 :
3624 1263 3814 1321 dividit

2219 1364 2366 1419 enim
2393 1378 2559 1433 genus
2584 1362 2665 1434 (ut
2690 1360 2897 1417 dictum
2929 1360 3034 1431 est)
3062 1368 3119 1416 et
3140 1358 3419 1416 individua
3451 1357 3675 1429 colligit.
3706 1356 3814 1415 Sed

2219 1456 2435 1528 species
2465 1470 2592 1526 pars
2622 1465 2705 1511 est
2729 1455 2974 1521 alterius,
3003 1454 3057 1509 id
3086 1463 3193 1523 est,
3224 1453 3458 1525 generis,
3490 1461 3660 1507 totum
3687 1466 3814 1507 vero

2219 1566 2329 1608 non
2353 1562 2438 1607 est
2465 1551 2656 1622 partis,
2688 1550 2783 1606 sed
2813 1551 3070 1621 partium.
3100 1549 3344 1622 Namque
3369 1563 3540 1620 genus
3569 1558 3623 1605 et
3651 1565 3814 1606 unum

2226 1654 2332 1713 est,
2357 1652 2411 1701 et
2437 1645 2617 1715 plures
2643 1643 2857 1714 species
2886 1644 3044 1699 unius
3073 1643 3175 1711 rei,
3207 1643 3261 1699 id
3289 1652 3393 1712 est,
3423 1644 3583 1699 unius
3604 1644 3817 1715 generis

2219 1740 2429 1810 species
2462 1753 2585 1808 pars
2614 1748 2717 1793 est.
2755 1736 2824 1791 Et
2849 1736 3104 1807 quoniam
3151 1735 3421 1791 individua
3462 1737 3617 1806 plura
3667 1746 3814 1806 sunt,

2219 1840 2274 1884 et
2296 1830 2503 1884 infinita
2524 1828 2625 1882 sub
2654 1841 2761 1882 una
2789 1826 2972 1897 specie
2992 1841 3111 1896 quae
3157 1825 3248 1882 illa
3288 1825 3565 1882 individua
3592 1827 3817 1897 colligit,

523 1944 814 2017 aliquando
851 1939 1157 1997 conveniet.
1193 1937 1263 1991 At
1304 1949 1434 1990 vero
1483 1932 1838 2003 proprietates
1885 1925 2120 1981 hominis
2146 1915 2197 1977 B
2222 1922 2431 1993 species
2454 1920 2541 1975 illa
2560 1935 2667 1974 non
2686 1927 2769 1974 est
2793 1916 2951 1973 unius
2978 1927 3170 1986 totum,
3200 1917 3254 1973 id
3273 1927 3378 1990 est,
3404 1933 3510 1974 non
3531 1926 3616 1975 est
3644 1918 3812 1989 partis

524 2056 645 2113 quae
668 2046 796 2095 sunt
822 2036 966 2093 idem
995 2032 1281 2095 rationale,
1311 2028 1560 2092 mortale,
1593 2025 1820 2088 risibile,
1849 2021 2114 2093 pluribus,

524 2144 583 2192 et
608 2133 861 2190 omnibus
892 2126 1182 2185 individuis
1204 2132 1429 2196 possunt
1464 2131 1519 2177 et
1550 2119 1776 2190 singulis
1801 2115 2115 2171 convenire.

527 2226 713 2285 Omnis
736 2226 878 2281 enim
908 2224 1070 2279 homo
1095 2228 1149 2274 et
1186 2216 1455 2288 sigillatim
1500 2210 1829 2273 individuus,
1860 2216 1915 2263 et
1952 2204 2122 2261 ratio-

526 2323 666 2380 nalis
694 2330 797 2387 est,
830 2328 886 2374 et
910 2314 1175 2380 mortalis,
1198 2320 1254 2367 et
1274 2307 1570 2373 sensibilis,
1595 2316 1649 2360 et
1676 2300 1921 2359 risibilis.
1947 2303 2123 2367 Atque

528 2420 651 2476 Ideo
672 2417 757 2471 illa
787 2428 1014 2482 quorum
1039 2408 1399 2480 proprietates
1422 2411 1647 2472 possunt
1668 2398 1789 2454 aliis
1812 2392 2122 2458 convenire,

531 2515 755 2581 possunt
775 2504 842 2559 de
871 2503 992 2557 aliis
1035 2498 1336 2569 praedicari.
1372 2495 1499 2550 Hac
1538 2502 1717 2548 autem
1747 2504 1975 2560 quorum
2004 2499 2129 2555 pro-

2227 2022 2419 2077 totum,
2438 2010 2546 2067 sed
2570 2011 2940 2082 plurimorum,
2958 2010 3013 2066 id
3042 2017 3129 2066 est
3156 2011 3386 2080 partium
3411 2028 3425 2076 ;
3458 2011 3643 2080 plures
3671 2011 3818 2069 enim

2227 2114 2409 2175 partes
2434 2103 2535 2160 sub
2565 2119 2627 2159 ea
2659 2102 3055 2160 individuorum
3082 2113 3230 2168 sunt,
3251 2106 3482 2173 'quarum
3511 2114 3680 2160 totum
3706 2121 3819 2175 spe-

2228 2198 2360 2266 cies,
2388 2196 2442 2253 id
2470 2206 2555 2253 est
2583 2197 2769 2264 homo,
2792 2196 3115 2267 appellatur.
3132 2194 3239 2253 Sed
3260 2194 3328 2251 de
3343 2210 3542 2267 genere
3567 2206 3623 2252 et
3642 2198 3823 2269 specie
3914 2184 3919 2189 ’

2225 2288 2555 2346 sufﬁcienter
2583 2287 2787 2343 dictum
2822 2295 2926 2343 est.
2959 2287 3030 2343 Et
3061 2288 3314 2357 quoniam
3361 2276 3636 2343 matutina:
3678 2288 3822 2343 salu-

2231 2384 2463 2438 tationes
2487 2389 2707 2449 vocant,
2732 2381 2784 2435 in
2814 2380 3015 2437 futuras
3044 2381 3222 2437 noctis
3244 2379 3453 2452 vigilias
3466 2379 3608 2451 quod
3633 2388 3719 2437 est
3737 2396 3820 2437 re~

2233 2477 2439 2548 liquum
2472 2474 2880 2531 transferamus.

543 2613 3798 2676 ,________________.—————-———————

1428 2725 2066 2859 DIALOGUS
2147 2720 2855 2827 SECUNDUS.

1021 2983 1112 3041 DE
1150 2973 1635 3038 DIFFERENTIA.

604 3088 769 3147 Multa
802 3097 909 3140 tam
950 3079 1105 3136 nobis
1153 3090 1185 3129 a
1215 3079 1436 3140 parente
1473 3074 1664 3122 natura
1713 3074 1873 3132 quam
1913 3056 2127 3112 czeteris

536 3180 896 3244 Inimontibus
940 3171 1125 3243 gravia
1160 3164 1506 3233 illustriaque
1540 3168 1799 3214 concessa
1836 3161 1981 3215 sunt,
2011 3161 2131 3219 quae

537 3291 634 3333 nos
682 3276 755 3329 ita

538 3367 794 3427 excoluit,
812 3336 883 3416 -ιιι
906 3358 1135 3429 primum
1162 3351 1319 3408 nobis
1341 3343 1623 3417 reputandi
1645 3336 2131 3405 considerandique

539 3462 748 3519 animos
774 3455 1147 3518 rationemque
1186 3440 1532 3503 concederet,
1560 3444 1685 3507 post
1711 3448 1839 3488 vero
1866 3429 2132 3486 rationem

539 3560 807 3625 repertam
840 3538 1194 3617 proloquendi
1220 3534 1512 3598 conferret,
1535 3527 1758 3600 perinde
1778 3539 1843 3580 ac
1866 3522 2135 3625 sivofuis-

540 3612 646 3711 sei,
671 3612 1029 3714 jussissetque
1059 3646 1158 3687 nos
1189 3644 1294 3684 non
1321 3622 1562 3696 corporis
1578 3618 1826 3676 sensibus
1861 3630 1892 3670 a
1916 3612 2133 3676 belluis,

541 3704 645 3800 sed,
671 3704 874 3792 mentis
903 3727 1186 3785 divinitate
1212 3722 1412 3777 distare
1443 3734 1459 3772 :
1491 3730 1611 3787 qua:
1637 3727 1758 3769 cum
1796 3724 1857 3764 se
1893 3707 1998 3762 sibi
2033 3704 2134 3759 ad-

542 3829 800 3902 iunxerit,
832 3834 889 3881 et
914 3839 944 3877 a
971 3836 1084 3878 suae
1110 3817 1397 3872 vivacitate
1424 3820 1628 3867 natura:
1662 3822 1768 3862 non
1800 3801 2133 3864 discesserit,

544 3896 676 3982 tunc
701 3923 779 3978 sic
801 3928 863 3975 ut
881 3918 994 3989 ipsa
1017 3920 1104 3971 est
1130 3909 1319 3967 aeterni
1341 3905 1574 3978 generis,
1604 3902 1677 3957 ita
1698 3912 1912 3971 quoque
1940 3896 2134 3951 famam

545 4019 602 4075 in
634 4024 900 4087 posteros,
937 4009 1206 4075 vitamque
1235 4000 1422 4072 gloriae
1464 3992 1843 4053 inﬁnitissimis
1882 3990 2137 4059 tempori-

547 4080 649 4168 nus
676 4114 936 4176 coaequat.
964 4101 1058 4157 Sin
1088 4113 1216 4154 vero
1244 4094 1423 4166 pravis
1454 4105 1513 4145 se
1540 4086 1852 4144 libidinibus
1893 4080 2137 4151 corporis

548 4200 838 4256 obnoxiam
869 4209 1025 4250 mens
1056 4188 1381 4261 perdendam
1420 4179 1976 4249 corrumpendamque
2015 4190 2139 4243 per-

548 4288 782 4355 miserit,
816 4293 1061 4341 naturam
1104 4276 1346 4348 corporis
1397 4272 1653 4343 sequitur.
1688 4269 1821 4323 Nam
1859 4266 1991 4322 nihil
2019 4266 2137 4336 ejus

550 4382 855 4441 vivacitatis
881 4386 1001 4450 post
1025 4388 1250 4445 corpora
1279 4376 1543 4433 remanet,
1578 4364 1667 4420 cui
1695 4363 1871 4417 omnis
1908 4360 2059 4415 labor
2084 4369 2139 4414 et

552 4479 787 4538 studium
816 4475 884 4529 de
902 4472 1061 4529 rebus
1089 4467 1331 4539 corporis
1352 4471 1513 4534 atque
1533 4461 1587 4516 in
1614 4472 1810 4528 corpus
1834 4458 2136 4525 impensum

555 4583 657 4629 est.
686 4570 864 4639 Quare
887 4560 1273 4620 advertendum
1300 4564 1403 4625 est,
1436 4564 1494 4610 ut
1515 4567 1614 4608 nos
1639 4550 1894 4605 meliores
1918 4560 2138 4603 accura-

2234 2960 2522 3031 positionis
2548 2957 2868 3027 principium
2896 2956 2966 3012 de
2991 2956 3237 3026 sequenti
3260 2954 3563 3012 differentia
3590 2969 3822 3015 sumere-

2236 3064 2343 3109 tur.
2387 3053 2481 3107 liic
2522 3052 2756 3106 Fabius:
2791 3049 3098 3115 Uberrime,
3148 3049 3346 3118 inquit,
3387 3062 3415 3100 a
3463 3057 3515 3102 te
3561 3047 3826 3105 hesternis

2236 3147 2436 3219 vigiliis
2457 3146 2523 3201 de
2543 3144 2834 3217 generibus
2860 3152 2916 3199 et
2942 3142 3226 3213 speciebus
3252 3142 3556 3212 expositum
3590 3149 3693 3196 est.
3722 3140 3827 3198 Sed

794 3234 1230 3339 quasivquaedam
1281 3256 1507 3324 benigna
1544 3249 1742 3306 artifex
1784 3242 2129 3303 humanitatis
2157 3269 2205 3335 Ο
2239 3243 2320 3312 (ιιι
2362 3240 2469 3295 dici
2512 3237 2697 3309 audio)
2734 3237 2983 3293 subtilior
3031 3236 3099 3293 de
3146 3235 3465 3291 differentiis
3514 3234 3830 3306 tenuiorque

2235 3343 2493 3391 tractatus
2516 3341 2619 3389 est.
2653 3331 2794 3395 Non,
2822 3332 3061 3401 inquam,
3104 3330 3393 3396 immerito,
3424 3345 3546 3384 nam
3579 3330 3723 3385 varie
3742 3344 3831 3386 ac-

2234 3438 2403 3497 ceptae
2432 3424 2753 3481 differentiae
2775 3423 2952 3478 varias
2995 3418 3268 3477 habebunt
3296 3422 3457 3477 etiam
3507 3429 3827 3492 potestates.

2237 3517 2413 3573 Erunt
2440 3532 2671 3588 namque
2700 3517 2832 3572 alias
2859 3518 3080 3585 genera,
3107 3514 3241 3570 alias
3271 3512 3499 3583 species,
3538 3513 3674 3569 alias
3704 3528 3833 3568 vero

2237 3609 2575 3672 differentiae,
2623 3608 2718 3663 sed
2771 3608 2873 3663 hoc
2931 3616 3115 3677 postea
3162 3604 3639 3661 demonstrabitur.
3680 3603 3833 3661 Nunc

2236 3717 2366 3758 vero
2388 3702 2460 3755 ita
2485 3703 2564 3770 (ut
2590 3700 2844 3771 arbitror)
2878 3708 3055 3755 textus
3083 3706 3165 3755 est
3189 3714 3204 3753 :

2315 3796 2491 3850 Omnis
2521 3796 2811 3864 differentia
2835 3803 2883 3849 et
2909 3794 3246 3849 communiter
3271 3800 3319 3849 et
3348 3790 3558 3865 proprie
3581 3800 3632 3846 et
3660 3792 3826 3863 magis

2239 3890 2447 3958 praprie
2476 3888 2686 3941 dicitur.

2316 3981 2680 4037 Diﬂerentiam
2709 3996 2923 4052 quoque
2960 3981 3140 4036 multis
3169 3980 3425 4052 appellari
3476 3978 3649 4035 modis
3692 3976 3834 4034 desi-

2239 4088 2392 4148 gnat.
2426 4077 2563 4130 Dicit
2592 4083 2770 4130 autem
2800 4075 2970 4129 tribus
2993 4073 3077 4128 bis
3102 4074 3278 4129 modis
3308 4073 3423 4129 fieri
3449 4072 3832 4135 differentiam,

2240 4184 2362 4224 cum
2410 4177 2503 4221 aut
2554 4180 2868 4222 communes
2907 4174 3047 4229 sunt,
3089 4173 3181 4219 aut
3234 4163 3484 4235 propriae,
3529 4173 3621 4218 aut
3667 4163 3835 4233 magis

2242 4261 2503 4331 proprize.
2528 4258 2856 4313 Communes
2883 4266 3007 4311 sunt
3036 4256 3232 4325 quibus
3264 4270 3454 4312 omnes
3483 4266 3576 4310 aut
3611 4255 3679 4310 ab
3715 4254 3836 4309 aliis

2242 4351 2555 4415 differimus,
2584 4360 2675 4404 aut
2699 4364 2727 4402 a
2760 4349 2917 4403 nobis
2958 4348 3088 4418 ipsis
3114 4365 3128 4401 :
3162 4363 3284 4401 nam
3314 4348 3504 4403 sedere
3529 4347 3616 4402 vel
3644 4347 3839 4401 ambu-

2242 4446 2357 4500 lare
2381 4443 2465 4498 vel
2497 4451 2641 4497 stare
2667 4439 2970 4497 differentia
2999 4450 3115 4495 est:
3146 4456 3269 4495 nam
3298 4443 3340 4494 si
3372 4450 3426 4494 tu
3455 4439 3719 4505 ambules,
3737 4454 3837 4509 ego

2242 4553 2372 4593 vero
2403 4535 2644 4602 sedeam,
2670 4536 2722 4590 in
2756 4535 2863 4589 situ
2893 4535 3011 4604 ipso
3039 4544 3200 4606 atque
3220 4533 3587 4588 ambulatione
3616 4532 3838 4589 differi-

555 4629 833 4735 tioresque
854 4659 1164 4723 reddamus,
1193 4668 1300 4709 non
1330 4668 1394 4707 ea
1438 4666 1498 4705 re
1540 4662 1640 4719 qua
1672 4642 2138 4716 pecudibusgiiiiil
2158 4663 2227 4726 Ἰ)
2255 4650 2393 4693 mus.
2423 4635 2491 4690 Et
2513 4634 2639 4690 item
2663 4647 2762 4704 ego
2783 4647 2904 4687 cum
2928 4646 3069 4686 nunc
3090 4630 3273 4694 sedeo,
3298 4637 3481 4699 postea
3503 4644 3632 4683 vero
3658 4629 3702 4683 si
3726 4643 3839 4682 am-

558 4734 759 4820 distare
785 4766 1093 4826 possumus,
1122 4748 1217 4803 sed
1249 4761 1355 4816 quo
1381 4740 1679 4799 cmlestium
1706 4738 1962 4792 virtutum
2000 4734 2147 4789 simi-

557 4850 782 4907 iitudine
812 4844 1129 4900 aeternitatis
1165 4842 1388 4910 gloriam
1431 4836 1584 4890 factis
1614 4833 1844 4903 egregiis
1887 4830 2148 4899 dictisque

557 4956 885 5002 mereamur.
909 4937 1019 4993 Sed
1041 4937 1107 4989 de
1137 4934 1222 4988 his
1250 4930 1403 4995 alias,
1438 4941 1580 4982 nunc
1604 4926 1671 4979 ad
1706 4923 2036 4992 propositum
2063 4936 2149 4976 re-

563 5045 759 5095 vertar.
788 5033 921 5087 Cum
948 5029 1109 5097 igitur
1127 5025 1347 5078 alterius
1370 5019 1542 5074 noctis
1567 5023 1824 5071 consueta
1849 5011 2147 5066 lucubratio

558 5128 870 5201 vigiliaeque
896 5120 1190 5182 venissent,
1222 5113 1386 5169 credo
1419 5111 1683 5166 hesterna:
1724 5105 1950 5160 rationis
1979 5104 2151 5159 subti-

557 5197 711 5278 litate
739 5225 948 5287 «aptus,
971 5212 1056 5267 vel
1084 5225 1184 5279 qua
1219 5208 1334 5277 ipse
1363 5212 1449 5259 est
1471 5201 1765 5272 cupiditate
1793 5197 2030 5254 discendi
2055 5212 2151 5252 au-

561 5310 850 5381 diendique
880 5304 1077 5370 studio,
1106 5299 1415 5372 vigilantius
1444 5310 1602 5366 quam
1625 5306 1858 5362 unquam
1899 5304 2151 5345 surrexe-

562 5414 648 5462 rat
678 5404 872 5459 Fabius
919 5401 986 5456 ad
1017 5414 1109 5455 me
1135 5396 1389 5468 perrexit,
1414 5391 1502 5462 qui
1534 5397 1817 5459 postquam
1849 5384 2152 5439 consaluta-

563 5506 669 5559 tus,
701 5494 975 5564 sequentis
992 5509 1021 5545 a
1041 5506 1126 5545 me
1141 5488 1321 5559 Operis
1348 5482 1668 5556 promissam
1694 5476 2150 5533 continuationem

564 5598 894 5658 reposceret.
925 5586 1161 5651 Faciam,
1185 5587 1421 5652 inquam,
1445 5593 1551 5634 non
1574 5575 1793 5641 invitus,
1819 5572 2015 5643 quippe
2031 5584 2151 5624 cum

567 5694 669 5735 nec
711 5678 941 5733 mihi'sit
976 5674 1029 5731 in
1059 5678 1167 5730 vita
1210 5674 1499 5745 quidquam
1539 5669 1733 5724 melius
1779 5680 1959 5736 agere,
2004 5671 2057 5717 et
2096 5671 2152 5715 tu

568 5771 707 5826 hanc
740 5768 868 5822 mihi
894 5767 1279 5837 jocunditatem
1302 5765 1480 5819 studio
1503 5774 1592 5817 tuo
1614 5774 1829 5831 augeas,
1854 5756 1994 5828 quod
2019 5756 2150 5810 mihi

570 5877 828 5937 perquam
862 5860 1221 5932 gratissimum
1252 5867 1355 5922 est,
1388 5855 1583 5925 placuit
1618 5854 1778 5924 igitur
1808 5860 1867 5906 ut
1893 5848 2147 5919 quoniam

574 5960 822 6017 hesterna
867 5951 1116 6012 dissertio
1159 5950 1389 6021 speciem
1421 5946 1769 6018 explicuerat,
1803 5943 2020 5999 alterius
2054 5956 2149 5996 ex-

2256 4730 2457 4791 bulem.
2507 4726 2778 4784 communi
2828 4740 2858 4779 a
2908 4726 3115 4794 meipso
3152 4723 3450 4779 differentia
3500 4721 3835 4791 discrepabo.

2258 4823 2495 4894 Propriae
2524 4836 2653 4877 vero
2681 4829 2806 4875 sunt
2834 4834 2953 4890 quze
2990 4818 3408 4887 uniuscujusque
3439 4813 3698 4870 individui
3729 4812 3840 4866 for-

2257 4930 2398 4969 mam
2426 4915 2602 4983 aliqua
2634 4912 2860 4967 naturali
2884 4910 3209 4979 proprietate
3229 4908 3545 4980 depingunt,
3572 4914 3632 4960 ut
3658 4906 3701 4963 si
3721 4902 3840 4972 quis

2255 5009 2328 5063 sit
2355 5007 2531 5061 caesiis
2557 5005 2752 5071 oculis,
2794 5004 2879 5057 vel
2917 5003 3096 5072 crispo
3122 5001 3337 5071 capillo.
3376 4998 3584 5053 Etenim
3626 4994 3841 5063 propria

2256 5096 2673 5166 uniuscujusque
2737 5094 2932 5166 singuli
2980 5092 3213 5148 hominis
3271 5098 3397 5143 sunt
3431 5103 3538 5158 quo
3578 5100 3696 5140 cum
3742 5084 3841 5139 ista

2258 5204 2571 5250 nascuntur.
2600 5190 2767 5261 Magis
2791 5191 3025 5261 propriae
3046 5196 3171 5243 sunt
3192 5199 3309 5255 qua:
3331 5184 3382 5236 in
3410 5178 3705 5234 substantia
3728 5178 3841 5247 ipsa

2257 5296 2598 5361 permanent,
2624 5295 2679 5341 et
2706 5294 2870 5341 totam
2915 5283 3148 5354 speciem
3180 5275 3478 5334 differentia
3525 5272 3845 5341 descriptio-

2258 5395 2433 5451 neque
2462 5385 2785 5448 permutant,
2836 5384 2893 5430 ut
2921 5383 3005 5430 est
3032 5369 3310 5427 rationalis
3342 5367 3425 5423 vel
3470 5366 3715 5422 mortalis
3745 5369 3846 5418 ho-

2262 5474 2424 5531 minis
2445 5471 2767 5528 differentia.
2784 5468 2985 5525 Horum
3009 5472 3185 5520 autem
3206 5473 3520 5517 communes
3547 5467 3602 5513 et
3622 5454 3848 5527 propriae

2262 5565 2579 5623 differentia:
2617 5563 2718 5618 sub
2756 5560 2943 5616 eadem
2982 5556 3163 5626 specie
3192 5553 3433 5623 singulos
3471 5566 3502 5605 a
3542 5565 3602 5605 se
3646 5548 3850 5603 faciunt

2261 5659 2592 5723 discrepare,
2630 5654 2719 5708 illa
2766 5649 2995 5721 propriis
3032 5646 3374 5711 differentiis,
3423 5642 3511 5699 illa
3552 5654 3852 5696 communi-

2261 5751 2382 5805 bus.
2436 5747 2604 5817 Magis
2642 5744 2870 5813 propriac
2905 5755 3036 5796 vero
3067 5748 3231 5794 totam
3270 5748 3516 5794 naturam
3565 5730 3851 5801 cujuslibet

2260 5842 2454 5912 speciei
2485 5839 2945 5906 substautiamque
2971 5843 3300 5905 permutant,
3333 5840 3388 5886 et
3410 5829 3479 5883 ab
3500 5827 3619 5882 aliis
3647 5822 3826 5895 specie

2260 5938 2359 5994 bus
2397 5942 2677 6006 segregant
2715 5940 2877 6002 atque
2926 5929 3255 5999 disiungunt.
3298 5925 3497 5979 Harum
3537 5933 3665 5989 ergo
3703 5930 3855 5974 com-
