  <div class='ocr_page' id='page_1' title='image "/cluster/home/n/w/nwhite01/storage/ocr_20150623/64/hvd.32044073505265/030.png"; bbox 0 0 4244 6254; ppageno 0'>
   <div class='ocr_carea' id='block_1_1' title="bbox 465 292 3747 373">
    <p class='ocr_par' dir='ltr' id='par_1_1' title="bbox 465 292 3747 373">
     <span class='ocr_line' id='line_1_1' title="bbox 465 292 3747 373; baseline 0.004 -24"><span class='ocrx_word' id='word_1_1' title='bbox 465 292 534 350; x_wconf 75' lang='grc'><strong>49</strong></span> <span class='ocrx_word' id='word_1_2' title='bbox 1588 296 1654 353; x_wconf 87' lang='grc' dir='ltr'><strong>ΙΝ</strong></span> <span class='ocrx_word' id='word_1_3' title='bbox 1692 295 2141 353; x_wconf 78' lang='lat' dir='ltr'><strong>POBPHYRIUM</strong></span> <span class='ocrx_word' id='word_1_4' title='bbox 2182 296 2518 358; x_wconf 79' lang='lat' dir='ltr'><strong>DIALOGUS</strong></span> <span class='ocrx_word' id='word_1_5' title='bbox 2556 304 2617 359; x_wconf 56' lang='lat' dir='ltr'><strong>l‘i’.</strong></span> <span class='ocrx_word' id='word_1_6' title='bbox 3679 316 3747 373; x_wconf 81' lang='lat'><strong>50</strong></span> 
     </span>
    </p>
   </div>
   <div class='ocr_carea' id='block_1_2' title="bbox 436 407 3736 497">
    <p class='ocr_par' dir='ltr' id='par_1_2' title="bbox 436 407 3736 497">
     <span class='ocr_line' id='line_1_2' title="bbox 436 407 3736 497; baseline 0.003 -33"><span class='ocrx_word' id='word_1_7' title='bbox 436 464 441 469; x_wconf 84' lang='grc'><strong><em>,</em></strong></span> <span class='ocrx_word' id='word_1_8' title='bbox 466 421 663 465; x_wconf 84' lang='lat' dir='ltr'><strong>mones</strong></span> <span class='ocrx_word' id='word_1_9' title='bbox 687 415 744 466; x_wconf 92' lang='lat' dir='ltr'><strong>et</strong></span> <span class='ocrx_word' id='word_1_10' title='bbox 773 409 1001 480; x_wconf 74' lang='lat' dir='ltr'><strong>propriae</strong></span> <span class='ocrx_word' id='word_1_11' title='bbox 1025 407 1364 479; x_wconf 72' lang='lat' dir='ltr'><strong>differentiae,</strong></span> <span class='ocrx_word' id='word_1_12' title='bbox 1394 408 1645 479; x_wconf 89' lang='lat' dir='ltr'><strong>quoniam</strong></span> <span class='ocrx_word' id='word_1_13' title='bbox 1672 411 1906 479; x_wconf 87' lang='lat' dir='ltr'><strong>speciem</strong></span> <span class='ocrx_word' id='word_1_14' title='bbox 1944 425 2051 465; x_wconf 91' lang='lat' dir='ltr'><strong>non</strong></span> <span class='ocrx_word' id='word_1_15' title='bbox 2076 413 2132 471; x_wconf 82' lang='grc' dir='ltr'><strong>Α</strong></span> <span class='ocrx_word' id='word_1_16' title='bbox 2158 407 2354 464; x_wconf 86' lang='lat' dir='ltr'><strong>Earum</strong></span> <span class='ocrx_word' id='word_1_17' title='bbox 2384 427 2513 467; x_wconf 90' lang='lat' dir='ltr'><strong>vero</strong></span> <span class='ocrx_word' id='word_1_18' title='bbox 2557 428 2678 483; x_wconf 68' lang='lat' dir='ltr'><strong>qua:</strong></span> <span class='ocrx_word' id='word_1_19' title='bbox 2706 423 2833 469; x_wconf 88' lang='lat' dir='ltr'><strong>sunt</strong></span> <span class='ocrx_word' id='word_1_20' title='bbox 2862 417 3264 488; x_wconf 88' lang='lat' dir='ltr'><strong>inseparabiles,</strong></span> <span class='ocrx_word' id='word_1_21' title='bbox 3292 422 3415 480; x_wconf 71' lang='lat' dir='ltr'><strong>alia:</strong></span> <span class='ocrx_word' id='word_1_22' title='bbox 3440 439 3537 497; x_wconf 87' lang='lat' dir='ltr'><strong>per</strong></span> <span class='ocrx_word' id='word_1_23' title='bbox 3554 441 3615 483; x_wconf 80' lang='lat' dir='ltr'><strong>se</strong></span> <span class='ocrx_word' id='word_1_24' title='bbox 3641 444 3736 485; x_wconf 78' lang='lat' dir='ltr'><strong>ve-</strong></span> 
     </span>
    </p>
   </div>
   <div class='ocr_carea' id='block_1_3' title="bbox 465 497 2054 573">
    <p class='ocr_par' dir='ltr' id='par_1_3' title="bbox 465 497 2054 573">
     <span class='ocr_line' id='line_1_3' title="bbox 465 497 2054 573; baseline -0.001 -16"><span class='ocrx_word' id='word_1_25' title='bbox 465 510 800 572; x_wconf 90' lang='lat' dir='ltr'><strong>permutant,</strong></span> <span class='ocrx_word' id='word_1_26' title='bbox 827 501 918 557; x_wconf 91' lang='lat' dir='ltr'><strong>sed</strong></span> <span class='ocrx_word' id='word_1_27' title='bbox 945 500 1165 556; x_wconf 87' lang='lat' dir='ltr'><strong>formam</strong></span> <span class='ocrx_word' id='word_1_28' title='bbox 1192 499 1589 573; x_wconf 91' lang='lat' dir='ltr'><strong>quodammodo</strong></span> <span class='ocrx_word' id='word_1_29' title='bbox 1604 497 1655 557; x_wconf 77' lang='grc' dir='ltr'><strong>ει</strong></span> <span class='ocrx_word' id='word_1_30' title='bbox 1684 501 2054 556; x_wconf 75' lang='lat' dir='ltr'><strong>habitudinem</strong></span> 
     </span>
    </p>
   </div>
   <div class='ocr_carea' id='block_1_4' title="bbox 470 592 2049 665">
    <p class='ocr_par' dir='ltr' id='par_1_4' title="bbox 470 592 2049 665">
     <span class='ocr_line' id='line_1_4' title="bbox 470 592 2049 665; baseline 0.001 -17"><span class='ocrx_word' id='word_1_31' title='bbox 470 594 649 648; x_wconf 88' lang='lat' dir='ltr'><strong>solum</strong></span> <span class='ocrx_word' id='word_1_32' title='bbox 679 593 874 649; x_wconf 88' lang='lat' dir='ltr'><strong>faciunt</strong></span> <span class='ocrx_word' id='word_1_33' title='bbox 901 594 1229 665; x_wconf 84' lang='lat' dir='ltr'><strong>discrepare,</strong></span> <span class='ocrx_word' id='word_1_34' title='bbox 1262 594 1545 650; x_wconf 89' lang='lat' dir='ltr'><strong>alteratum</strong></span> <span class='ocrx_word' id='word_1_35' title='bbox 1577 592 1755 651; x_wconf 88' lang='lat' dir='ltr'><strong>facere</strong></span> <span class='ocrx_word' id='word_1_36' title='bbox 1776 594 2049 662; x_wconf 87' lang='lat' dir='ltr'><strong>dicuntur,</strong></span> 
     </span>
    </p>
   </div>
   <div class='ocr_carea' id='block_1_5' title="bbox 468 686 2061 764">
    <p class='ocr_par' dir='ltr' id='par_1_5' title="bbox 468 686 2061 764">
     <span class='ocr_line' id='line_1_5' title="bbox 468 686 2061 764; baseline 0 -17"><span class='ocrx_word' id='word_1_37' title='bbox 468 691 524 749; x_wconf 95' lang='lat' dir='ltr'><strong>id</strong></span> <span class='ocrx_word' id='word_1_38' title='bbox 548 703 629 750; x_wconf 90' lang='lat' dir='ltr'><strong>est</strong></span> <span class='ocrx_word' id='word_1_39' title='bbox 652 709 754 749; x_wconf 88' lang='lat' dir='ltr'><strong>non</strong></span> <span class='ocrx_word' id='word_1_40' title='bbox 795 694 1057 764; x_wconf 90' lang='lat' dir='ltr'><strong>integrum</strong></span> <span class='ocrx_word' id='word_1_41' title='bbox 1083 693 1313 748; x_wconf 87' lang='lat' dir='ltr'><strong>alterum</strong></span> <span class='ocrx_word' id='word_1_42' title='bbox 1350 691 1550 759; x_wconf 87' lang='lat' dir='ltr'><strong>facere,</strong></span> <span class='ocrx_word' id='word_1_43' title='bbox 1574 692 1629 749; x_wconf 92' lang='lat' dir='ltr'><strong>id</strong></span> <span class='ocrx_word' id='word_1_44' title='bbox 1652 701 1736 747; x_wconf 90' lang='lat' dir='ltr'><strong>est</strong></span> <span class='ocrx_word' id='word_1_45' title='bbox 1773 707 1880 748; x_wconf 91' lang='lat' dir='ltr'><strong>non</strong></span> <span class='ocrx_word' id='word_1_46' title='bbox 1910 686 2061 747; x_wconf 54' lang='lat' dir='ltr'><strong>inte;</strong></span> 
     </span>
    </p>
   </div>
   <div class='ocr_carea' id='block_1_6' title="bbox 463 787 2049 859">
    <p class='ocr_par' dir='ltr' id='par_1_6' title="bbox 463 787 2049 859">
     <span class='ocr_line' id='line_1_6' title="bbox 463 787 2049 859; baseline -0.001 -17"><span class='ocrx_word' id='word_1_47' title='bbox 463 803 560 858; x_wconf 92' lang='lat' dir='ltr'><strong>gre</strong></span> <span class='ocrx_word' id='word_1_48' title='bbox 613 797 952 859; x_wconf 73' lang='lat' dir='ltr'><strong>permutare,</strong></span> <span class='ocrx_word' id='word_1_49' title='bbox 1016 787 1111 844; x_wconf 91' lang='lat' dir='ltr'><strong>sed</strong></span> <span class='ocrx_word' id='word_1_50' title='bbox 1174 787 1572 857; x_wconf 90' lang='lat' dir='ltr'><strong>quodammodo</strong></span> <span class='ocrx_word' id='word_1_51' title='bbox 1635 787 2049 857; x_wconf 87' lang='lat' dir='ltr'><strong>discrepantiam</strong></span> 
     </span>
    </p>
   </div>
   <div class='ocr_carea' id='block_1_7' title="bbox 462 881 2051 955">
    <p class='ocr_par' dir='ltr' id='par_1_7' title="bbox 462 881 2051 955">
     <span class='ocr_line' id='line_1_7' title="bbox 462 881 2051 955; baseline 0.001 -18"><span class='ocrx_word' id='word_1_52' title='bbox 462 881 873 953; x_wconf 74' lang='lat' dir='ltr'><strong>disrantiamque</strong></span> <span class='ocrx_word' id='word_1_53' title='bbox 904 882 1130 952; x_wconf 83' lang='lat' dir='ltr'><strong>faciunt,</strong></span> <span class='ocrx_word' id='word_1_54' title='bbox 1160 893 1321 955; x_wconf 90' lang='lat' dir='ltr'><strong>atque</strong></span> <span class='ocrx_word' id='word_1_55' title='bbox 1350 883 1471 940; x_wconf 90' lang='lat' dir='ltr'><strong>ideo</strong></span> <span class='ocrx_word' id='word_1_56' title='bbox 1495 897 1601 939; x_wconf 92' lang='lat' dir='ltr'><strong>non</strong></span> <span class='ocrx_word' id='word_1_57' title='bbox 1629 892 1891 938; x_wconf 76' lang='lat' dir='ltr'><strong>vocantur</strong></span> <span class='ocrx_word' id='word_1_58' title='bbox 1917 882 2051 938; x_wconf 86' lang='lat' dir='ltr'><strong>alte-</strong></span> 
     </span>
    </p>
   </div>
   <div class='ocr_carea' id='block_1_8' title="bbox 457 975 2049 1047">
    <p class='ocr_par' dir='ltr' id='par_1_8' title="bbox 457 975 2049 1047">
     <span class='ocr_line' id='line_1_8' title="bbox 457 975 2049 1047; baseline 0.003 -19"><span class='ocrx_word' id='word_1_59' title='bbox 457 990 574 1029; x_wconf 90' lang='lat' dir='ltr'><strong>rum</strong></span> <span class='ocrx_word' id='word_1_60' title='bbox 608 975 887 1045; x_wconf 80' lang='lat' dir='ltr'><strong>facientes,</strong></span> <span class='ocrx_word' id='word_1_61' title='bbox 920 977 975 1033; x_wconf 93' lang='lat' dir='ltr'><strong>id</strong></span> <span class='ocrx_word' id='word_1_62' title='bbox 1005 986 1088 1034; x_wconf 90' lang='lat' dir='ltr'><strong>est</strong></span> <span class='ocrx_word' id='word_1_63' title='bbox 1118 985 1507 1045; x_wconf 89' lang='lat' dir='ltr'><strong>permutantes,</strong></span> <span class='ocrx_word' id='word_1_64' title='bbox 1529 976 1624 1032; x_wconf 89' lang='lat' dir='ltr'><strong>sed</strong></span> <span class='ocrx_word' id='word_1_65' title='bbox 1653 977 1825 1047; x_wconf 88' lang='lat' dir='ltr'><strong>magis</strong></span> <span class='ocrx_word' id='word_1_66' title='bbox 1854 976 2049 1032; x_wconf 90' lang='lat' dir='ltr'><strong>altera-</strong></span> 
     </span>
    </p>
   </div>
   <div class='ocr_carea' id='block_1_9' title="bbox 455 1070 2047 1141">
    <p class='ocr_par' dir='ltr' id='par_1_9' title="bbox 455 1070 2047 1141">
     <span class='ocr_line' id='line_1_9' title="bbox 455 1070 2047 1141; baseline 0.002 -19"><span class='ocrx_word' id='word_1_67' title='bbox 455 1077 590 1139; x_wconf 87' lang='lat' dir='ltr'><strong>tum,</strong></span> <span class='ocrx_word' id='word_1_68' title='bbox 624 1070 675 1124; x_wconf 89' lang='lat' dir='ltr'><strong>id</strong></span> <span class='ocrx_word' id='word_1_69' title='bbox 706 1081 791 1126; x_wconf 81' lang='lat' dir='ltr'><strong>eSt</strong></span> <span class='ocrx_word' id='word_1_70' title='bbox 819 1086 929 1127; x_wconf 91' lang='lat' dir='ltr'><strong>non</strong></span> <span class='ocrx_word' id='word_1_71' title='bbox 968 1071 1173 1141; x_wconf 75' lang='lat' dir='ltr'><strong>integre</strong></span> <span class='ocrx_word' id='word_1_72' title='bbox 1207 1072 1437 1128; x_wconf 87' lang='lat' dir='ltr'><strong>alterum</strong></span> <span class='ocrx_word' id='word_1_73' title='bbox 1477 1071 1753 1127; x_wconf 79' lang='lat' dir='ltr'><strong>facientes.</strong></span> <span class='ocrx_word' id='word_1_74' title='bbox 1796 1070 1887 1125; x_wconf 91' lang='lat' dir='ltr'><strong>llla</strong></span> <span class='ocrx_word' id='word_1_75' title='bbox 1916 1086 2047 1125; x_wconf 88' lang='lat' dir='ltr'><strong>vero</strong></span> 
     </span>
    </p>
   </div>
   <div class='ocr_carea' id='block_1_10' title="bbox 453 1159 2045 1235">
    <p class='ocr_par' dir='ltr' id='par_1_10' title="bbox 453 1159 2045 1235">
     <span class='ocr_line' id='line_1_10' title="bbox 453 1159 2045 1235; baseline 0.003 -22"><span class='ocrx_word' id='word_1_76' title='bbox 453 1159 645 1227; x_wconf 89' lang='lat' dir='ltr'><strong>tertia,</strong></span> <span class='ocrx_word' id='word_1_77' title='bbox 675 1161 727 1216; x_wconf 91' lang='lat' dir='ltr'><strong>id</strong></span> <span class='ocrx_word' id='word_1_78' title='bbox 769 1170 854 1218; x_wconf 91' lang='lat' dir='ltr'><strong>est</strong></span> <span class='ocrx_word' id='word_1_79' title='bbox 889 1165 1058 1234; x_wconf 86' lang='lat' dir='ltr'><strong>magis</strong></span> <span class='ocrx_word' id='word_1_80' title='bbox 1104 1164 1344 1235; x_wconf 89' lang='lat' dir='ltr'><strong>propria,</strong></span> <span class='ocrx_word' id='word_1_81' title='bbox 1379 1163 1629 1235; x_wconf 90' lang='lat' dir='ltr'><strong>quoniam</strong></span> <span class='ocrx_word' id='word_1_82' title='bbox 1675 1161 2045 1219; x_wconf 84' lang='lat' dir='ltr'><strong>substantialis</strong></span> 
     </span>
    </p>
   </div>
   <div class='ocr_carea' id='block_1_11' title="bbox 451 1255 2039 1326">
    <p class='ocr_par' dir='ltr' id='par_1_11' title="bbox 451 1255 2039 1326">
     <span class='ocr_line' id='line_1_11' title="bbox 451 1255 2039 1326; baseline -0.008 -5"><span class='ocrx_word' id='word_1_83' title='bbox 451 1264 558 1320; x_wconf 70' lang='grc' dir='ltr'>εει,</span> <span class='ocrx_word' id='word_1_84' title='bbox 603 1263 657 1309; x_wconf 75' lang='grc' dir='ltr'><strong>ει</strong></span> <span class='ocrx_word' id='word_1_85' title='bbox 703 1255 873 1325; x_wconf 84' lang='lat' dir='ltr'><strong>ipsius</strong></span> <span class='ocrx_word' id='word_1_86' title='bbox 918 1258 1115 1326; x_wconf 81' lang='lat' dir='ltr'><strong>speciei</strong></span> <span class='ocrx_word' id='word_1_87' title='bbox 1141 1258 1343 1313; x_wconf 87' lang='lat' dir='ltr'><strong>inserta</strong></span> <span class='ocrx_word' id='word_1_88' title='bbox 1386 1268 1593 1313; x_wconf 75' lang='lat' dir='ltr'><strong>naturze</strong></span> <span class='ocrx_word' id='word_1_89' title='bbox 1633 1257 1861 1313; x_wconf 91' lang='lat' dir='ltr'><strong>alterum</strong></span> <span class='ocrx_word' id='word_1_90' title='bbox 1899 1255 2039 1310; x_wconf 86' lang='lat' dir='ltr'><strong>facit.</strong></span> 
     </span>
    </p>
   </div>
   <div class='ocr_carea' id='block_1_12' title="bbox 451 1344 2043 1421">
    <p class='ocr_par' dir='ltr' id='par_1_12' title="bbox 451 1344 2043 1421">
     <span class='ocr_line' id='line_1_12' title="bbox 451 1344 2043 1421; baseline 0.001 -21"><span class='ocrx_word' id='word_1_91' title='bbox 451 1344 588 1401; x_wconf 88' lang='lat' dir='ltr'><strong>Nam</strong></span> <span class='ocrx_word' id='word_1_92' title='bbox 619 1349 874 1417; x_wconf 88' lang='lat' dir='ltr'><strong>quoniam</strong></span> <span class='ocrx_word' id='word_1_93' title='bbox 904 1351 1067 1405; x_wconf 89' lang='lat' dir='ltr'><strong>homo</strong></span> <span class='ocrx_word' id='word_1_94' title='bbox 1108 1360 1270 1421; x_wconf 88' lang='lat' dir='ltr'><strong>atque</strong></span> <span class='ocrx_word' id='word_1_95' title='bbox 1309 1365 1477 1421; x_wconf 89' lang='lat' dir='ltr'><strong>equus</strong></span> <span class='ocrx_word' id='word_1_96' title='bbox 1524 1348 1889 1417; x_wconf 87' lang='lat' dir='ltr'><strong>quantum_ad</strong></span> <span class='ocrx_word' id='word_1_97' title='bbox 1943 1348 2043 1403; x_wconf 87' lang='lat' dir='ltr'><strong>hoc</strong></span> 
     </span>
    </p>
   </div>
   <div class='ocr_carea' id='block_1_13' title="bbox 454 1440 2041 1509">
    <p class='ocr_par' dir='ltr' id='par_1_13' title="bbox 454 1440 2041 1509">
     <span class='ocr_line' id='line_1_13' title="bbox 454 1440 2041 1509; baseline 0.002 -16"><span class='ocrx_word' id='word_1_98' title='bbox 454 1440 601 1509; x_wconf 77' lang='lat' dir='ltr'><strong>quOd</strong></span> <span class='ocrx_word' id='word_1_99' title='bbox 621 1442 868 1497; x_wconf 82' lang='lat' dir='ltr'><strong>animalia</strong></span> <span class='ocrx_word' id='word_1_100' title='bbox 898 1454 1053 1500; x_wconf 91' lang='lat' dir='ltr'><strong>erant</strong></span> <span class='ocrx_word' id='word_1_101' title='bbox 1076 1460 1182 1499; x_wconf 84' lang='lat' dir='ltr'><strong>una</strong></span> <span class='ocrx_word' id='word_1_102' title='bbox 1204 1445 1312 1500; x_wconf 86' lang='lat' dir='ltr'><strong>illis</strong></span> <span class='ocrx_word' id='word_1_103' title='bbox 1338 1454 1455 1501; x_wconf 88' lang='lat' dir='ltr'><strong>erat</strong></span> <span class='ocrx_word' id='word_1_104' title='bbox 1476 1444 1793 1509; x_wconf 86' lang='lat' dir='ltr'><strong>substantia,</strong></span> <span class='ocrx_word' id='word_1_105' title='bbox 1822 1441 2041 1497; x_wconf 87' lang='lat' dir='ltr'><strong>veniens</strong></span> 
     </span>
    </p>
   </div>
   <div class='ocr_carea' id='block_1_14' title="bbox 455 1534 2040 1608">
    <p class='ocr_par' dir='ltr' id='par_1_14' title="bbox 455 1534 2040 1608">
     <span class='ocr_line' id='line_1_14' title="bbox 455 1534 2040 1608; baseline 0 -19"><span class='ocrx_word' id='word_1_106' title='bbox 455 1534 721 1590; x_wconf 87' lang='lat' dir='ltr'><strong>rationale</strong></span> <span class='ocrx_word' id='word_1_107' title='bbox 749 1535 1072 1607; x_wconf 86' lang='lat' dir='ltr'><strong>disgregavit</strong></span> <span class='ocrx_word' id='word_1_108' title='bbox 1093 1538 1312 1593; x_wconf 91' lang='lat' dir='ltr'><strong>omnino</strong></span> <span class='ocrx_word' id='word_1_109' title='bbox 1335 1539 1590 1608; x_wconf 87' lang='lat' dir='ltr'><strong>speciem,</strong></span> <span class='ocrx_word' id='word_1_110' title='bbox 1620 1548 1673 1593; x_wconf 90' lang='lat' dir='ltr'><strong>et</strong></span> <span class='ocrx_word' id='word_1_111' title='bbox 1702 1535 1938 1591; x_wconf 87' lang='lat' dir='ltr'><strong>funditus</strong></span> <span class='ocrx_word' id='word_1_112' title='bbox 1962 1534 2040 1589; x_wconf 86' lang='lat' dir='ltr'><strong>al-</strong></span> 
     </span>
    </p>
   </div>
   <div class='ocr_carea' id='block_1_15' title="bbox 457 1625 2037 1700">
    <p class='ocr_par' dir='ltr' id='par_1_15' title="bbox 457 1625 2037 1700">
     <span class='ocr_line' id='line_1_15' title="bbox 457 1625 2037 1700; baseline -0.001 -19"><span class='ocrx_word' id='word_1_113' title='bbox 457 1634 631 1681; x_wconf 87' lang='lat' dir='ltr'><strong>terum</strong></span> <span class='ocrx_word' id='word_1_114' title='bbox 663 1627 808 1682; x_wconf 88' lang='lat' dir='ltr'><strong>fecit.</strong></span> <span class='ocrx_word' id='word_1_115' title='bbox 850 1626 989 1698; x_wconf 85' lang='lat' dir='ltr'><strong>Ergo</strong></span> <span class='ocrx_word' id='word_1_116' title='bbox 1019 1643 1333 1684; x_wconf 86' lang='lat' dir='ltr'><strong>communes</strong></span> <span class='ocrx_word' id='word_1_117' title='bbox 1362 1640 1414 1684; x_wconf 90' lang='lat' dir='ltr'><strong>et</strong></span> <span class='ocrx_word' id='word_1_118' title='bbox 1451 1631 1683 1700; x_wconf 76' lang='lat' dir='ltr'><strong>propriae</strong></span> <span class='ocrx_word' id='word_1_119' title='bbox 1720 1625 2037 1683; x_wconf 72' lang='lat' dir='ltr'><strong>differentis:</strong></span> 
     </span>
    </p>
   </div>
   <div class='ocr_carea' id='block_1_16' title="bbox 450 1716 2035 1791">
    <p class='ocr_par' dir='ltr' id='par_1_16' title="bbox 450 1716 2035 1791">
     <span class='ocr_line' id='line_1_16' title="bbox 450 1716 2035 1791; baseline 0.001 -21"><span class='ocrx_word' id='word_1_120' title='bbox 450 1717 734 1772; x_wconf 88' lang='lat' dir='ltr'><strong>alteratum</strong></span> <span class='ocrx_word' id='word_1_121' title='bbox 760 1716 1019 1774; x_wconf 79' lang='lat' dir='ltr'><strong>facientes</strong></span> <span class='ocrx_word' id='word_1_122' title='bbox 1052 1728 1328 1784; x_wconf 85' lang='lat' dir='ltr'><strong>vocantur,</strong></span> <span class='ocrx_word' id='word_1_123' title='bbox 1370 1721 1539 1791; x_wconf 89' lang='lat' dir='ltr'><strong>magis</strong></span> <span class='ocrx_word' id='word_1_124' title='bbox 1582 1719 1811 1790; x_wconf 68' lang='lat' dir='ltr'><strong>pr~prize</strong></span> <span class='ocrx_word' id='word_1_125' title='bbox 1857 1727 2035 1773; x_wconf 88' lang='lat' dir='ltr'><strong>autem</strong></span> 
     </span>
    </p>
   </div>
   <div class='ocr_carea' id='block_1_17' title="bbox 2160 502 3739 589">
    <p class='ocr_par' dir='ltr' id='par_1_17' title="bbox 2160 502 3739 589">
     <span class='ocr_line' id='line_1_17' title="bbox 2160 502 3739 589; baseline 0.015 -35"><span class='ocrx_word' id='word_1_126' title='bbox 2160 502 2346 569; x_wconf 90' lang='lat' dir='ltr'><strong>niunt,</strong></span> <span class='ocrx_word' id='word_1_127' title='bbox 2373 505 2491 559; x_wconf 70' lang='lat' dir='ltr'><strong>alite</strong></span> <span class='ocrx_word' id='word_1_128' title='bbox 2544 521 2673 562; x_wconf 92' lang='lat' dir='ltr'><strong>vero</strong></span> <span class='ocrx_word' id='word_1_129' title='bbox 2718 523 2811 576; x_wconf 86' lang='lat' dir='ltr'><strong>per</strong></span> <span class='ocrx_word' id='word_1_130' title='bbox 2838 511 3108 569; x_wconf 89' lang='lat' dir='ltr'><strong>accidens.</strong></span> <span class='ocrx_word' id='word_1_131' title='bbox 3142 512 3209 568; x_wconf 87' lang='lat' dir='ltr'><strong>Et</strong></span> <span class='ocrx_word' id='word_1_132' title='bbox 3250 515 3359 571; x_wconf 75' lang='lat' dir='ltr'><strong>illae</strong></span> <span class='ocrx_word' id='word_1_133' title='bbox 3406 533 3524 588; x_wconf 74' lang='lat' dir='ltr'><strong>quae</strong></span> <span class='ocrx_word' id='word_1_134' title='bbox 3553 533 3652 589; x_wconf 88' lang='lat' dir='ltr'><strong>per</strong></span> <span class='ocrx_word' id='word_1_135' title='bbox 3676 535 3739 578; x_wconf 81' lang='lat' dir='ltr'><strong>se</strong></span> 
     </span>
    </p>
   </div>
   <div class='ocr_carea' id='block_1_18' title="bbox 2162 595 3745 684">
    <p class='ocr_par' dir='ltr' id='par_1_18' title="bbox 2162 595 3745 684">
     <span class='ocr_line' id='line_1_18' title="bbox 2162 595 3745 684; baseline 0.013 -37"><span class='ocrx_word' id='word_1_136' title='bbox 2162 595 2402 661; x_wconf 87' lang='lat' dir='ltr'><strong>veniunt,</strong></span> <span class='ocrx_word' id='word_1_137' title='bbox 2425 612 2453 650; x_wconf 92' lang='lat' dir='ltr'><strong>a</strong></span> <span class='ocrx_word' id='word_1_138' title='bbox 2485 598 2655 668; x_wconf 87' lang='lat' dir='ltr'><strong>magis</strong></span> <span class='ocrx_word' id='word_1_139' title='bbox 2685 601 2916 669; x_wconf 90' lang='lat' dir='ltr'><strong>propriis</strong></span> <span class='ocrx_word' id='word_1_140' title='bbox 2947 615 3184 660; x_wconf 88' lang='lat' dir='ltr'><strong>manant.</strong></span> <span class='ocrx_word' id='word_1_141' title='bbox 3204 604 3314 662; x_wconf 77' lang='lat' dir='ltr'><strong>lllze</strong></span> <span class='ocrx_word' id='word_1_142' title='bbox 3335 624 3453 678; x_wconf 64' lang='lat' dir='ltr'><strong>qua;</strong></span> <span class='ocrx_word' id='word_1_143' title='bbox 3484 625 3578 679; x_wconf 88' lang='lat' dir='ltr'><strong>per</strong></span> <span class='ocrx_word' id='word_1_144' title='bbox 3600 613 3745 684; x_wconf 52' lang='lat' dir='ltr'><strong>accig</strong></span> 
     </span>
    </p>
   </div>
   <div class='ocr_carea' id='block_1_19' title="bbox 2159 687 3740 773">
    <p class='ocr_par' dir='ltr' id='par_1_19' title="bbox 2159 687 3740 773">
     <span class='ocr_line' id='line_1_19' title="bbox 2159 687 3740 773; baseline 0.012 -32"><span class='ocrx_word' id='word_1_145' title='bbox 2159 687 2293 742; x_wconf 89' lang='lat' dir='ltr'><strong>deus</strong></span> <span class='ocrx_word' id='word_1_146' title='bbox 2316 729 2331 755; x_wconf 94' lang='lat'><strong>,</strong></span> <span class='ocrx_word' id='word_1_147' title='bbox 2362 704 2391 743; x_wconf 92' lang='lat' dir='ltr'><strong>a</strong></span> <span class='ocrx_word' id='word_1_148' title='bbox 2430 690 2562 745; x_wconf 90' lang='lat' dir='ltr'><strong>solis</strong></span> <span class='ocrx_word' id='word_1_149' title='bbox 2603 693 2833 761; x_wconf 86' lang='lat' dir='ltr'><strong>propriis</strong></span> <span class='ocrx_word' id='word_1_150' title='bbox 2877 693 3240 752; x_wconf 80' lang='lat' dir='ltr'><strong>eﬂ‘unduntur.</strong></span> <span class='ocrx_word' id='word_1_151' title='bbox 3267 698 3334 755; x_wconf 88' lang='lat' dir='ltr'><strong>Et</strong></span> <span class='ocrx_word' id='word_1_152' title='bbox 3379 702 3740 773; x_wconf 87' lang='lat' dir='ltr'><strong>inseparabile</strong></span> 
     </span>
    </p>
   </div>
   <div class='ocr_carea' id='block_1_20' title="bbox 2156 780 3737 865">
    <p class='ocr_par' dir='ltr' id='par_1_20' title="bbox 2156 780 3737 865">
     <span class='ocr_line' id='line_1_20' title="bbox 2156 780 3737 865; baseline 0.012 -33"><span class='ocrx_word' id='word_1_153' title='bbox 2156 780 2404 836; x_wconf 89' lang='lat' dir='ltr'><strong>accidens</strong></span> <span class='ocrx_word' id='word_1_154' title='bbox 2448 792 2560 848; x_wconf 89' lang='lat' dir='ltr'><strong>est,</strong></span> <span class='ocrx_word' id='word_1_155' title='bbox 2591 784 2848 856; x_wconf 87' lang='lat' dir='ltr'><strong>quidquid</strong></span> <span class='ocrx_word' id='word_1_156' title='bbox 2898 802 2993 856; x_wconf 89' lang='lat' dir='ltr'><strong>per</strong></span> <span class='ocrx_word' id='word_1_157' title='bbox 3023 788 3434 858; x_wconf 87' lang='lat' dir='ltr'><strong>inseparabilem</strong></span> <span class='ocrx_word' id='word_1_158' title='bbox 3468 796 3737 865; x_wconf 88' lang='lat' dir='ltr'><strong>propriam</strong></span> 
     </span>
    </p>
   </div>
   <div class='ocr_carea' id='block_1_21' title="bbox 2155 873 3742 956">
    <p class='ocr_par' dir='ltr' id='par_1_21' title="bbox 2155 873 3742 956">
     <span class='ocr_line' id='line_1_21' title="bbox 2155 873 3742 956; baseline 0.009 -28"><span class='ocrx_word' id='word_1_159' title='bbox 2155 873 2512 931; x_wconf 76' lang='lat' dir='ltr'><strong>differentiam</strong></span> <span class='ocrx_word' id='word_1_160' title='bbox 2541 877 2827 949; x_wconf 86' lang='lat' dir='ltr'><strong>unicuique</strong></span> <span class='ocrx_word' id='word_1_161' title='bbox 2869 880 3067 949; x_wconf 89' lang='lat' dir='ltr'><strong>speciei</strong></span> <span class='ocrx_word' id='word_1_162' title='bbox 3094 883 3395 953; x_wconf 74' lang='lat' dir='ltr'><strong>contigerit.</strong></span> <span class='ocrx_word' id='word_1_163' title='bbox 3428 884 3534 941; x_wconf 91' lang='lat' dir='ltr'><strong>Sed</strong></span> <span class='ocrx_word' id='word_1_164' title='bbox 3570 902 3742 956; x_wconf 88' lang='lat' dir='ltr'><strong>quan-</strong></span> 
     </span>
    </p>
   </div>
   <div class='ocr_carea' id='block_1_22' title="bbox 2152 971 3741 1046">
    <p class='ocr_par' dir='ltr' id='par_1_22' title="bbox 2152 971 3741 1046">
     <span class='ocr_line' id='line_1_22' title="bbox 2152 971 3741 1046; baseline 0.008 -24"><span class='ocrx_word' id='word_1_165' title='bbox 2152 983 2312 1039; x_wconf 89' lang='lat' dir='ltr'><strong>quam</strong></span> <span class='ocrx_word' id='word_1_166' title='bbox 2336 971 2547 1040; x_wconf 91' lang='lat' dir='ltr'><strong>propria</strong></span> <span class='ocrx_word' id='word_1_167' title='bbox 2572 980 2628 1025; x_wconf 92' lang='lat' dir='ltr'><strong>et</strong></span> <span class='ocrx_word' id='word_1_168' title='bbox 2650 972 2817 1043; x_wconf 89' lang='lat' dir='ltr'><strong>magis</strong></span> <span class='ocrx_word' id='word_1_169' title='bbox 2834 974 3049 1044; x_wconf 89' lang='lat' dir='ltr'><strong>propria</strong></span> <span class='ocrx_word' id='word_1_170' title='bbox 3076 975 3465 1046; x_wconf 90' lang='lat' dir='ltr'><strong>iuseparabiles</strong></span> <span class='ocrx_word' id='word_1_171' title='bbox 3485 978 3741 1036; x_wconf 80' lang='lat' dir='ltr'><strong>diﬂ‘eren-</strong></span> 
     </span>
    </p>
   </div>
   <div class='ocr_carea' id='block_1_23' title="bbox 2152 1061 3738 1138">
    <p class='ocr_par' dir='ltr' id='par_1_23' title="bbox 2152 1061 3738 1138">
     <span class='ocr_line' id='line_1_23' title="bbox 2152 1061 3738 1138; baseline 0.008 -24"><span class='ocrx_word' id='word_1_172' title='bbox 2152 1061 2241 1115; x_wconf 69' lang='lat' dir='ltr'><strong>tite</strong></span> <span class='ocrx_word' id='word_1_173' title='bbox 2270 1062 2377 1116; x_wconf 82' lang='lat' dir='ltr'><strong>sint</strong></span> <span class='ocrx_word' id='word_1_174' title='bbox 2396 1102 2413 1129; x_wconf 94' lang='lat'><strong>,</strong></span> <span class='ocrx_word' id='word_1_175' title='bbox 2446 1077 2717 1133; x_wconf 90' lang='lat' dir='ltr'><strong>nunquam</strong></span> <span class='ocrx_word' id='word_1_176' title='bbox 2746 1072 2925 1121; x_wconf 91' lang='lat' dir='ltr'><strong>tamen</strong></span> <span class='ocrx_word' id='word_1_177' title='bbox 2970 1066 3115 1121; x_wconf 84' lang='lat' dir='ltr'><strong>illam</strong></span> <span class='ocrx_word' id='word_1_178' title='bbox 3146 1069 3482 1138; x_wconf 85' lang='lat' dir='ltr'><strong>superiorem</strong></span> <span class='ocrx_word' id='word_1_179' title='bbox 3511 1068 3738 1126; x_wconf 87' lang='lat' dir='ltr'><strong>formam</strong></span> 
     </span>
    </p>
   </div>
   <div class='ocr_carea' id='block_1_24' title="bbox 2151 1158 3739 1233">
    <p class='ocr_par' dir='ltr' id='par_1_24' title="bbox 2151 1158 3739 1233">
     <span class='ocr_line' id='line_1_24' title="bbox 2151 1158 3739 1233; baseline 0.007 -25"><span class='ocrx_word' id='word_1_180' title='bbox 2151 1163 2504 1227; x_wconf 86' lang='lat' dir='ltr'><strong>naturamque</strong></span> <span class='ocrx_word' id='word_1_181' title='bbox 2532 1167 2887 1214; x_wconf 88' lang='lat' dir='ltr'><strong>commutant.</strong></span> <span class='ocrx_word' id='word_1_182' title='bbox 2922 1158 3055 1215; x_wconf 86' lang='lat' dir='ltr'><strong>Nam</strong></span> <span class='ocrx_word' id='word_1_183' title='bbox 3086 1161 3256 1231; x_wconf 89' lang='lat' dir='ltr'><strong>magis</strong></span> <span class='ocrx_word' id='word_1_184' title='bbox 3279 1161 3493 1233; x_wconf 90' lang='lat' dir='ltr'><strong>propria</strong></span> <span class='ocrx_word' id='word_1_185' title='bbox 3523 1177 3739 1233; x_wconf 84' lang='lat' dir='ltr'><strong>semper</strong></span> 
     </span>
    </p>
   </div>
   <div class='ocr_carea' id='block_1_25' title="bbox 2148 1248 3738 1323">
    <p class='ocr_par' dir='ltr' id='par_1_25' title="bbox 2148 1248 3738 1323">
     <span class='ocr_line' id='line_1_25' title="bbox 2148 1248 3738 1323; baseline 0.006 -22"><span class='ocrx_word' id='word_1_186' title='bbox 2148 1248 2402 1316; x_wconf 91' lang='lat' dir='ltr'><strong>alterum,</strong></span> <span class='ocrx_word' id='word_1_187' title='bbox 2432 1250 2647 1319; x_wconf 88' lang='lat' dir='ltr'><strong>propria</strong></span> <span class='ocrx_word' id='word_1_188' title='bbox 2669 1252 2840 1307; x_wconf 90' lang='lat' dir='ltr'><strong>solum</strong></span> <span class='ocrx_word' id='word_1_189' title='bbox 2865 1267 3079 1323; x_wconf 86' lang='lat' dir='ltr'><strong>semper</strong></span> <span class='ocrx_word' id='word_1_190' title='bbox 3099 1252 3263 1309; x_wconf 86' lang='lat' dir='ltr'><strong>efficit</strong></span> <span class='ocrx_word' id='word_1_191' title='bbox 3292 1254 3598 1310; x_wconf 90' lang='lat' dir='ltr'><strong>alteratum.</strong></span> <span class='ocrx_word' id='word_1_192' title='bbox 3624 1256 3738 1311; x_wconf 89' lang='lat' dir='ltr'><strong>Huc</strong></span> 
     </span>
    </p>
   </div>
   <div class='ocr_carea' id='block_1_26' title="bbox 2148 1344 3737 1420">
    <p class='ocr_par' dir='ltr' id='par_1_26' title="bbox 2148 1344 3737 1420">
     <span class='ocr_line' id='line_1_26' title="bbox 2148 1344 3737 1420; baseline 0.006 -22"><span class='ocrx_word' id='word_1_193' title='bbox 2148 1344 2355 1399; x_wconf 89' lang='lat' dir='ltr'><strong>accedit</strong></span> <span class='ocrx_word' id='word_1_194' title='bbox 2410 1345 2551 1415; x_wconf 93' lang='lat' dir='ltr'><strong>quod</strong></span> <span class='ocrx_word' id='word_1_195' title='bbox 2595 1347 2982 1418; x_wconf 90' lang='lat' dir='ltr'><strong>inseparabiles</strong></span> <span class='ocrx_word' id='word_1_196' title='bbox 3026 1350 3256 1420; x_wconf 72' lang='lat' dir='ltr'><strong>propria:</strong></span> <span class='ocrx_word' id='word_1_197' title='bbox 3307 1357 3533 1419; x_wconf 88' lang='lat' dir='ltr'><strong>possunt</strong></span> <span class='ocrx_word' id='word_1_198' title='bbox 3576 1349 3737 1409; x_wconf 89' lang='lat' dir='ltr'><strong>alicui</strong></span> 
     </span>
    </p>
   </div>
   <div class='ocr_carea' id='block_1_27' title="bbox 2146 1436 3736 1513">
    <p class='ocr_par' dir='ltr' id='par_1_27' title="bbox 2146 1436 3736 1513">
     <span class='ocr_line' id='line_1_27' title="bbox 2146 1436 3736 1513; baseline 0.006 -25"><span class='ocrx_word' id='word_1_199' title='bbox 2146 1436 2266 1504; x_wconf 83' lang='lat' dir='ltr'><strong>plus</strong></span> <span class='ocrx_word' id='word_1_200' title='bbox 2304 1436 2547 1492; x_wconf 85' lang='lat' dir='ltr'><strong>minusve</strong></span> <span class='ocrx_word' id='word_1_201' title='bbox 2590 1439 2929 1510; x_wconf 90' lang='lat' dir='ltr'><strong>contingere.</strong></span> <span class='ocrx_word' id='word_1_202' title='bbox 2971 1439 3358 1510; x_wconf 89' lang='lat' dir='ltr'><strong>lnseparabiles</strong></span> <span class='ocrx_word' id='word_1_203' title='bbox 3399 1441 3567 1513; x_wconf 89' lang='lat' dir='ltr'><strong>magis</strong></span> <span class='ocrx_word' id='word_1_204' title='bbox 3611 1457 3736 1512; x_wconf 73' lang='lat' dir='ltr'><strong>pro-</strong></span> 
     </span>
    </p>
   </div>
   <div class='ocr_carea' id='block_1_28' title="bbox 2148 1529 3735 1607">
    <p class='ocr_par' dir='ltr' id='par_1_28' title="bbox 2148 1529 3735 1607">
     <span class='ocr_line' id='line_1_28' title="bbox 2148 1529 3735 1607; baseline 0.008 -26"><span class='ocrx_word' id='word_1_205' title='bbox 2148 1529 2305 1599; x_wconf 65' lang='lat' dir='ltr'><strong>priae,</strong></span> <span class='ocrx_word' id='word_1_206' title='bbox 2342 1544 2443 1585; x_wconf 91' lang='lat' dir='ltr'><strong>nec</strong></span> <span class='ocrx_word' id='word_1_207' title='bbox 2473 1533 2702 1588; x_wconf 90' lang='lat' dir='ltr'><strong>cumulis</strong></span> <span class='ocrx_word' id='word_1_208' title='bbox 2745 1534 3059 1591; x_wconf 89' lang='lat' dir='ltr'><strong>intentionis</strong></span> <span class='ocrx_word' id='word_1_209' title='bbox 3098 1547 3317 1607; x_wconf 79' lang='lat' dir='ltr'><strong>augent,</strong></span> <span class='ocrx_word' id='word_1_210' title='bbox 3347 1552 3447 1593; x_wconf 92' lang='lat' dir='ltr'><strong>nec</strong></span> <span class='ocrx_word' id='word_1_211' title='bbox 3476 1537 3735 1594; x_wconf 88' lang='lat' dir='ltr'><strong>imminu-</strong></span> 
     </span>
    </p>
   </div>
   <div class='ocr_carea' id='block_1_29' title="bbox 2142 1621 3730 1699">
    <p class='ocr_par' dir='ltr' id='par_1_29' title="bbox 2142 1621 3730 1699">
     <span class='ocr_line' id='line_1_29' title="bbox 2142 1621 3730 1699; baseline 0.009 -25"><span class='ocrx_word' id='word_1_212' title='bbox 2142 1621 2289 1677; x_wconf 87' lang='lat' dir='ltr'><strong>tione</strong></span> <span class='ocrx_word' id='word_1_213' title='bbox 2335 1622 2677 1682; x_wconf 88' lang='lat' dir='ltr'><strong>decrescunt.</strong></span> <span class='ocrx_word' id='word_1_214' title='bbox 2714 1627 2894 1681; x_wconf 84' lang='lat' dir='ltr'><strong>Potest</strong></span> <span class='ocrx_word' id='word_1_215' title='bbox 2921 1628 3063 1683; x_wconf 91' lang='lat' dir='ltr'><strong>enim</strong></span> <span class='ocrx_word' id='word_1_216' title='bbox 3104 1628 3243 1684; x_wconf 87' lang='lat' dir='ltr'><strong>alius</strong></span> <span class='ocrx_word' id='word_1_217' title='bbox 3273 1628 3571 1699; x_wconf 88' lang='lat' dir='ltr'><strong>procerior,</strong></span> <span class='ocrx_word' id='word_1_218' title='bbox 3590 1630 3730 1689; x_wconf 87' lang='lat' dir='ltr'><strong>alius</strong></span> 
     </span>
    </p>
   </div>
   <div class='ocr_carea' id='block_1_30' title="bbox 2141 1713 3731 1791">
    <p class='ocr_par' dir='ltr' id='par_1_30' title="bbox 2141 1713 3731 1791">
     <span class='ocr_line' id='line_1_30' title="bbox 2141 1713 3731 1791; baseline 0.006 -23"><span class='ocrx_word' id='word_1_219' title='bbox 2141 1713 2362 1784; x_wconf 90' lang='lat' dir='ltr'><strong>fuscior,</strong></span> <span class='ocrx_word' id='word_1_220' title='bbox 2396 1716 2805 1775; x_wconf 89' lang='lat' dir='ltr'><strong>deductioribus</strong></span> <span class='ocrx_word' id='word_1_221' title='bbox 2845 1720 2982 1776; x_wconf 88' lang='lat' dir='ltr'><strong>alius</strong></span> <span class='ocrx_word' id='word_1_222' title='bbox 3005 1722 3235 1791; x_wconf 85' lang='lat' dir='ltr'><strong>capillis,</strong></span> <span class='ocrx_word' id='word_1_223' title='bbox 3264 1723 3400 1778; x_wconf 90' lang='lat' dir='ltr'><strong>alius</strong></span> <span class='ocrx_word' id='word_1_224' title='bbox 3425 1725 3731 1780; x_wconf 73' lang='lat' dir='ltr'><strong>navioribnc</strong></span> 
     </span>
    </p>
   </div>
   <div class='ocr_carea' id='block_1_31' title="bbox 444 1798 3729 1883">
    <p class='ocr_par' dir='ltr' id='par_1_31' title="bbox 444 1798 3729 1883">
     <span class='ocr_line' id='line_1_31' title="bbox 444 1798 3729 1883; baseline 0.002 -20"><span class='ocrx_word' id='word_1_225' title='bbox 444 1809 674 1865; x_wconf 86' lang='lat' dir='ltr'><strong>alterum</strong></span> <span class='ocrx_word' id='word_1_226' title='bbox 708 1809 984 1865; x_wconf 88' lang='lat' dir='ltr'><strong>facientes.</strong></span> <span class='ocrx_word' id='word_1_227' title='bbox 1020 1810 1244 1867; x_wconf 87' lang='lat' dir='ltr'><strong>Constat</strong></span> <span class='ocrx_word' id='word_1_228' title='bbox 1265 1811 1427 1881; x_wconf 82' lang='lat' dir='ltr'><strong>igitur</strong></span> <span class='ocrx_word' id='word_1_229' title='bbox 1456 1811 1879 1867; x_wconf 77' lang='lat' dir='ltr'><strong>differentiarum</strong></span> <span class='ocrx_word' id='word_1_230' title='bbox 1907 1810 2041 1864; x_wconf 85' lang='lat' dir='ltr'><strong>alias</strong></span> <span class='ocrx_word' id='word_1_231' title='bbox 2069 1798 2120 1863; x_wconf 86' lang='grc' dir='ltr'><strong>Β</strong></span> <span class='ocrx_word' id='word_1_232' title='bbox 2150 1809 2295 1863; x_wconf 91' lang='lat' dir='ltr'><strong>nasci</strong></span> <span class='ocrx_word' id='word_1_233' title='bbox 2324 1849 2340 1875; x_wconf 93' lang='lat'><strong>,</strong></span> <span class='ocrx_word' id='word_1_234' title='bbox 2376 1825 2496 1879; x_wconf 73' lang='lat' dir='ltr'><strong>qua:</strong></span> <span class='ocrx_word' id='word_1_235' title='bbox 2528 1818 2654 1866; x_wconf 88' lang='lat' dir='ltr'><strong>sunt</strong></span> <span class='ocrx_word' id='word_1_236' title='bbox 2694 1811 3082 1882; x_wconf 86' lang='lat' dir='ltr'><strong>inseparabiles</strong></span> <span class='ocrx_word' id='word_1_237' title='bbox 3114 1812 3345 1883; x_wconf 76' lang='lat' dir='ltr'><strong>propriae</strong></span> <span class='ocrx_word' id='word_1_238' title='bbox 3394 1813 3729 1870; x_wconf 73' lang='lat' dir='ltr'><strong>differentiae.</strong></span> 
     </span>
    </p>
   </div>
   <div class='ocr_carea' id='block_1_32' title="bbox 446 1902 2038 1974">
    <p class='ocr_par' dir='ltr' id='par_1_32' title="bbox 446 1902 2038 1974">
     <span class='ocr_line' id='line_1_32' title="bbox 446 1902 2038 1974; baseline 0 -17"><span class='ocrx_word' id='word_1_239' title='bbox 446 1902 626 1959; x_wconf 85' lang='lat' dir='ltr'><strong>facere</strong></span> <span class='ocrx_word' id='word_1_240' title='bbox 672 1902 926 1969; x_wconf 90' lang='lat' dir='ltr'><strong>alterum,</strong></span> <span class='ocrx_word' id='word_1_241' title='bbox 966 1903 1103 1959; x_wconf 81' lang='lat' dir='ltr'><strong>alias</strong></span> <span class='ocrx_word' id='word_1_242' title='bbox 1153 1906 1439 1961; x_wconf 90' lang='lat' dir='ltr'><strong>alteratum</strong></span> <span class='ocrx_word' id='word_1_243' title='bbox 1472 1922 1485 1957; x_wconf 93' lang='lat'><strong>:</strong></span> <span class='ocrx_word' id='word_1_244' title='bbox 1525 1904 1631 1960; x_wconf 66' lang='lat' dir='ltr'><strong>illae</strong></span> <span class='ocrx_word' id='word_1_245' title='bbox 1670 1918 1789 1974; x_wconf 68' lang='lat' dir='ltr'><strong>qua:</strong></span> <span class='ocrx_word' id='word_1_246' title='bbox 1836 1903 2038 1958; x_wconf 87' lang='lat' dir='ltr'><strong>faciunt</strong></span> 
     </span>
    </p>
   </div>
   <div class='ocr_carea' id='block_1_33' title="bbox 445 1995 2036 2067">
    <p class='ocr_par' dir='ltr' id='par_1_33' title="bbox 445 1995 2036 2067">
     <span class='ocr_line' id='line_1_33' title="bbox 445 1995 2036 2067; baseline 0.001 -16"><span class='ocrx_word' id='word_1_247' title='bbox 445 1995 698 2061; x_wconf 77' lang='lat' dir='ltr'><strong>alterum,</strong></span> <span class='ocrx_word' id='word_1_248' title='bbox 729 2014 846 2067; x_wconf 76' lang='lat' dir='ltr'><strong>qua:</strong></span> <span class='ocrx_word' id='word_1_249' title='bbox 887 1996 1268 2055; x_wconf 84' lang='lat' dir='ltr'><strong>substantiales</strong></span> <span class='ocrx_word' id='word_1_250' title='bbox 1301 2009 1447 2067; x_wconf 91' lang='lat' dir='ltr'><strong>sunt,</strong></span> <span class='ocrx_word' id='word_1_251' title='bbox 1485 2007 1542 2055; x_wconf 92' lang='lat' dir='ltr'><strong>et</strong></span> <span class='ocrx_word' id='word_1_252' title='bbox 1565 2013 1754 2055; x_wconf 88' lang='lat' dir='ltr'><strong>omnes</strong></span> <span class='ocrx_word' id='word_1_253' title='bbox 1790 2009 2036 2054; x_wconf 83' lang='lat' dir='ltr'><strong>naturam</strong></span> 
     </span>
    </p>
   </div>
   <div class='ocr_carea' id='block_1_34' title="bbox 444 2091 2033 2163">
    <p class='ocr_par' dir='ltr' id='par_1_34' title="bbox 444 2091 2033 2163">
     <span class='ocr_line' id='line_1_34' title="bbox 444 2091 2033 2163; baseline 0 -17"><span class='ocrx_word' id='word_1_254' title='bbox 444 2091 787 2162; x_wconf 83' lang='lat' dir='ltr'><strong>speciemque</strong></span> <span class='ocrx_word' id='word_1_255' title='bbox 834 2101 1161 2163; x_wconf 88' lang='lat' dir='ltr'><strong>permutant,</strong></span> <span class='ocrx_word' id='word_1_256' title='bbox 1209 2102 1264 2149; x_wconf 91' lang='lat' dir='ltr'><strong>et</strong></span> <span class='ocrx_word' id='word_1_257' title='bbox 1310 2092 1575 2163; x_wconf 84' lang='lat' dir='ltr'><strong>specificae</strong></span> <span class='ocrx_word' id='word_1_258' title='bbox 1636 2093 2033 2161; x_wconf 63' lang='lat' dir='ltr'><strong>praedicantur;</strong></span> 
     </span>
    </p>
   </div>
   <div class='ocr_carea' id='block_1_35' title="bbox 443 2186 2034 2259">
    <p class='ocr_par' dir='ltr' id='par_1_35' title="bbox 443 2186 2034 2259">
     <span class='ocr_line' id='line_1_35' title="bbox 443 2186 2034 2259; baseline 0 -17"><span class='ocrx_word' id='word_1_259' title='bbox 443 2187 622 2243; x_wconf 88' lang='lat' dir='ltr'><strong>valent</strong></span> <span class='ocrx_word' id='word_1_260' title='bbox 666 2187 809 2243; x_wconf 90' lang='lat' dir='ltr'><strong>enim</strong></span> <span class='ocrx_word' id='word_1_261' title='bbox 857 2189 1146 2259; x_wconf 91' lang='lat' dir='ltr'><strong>quamlibet</strong></span> <span class='ocrx_word' id='word_1_262' title='bbox 1184 2188 1421 2259; x_wconf 87' lang='lat' dir='ltr'><strong>speciem</strong></span> <span class='ocrx_word' id='word_1_263' title='bbox 1458 2186 1808 2253; x_wconf 88' lang='lat' dir='ltr'><strong>constituere,</strong></span> <span class='ocrx_word' id='word_1_264' title='bbox 1862 2197 1918 2243; x_wconf 92' lang='grc' dir='ltr'><strong>ει</strong></span> <span class='ocrx_word' id='word_1_265' title='bbox 1966 2186 2034 2242; x_wconf 85' lang='lat' dir='ltr'><strong>ab</strong></span> 
     </span>
    </p>
   </div>
   <div class='ocr_carea' id='block_1_36' title="bbox 440 2279 2034 2350">
    <p class='ocr_par' dir='ltr' id='par_1_36' title="bbox 440 2279 2034 2350">
     <span class='ocr_line' id='line_1_36' title="bbox 440 2279 2034 2350; baseline -0.001 -15"><span class='ocrx_word' id='word_1_266' title='bbox 440 2280 563 2335; x_wconf 83' lang='lat' dir='ltr'><strong>aliis</strong></span> <span class='ocrx_word' id='word_1_267' title='bbox 590 2282 843 2337; x_wconf 86' lang='lat' dir='ltr'><strong>omnibus</strong></span> <span class='ocrx_word' id='word_1_268' title='bbox 867 2294 1172 2350; x_wconf 88' lang='lat' dir='ltr'><strong>segregare,</strong></span> <span class='ocrx_word' id='word_1_269' title='bbox 1205 2289 1259 2335; x_wconf 91' lang='lat' dir='ltr'><strong>et</strong></span> <span class='ocrx_word' id='word_1_270' title='bbox 1280 2280 1396 2350; x_wconf 88' lang='lat' dir='ltr'><strong>ejus</strong></span> <span class='ocrx_word' id='word_1_271' title='bbox 1422 2279 1647 2335; x_wconf 86' lang='lat' dir='ltr'><strong>formam</strong></span> <span class='ocrx_word' id='word_1_272' title='bbox 1676 2290 2034 2349; x_wconf 85' lang='lat' dir='ltr'><strong>naturamque</strong></span> 
     </span>
    </p>
   </div>
   <div class='ocr_carea' id='block_1_37' title="bbox 440 2370 2033 2442">
    <p class='ocr_par' dir='ltr' id='par_1_37' title="bbox 440 2370 2033 2442">
     <span class='ocr_line' id='line_1_37' title="bbox 440 2370 2033 2442; baseline -0.002 -14"><span class='ocrx_word' id='word_1_273' title='bbox 440 2386 790 2442; x_wconf 89' lang='lat' dir='ltr'><strong>componere.</strong></span> <span class='ocrx_word' id='word_1_274' title='bbox 816 2372 947 2427; x_wconf 88' lang='lat' dir='ltr'><strong>Nam</strong></span> <span class='ocrx_word' id='word_1_275' title='bbox 990 2373 1037 2428; x_wconf 89' lang='lat' dir='ltr'><strong>si</strong></span> <span class='ocrx_word' id='word_1_276' title='bbox 1069 2372 1219 2429; x_wconf 90' lang='lat' dir='ltr'><strong>dicas</strong></span> <span class='ocrx_word' id='word_1_277' title='bbox 1256 2373 1483 2429; x_wconf 90' lang='lat' dir='ltr'><strong>mortale</strong></span> <span class='ocrx_word' id='word_1_278' title='bbox 1509 2382 1565 2428; x_wconf 91' lang='lat' dir='ltr'><strong>et</strong></span> <span class='ocrx_word' id='word_1_279' title='bbox 1592 2373 1853 2428; x_wconf 88' lang='lat' dir='ltr'><strong>rationale</strong></span> <span class='ocrx_word' id='word_1_280' title='bbox 1878 2370 2033 2426; x_wconf 79' lang='lat' dir='ltr'><strong>diffe-</strong></span> 
     </span>
    </p>
   </div>
   <div class='ocr_carea' id='block_1_38' title="bbox 440 2466 2032 2539">
    <p class='ocr_par' dir='ltr' id='par_1_38' title="bbox 440 2466 2032 2539">
     <span class='ocr_line' id='line_1_38' title="bbox 440 2466 2032 2539; baseline -0.003 -14"><span class='ocrx_word' id='word_1_281' title='bbox 440 2469 641 2525; x_wconf 85' lang='lat' dir='ltr'><strong>rentias</strong></span> <span class='ocrx_word' id='word_1_282' title='bbox 666 2479 722 2524; x_wconf 92' lang='lat' dir='ltr'><strong>et</strong></span> <span class='ocrx_word' id='word_1_283' title='bbox 746 2484 841 2525; x_wconf 90' lang='lat' dir='ltr'><strong>eas</strong></span> <span class='ocrx_word' id='word_1_284' title='bbox 862 2468 1077 2524; x_wconf 89' lang='lat' dir='ltr'><strong>animali</strong></span> <span class='ocrx_word' id='word_1_285' title='bbox 1103 2483 1396 2539; x_wconf 85' lang='lat' dir='ltr'><strong>supponas,</strong></span> <span class='ocrx_word' id='word_1_286' title='bbox 1427 2484 1533 2523; x_wconf 91' lang='lat' dir='ltr'><strong>non</strong></span> <span class='ocrx_word' id='word_1_287' title='bbox 1558 2478 1641 2523; x_wconf 92' lang='lat' dir='ltr'><strong>est</strong></span> <span class='ocrx_word' id='word_1_288' title='bbox 1661 2466 1878 2523; x_wconf 90' lang='lat' dir='ltr'><strong>dubium</strong></span> <span class='ocrx_word' id='word_1_289' title='bbox 1901 2466 2032 2536; x_wconf 91' lang='lat' dir='ltr'><strong>quin</strong></span> 
     </span>
    </p>
   </div>
   <div class='ocr_carea' id='block_1_39' title="bbox 442 2560 2027 2633">
    <p class='ocr_par' dir='ltr' id='par_1_39' title="bbox 442 2560 2027 2633">
     <span class='ocr_line' id='line_1_39' title="bbox 442 2560 2027 2633; baseline -0.002 -16"><span class='ocrx_word' id='word_1_290' title='bbox 442 2576 560 2617; x_wconf 82' lang='lat' dir='ltr'><strong>eum</strong></span> <span class='ocrx_word' id='word_1_291' title='bbox 583 2562 816 2619; x_wconf 90' lang='lat' dir='ltr'><strong>hominis</strong></span> <span class='ocrx_word' id='word_1_292' title='bbox 842 2563 1077 2633; x_wconf 89' lang='lat' dir='ltr'><strong>speciem</strong></span> <span class='ocrx_word' id='word_1_293' title='bbox 1112 2561 1299 2632; x_wconf 90' lang='lat' dir='ltr'><strong>facias,</strong></span> <span class='ocrx_word' id='word_1_294' title='bbox 1332 2560 1531 2632; x_wconf 89' lang='lat' dir='ltr'><strong>speciei</strong></span> <span class='ocrx_word' id='word_1_295' title='bbox 1563 2560 1720 2631; x_wconf 88' lang='lat' dir='ltr'><strong>hujus</strong></span> <span class='ocrx_word' id='word_1_296' title='bbox 1755 2561 1863 2615; x_wconf 90' lang='lat' dir='ltr'><strong>sint</strong></span> <span class='ocrx_word' id='word_1_297' title='bbox 1903 2575 2027 2629; x_wconf 85' lang='lat' dir='ltr'><strong>per--</strong></span> 
     </span>
    </p>
   </div>
   <div class='ocr_carea' id='block_1_40' title="bbox 442 2652 2031 2726">
    <p class='ocr_par' dir='ltr' id='par_1_40' title="bbox 442 2652 2031 2726">
     <span class='ocr_line' id='line_1_40' title="bbox 442 2652 2031 2726; baseline 0.001 -19"><span class='ocrx_word' id='word_1_298' title='bbox 442 2652 707 2724; x_wconf 86' lang='lat' dir='ltr'><strong>fectrices,</strong></span> <span class='ocrx_word' id='word_1_299' title='bbox 735 2663 898 2725; x_wconf 91' lang='lat' dir='ltr'><strong>atque</strong></span> <span class='ocrx_word' id='word_1_300' title='bbox 926 2655 1050 2710; x_wconf 92' lang='lat' dir='ltr'><strong>ideo</strong></span> <span class='ocrx_word' id='word_1_301' title='bbox 1089 2654 1359 2726; x_wconf 83' lang='lat' dir='ltr'><strong>specificae</strong></span> <span class='ocrx_word' id='word_1_302' title='bbox 1394 2654 1756 2720; x_wconf 90' lang='lat' dir='ltr'><strong>nominantur,</strong></span> <span class='ocrx_word' id='word_1_303' title='bbox 1792 2652 1933 2723; x_wconf 90' lang='lat' dir='ltr'><strong>quod</strong></span> <span class='ocrx_word' id='word_1_304' title='bbox 1975 2661 2031 2708; x_wconf 91' lang='lat' dir='ltr'><strong>et</strong></span> 
     </span>
    </p>
   </div>
   <div class='ocr_carea' id='block_1_41' title="bbox 440 2746 2031 2819">
    <p class='ocr_par' dir='ltr' id='par_1_41' title="bbox 440 2746 2031 2819">
     <span class='ocr_line' id='line_1_41' title="bbox 440 2746 2031 2819; baseline -0.003 -16"><span class='ocrx_word' id='word_1_305' title='bbox 440 2757 744 2819; x_wconf 87' lang='lat' dir='ltr'><strong>permutant</strong></span> <span class='ocrx_word' id='word_1_306' title='bbox 773 2758 1043 2816; x_wconf 88' lang='lat' dir='ltr'><strong>naturam,</strong></span> <span class='ocrx_word' id='word_1_307' title='bbox 1078 2759 1131 2804; x_wconf 92' lang='lat' dir='ltr'><strong>et</strong></span> <span class='ocrx_word' id='word_1_308' title='bbox 1162 2748 1332 2818; x_wconf 88' lang='lat' dir='ltr'><strong>ipsam</strong></span> <span class='ocrx_word' id='word_1_309' title='bbox 1364 2748 1718 2803; x_wconf 88' lang='lat' dir='ltr'><strong>substantiam</strong></span> <span class='ocrx_word' id='word_1_310' title='bbox 1745 2746 2031 2815; x_wconf 82' lang='lat' dir='ltr'><strong>cujuslibet</strong></span> 
     </span>
    </p>
   </div>
   <div class='ocr_carea' id='block_1_42' title="bbox 441 2837 2025 2912">
    <p class='ocr_par' dir='ltr' id='par_1_42' title="bbox 441 2837 2025 2912">
     <span class='ocr_line' id='line_1_42' title="bbox 441 2837 2025 2912; baseline -0.002 -18"><span class='ocrx_word' id='word_1_311' title='bbox 441 2840 578 2896; x_wconf 83' lang='lat' dir='ltr'><strong>Ilius</strong></span> <span class='ocrx_word' id='word_1_312' title='bbox 598 2842 795 2912; x_wconf 88' lang='lat' dir='ltr'><strong>speciei</strong></span> <span class='ocrx_word' id='word_1_313' title='bbox 821 2841 1170 2897; x_wconf 88' lang='lat' dir='ltr'><strong>constituant.</strong></span> <span class='ocrx_word' id='word_1_314' title='bbox 1193 2841 1302 2895; x_wconf 82' lang='lat' dir='ltr'><strong>Illae</strong></span> <span class='ocrx_word' id='word_1_315' title='bbox 1326 2856 1452 2896; x_wconf 91' lang='lat' dir='ltr'><strong>vero</strong></span> <span class='ocrx_word' id='word_1_316' title='bbox 1479 2841 1597 2895; x_wconf 66' lang='lat' dir='ltr'><strong>alia:</strong></span> <span class='ocrx_word' id='word_1_317' title='bbox 1624 2839 1756 2894; x_wconf 86' lang='lat' dir='ltr'><strong>nihil</strong></span> <span class='ocrx_word' id='word_1_318' title='bbox 1783 2838 1926 2894; x_wconf 86' lang='lat' dir='ltr'><strong>aliud</strong></span> <span class='ocrx_word' id='word_1_319' title='bbox 1947 2837 2025 2894; x_wconf 87' lang='lat' dir='ltr'><strong>ef-</strong></span> 
     </span>
    </p>
   </div>
   <div class='ocr_carea' id='block_1_43' title="bbox 440 2932 2029 3005">
    <p class='ocr_par' dir='ltr' id='par_1_43' title="bbox 440 2932 2029 3005">
     <span class='ocr_line' id='line_1_43' title="bbox 440 2932 2029 3005; baseline -0.001 -18"><span class='ocrx_word' id='word_1_320' title='bbox 440 2933 649 3002; x_wconf 84' lang='lat' dir='ltr'><strong>ficiunt,</strong></span> <span class='ocrx_word' id='word_1_321' title='bbox 688 2935 794 2989; x_wconf 90' lang='lat' dir='ltr'><strong>nisi</strong></span> <span class='ocrx_word' id='word_1_322' title='bbox 839 2934 1145 3001; x_wconf 88' lang='lat' dir='ltr'><strong>alteratum,</strong></span> <span class='ocrx_word' id='word_1_323' title='bbox 1180 2935 1380 3005; x_wconf 87' lang='lat' dir='ltr'><strong>quippe</strong></span> <span class='ocrx_word' id='word_1_324' title='bbox 1410 2948 1531 2989; x_wconf 91' lang='lat' dir='ltr'><strong>cum</strong></span> <span class='ocrx_word' id='word_1_325' title='bbox 1565 2942 1657 2987; x_wconf 89' lang='lat' dir='ltr'><strong>aut</strong></span> <span class='ocrx_word' id='word_1_326' title='bbox 1702 2932 2029 3002; x_wconf 89' lang='lat' dir='ltr'><strong>proprietate</strong></span> 
     </span>
    </p>
   </div>
   <div class='ocr_carea' id='block_1_44' title="bbox 437 3022 2027 3095">
    <p class='ocr_par' dir='ltr' id='par_1_44' title="bbox 437 3022 2027 3095">
     <span class='ocr_line' id='line_1_44' title="bbox 437 3022 2027 3095; baseline -0.002 -16"><span class='ocrx_word' id='word_1_327' title='bbox 437 3025 667 3095; x_wconf 88' lang='lat' dir='ltr'><strong>quadam</strong></span> <span class='ocrx_word' id='word_1_328' title='bbox 701 3024 887 3081; x_wconf 71' lang='lat' dir='ltr'><strong>forma:</strong></span> <span class='ocrx_word' id='word_1_329' title='bbox 913 3027 1052 3082; x_wconf 90' lang='lat' dir='ltr'><strong>alius</strong></span> <span class='ocrx_word' id='word_1_330' title='bbox 1090 3025 1253 3082; x_wconf 84' lang='lat' dir='ltr'><strong>distet</strong></span> <span class='ocrx_word' id='word_1_331' title='bbox 1280 3026 1347 3081; x_wconf 87' lang='lat' dir='ltr'><strong>ab</strong></span> <span class='ocrx_word' id='word_1_332' title='bbox 1374 3025 1501 3091; x_wconf 90' lang='lat' dir='ltr'><strong>alio,</strong></span> <span class='ocrx_word' id='word_1_333' title='bbox 1543 3035 1634 3080; x_wconf 91' lang='lat' dir='ltr'><strong>aut</strong></span> <span class='ocrx_word' id='word_1_334' title='bbox 1662 3024 1838 3095; x_wconf 90' lang='lat' dir='ltr'><strong>aliqua</strong></span> <span class='ocrx_word' id='word_1_335' title='bbox 1868 3022 2027 3077; x_wconf 90' lang='lat' dir='ltr'><strong>habi-</strong></span> 
     </span>
    </p>
   </div>
   <div class='ocr_carea' id='block_1_45' title="bbox 436 3114 2029 3190">
    <p class='ocr_par' dir='ltr' id='par_1_45' title="bbox 436 3114 2029 3190">
     <span class='ocr_line' id='line_1_45' title="bbox 436 3114 2029 3190; baseline -0.004 -15"><span class='ocrx_word' id='word_1_336' title='bbox 436 3119 626 3175; x_wconf 88' lang='lat' dir='ltr'><strong>tudine</strong></span> <span class='ocrx_word' id='word_1_337' title='bbox 676 3127 732 3174; x_wconf 92' lang='lat' dir='ltr'><strong>et</strong></span> <span class='ocrx_word' id='word_1_338' title='bbox 782 3118 1135 3190; x_wconf 88' lang='lat' dir='ltr'><strong>dispositione</strong></span> <span class='ocrx_word' id='word_1_339' title='bbox 1184 3118 1385 3189; x_wconf 90' lang='lat' dir='ltr'><strong>aliquid</strong></span> <span class='ocrx_word' id='word_1_340' title='bbox 1441 3117 1689 3172; x_wconf 89' lang='lat' dir='ltr'><strong>faciendi.</strong></span> <span class='ocrx_word' id='word_1_341' title='bbox 1741 3116 1832 3171; x_wconf 91' lang='lat' dir='ltr'><strong>llla</strong></span> <span class='ocrx_word' id='word_1_342' title='bbox 1868 3114 2029 3185; x_wconf 78' lang='lat' dir='ltr'><strong>igitur</strong></span> 
     </span>
    </p>
   </div>
   <div class='ocr_carea' id='block_1_46' title="bbox 2144 1902 3729 1979">
    <p class='ocr_par' dir='ltr' id='par_1_46' title="bbox 2144 1902 3729 1979">
     <span class='ocr_line' id='line_1_46' title="bbox 2144 1902 3729 1979; baseline 0.006 -25"><span class='ocrx_word' id='word_1_343' title='bbox 2144 1902 2213 1955; x_wconf 85' lang='lat' dir='ltr'><strong>At</strong></span> <span class='ocrx_word' id='word_1_344' title='bbox 2240 1916 2371 1956; x_wconf 90' lang='lat' dir='ltr'><strong>vero</strong></span> <span class='ocrx_word' id='word_1_345' title='bbox 2399 1903 2567 1973; x_wconf 86' lang='lat' dir='ltr'><strong>magis</strong></span> <span class='ocrx_word' id='word_1_346' title='bbox 2598 1906 2847 1975; x_wconf 88' lang='lat' dir='ltr'><strong>pr0pria,</strong></span> <span class='ocrx_word' id='word_1_347' title='bbox 2880 1905 2932 1961; x_wconf 92' lang='lat' dir='ltr'><strong>id</strong></span> <span class='ocrx_word' id='word_1_348' title='bbox 2973 1915 3056 1962; x_wconf 89' lang='lat' dir='ltr'><strong>est</strong></span> <span class='ocrx_word' id='word_1_349' title='bbox 3085 1906 3345 1962; x_wconf 89' lang='lat' dir='ltr'><strong>rationale</strong></span> <span class='ocrx_word' id='word_1_350' title='bbox 3382 1915 3555 1978; x_wconf 87' lang='lat' dir='ltr'><strong>neque</strong></span> <span class='ocrx_word' id='word_1_351' title='bbox 3584 1907 3729 1979; x_wconf 89' lang='lat' dir='ltr'><strong>plus,</strong></span> 
     </span>
    </p>
   </div>
   <div class='ocr_carea' id='block_1_47' title="bbox 2142 1997 3730 2065">
    <p class='ocr_par' dir='ltr' id='par_1_47' title="bbox 2142 1997 3730 2065">
     <span class='ocr_line' id='line_1_47' title="bbox 2142 1997 3730 2065; baseline 0.004 -17"><span class='ocrx_word' id='word_1_352' title='bbox 2142 2009 2317 2065; x_wconf 90' lang='lat' dir='ltr'><strong>neque</strong></span> <span class='ocrx_word' id='word_1_353' title='bbox 2366 1997 2543 2051; x_wconf 89' lang='lat' dir='ltr'><strong>minus</strong></span> <span class='ocrx_word' id='word_1_354' title='bbox 2574 1997 2827 2054; x_wconf 84' lang='lat' dir='ltr'><strong>admittit.</strong></span> <span class='ocrx_word' id='word_1_355' title='bbox 2860 1998 3061 2056; x_wconf 91' lang='lat' dir='ltr'><strong>Omnes</strong></span> <span class='ocrx_word' id='word_1_356' title='bbox 3100 2001 3243 2056; x_wconf 93' lang='lat' dir='ltr'><strong>enim</strong></span> <span class='ocrx_word' id='word_1_357' title='bbox 3294 2000 3541 2057; x_wconf 87' lang='lat' dir='ltr'><strong>homines</strong></span> <span class='ocrx_word' id='word_1_358' title='bbox 3570 2001 3623 2056; x_wconf 89' lang='lat' dir='ltr'><strong>in</strong></span> <span class='ocrx_word' id='word_1_359' title='bbox 3666 2017 3730 2057; x_wconf 87' lang='lat' dir='ltr'><strong>eo</strong></span> 
     </span>
    </p>
   </div>
   <div class='ocr_carea' id='block_1_48' title="bbox 2141 2086 3731 2164">
    <p class='ocr_par' dir='ltr' id='par_1_48' title="bbox 2141 2086 3731 2164">
     <span class='ocr_line' id='line_1_48' title="bbox 2141 2086 3731 2164; baseline 0.006 -24"><span class='ocrx_word' id='word_1_360' title='bbox 2141 2086 2281 2157; x_wconf 91' lang='lat' dir='ltr'><strong>quod</strong></span> <span class='ocrx_word' id='word_1_361' title='bbox 2306 2086 2553 2145; x_wconf 88' lang='lat' dir='ltr'><strong>homines</strong></span> <span class='ocrx_word' id='word_1_362' title='bbox 2580 2098 2733 2156; x_wconf 92' lang='lat' dir='ltr'><strong>sunt,</strong></span> <span class='ocrx_word' id='word_1_363' title='bbox 2764 2090 3044 2161; x_wconf 65' lang='lat' dir='ltr'><strong>mqualiter</strong></span> <span class='ocrx_word' id='word_1_364' title='bbox 3074 2103 3199 2148; x_wconf 91' lang='lat' dir='ltr'><strong>sunt</strong></span> <span class='ocrx_word' id='word_1_365' title='bbox 3246 2093 3536 2149; x_wconf 89' lang='lat' dir='ltr'><strong>rationales</strong></span> <span class='ocrx_word' id='word_1_366' title='bbox 3572 2102 3731 2164; x_wconf 88' lang='lat' dir='ltr'><strong>atque</strong></span> 
     </span>
    </p>
   </div>
   <div class='ocr_carea' id='block_1_49' title="bbox 2140 2178 3729 2256">
    <p class='ocr_par' dir='ltr' id='par_1_49' title="bbox 2140 2178 3729 2256">
     <span class='ocr_line' id='line_1_49' title="bbox 2140 2178 3729 2256; baseline 0.004 -22"><span class='ocrx_word' id='word_1_367' title='bbox 2140 2181 2417 2236; x_wconf 86' lang='lat' dir='ltr'><strong>mortales.</strong></span> <span class='ocrx_word' id='word_1_368' title='bbox 2441 2178 2576 2253; x_wconf 80' lang='lat' dir='ltr'><strong>Nam</strong></span> <span class='ocrx_word' id='word_1_369' title='bbox 2601 2182 2647 2237; x_wconf 92' lang='lat' dir='ltr'><strong>si</strong></span> <span class='ocrx_word' id='word_1_370' title='bbox 2674 2198 2843 2253; x_wconf 89' lang='lat' dir='ltr'><strong>genus</strong></span> <span class='ocrx_word' id='word_1_371' title='bbox 2864 2184 2987 2254; x_wconf 89' lang='lat' dir='ltr'><strong>plus</strong></span> <span class='ocrx_word' id='word_1_372' title='bbox 3018 2184 3263 2240; x_wconf 88' lang='lat' dir='ltr'><strong>minusve</strong></span> <span class='ocrx_word' id='word_1_373' title='bbox 3292 2200 3413 2240; x_wconf 88' lang='lat' dir='ltr'><strong>esse</strong></span> <span class='ocrx_word' id='word_1_374' title='bbox 3438 2186 3606 2255; x_wconf 89' lang='lat' dir='ltr'><strong>possit</strong></span> <span class='ocrx_word' id='word_1_375' title='bbox 3634 2202 3729 2256; x_wconf 86' lang='lat' dir='ltr'><strong>ge-</strong></span> 
     </span>
    </p>
   </div>
   <div class='ocr_carea' id='block_1_50' title="bbox 2140 2275 3726 2344">
    <p class='ocr_par' dir='ltr' id='par_1_50' title="bbox 2140 2275 3726 2344">
     <span class='ocr_line' id='line_1_50' title="bbox 2140 2275 3726 2344; baseline 0.005 -18"><span class='ocrx_word' id='word_1_376' title='bbox 2140 2289 2241 2334; x_wconf 84' lang='lat' dir='ltr'><strong>nus</strong></span> <span class='ocrx_word' id='word_1_377' title='bbox 2263 2317 2277 2343; x_wconf 91' lang='lat'><strong>,</strong></span> <span class='ocrx_word' id='word_1_378' title='bbox 2313 2283 2538 2344; x_wconf 88' lang='lat' dir='ltr'><strong>possunt</strong></span> <span class='ocrx_word' id='word_1_379' title='bbox 2586 2276 2747 2330; x_wconf 90' lang='lat' dir='ltr'><strong>etiam</strong></span> <span class='ocrx_word' id='word_1_380' title='bbox 2777 2275 3096 2332; x_wconf 74' lang='lat' dir='ltr'><strong>differentiae</strong></span> <span class='ocrx_word' id='word_1_381' title='bbox 3138 2278 3224 2333; x_wconf 89' lang='lat' dir='ltr'><strong>vel</strong></span> <span class='ocrx_word' id='word_1_382' title='bbox 3257 2279 3556 2334; x_wconf 89' lang='lat' dir='ltr'><strong>intentione</strong></span> <span class='ocrx_word' id='word_1_383' title='bbox 3602 2292 3726 2334; x_wconf 91' lang='lat' dir='ltr'><strong>cre-</strong></span> 
     </span>
    </p>
   </div>
   <div class='ocr_carea' id='block_1_51' title="bbox 2140 2366 3730 2440">
    <p class='ocr_par' dir='ltr' id='par_1_51' title="bbox 2140 2366 3730 2440">
     <span class='ocr_line' id='line_1_51' title="bbox 2140 2366 3730 2440; baseline 0.001 -19"><span class='ocrx_word' id='word_1_384' title='bbox 2140 2381 2317 2434; x_wconf 88' lang='lat' dir='ltr'><strong>scere,</strong></span> <span class='ocrx_word' id='word_1_385' title='bbox 2348 2367 2436 2422; x_wconf 86' lang='lat' dir='ltr'><strong>vel</strong></span> <span class='ocrx_word' id='word_1_386' title='bbox 2463 2366 2785 2424; x_wconf 87' lang='lat' dir='ltr'><strong>remissione</strong></span> <span class='ocrx_word' id='word_1_387' title='bbox 2806 2367 3144 2425; x_wconf 88' lang='lat' dir='ltr'><strong>decrescere.</strong></span> <span class='ocrx_word' id='word_1_388' title='bbox 3173 2368 3307 2424; x_wconf 86' lang='lat' dir='ltr'><strong>Nam</strong></span> <span class='ocrx_word' id='word_1_389' title='bbox 3338 2370 3587 2440; x_wconf 88' lang='lat' dir='ltr'><strong>quoniam</strong></span> <span class='ocrx_word' id='word_1_390' title='bbox 3616 2369 3730 2424; x_wconf 83' lang='lat' dir='ltr'><strong>aui-</strong></span> 
     </span>
    </p>
   </div>
   <div class='ocr_carea' id='block_1_52' title="bbox 2138 2462 3730 2535">
    <p class='ocr_par' dir='ltr' id='par_1_52' title="bbox 2138 2462 3730 2535">
     <span class='ocr_line' id='line_1_52' title="bbox 2138 2462 3730 2535; baseline 0.003 -19"><span class='ocrx_word' id='word_1_391' title='bbox 2138 2462 2247 2517; x_wconf 90' lang='lat' dir='ltr'><strong>mal</strong></span> <span class='ocrx_word' id='word_1_392' title='bbox 2271 2476 2387 2532; x_wconf 73' lang='lat' dir='ltr'><strong>non</strong></span> <span class='ocrx_word' id='word_1_393' title='bbox 2411 2470 2495 2518; x_wconf 91' lang='lat' dir='ltr'><strong>est</strong></span> <span class='ocrx_word' id='word_1_394' title='bbox 2515 2462 2635 2533; x_wconf 93' lang='lat' dir='ltr'><strong>plus</strong></span> <span class='ocrx_word' id='word_1_395' title='bbox 2655 2462 2859 2520; x_wconf 90' lang='lat' dir='ltr'><strong>homini</strong></span> <span class='ocrx_word' id='word_1_396' title='bbox 2886 2478 3045 2535; x_wconf 90' lang='lat' dir='ltr'><strong>quam</strong></span> <span class='ocrx_word' id='word_1_397' title='bbox 3069 2479 3230 2534; x_wconf 91' lang='lat' dir='ltr'><strong>equo,</strong></span> <span class='ocrx_word' id='word_1_398' title='bbox 3252 2479 3427 2535; x_wconf 90' lang='lat' dir='ltr'><strong>neque</strong></span> <span class='ocrx_word' id='word_1_399' title='bbox 3447 2478 3585 2534; x_wconf 91' lang='lat' dir='ltr'><strong>equo</strong></span> <span class='ocrx_word' id='word_1_400' title='bbox 3613 2464 3730 2535; x_wconf 82' lang='lat' dir='ltr'><strong>plus</strong></span> 
     </span>
    </p>
   </div>
   <div class='ocr_carea' id='block_1_53' title="bbox 2136 2553 3729 2625">
    <p class='ocr_par' dir='ltr' id='par_1_53' title="bbox 2136 2553 3729 2625">
     <span class='ocr_line' id='line_1_53' title="bbox 2136 2553 3729 2625; baseline 0.002 -18"><span class='ocrx_word' id='word_1_401' title='bbox 2136 2566 2300 2622; x_wconf 89' lang='lat' dir='ltr'><strong>quam</strong></span> <span class='ocrx_word' id='word_1_402' title='bbox 2331 2553 2568 2622; x_wconf 69' lang='lat' dir='ltr'><strong>caeteris,</strong></span> <span class='ocrx_word' id='word_1_403' title='bbox 2600 2562 2656 2610; x_wconf 93' lang='lat' dir='ltr'><strong>et</strong></span> <span class='ocrx_word' id='word_1_404' title='bbox 2685 2553 2964 2625; x_wconf 62' lang='lat' dir='ltr'><strong>aequaliter</strong></span> <span class='ocrx_word' id='word_1_405' title='bbox 2994 2554 3257 2624; x_wconf 86' lang='lat' dir='ltr'><strong>subjectis</strong></span> <span class='ocrx_word' id='word_1_406' title='bbox 3282 2554 3532 2609; x_wconf 83' lang='lat' dir='ltr'><strong>omnibus</strong></span> <span class='ocrx_word' id='word_1_407' title='bbox 3560 2568 3729 2624; x_wconf 87' lang='lat' dir='ltr'><strong>genus</strong></span> 
     </span>
    </p>
   </div>
   <div class='ocr_carea' id='block_1_54' title="bbox 2135 2642 3727 2718">
    <p class='ocr_par' dir='ltr' id='par_1_54' title="bbox 2135 2642 3727 2718">
     <span class='ocr_line' id='line_1_54' title="bbox 2135 2642 3727 2718; baseline 0.003 -19"><span class='ocrx_word' id='word_1_408' title='bbox 2135 2654 2241 2699; x_wconf 89' lang='lat' dir='ltr'><strong>est.</strong></span> <span class='ocrx_word' id='word_1_409' title='bbox 2270 2642 2362 2700; x_wconf 92' lang='lat' dir='ltr'><strong>Sic</strong></span> <span class='ocrx_word' id='word_1_410' title='bbox 2391 2645 2694 2715; x_wconf 88' lang='lat' dir='ltr'><strong>specierum</strong></span> <span class='ocrx_word' id='word_1_411' title='bbox 2725 2645 3041 2703; x_wconf 80' lang='lat' dir='ltr'><strong>differentiae</strong></span> <span class='ocrx_word' id='word_1_412' title='bbox 3071 2662 3204 2717; x_wconf 88' lang='lat' dir='ltr'><strong>quas</strong></span> <span class='ocrx_word' id='word_1_413' title='bbox 3232 2648 3515 2717; x_wconf 88' lang='lat' dir='ltr'><strong>specificas</strong></span> <span class='ocrx_word' id='word_1_414' title='bbox 3541 2646 3727 2718; x_wconf 89' lang='lat' dir='ltr'><strong>appel-</strong></span> 
     </span>
    </p>
   </div>
   <div class='ocr_carea' id='block_1_55' title="bbox 2134 2738 3729 2811">
    <p class='ocr_par' dir='ltr' id='par_1_55' title="bbox 2134 2738 3729 2811">
     <span class='ocr_line' id='line_1_55' title="bbox 2134 2738 3729 2811; baseline 0.001 -18"><span class='ocrx_word' id='word_1_415' title='bbox 2134 2738 2311 2794; x_wconf 81' lang='lat' dir='ltr'><strong>lamus</strong></span> <span class='ocrx_word' id='word_1_416' title='bbox 2333 2739 2504 2810; x_wconf 89' lang='lat' dir='ltr'><strong>magis</strong></span> <span class='ocrx_word' id='word_1_417' title='bbox 2520 2740 2765 2796; x_wconf 85' lang='lat' dir='ltr'><strong>minusve</strong></span> <span class='ocrx_word' id='word_1_418' title='bbox 2792 2756 2899 2796; x_wconf 89' lang='lat' dir='ltr'><strong>non</strong></span> <span class='ocrx_word' id='word_1_419' title='bbox 2928 2739 3316 2811; x_wconf 88' lang='lat' dir='ltr'><strong>capiunt.Nam</strong></span> <span class='ocrx_word' id='word_1_420' title='bbox 3339 2740 3383 2796; x_wconf 92' lang='lat' dir='ltr'><strong>si</strong></span> <span class='ocrx_word' id='word_1_421' title='bbox 3414 2741 3616 2796; x_wconf 90' lang='lat' dir='ltr'><strong>animal</strong></span> <span class='ocrx_word' id='word_1_422' title='bbox 3643 2754 3729 2795; x_wconf 79' lang='lat' dir='ltr'><strong>ra-</strong></span> 
     </span>
    </p>
   </div>
   <div class='ocr_carea' id='block_1_56' title="bbox 2136 2831 3728 2902">
    <p class='ocr_par' dir='ltr' id='par_1_56' title="bbox 2136 2831 3728 2902">
     <span class='ocr_line' id='line_1_56' title="bbox 2136 2831 3728 2902; baseline 0.004 -18"><span class='ocrx_word' id='word_1_423' title='bbox 2136 2831 2361 2900; x_wconf 90' lang='lat' dir='ltr'><strong>tionale,</strong></span> <span class='ocrx_word' id='word_1_424' title='bbox 2393 2832 2640 2901; x_wconf 83' lang='lat' dir='ltr'><strong>mortale,</strong></span> <span class='ocrx_word' id='word_1_425' title='bbox 2677 2832 2910 2888; x_wconf 90' lang='lat' dir='ltr'><strong>hominis</strong></span> <span class='ocrx_word' id='word_1_426' title='bbox 2936 2841 3019 2887; x_wconf 86' lang='lat' dir='ltr'><strong>est</strong></span> <span class='ocrx_word' id='word_1_427' title='bbox 3050 2833 3311 2902; x_wconf 85' lang='lat' dir='ltr'><strong>definitio,</strong></span> <span class='ocrx_word' id='word_1_428' title='bbox 3351 2842 3407 2888; x_wconf 90' lang='lat' dir='ltr'><strong>et</strong></span> <span class='ocrx_word' id='word_1_429' title='bbox 3449 2834 3728 2892; x_wconf 88' lang='lat' dir='ltr'><strong>hominum</strong></span> 
     </span>
    </p>
   </div>
   <div class='ocr_carea' id='block_1_57' title="bbox 2136 2920 3729 2994">
    <p class='ocr_par' dir='ltr' id='par_1_57' title="bbox 2136 2920 3729 2994">
     <span class='ocr_line' id='line_1_57' title="bbox 2136 2920 3729 2994; baseline 0.004 -19"><span class='ocrx_word' id='word_1_430' title='bbox 2136 2920 2489 2978; x_wconf 89' lang='lat' dir='ltr'><strong>nihilominus</strong></span> <span class='ocrx_word' id='word_1_431' title='bbox 2518 2922 2879 2994; x_wconf 86' lang='lat' dir='ltr'><strong>singulorum,</strong></span> <span class='ocrx_word' id='word_1_432' title='bbox 2912 2938 3021 2977; x_wconf 92' lang='lat' dir='ltr'><strong>non</strong></span> <span class='ocrx_word' id='word_1_433' title='bbox 3066 2932 3149 2977; x_wconf 87' lang='lat' dir='ltr'><strong>est</strong></span> <span class='ocrx_word' id='word_1_434' title='bbox 3197 2922 3416 2977; x_wconf 89' lang='lat' dir='ltr'><strong>dubium</strong></span> <span class='ocrx_word' id='word_1_435' title='bbox 3442 2924 3571 2993; x_wconf 91' lang='lat' dir='ltr'><strong>quin</strong></span> <span class='ocrx_word' id='word_1_436' title='bbox 3613 2922 3729 2982; x_wconf 68' lang='lat' dir='ltr'><strong>haec</strong></span> 
     </span>
    </p>
   </div>
   <div class='ocr_carea' id='block_1_58' title="bbox 2133 3011 3729 3084">
    <p class='ocr_par' dir='ltr' id='par_1_58' title="bbox 2133 3011 3729 3084">
     <span class='ocr_line' id='line_1_58' title="bbox 2133 3011 3729 3084; baseline 0.001 -18"><span class='ocrx_word' id='word_1_437' title='bbox 2133 3011 2381 3069; x_wconf 85' lang='lat' dir='ltr'><strong>definitio</strong></span> <span class='ocrx_word' id='word_1_438' title='bbox 2401 3015 2468 3069; x_wconf 92' lang='lat' dir='ltr'><strong>ad</strong></span> <span class='ocrx_word' id='word_1_439' title='bbox 2484 3029 2673 3070; x_wconf 88' lang='lat' dir='ltr'><strong>omnes</strong></span> <span class='ocrx_word' id='word_1_440' title='bbox 2694 3014 2943 3069; x_wconf 90' lang='lat' dir='ltr'><strong>homines</strong></span> <span class='ocrx_word' id='word_1_441' title='bbox 2964 3012 3201 3082; x_wconf 86' lang='lat' dir='ltr'><strong>singulos</strong></span> <span class='ocrx_word' id='word_1_442' title='bbox 3220 3012 3496 3083; x_wconf 66' lang='lat' dir='ltr'><strong>aequaliter</strong></span> <span class='ocrx_word' id='word_1_443' title='bbox 3514 3026 3729 3084; x_wconf 84' lang='lat' dir='ltr'><strong>semper</strong></span> 
     </span>
    </p>
   </div>
   <div class='ocr_carea' id='block_1_59' title="bbox 2135 3104 3725 3176">
    <p class='ocr_par' dir='ltr' id='par_1_59' title="bbox 2135 3104 3725 3176">
     <span class='ocr_line' id='line_1_59' title="bbox 2135 3104 3725 3176; baseline 0.003 -19"><span class='ocrx_word' id='word_1_444' title='bbox 2135 3112 2372 3173; x_wconf 92' lang='lat' dir='ltr'><strong>aptetur,</strong></span> <span class='ocrx_word' id='word_1_445' title='bbox 2399 3115 2455 3161; x_wconf 92' lang='lat' dir='ltr'><strong>et</strong></span> <span class='ocrx_word' id='word_1_446' title='bbox 2482 3104 2611 3160; x_wconf 92' lang='lat' dir='ltr'><strong>nulli</strong></span> <span class='ocrx_word' id='word_1_447' title='bbox 2645 3120 2820 3175; x_wconf 87' lang='lat' dir='ltr'><strong>neque</strong></span> <span class='ocrx_word' id='word_1_448' title='bbox 2842 3105 2967 3175; x_wconf 90' lang='lat' dir='ltr'><strong>plus</strong></span> <span class='ocrx_word' id='word_1_449' title='bbox 2997 3119 3172 3176; x_wconf 92' lang='lat' dir='ltr'><strong>neque</strong></span> <span class='ocrx_word' id='word_1_450' title='bbox 3218 3105 3393 3159; x_wconf 90' lang='lat' dir='ltr'><strong>minus</strong></span> <span class='ocrx_word' id='word_1_451' title='bbox 3423 3104 3725 3162; x_wconf 90' lang='lat' dir='ltr'><strong>conveniat.</strong></span> 
     </span>
    </p>
   </div>
   <div class='ocr_carea' id='block_1_60' title="bbox 437 3191 3726 3285">
    <p class='ocr_par' dir='ltr' id='par_1_60' title="bbox 437 3191 3726 3285">
     <span class='ocr_line' id='line_1_60' title="bbox 437 3191 3726 3285; baseline -0.004 -15"><span class='ocrx_word' id='word_1_452' title='bbox 437 3214 608 3285; x_wconf 89' lang='lat' dir='ltr'><strong>magis</strong></span> <span class='ocrx_word' id='word_1_453' title='bbox 644 3213 861 3285; x_wconf 88' lang='lat' dir='ltr'><strong>propria</strong></span> <span class='ocrx_word' id='word_1_454' title='bbox 890 3213 1211 3280; x_wconf 78' lang='lat' dir='ltr'><strong>differentia,</strong></span> <span class='ocrx_word' id='word_1_455' title='bbox 1244 3229 1402 3285; x_wconf 90' lang='lat' dir='ltr'><strong>quam</strong></span> <span class='ocrx_word' id='word_1_456' title='bbox 1431 3211 1735 3282; x_wconf 84' lang='lat' dir='ltr'><strong>specificam</strong></span> <span class='ocrx_word' id='word_1_457' title='bbox 1776 3211 2025 3266; x_wconf 89' lang='lat' dir='ltr'><strong>nomina-</strong></span> <span class='ocrx_word' id='word_1_458' title='bbox 2049 3191 2102 3260; x_wconf 79' lang='lat' dir='ltr'><strong><em>C</em></strong></span> <span class='ocrx_word' id='word_1_459' title='bbox 2134 3196 2288 3265; x_wconf 74' lang='grc' dir='ltr'>Ωιιοά</span> <span class='ocrx_word' id='word_1_460' title='bbox 2312 3198 2358 3254; x_wconf 76' lang='lat' dir='ltr'><strong>Si</strong></span> <span class='ocrx_word' id='word_1_461' title='bbox 2386 3198 2458 3253; x_wconf 65' lang='lat' dir='ltr'><strong>ita</strong></span> <span class='ocrx_word' id='word_1_462' title='bbox 2478 3206 2582 3263; x_wconf 75' lang='grc' dir='ltr'>εει,</span> <span class='ocrx_word' id='word_1_463' title='bbox 2609 3208 2789 3269; x_wconf 73' lang='lat' dir='ltr'><strong>partes</strong></span> <span class='ocrx_word' id='word_1_464' title='bbox 2805 3214 3019 3270; x_wconf 84' lang='lat' dir='ltr'><strong>quoque</strong></span> <span class='ocrx_word' id='word_1_465' title='bbox 3048 3200 3212 3255; x_wconf 77' lang='lat' dir='ltr'><strong>totius</strong></span> <span class='ocrx_word' id='word_1_466' title='bbox 3237 3198 3583 3267; x_wconf 82' lang='lat' dir='ltr'><strong>definitionis,</strong></span> <span class='ocrx_word' id='word_1_467' title='bbox 3606 3213 3726 3271; x_wconf 74' lang='lat' dir='ltr'><strong>qua:</strong></span> 
     </span>
    </p>
   </div>
   <div class='ocr_carea' id='block_1_61' title="bbox 436 3303 2028 3379">
    <p class='ocr_par' dir='ltr' id='par_1_61' title="bbox 436 3303 2028 3379">
     <span class='ocr_line' id='line_1_61' title="bbox 436 3303 2028 3379; baseline -0.003 -17"><span class='ocrx_word' id='word_1_468' title='bbox 436 3323 579 3375; x_wconf 91' lang='lat' dir='ltr'><strong>mus,</strong></span> <span class='ocrx_word' id='word_1_469' title='bbox 602 3308 715 3363; x_wconf 89' lang='lat' dir='ltr'><strong>sola</strong></span> <span class='ocrx_word' id='word_1_470' title='bbox 755 3309 951 3378; x_wconf 87' lang='lat' dir='ltr'><strong>poterit</strong></span> <span class='ocrx_word' id='word_1_471' title='bbox 976 3309 1028 3363; x_wconf 92' lang='lat' dir='ltr'><strong>in</strong></span> <span class='ocrx_word' id='word_1_472' title='bbox 1055 3308 1270 3379; x_wconf 87' lang='lat' dir='ltr'><strong>generis</strong></span> <span class='ocrx_word' id='word_1_473' title='bbox 1292 3306 1553 3362; x_wconf 90' lang='lat' dir='ltr'><strong>divisione</strong></span> <span class='ocrx_word' id='word_1_474' title='bbox 1576 3318 1893 3374; x_wconf 83' lang='lat' dir='ltr'><strong>congruere.</strong></span> <span class='ocrx_word' id='word_1_475' title='bbox 1932 3303 2028 3359; x_wconf 87' lang='lat' dir='ltr'><strong>Et-</strong></span> 
     </span>
    </p>
   </div>
   <div class='ocr_carea' id='block_1_62' title="bbox 436 3395 2023 3468">
    <p class='ocr_par' dir='ltr' id='par_1_62' title="bbox 436 3395 2023 3468">
     <span class='ocr_line' id='line_1_62' title="bbox 436 3395 2023 3468; baseline -0.005 -9"><span class='ocrx_word' id='word_1_476' title='bbox 436 3401 581 3459; x_wconf 84' lang='lat' dir='ltr'><strong>enim</strong></span> <span class='ocrx_word' id='word_1_477' title='bbox 609 3410 821 3457; x_wconf 72' lang='lat' dir='ltr'><strong>czeterte</strong></span> <span class='ocrx_word' id='word_1_478' title='bbox 853 3400 988 3456; x_wconf 89' lang='lat' dir='ltr'><strong>nihil</strong></span> <span class='ocrx_word' id='word_1_479' title='bbox 1018 3402 1083 3456; x_wconf 91' lang='lat' dir='ltr'><strong>ad</strong></span> <span class='ocrx_word' id='word_1_480' title='bbox 1108 3400 1483 3466; x_wconf 88' lang='lat' dir='ltr'><strong>substantiam,</strong></span> <span class='ocrx_word' id='word_1_481' title='bbox 1515 3399 1610 3455; x_wconf 90' lang='lat' dir='ltr'><strong>sed</strong></span> <span class='ocrx_word' id='word_1_482' title='bbox 1642 3399 1708 3453; x_wconf 90' lang='lat' dir='ltr'><strong>ad</strong></span> <span class='ocrx_word' id='word_1_483' title='bbox 1737 3395 2023 3468; x_wconf 91' lang='lat' dir='ltr'><strong>quamdam</strong></span> 
     </span>
    </p>
   </div>
   <div class='ocr_carea' id='block_1_63' title="bbox 436 3489 2023 3563">
    <p class='ocr_par' dir='ltr' id='par_1_63' title="bbox 436 3489 2023 3563">
     <span class='ocr_line' id='line_1_63' title="bbox 436 3489 2023 3563; baseline -0.003 -16"><span class='ocrx_word' id='word_1_484' title='bbox 436 3492 833 3562; x_wconf 90' lang='lat' dir='ltr'><strong>quodammodo</strong></span> <span class='ocrx_word' id='word_1_485' title='bbox 886 3492 1127 3563; x_wconf 88' lang='lat' dir='ltr'><strong>ejusdem</strong></span> <span class='ocrx_word' id='word_1_486' title='bbox 1181 3490 1549 3547; x_wconf 84' lang='lat' dir='ltr'><strong>similitudinis</strong></span> <span class='ocrx_word' id='word_1_487' title='bbox 1605 3489 2023 3561; x_wconf 89' lang='lat' dir='ltr'><strong>discrepantiam</strong></span> 
     </span>
    </p>
   </div>
   <div class='ocr_carea' id='block_1_64' title="bbox 435 3583 2027 3656">
    <p class='ocr_par' dir='ltr' id='par_1_64' title="bbox 435 3583 2027 3656">
     <span class='ocr_line' id='line_1_64' title="bbox 435 3583 2027 3656; baseline 0 -19"><span class='ocrx_word' id='word_1_488' title='bbox 435 3583 849 3656; x_wconf 88' lang='lat' dir='ltr'><strong>distantiamque</strong></span> <span class='ocrx_word' id='word_1_489' title='bbox 880 3594 1168 3655; x_wconf 92' lang='lat' dir='ltr'><strong>ponuntur.</strong></span> <span class='ocrx_word' id='word_1_490' title='bbox 1212 3583 1349 3639; x_wconf 85' lang='lat' dir='ltr'><strong>Nihil</strong></span> <span class='ocrx_word' id='word_1_491' title='bbox 1394 3584 1534 3640; x_wconf 92' lang='lat' dir='ltr'><strong>enim</strong></span> <span class='ocrx_word' id='word_1_492' title='bbox 1579 3585 1633 3639; x_wconf 92' lang='lat' dir='ltr'><strong>in</strong></span> <span class='ocrx_word' id='word_1_493' title='bbox 1685 3584 1790 3639; x_wconf 91' lang='lat' dir='ltr'><strong>illis</strong></span> <span class='ocrx_word' id='word_1_494' title='bbox 1826 3589 2027 3654; x_wconf 59' lang='lat' dir='ltr'><strong>prater</strong></span> 
     </span>
    </p>
   </div>
   <div class='ocr_carea' id='block_1_65' title="bbox 436 3674 2024 3751">
    <p class='ocr_par' dir='ltr' id='par_1_65' title="bbox 436 3674 2024 3751">
     <span class='ocr_line' id='line_1_65' title="bbox 436 3674 2024 3751; baseline 0.001 -22"><span class='ocrx_word' id='word_1_495' title='bbox 436 3674 759 3732; x_wconf 85' lang='lat' dir='ltr'><strong>alteritatem</strong></span> <span class='ocrx_word' id='word_1_496' title='bbox 797 3678 966 3733; x_wconf 92' lang='lat' dir='ltr'><strong>solam</strong></span> <span class='ocrx_word' id='word_1_497' title='bbox 1011 3678 1251 3751; x_wconf 89' lang='lat' dir='ltr'><strong>reperire</strong></span> <span class='ocrx_word' id='word_1_498' title='bbox 1293 3694 1482 3750; x_wconf 88' lang='lat' dir='ltr'><strong>queas,</strong></span> <span class='ocrx_word' id='word_1_499' title='bbox 1524 3678 1722 3747; x_wconf 90' lang='lat' dir='ltr'><strong>quippe</strong></span> <span class='ocrx_word' id='word_1_500' title='bbox 1750 3693 1870 3747; x_wconf 85' lang='lat' dir='ltr'><strong>quae</strong></span> <span class='ocrx_word' id='word_1_501' title='bbox 1914 3692 2024 3731; x_wconf 91' lang='lat' dir='ltr'><strong>non</strong></span> 
     </span>
    </p>
   </div>
   <div class='ocr_carea' id='block_1_66' title="bbox 437 3768 2024 3839">
    <p class='ocr_par' dir='ltr' id='par_1_66' title="bbox 437 3768 2024 3839">
     <span class='ocr_line' id='line_1_66' title="bbox 437 3768 2024 3839; baseline 0.004 -19"><span class='ocrx_word' id='word_1_502' title='bbox 437 3768 770 3822; x_wconf 81' lang='lat' dir='ltr'><strong>constituunt</strong></span> <span class='ocrx_word' id='word_1_503' title='bbox 809 3770 1039 3838; x_wconf 89' lang='lat' dir='ltr'><strong>species,</strong></span> <span class='ocrx_word' id='word_1_504' title='bbox 1092 3771 1184 3825; x_wconf 91' lang='lat' dir='ltr'><strong>sed</strong></span> <span class='ocrx_word' id='word_1_505' title='bbox 1222 3770 1543 3825; x_wconf 89' lang='lat' dir='ltr'><strong>constitutas</strong></span> <span class='ocrx_word' id='word_1_506' title='bbox 1572 3770 1683 3839; x_wconf 87' lang='lat' dir='ltr'><strong>jam</strong></span> <span class='ocrx_word' id='word_1_507' title='bbox 1715 3778 1766 3825; x_wconf 90' lang='lat' dir='ltr'><strong>et</strong></span> <span class='ocrx_word' id='word_1_508' title='bbox 1804 3769 2024 3827; x_wconf 75' lang='lat' dir='ltr'><strong>effectas</strong></span> 
     </span>
    </p>
   </div>
   <div class='ocr_carea' id='block_1_67' title="bbox 439 3859 2018 3932">
    <p class='ocr_par' dir='ltr' id='par_1_67' title="bbox 439 3859 2018 3932">
     <span class='ocr_line' id='line_1_67' title="bbox 439 3859 2018 3932; baseline 0.004 -21"><span class='ocrx_word' id='word_1_509' title='bbox 439 3859 612 3927; x_wconf 88' lang='lat' dir='ltr'><strong>magis</strong></span> <span class='ocrx_word' id='word_1_510' title='bbox 652 3860 884 3929; x_wconf 89' lang='lat' dir='ltr'><strong>propriis</strong></span> <span class='ocrx_word' id='word_1_511' title='bbox 916 3862 1026 3915; x_wconf 87' lang='lat' dir='ltr'><strong>suis</strong></span> <span class='ocrx_word' id='word_1_512' title='bbox 1072 3861 1417 3932; x_wconf 89' lang='lat' dir='ltr'><strong>qualitatibus</strong></span> <span class='ocrx_word' id='word_1_513' title='bbox 1465 3861 1595 3930; x_wconf 65' lang='lat' dir='ltr'><strong>ipsae</strong></span> <span class='ocrx_word' id='word_1_514' title='bbox 1626 3861 2018 3918; x_wconf 86' lang='lat' dir='ltr'><strong>discriminant.</strong></span> 
     </span>
    </p>
   </div>
   <div class='ocr_carea' id='block_1_68' title="bbox 440 3951 971 4019">
    <p class='ocr_par' dir='ltr' id='par_1_68' title="bbox 440 3951 971 4019">
     <span class='ocr_line' id='line_1_68' title="bbox 440 3951 971 4019; baseline 0.002 -14"><span class='ocrx_word' id='word_1_515' title='bbox 440 3951 591 4019; x_wconf 83' lang='lat' dir='ltr'><strong>Quod</strong></span> <span class='ocrx_word' id='word_1_516' title='bbox 614 3960 787 4007; x_wconf 90' lang='lat' dir='ltr'><strong>autem</strong></span> <span class='ocrx_word' id='word_1_517' title='bbox 811 3952 935 4007; x_wconf 91' lang='lat' dir='ltr'><strong>dicit</strong></span> <span class='ocrx_word' id='word_1_518' title='bbox 959 3974 971 4006; x_wconf 88' lang='lat'><strong>:</strong></span> 
     </span>
    </p>
   </div>
   <div class='ocr_carea' id='block_1_69' title="bbox 509 4043 2022 4116">
    <p class='ocr_par' dir='ltr' id='par_1_69' title="bbox 509 4043 2022 4116">
     <span class='ocr_line' id='line_1_69' title="bbox 509 4043 2022 4116; baseline 0.004 -18"><span class='ocrx_word' id='word_1_519' title='bbox 509 4043 780 4113; x_wconf 75' lang='lat' dir='ltr'><strong>Repetenti</strong></span> <span class='ocrx_word' id='word_1_520' title='bbox 823 4062 957 4099; x_wconf 82' lang='lat' dir='ltr'><strong>nunc</strong></span> <span class='ocrx_word' id='word_1_521' title='bbox 986 4063 1018 4099; x_wconf 89' lang='lat' dir='ltr'><strong>a</strong></span> <span class='ocrx_word' id='word_1_522' title='bbox 1039 4048 1389 4115; x_wconf 81' lang='lat' dir='ltr'><strong>superioribus</strong></span> <span class='ocrx_word' id='word_1_523' title='bbox 1425 4047 1699 4101; x_wconf 78' lang='lat' dir='ltr'><strong>dicendum</strong></span> <span class='ocrx_word' id='word_1_524' title='bbox 1735 4058 1840 4115; x_wconf 79' lang='lat' dir='ltr'><strong>est,</strong></span> <span class='ocrx_word' id='word_1_525' title='bbox 1870 4049 2022 4116; x_wconf 75' lang='lat' dir='ltr'><strong>di/fe-</strong></span> 
     </span>
    </p>
   </div>
   <div class='ocr_carea' id='block_1_70' title="bbox 432 4116 1947 4189">
    <p class='ocr_par' dir='ltr' id='par_1_70' title="bbox 432 4116 1947 4189">
     <span class='ocr_line' id='line_1_70' title="bbox 432 4116 1947 4189; baseline 0.005 -22"><span class='ocrx_word' id='word_1_526' title='bbox 432 4117 716 4170; x_wconf 79' lang='lat' dir='ltr'><strong>rentiarum</strong></span> <span class='ocrx_word' id='word_1_527' title='bbox 741 4116 873 4171; x_wconf 78' lang='lat' dir='ltr'><strong>alias</strong></span> <span class='ocrx_word' id='word_1_528' title='bbox 895 4134 1004 4171; x_wconf 82' lang='lat' dir='ltr'><strong>esse</strong></span> <span class='ocrx_word' id='word_1_529' title='bbox 1028 4120 1360 4187; x_wconf 82' lang='lat' dir='ltr'><strong>separabiles,</strong></span> <span class='ocrx_word' id='word_1_530' title='bbox 1395 4120 1525 4173; x_wconf 78' lang='lat' dir='ltr'><strong>alias</strong></span> <span class='ocrx_word' id='word_1_531' title='bbox 1562 4120 1947 4189; x_wconf 78' lang='lat' dir='ltr'><strong>inseparabiles,</strong></span> 
     </span>
    </p>
   </div>
   <div class='ocr_carea' id='block_1_71' title="bbox 431 4205 2023 4278">
    <p class='ocr_par' dir='ltr' id='par_1_71' title="bbox 431 4205 2023 4278">
     <span class='ocr_line' id='line_1_71' title="bbox 431 4205 2023 4278; baseline 0.004 -15"><span class='ocrx_word' id='word_1_532' title='bbox 431 4208 545 4263; x_wconf 78' lang='lat' dir='ltr'><strong>Hoc</strong></span> <span class='ocrx_word' id='word_1_533' title='bbox 576 4217 661 4265; x_wconf 83' lang='lat' dir='ltr'><strong>est</strong></span> <span class='ocrx_word' id='word_1_534' title='bbox 690 4210 829 4278; x_wconf 84' lang='lat' dir='ltr'><strong>quod</strong></span> <span class='ocrx_word' id='word_1_535' title='bbox 884 4210 970 4265; x_wconf 93' lang='lat' dir='ltr'><strong>hic</strong></span> <span class='ocrx_word' id='word_1_536' title='bbox 1011 4226 1152 4266; x_wconf 92' lang='lat' dir='ltr'><strong>nunc</strong></span> <span class='ocrx_word' id='word_1_537' title='bbox 1202 4205 1398 4266; x_wconf 79' lang='lat' dir='ltr'><strong>divisio</strong></span> <span class='ocrx_word' id='word_1_538' title='bbox 1427 4214 1530 4267; x_wconf 90' lang='lat' dir='ltr'><strong>alia</strong></span> <span class='ocrx_word' id='word_1_539' title='bbox 1565 4228 1753 4269; x_wconf 91' lang='lat' dir='ltr'><strong>rursus</strong></span> <span class='ocrx_word' id='word_1_540' title='bbox 1785 4215 2023 4269; x_wconf 86' lang='lat' dir='ltr'><strong>assumi-</strong></span> 
     </span>
    </p>
   </div>
   <div class='ocr_carea' id='block_1_72' title="bbox 431 4301 2021 4377">
    <p class='ocr_par' dir='ltr' id='par_1_72' title="bbox 431 4301 2021 4377">
     <span class='ocr_line' id='line_1_72' title="bbox 431 4301 2021 4377; baseline 0.004 -21"><span class='ocrx_word' id='word_1_541' title='bbox 431 4311 538 4356; x_wconf 91' lang='lat' dir='ltr'><strong>tur.</strong></span> <span class='ocrx_word' id='word_1_542' title='bbox 571 4301 703 4357; x_wconf 85' lang='lat' dir='ltr'><strong>Nam</strong></span> <span class='ocrx_word' id='word_1_543' title='bbox 734 4317 855 4358; x_wconf 87' lang='lat' dir='ltr'><strong>cum</strong></span> <span class='ocrx_word' id='word_1_544' title='bbox 900 4305 1050 4373; x_wconf 89' lang='lat' dir='ltr'><strong>prius</strong></span> <span class='ocrx_word' id='word_1_545' title='bbox 1087 4304 1445 4359; x_wconf 77' lang='lat' dir='ltr'><strong>differentiam</strong></span> <span class='ocrx_word' id='word_1_546' title='bbox 1476 4308 1530 4361; x_wconf 89' lang='lat' dir='ltr'><strong>in</strong></span> <span class='ocrx_word' id='word_1_547' title='bbox 1561 4307 1731 4363; x_wconf 88' lang='lat' dir='ltr'><strong>tribus</strong></span> <span class='ocrx_word' id='word_1_548' title='bbox 1780 4310 2021 4377; x_wconf 87' lang='lat' dir='ltr'><strong>partibus</strong></span> 
     </span>
    </p>
   </div>
   <div class='ocr_carea' id='block_1_73' title="bbox 428 4399 2022 4467">
    <p class='ocr_par' dir='ltr' id='par_1_73' title="bbox 428 4399 2022 4467">
     <span class='ocr_line' id='line_1_73' title="bbox 428 4399 2022 4467; baseline 0.004 -17"><span class='ocrx_word' id='word_1_549' title='bbox 428 4408 721 4464; x_wconf 71' lang='lat' dir='ltr'><strong>separaret,</strong></span> <span class='ocrx_word' id='word_1_550' title='bbox 754 4408 810 4452; x_wconf 92' lang='lat' dir='ltr'><strong>et</strong></span> <span class='ocrx_word' id='word_1_551' title='bbox 832 4408 1017 4467; x_wconf 89' lang='lat' dir='ltr'><strong>postea</strong></span> <span class='ocrx_word' id='word_1_552' title='bbox 1050 4406 1162 4455; x_wconf 87' lang='lat' dir='ltr'><strong>tres</strong></span> <span class='ocrx_word' id='word_1_553' title='bbox 1193 4399 1312 4455; x_wconf 89' lang='lat' dir='ltr'><strong>illas</strong></span> <span class='ocrx_word' id='word_1_554' title='bbox 1343 4402 1394 4455; x_wconf 90' lang='lat' dir='ltr'><strong>in</strong></span> <span class='ocrx_word' id='word_1_555' title='bbox 1425 4401 1650 4457; x_wconf 91' lang='lat' dir='ltr'><strong>duarum</strong></span> <span class='ocrx_word' id='word_1_556' title='bbox 1686 4412 1887 4457; x_wconf 86' lang='lat' dir='ltr'><strong>tantum</strong></span> <span class='ocrx_word' id='word_1_557' title='bbox 1922 4419 2022 4457; x_wconf 90' lang='lat' dir='ltr'><strong>nu-</strong></span> 
     </span>
    </p>
   </div>
   <div class='ocr_carea' id='block_1_74' title="bbox 430 4492 2017 4564">
    <p class='ocr_par' dir='ltr' id='par_1_74' title="bbox 430 4492 2017 4564">
     <span class='ocr_line' id='line_1_74' title="bbox 430 4492 2017 4564; baseline 0.008 -22"><span class='ocrx_word' id='word_1_558' title='bbox 430 4504 637 4543; x_wconf 91' lang='lat' dir='ltr'><strong>merum</strong></span> <span class='ocrx_word' id='word_1_559' title='bbox 668 4492 1131 4563; x_wconf 89' lang='lat' dir='ltr'><strong>quanlitatemque</strong></span> <span class='ocrx_word' id='word_1_560' title='bbox 1179 4494 1485 4564; x_wconf 84' lang='lat' dir='ltr'><strong>colligeret,</strong></span> <span class='ocrx_word' id='word_1_561' title='bbox 1516 4505 1575 4551; x_wconf 88' lang='lat' dir='ltr'><strong>ut</strong></span> <span class='ocrx_word' id='word_1_562' title='bbox 1614 4498 1746 4552; x_wconf 88' lang='lat' dir='ltr'><strong>alias</strong></span> <span class='ocrx_word' id='word_1_563' title='bbox 1789 4500 2017 4554; x_wconf 78' lang='lat' dir='ltr'><strong>alterum</strong></span> 
     </span>
    </p>
   </div>
   <div class='ocr_carea' id='block_1_75' title="bbox 2129 3290 3724 3363">
    <p class='ocr_par' dir='ltr' id='par_1_75' title="bbox 2129 3290 3724 3363">
     <span class='ocr_line' id='line_1_75' title="bbox 2129 3290 3724 3363; baseline 0.001 -18"><span class='ocrx_word' id='word_1_564' title='bbox 2129 3300 2257 3345; x_wconf 85' lang='lat' dir='ltr'><strong>sunt</strong></span> <span class='ocrx_word' id='word_1_565' title='bbox 2303 3290 2653 3358; x_wconf 63' lang='lat' dir='ltr'><strong>differentiae,</strong></span> <span class='ocrx_word' id='word_1_566' title='bbox 2710 3292 2844 3347; x_wconf 90' lang='lat' dir='ltr'><strong>tales</strong></span> <span class='ocrx_word' id='word_1_567' title='bbox 2900 3302 3059 3348; x_wconf 88' lang='lat' dir='ltr'><strong>erunt</strong></span> <span class='ocrx_word' id='word_1_568' title='bbox 3099 3301 3156 3348; x_wconf 92' lang='lat' dir='ltr'><strong>ut</strong></span> <span class='ocrx_word' id='word_1_569' title='bbox 3198 3291 3329 3348; x_wconf 91' lang='lat' dir='ltr'><strong>nulli</strong></span> <span class='ocrx_word' id='word_1_570' title='bbox 3384 3306 3558 3363; x_wconf 90' lang='lat' dir='ltr'><strong>neque</strong></span> <span class='ocrx_word' id='word_1_571' title='bbox 3601 3291 3724 3362; x_wconf 89' lang='lat' dir='ltr'><strong>plus</strong></span> 
     </span>
    </p>
   </div>
   <div class='ocr_carea' id='block_1_76' title="bbox 2126 3384 3723 3456">
    <p class='ocr_par' dir='ltr' id='par_1_76' title="bbox 2126 3384 3723 3456">
     <span class='ocr_line' id='line_1_76' title="bbox 2126 3384 3723 3456; baseline 0.001 -18"><span class='ocrx_word' id='word_1_572' title='bbox 2126 3398 2304 3454; x_wconf 89' lang='lat' dir='ltr'><strong>neque</strong></span> <span class='ocrx_word' id='word_1_573' title='bbox 2370 3384 2589 3453; x_wconf 88' lang='lat' dir='ltr'><strong>minus,</strong></span> <span class='ocrx_word' id='word_1_574' title='bbox 2643 3384 2739 3440; x_wconf 90' lang='lat' dir='ltr'><strong>sed</strong></span> <span class='ocrx_word' id='word_1_575' title='bbox 2797 3386 3078 3456; x_wconf 67' lang='lat' dir='ltr'><strong>aequaliter</strong></span> <span class='ocrx_word' id='word_1_576' title='bbox 3143 3400 3360 3456; x_wconf 89' lang='lat' dir='ltr'><strong>semper</strong></span> <span class='ocrx_word' id='word_1_577' title='bbox 3412 3393 3468 3441; x_wconf 91' lang='lat' dir='ltr'><strong>et</strong></span> <span class='ocrx_word' id='word_1_578' title='bbox 3524 3398 3723 3440; x_wconf 88' lang='lat' dir='ltr'><strong>conve-</strong></span> 
     </span>
    </p>
   </div>
   <div class='ocr_carea' id='block_1_77' title="bbox 2128 3477 3723 3550">
    <p class='ocr_par' dir='ltr' id='par_1_77' title="bbox 2128 3477 3723 3550">
     <span class='ocr_line' id='line_1_77' title="bbox 2128 3477 3723 3550; baseline 0.002 -19"><span class='ocrx_word' id='word_1_579' title='bbox 2128 3477 2341 3533; x_wconf 91' lang='lat' dir='ltr'><strong>nienter</strong></span> <span class='ocrx_word' id='word_1_580' title='bbox 2383 3487 2652 3548; x_wconf 89' lang='lat' dir='ltr'><strong>aptentur.</strong></span> <span class='ocrx_word' id='word_1_581' title='bbox 2712 3479 2902 3537; x_wconf 88' lang='lat' dir='ltr'><strong>Partes</strong></span> <span class='ocrx_word' id='word_1_582' title='bbox 2945 3488 3123 3536; x_wconf 90' lang='lat' dir='ltr'><strong>autem</strong></span> <span class='ocrx_word' id='word_1_583' title='bbox 3182 3479 3340 3550; x_wconf 90' lang='lat' dir='ltr'><strong>hujus</strong></span> <span class='ocrx_word' id='word_1_584' title='bbox 3392 3478 3723 3535; x_wconf 84' lang='lat' dir='ltr'><strong>definitionis</strong></span> 
     </span>
    </p>
   </div>
   <div class='ocr_carea' id='block_1_78' title="bbox 2125 3562 3722 3640">
    <p class='ocr_par' dir='ltr' id='par_1_78' title="bbox 2125 3562 3722 3640">
     <span class='ocr_line' id='line_1_78' title="bbox 2125 3562 3722 3640; baseline 0.001 -17"><span class='ocrx_word' id='word_1_585' title='bbox 2125 3577 2255 3624; x_wconf 87' lang='lat' dir='ltr'><strong>sunt</strong></span> <span class='ocrx_word' id='word_1_586' title='bbox 2282 3570 2547 3627; x_wconf 91' lang='lat' dir='ltr'><strong>rationale</strong></span> <span class='ocrx_word' id='word_1_587' title='bbox 2568 3583 2621 3625; x_wconf 92' lang='lat' dir='ltr'><strong>et</strong></span> <span class='ocrx_word' id='word_1_588' title='bbox 2648 3572 2897 3637; x_wconf 90' lang='lat' dir='ltr'><strong>mortale.</strong></span> <span class='ocrx_word' id='word_1_589' title='bbox 2916 3570 3197 3626; x_wconf 82' lang='lat' dir='ltr'><strong>Rationale</strong></span> <span class='ocrx_word' id='word_1_590' title='bbox 3224 3562 3383 3640; x_wconf 79' lang='lat' dir='ltr'><strong>igitur</strong></span> <span class='ocrx_word' id='word_1_591' title='bbox 3404 3579 3459 3625; x_wconf 91' lang='lat' dir='ltr'><strong>et</strong></span> <span class='ocrx_word' id='word_1_592' title='bbox 3475 3570 3722 3634; x_wconf 89' lang='lat' dir='ltr'><strong>mortale,</strong></span> 
     </span>
    </p>
   </div>
   <div class='ocr_carea' id='block_1_79' title="bbox 2126 3662 3722 3736">
    <p class='ocr_par' dir='ltr' id='par_1_79' title="bbox 2126 3662 3722 3736">
     <span class='ocr_line' id='line_1_79' title="bbox 2126 3662 3722 3736; baseline 0 -17"><span class='ocrx_word' id='word_1_593' title='bbox 2126 3679 2250 3735; x_wconf 66' lang='lat' dir='ltr'><strong>quae</strong></span> <span class='ocrx_word' id='word_1_594' title='bbox 2277 3674 2401 3720; x_wconf 92' lang='lat' dir='ltr'><strong>sunt</strong></span> <span class='ocrx_word' id='word_1_595' title='bbox 2424 3665 2593 3736; x_wconf 84' lang='lat' dir='ltr'><strong>magis</strong></span> <span class='ocrx_word' id='word_1_596' title='bbox 2616 3664 2847 3735; x_wconf 84' lang='lat' dir='ltr'><strong>propriae</strong></span> <span class='ocrx_word' id='word_1_597' title='bbox 2870 3662 3185 3720; x_wconf 64' lang='lat' dir='ltr'><strong>differentiae</strong></span> <span class='ocrx_word' id='word_1_598' title='bbox 3208 3664 3328 3733; x_wconf 89' lang='lat' dir='ltr'><strong>plus</strong></span> <span class='ocrx_word' id='word_1_599' title='bbox 3349 3663 3593 3719; x_wconf 90' lang='lat' dir='ltr'><strong>minusve</strong></span> <span class='ocrx_word' id='word_1_600' title='bbox 3617 3678 3722 3719; x_wconf 88' lang='lat' dir='ltr'><strong>non</strong></span> 
     </span>
    </p>
   </div>
   <div class='ocr_carea' id='block_1_80' title="bbox 2127 3756 3724 3831">
    <p class='ocr_par' dir='ltr' id='par_1_80' title="bbox 2127 3756 3724 3831">
     <span class='ocr_line' id='line_1_80' title="bbox 2127 3756 3724 3831; baseline -0.004 -16"><span class='ocrx_word' id='word_1_601' title='bbox 2127 3761 2364 3831; x_wconf 88' lang='lat' dir='ltr'><strong>capiunt.</strong></span> <span class='ocrx_word' id='word_1_602' title='bbox 2397 3762 2478 3817; x_wconf 80' lang='lat' dir='ltr'><strong>Ab</strong></span> <span class='ocrx_word' id='word_1_603' title='bbox 2503 3761 2599 3814; x_wconf 91' lang='lat' dir='ltr'><strong>hac</strong></span> <span class='ocrx_word' id='word_1_604' title='bbox 2623 3759 2802 3830; x_wconf 84' lang='lat' dir='ltr'><strong>igitur,</strong></span> <span class='ocrx_word' id='word_1_605' title='bbox 2830 3759 2880 3814; x_wconf 90' lang='lat' dir='ltr'><strong>id</strong></span> <span class='ocrx_word' id='word_1_606' title='bbox 2904 3767 3010 3826; x_wconf 89' lang='lat' dir='ltr'><strong>est,</strong></span> <span class='ocrx_word' id='word_1_607' title='bbox 3041 3757 3417 3828; x_wconf 84' lang='lat' dir='ltr'><strong>separabilium</strong></span> <span class='ocrx_word' id='word_1_608' title='bbox 3450 3756 3724 3828; x_wconf 81' lang='lat' dir='ltr'><strong>insepara-</strong></span> 
     </span>
    </p>
   </div>
   <div class='ocr_carea' id='block_1_81' title="bbox 2126 3848 3723 3923">
    <p class='ocr_par' dir='ltr' id='par_1_81' title="bbox 2126 3848 3723 3923">
     <span class='ocr_line' id='line_1_81' title="bbox 2126 3848 3723 3923; baseline -0.003 -15"><span class='ocrx_word' id='word_1_609' title='bbox 2126 3852 2427 3923; x_wconf 85' lang='lat' dir='ltr'><strong>biliumque</strong></span> <span class='ocrx_word' id='word_1_610' title='bbox 2454 3852 2880 3909; x_wconf 74' lang='lat' dir='ltr'><strong>differentiarum</strong></span> <span class='ocrx_word' id='word_1_611' title='bbox 2913 3852 3177 3908; x_wconf 87' lang='lat' dir='ltr'><strong>divisione</strong></span> <span class='ocrx_word' id='word_1_612' title='bbox 3225 3851 3396 3907; x_wconf 89' lang='lat' dir='ltr'><strong>tribus</strong></span> <span class='ocrx_word' id='word_1_613' title='bbox 3426 3851 3599 3906; x_wconf 91' lang='lat' dir='ltr'><strong>modis</strong></span> <span class='ocrx_word' id='word_1_614' title='bbox 3629 3848 3723 3904; x_wconf 55' lang='lat' dir='ltr'><strong>dif.</strong></span> 
     </span>
    </p>
   </div>
   <div class='ocr_carea' id='block_1_82' title="bbox 2127 3944 3722 4016">
    <p class='ocr_par' dir='ltr' id='par_1_82' title="bbox 2127 3944 3722 4016">
     <span class='ocr_line' id='line_1_82' title="bbox 2127 3944 3722 4016; baseline -0.004 -15"><span class='ocrx_word' id='word_1_615' title='bbox 2127 3944 2387 4002; x_wconf 82' lang='lat' dir='ltr'><strong>ferentias</strong></span> <span class='ocrx_word' id='word_1_616' title='bbox 2417 3945 2787 4016; x_wconf 71' lang='lat' dir='ltr'><strong>speculamui&#39;.</strong></span> <span class='ocrx_word' id='word_1_617' title='bbox 2817 3944 2952 3998; x_wconf 84' lang='lat' dir='ltr'><strong>Nam</strong></span> <span class='ocrx_word' id='word_1_618' title='bbox 2983 3952 3077 3998; x_wconf 89' lang='lat' dir='ltr'><strong>aut</strong></span> <span class='ocrx_word' id='word_1_619' title='bbox 3107 3945 3438 4011; x_wconf 83' lang='lat' dir='ltr'><strong>separabiles</strong></span> <span class='ocrx_word' id='word_1_620' title='bbox 3459 3953 3603 4010; x_wconf 90' lang='lat' dir='ltr'><strong>sunt,</strong></span> <span class='ocrx_word' id='word_1_621' title='bbox 3635 3951 3722 4003; x_wconf 84' lang='lat' dir='ltr'><strong>aut</strong></span> 
     </span>
    </p>
   </div>
   <div class='ocr_carea' id='block_1_83' title="bbox 2128 4033 3779 4106">
    <p class='ocr_par' dir='ltr' id='par_1_83' title="bbox 2128 4033 3779 4106">
     <span class='ocr_line' id='line_1_83' title="bbox 2128 4033 3779 4106; baseline -0.007 -13"><span class='ocrx_word' id='word_1_622' title='bbox 2128 4037 2537 4106; x_wconf 86' lang='lat' dir='ltr'><strong>iuseparabiles.</strong></span> <span class='ocrx_word' id='word_1_623' title='bbox 2565 4035 3003 4105; x_wconf 79' lang='lat' dir='ltr'><strong>lnseparabilium</strong></span> <span class='ocrx_word' id='word_1_624' title='bbox 3025 4048 3156 4089; x_wconf 91' lang='lat' dir='ltr'><strong>vero</strong></span> <span class='ocrx_word' id='word_1_625' title='bbox 3177 4045 3267 4088; x_wconf 89' lang='lat' dir='ltr'><strong>aut</strong></span> <span class='ocrx_word' id='word_1_626' title='bbox 3286 4050 3382 4105; x_wconf 90' lang='lat' dir='ltr'><strong>per</strong></span> <span class='ocrx_word' id='word_1_627' title='bbox 3397 4050 3456 4089; x_wconf 88' lang='lat' dir='ltr'><strong>se</strong></span> <span class='ocrx_word' id='word_1_628' title='bbox 3477 4033 3721 4100; x_wconf 86' lang='lat' dir='ltr'><strong>veniunt,</strong></span> <span class='ocrx_word' id='word_1_629' title='bbox 3772 4076 3779 4081; x_wconf 78' lang='lat'><strong>,</strong></span> 
     </span>
    </p>
   </div>
   <div class='ocr_carea' id='block_1_84' title="bbox 2129 4128 3724 4201">
    <p class='ocr_par' dir='ltr' id='par_1_84' title="bbox 2129 4128 3724 4201">
     <span class='ocr_line' id='line_1_84' title="bbox 2129 4128 3724 4201; baseline -0.003 -16"><span class='ocrx_word' id='word_1_630' title='bbox 2129 4140 2221 4185; x_wconf 89' lang='lat' dir='ltr'><strong>aut</strong></span> <span class='ocrx_word' id='word_1_631' title='bbox 2251 4147 2348 4201; x_wconf 90' lang='lat' dir='ltr'><strong>per</strong></span> <span class='ocrx_word' id='word_1_632' title='bbox 2376 4130 2647 4185; x_wconf 89' lang='lat' dir='ltr'><strong>accidens.</strong></span> <span class='ocrx_word' id='word_1_633' title='bbox 2676 4129 2808 4197; x_wconf 64' lang='lat' dir='ltr'><strong>Quae</strong></span> <span class='ocrx_word' id='word_1_634' title='bbox 2840 4143 2939 4199; x_wconf 90' lang='lat' dir='ltr'><strong>per</strong></span> <span class='ocrx_word' id='word_1_635' title='bbox 2966 4143 3027 4184; x_wconf 91' lang='lat' dir='ltr'><strong>se</strong></span> <span class='ocrx_word' id='word_1_636' title='bbox 3056 4128 3279 4183; x_wconf 83' lang='lat' dir='ltr'><strong>veniunt</strong></span> <span class='ocrx_word' id='word_1_637' title='bbox 3309 4128 3429 4184; x_wconf 71' lang='lat' dir='ltr'><strong>alia:</strong></span> <span class='ocrx_word' id='word_1_638' title='bbox 3459 4136 3583 4184; x_wconf 89' lang='lat' dir='ltr'><strong>sunt</strong></span> <span class='ocrx_word' id='word_1_639' title='bbox 3606 4141 3724 4197; x_wconf 70' lang='lat' dir='ltr'><strong>qua:</strong></span> 
     </span>
    </p>
   </div>
   <div class='ocr_carea' id='block_1_85' title="bbox 2128 4221 3724 4295">
    <p class='ocr_par' dir='ltr' id='par_1_85' title="bbox 2128 4221 3724 4295">
     <span class='ocr_line' id='line_1_85' title="bbox 2128 4221 3724 4295; baseline 0.001 -17"><span class='ocrx_word' id='word_1_640' title='bbox 2128 4239 2300 4295; x_wconf 90' lang='lat' dir='ltr'><strong>genus</strong></span> <span class='ocrx_word' id='word_1_641' title='bbox 2329 4224 2610 4293; x_wconf 89' lang='lat' dir='ltr'><strong>dividunt,</strong></span> <span class='ocrx_word' id='word_1_642' title='bbox 2658 4225 2779 4281; x_wconf 69' lang='lat' dir='ltr'><strong>alite</strong></span> <span class='ocrx_word' id='word_1_643' title='bbox 2807 4238 2927 4295; x_wconf 66' lang='lat' dir='ltr'><strong>quae</strong></span> <span class='ocrx_word' id='word_1_644' title='bbox 2957 4224 3194 4294; x_wconf 73' lang='lat' dir='ltr'><strong>Speciem</strong></span> <span class='ocrx_word' id='word_1_645' title='bbox 3242 4221 3536 4279; x_wconf 86' lang='lat' dir='ltr'><strong>informant</strong></span> <span class='ocrx_word' id='word_1_646' title='bbox 3566 4232 3724 4293; x_wconf 75' lang='lat' dir='ltr'><strong>atque</strong></span> 
     </span>
    </p>
   </div>
   <div class='ocr_carea' id='block_1_86' title="bbox 2128 4316 3720 4387">
    <p class='ocr_par' dir='ltr' id='par_1_86' title="bbox 2128 4316 3720 4387">
     <span class='ocr_line' id='line_1_86' title="bbox 2128 4316 3720 4387; baseline -0.004 -14"><span class='ocrx_word' id='word_1_647' title='bbox 2128 4318 2482 4374; x_wconf 90' lang='lat' dir='ltr'><strong>constituunt.</strong></span> <span class='ocrx_word' id='word_1_648' title='bbox 2513 4318 2617 4375; x_wconf 91' lang='lat' dir='ltr'><strong>Sed</strong></span> <span class='ocrx_word' id='word_1_649' title='bbox 2646 4318 2714 4374; x_wconf 90' lang='lat' dir='ltr'><strong>de</strong></span> <span class='ocrx_word' id='word_1_650' title='bbox 2764 4316 3133 4387; x_wconf 87' lang='lat' dir='ltr'><strong>superioribus</strong></span> <span class='ocrx_word' id='word_1_651' title='bbox 3183 4316 3329 4385; x_wconf 89' lang='lat' dir='ltr'><strong>prius</strong></span> <span class='ocrx_word' id='word_1_652' title='bbox 3372 4316 3572 4370; x_wconf 90' lang='lat' dir='ltr'><strong>dictum</strong></span> <span class='ocrx_word' id='word_1_653' title='bbox 3614 4323 3720 4367; x_wconf 85' lang='lat' dir='ltr'><strong>est.</strong></span> 
     </span>
    </p>
   </div>
   <div class='ocr_carea' id='block_1_87' title="bbox 2128 4408 3722 4484">
    <p class='ocr_par' dir='ltr' id='par_1_87' title="bbox 2128 4408 3722 4484">
     <span class='ocr_line' id='line_1_87' title="bbox 2128 4408 3722 4484; baseline -0.004 -17"><span class='ocrx_word' id='word_1_654' title='bbox 2128 4413 2283 4469; x_wconf 85' lang='lat' dir='ltr'><strong>Nunc</strong></span> <span class='ocrx_word' id='word_1_655' title='bbox 2317 4424 2495 4469; x_wconf 90' lang='lat' dir='ltr'><strong>autem</strong></span> <span class='ocrx_word' id='word_1_656' title='bbox 2526 4413 2594 4469; x_wconf 92' lang='lat' dir='ltr'><strong>de</strong></span> <span class='ocrx_word' id='word_1_657' title='bbox 2623 4413 2688 4469; x_wconf 93' lang='lat' dir='ltr'><strong>iis</strong></span> <span class='ocrx_word' id='word_1_658' title='bbox 2714 4428 2832 4484; x_wconf 65' lang='lat' dir='ltr'><strong>quae</strong></span> <span class='ocrx_word' id='word_1_659' title='bbox 2861 4426 3031 4483; x_wconf 87' lang='lat' dir='ltr'><strong>genus</strong></span> <span class='ocrx_word' id='word_1_660' title='bbox 3079 4410 3324 4465; x_wconf 87' lang='lat' dir='ltr'><strong>dividunt</strong></span> <span class='ocrx_word' id='word_1_661' title='bbox 3380 4419 3434 4464; x_wconf 90' lang='lat' dir='ltr'><strong>et</strong></span> <span class='ocrx_word' id='word_1_662' title='bbox 3486 4408 3722 4478; x_wconf 89' lang='lat' dir='ltr'><strong>speciem</strong></span> 
     </span>
    </p>
   </div>
   <div class='ocr_carea' id='block_1_88' title="bbox 2132 4498 3723 4571">
    <p class='ocr_par' dir='ltr' id='par_1_88' title="bbox 2132 4498 3723 4571">
     <span class='ocr_line' id='line_1_88' title="bbox 2132 4498 3723 4571; baseline -0.008 -9"><span class='ocrx_word' id='word_1_663' title='bbox 2132 4506 2470 4562; x_wconf 86' lang='lat' dir='ltr'><strong>constituunt</strong></span> <span class='ocrx_word' id='word_1_664' title='bbox 2497 4505 2849 4560; x_wconf 75' lang='lat' dir='ltr'><strong>disseramus.</strong></span> <span class='ocrx_word' id='word_1_665' title='bbox 2882 4500 3073 4559; x_wconf 73' lang='lat' dir='ltr'><strong>Omnis</strong></span> <span class='ocrx_word' id='word_1_666' title='bbox 3099 4514 3433 4571; x_wconf 69' lang='lat' dir='ltr'><strong>quaecunque</strong></span> <span class='ocrx_word' id='word_1_667' title='bbox 3478 4498 3535 4553; x_wconf 83' lang='lat' dir='ltr'><strong>fit</strong></span> <span class='ocrx_word' id='word_1_668' title='bbox 3563 4512 3723 4567; x_wconf 89' lang='lat' dir='ltr'><strong>gene-</strong></span> 
     </span>
    </p>
   </div>
   <div class='ocr_carea' id='block_1_89' title="bbox 427 4575 3724 4667">
    <p class='ocr_par' dir='ltr' id='par_1_89' title="bbox 427 4575 3724 4667">
     <span class='ocr_line' id='line_1_89' title="bbox 427 4575 3724 4667; baseline 0.002 -34"><span class='ocrx_word' id='word_1_669' title='bbox 427 4578 689 4636; x_wconf 87' lang='lat' dir='ltr'><strong>facientes</strong></span> <span class='ocrx_word' id='word_1_670' title='bbox 726 4597 846 4639; x_wconf 89' lang='lat' dir='ltr'><strong>esse</strong></span> <span class='ocrx_word' id='word_1_671' title='bbox 870 4583 1096 4647; x_wconf 90' lang='lat' dir='ltr'><strong>diceret,</strong></span> <span class='ocrx_word' id='word_1_672' title='bbox 1121 4585 1253 4642; x_wconf 89' lang='lat' dir='ltr'><strong>alias</strong></span> <span class='ocrx_word' id='word_1_673' title='bbox 1292 4587 1604 4657; x_wconf 90' lang='lat' dir='ltr'><strong>alterautes,</strong></span> <span class='ocrx_word' id='word_1_674' title='bbox 1635 4590 1871 4658; x_wconf 90' lang='lat' dir='ltr'><strong>ipsarum</strong></span> <span class='ocrx_word' id='word_1_675' title='bbox 1897 4575 2111 4647; x_wconf 51' lang='grc' dir='ltr'><strong>ται-«Β</strong></span> <span class='ocrx_word' id='word_1_676' title='bbox 2136 4615 2254 4667; x_wconf 74' lang='lat' dir='ltr'><strong>rum</strong></span> <span class='ocrx_word' id='word_1_677' title='bbox 2280 4597 2479 4653; x_wconf 85' lang='lat' dir='ltr'><strong>divisio</strong></span> <span class='ocrx_word' id='word_1_678' title='bbox 2508 4600 2561 4651; x_wconf 90' lang='lat' dir='ltr'><strong>in</strong></span> <span class='ocrx_word' id='word_1_679' title='bbox 2586 4597 2818 4667; x_wconf 76' lang='lat' dir='ltr'><strong>Species,</strong></span> <span class='ocrx_word' id='word_1_680' title='bbox 2849 4596 2894 4650; x_wconf 90' lang='lat' dir='ltr'><strong>si</strong></span> <span class='ocrx_word' id='word_1_681' title='bbox 2924 4610 3108 4651; x_wconf 88' lang='lat' dir='ltr'><strong>earum</strong></span> <span class='ocrx_word' id='word_1_682' title='bbox 3138 4594 3439 4662; x_wconf 87' lang='lat' dir='ltr'><strong>specierum</strong></span> <span class='ocrx_word' id='word_1_683' title='bbox 3466 4592 3567 4644; x_wconf 88' lang='lat' dir='ltr'><strong>alia</strong></span> <span class='ocrx_word' id='word_1_684' title='bbox 3598 4588 3724 4642; x_wconf 86' lang='lat' dir='ltr'><strong>sub-</strong></span> 
     </span>
    </p>
   </div>
   <div class='ocr_carea' id='block_1_90' title="bbox 425 4671 2019 4737">
    <p class='ocr_par' dir='ltr' id='par_1_90' title="bbox 425 4671 2019 4737">
     <span class='ocr_line' id='line_1_90' title="bbox 425 4671 2019 4737; baseline 0.008 -13"><span class='ocrx_word' id='word_1_685' title='bbox 425 4685 522 4724; x_wconf 84' lang='lat' dir='ltr'><strong>sus</strong></span> <span class='ocrx_word' id='word_1_686' title='bbox 548 4671 708 4726; x_wconf 86' lang='lat' dir='ltr'><strong>trium</strong></span> <span class='ocrx_word' id='word_1_687' title='bbox 740 4675 895 4729; x_wconf 89' lang='lat' dir='ltr'><strong>tertia</strong></span> <span class='ocrx_word' id='word_1_688' title='bbox 924 4676 1155 4730; x_wconf 88' lang='lat' dir='ltr'><strong>sumitur</strong></span> <span class='ocrx_word' id='word_1_689' title='bbox 1181 4676 1423 4731; x_wconf 80' lang='lat' dir='ltr'><strong>facienda</strong></span> <span class='ocrx_word' id='word_1_690' title='bbox 1453 4677 1666 4732; x_wconf 90' lang='lat' dir='ltr'><strong>divisio.</strong></span> <span class='ocrx_word' id='word_1_691' title='bbox 1696 4679 1835 4736; x_wconf 90' lang='lat' dir='ltr'><strong>Dicit</strong></span> <span class='ocrx_word' id='word_1_692' title='bbox 1870 4683 2019 4737; x_wconf 89' lang='lat' dir='ltr'><strong>enim</strong></span> 
     </span>
    </p>
   </div>
   <div class='ocr_carea' id='block_1_91' title="bbox 427 4762 2018 4842">
    <p class='ocr_par' dir='ltr' id='par_1_91' title="bbox 427 4762 2018 4842">
     <span class='ocr_line' id='line_1_91' title="bbox 427 4762 2018 4842; baseline 0.009 -27"><span class='ocrx_word' id='word_1_693' title='bbox 427 4762 562 4817; x_wconf 86' lang='lat' dir='ltr'><strong>alias</strong></span> <span class='ocrx_word' id='word_1_694' title='bbox 589 4777 709 4820; x_wconf 88' lang='lat' dir='ltr'><strong>esse</strong></span> <span class='ocrx_word' id='word_1_695' title='bbox 738 4767 1087 4835; x_wconf 89' lang='lat' dir='ltr'><strong>separabiles,</strong></span> <span class='ocrx_word' id='word_1_696' title='bbox 1119 4768 1251 4824; x_wconf 90' lang='lat' dir='ltr'><strong>alias</strong></span> <span class='ocrx_word' id='word_1_697' title='bbox 1278 4770 1687 4842; x_wconf 90' lang='lat' dir='ltr'><strong>inseparabiles,</strong></span> <span class='ocrx_word' id='word_1_698' title='bbox 1718 4785 1769 4829; x_wconf 92' lang='lat' dir='ltr'><strong>et</strong></span> <span class='ocrx_word' id='word_1_699' title='bbox 1790 4777 1930 4830; x_wconf 92' lang='lat' dir='ltr'><strong>sicut</strong></span> <span class='ocrx_word' id='word_1_700' title='bbox 1960 4777 2018 4830; x_wconf 90' lang='lat' dir='ltr'><strong>in</strong></span> 
     </span>
    </p>
   </div>
   <div class='ocr_carea' id='block_1_92' title="bbox 426 4858 2016 4927">
    <p class='ocr_par' dir='ltr' id='par_1_92' title="bbox 426 4858 2016 4927">
     <span class='ocr_line' id='line_1_92' title="bbox 426 4858 2016 4927; baseline 0.008 -17"><span class='ocrx_word' id='word_1_701' title='bbox 426 4858 607 4927; x_wconf 90' lang='lat' dir='ltr'><strong>priore</strong></span> <span class='ocrx_word' id='word_1_702' title='bbox 656 4859 919 4916; x_wconf 88' lang='lat' dir='ltr'><strong>divisione</strong></span> <span class='ocrx_word' id='word_1_703' title='bbox 980 4862 1261 4918; x_wconf 90' lang='lat' dir='ltr'><strong>alteratum</strong></span> <span class='ocrx_word' id='word_1_704' title='bbox 1308 4863 1565 4922; x_wconf 87' lang='lat' dir='ltr'><strong>facientes</strong></span> <span class='ocrx_word' id='word_1_705' title='bbox 1623 4867 1743 4923; x_wconf 69' lang='lat' dir='ltr'><strong>dum</strong></span> <span class='ocrx_word' id='word_1_706' title='bbox 1800 4868 2016 4926; x_wconf 84' lang='lat' dir='ltr'><strong>fuerunt</strong></span> 
     </span>
    </p>
   </div>
   <div class='ocr_carea' id='block_1_93' title="bbox 425 4956 2017 5034">
    <p class='ocr_par' dir='ltr' id='par_1_93' title="bbox 425 4956 2017 5034">
     <span class='ocr_line' id='line_1_93' title="bbox 425 4956 2017 5034; baseline 0.01 -31"><span class='ocrx_word' id='word_1_707' title='bbox 425 4965 740 5007; x_wconf 86' lang='lat' dir='ltr'><strong>communes</strong></span> <span class='ocrx_word' id='word_1_708' title='bbox 784 4963 837 5009; x_wconf 90' lang='lat' dir='ltr'><strong>et</strong></span> <span class='ocrx_word' id='word_1_709' title='bbox 862 4956 1125 5024; x_wconf 75' lang='lat' dir='ltr'><strong>propriae,</strong></span> <span class='ocrx_word' id='word_1_710' title='bbox 1170 4958 1285 5013; x_wconf 89' lang='lat' dir='ltr'><strong>sola</strong></span> <span class='ocrx_word' id='word_1_711' title='bbox 1313 4974 1445 5015; x_wconf 89' lang='lat' dir='ltr'><strong>vero</strong></span> <span class='ocrx_word' id='word_1_712' title='bbox 1475 4962 1646 5032; x_wconf 84' lang='lat' dir='ltr'><strong>magis</strong></span> <span class='ocrx_word' id='word_1_713' title='bbox 1685 4965 1899 5034; x_wconf 90' lang='lat' dir='ltr'><strong>propria</strong></span> <span class='ocrx_word' id='word_1_714' title='bbox 1928 4980 2017 5020; x_wconf 85' lang='lat' dir='ltr'><strong>re-</strong></span> 
     </span>
    </p>
   </div>
   <div class='ocr_carea' id='block_1_94' title="bbox 425 5048 2014 5118">
    <p class='ocr_par' dir='ltr' id='par_1_94' title="bbox 425 5048 2014 5118">
     <span class='ocr_line' id='line_1_94' title="bbox 425 5048 2014 5118; baseline 0.009 -23"><span class='ocrx_word' id='word_1_715' title='bbox 425 5052 699 5098; x_wconf 88' lang='lat' dir='ltr'><strong>manserat</strong></span> <span class='ocrx_word' id='word_1_716' title='bbox 742 5061 862 5115; x_wconf 77' lang='lat' dir='ltr'><strong>qme</strong></span> <span class='ocrx_word' id='word_1_717' title='bbox 891 5048 1123 5104; x_wconf 90' lang='lat' dir='ltr'><strong>alterum</strong></span> <span class='ocrx_word' id='word_1_718' title='bbox 1168 5050 1425 5118; x_wconf 87' lang='lat' dir='ltr'><strong>faciebat,</strong></span> <span class='ocrx_word' id='word_1_719' title='bbox 1457 5052 1645 5108; x_wconf 89' lang='lat' dir='ltr'><strong>eodem</strong></span> <span class='ocrx_word' id='word_1_720' title='bbox 1679 5071 1821 5110; x_wconf 92' lang='lat' dir='ltr'><strong>nunc</strong></span> <span class='ocrx_word' id='word_1_721' title='bbox 1844 5056 2014 5111; x_wconf 87' lang='lat' dir='ltr'><strong>etiam</strong></span> 
     </span>
    </p>
   </div>
   <div class='ocr_carea' id='block_1_95' title="bbox 426 5134 2020 5214">
    <p class='ocr_par' dir='ltr' id='par_1_95' title="bbox 426 5134 2020 5214">
     <span class='ocr_line' id='line_1_95' title="bbox 426 5134 2020 5214; baseline 0.011 -28"><span class='ocrx_word' id='word_1_722' title='bbox 426 5134 587 5189; x_wconf 85' lang='lat' dir='ltr'><strong>modo</strong></span> <span class='ocrx_word' id='word_1_723' title='bbox 611 5136 661 5189; x_wconf 91' lang='lat' dir='ltr'><strong>in</strong></span> <span class='ocrx_word' id='word_1_724' title='bbox 686 5140 1075 5207; x_wconf 88' lang='lat' dir='ltr'><strong>separabilibus</strong></span> <span class='ocrx_word' id='word_1_725' title='bbox 1099 5152 1153 5198; x_wconf 92' lang='lat' dir='ltr'><strong>et</strong></span> <span class='ocrx_word' id='word_1_726' title='bbox 1182 5142 1236 5197; x_wconf 90' lang='lat' dir='ltr'><strong>in</strong></span> <span class='ocrx_word' id='word_1_727' title='bbox 1268 5144 1745 5214; x_wconf 85' lang='lat' dir='ltr'><strong>inseparabilibus:</strong></span> <span class='ocrx_word' id='word_1_728' title='bbox 1772 5164 2020 5203; x_wconf 80' lang='lat' dir='ltr'><strong>commu—</strong></span> 
     </span>
    </p>
   </div>
   <div class='ocr_carea' id='block_1_96' title="bbox 427 5227 2021 5311">
    <p class='ocr_par' dir='ltr' id='par_1_96' title="bbox 427 5227 2021 5311">
     <span class='ocr_line' id='line_1_96' title="bbox 427 5227 2021 5311; baseline 0.013 -34"><span class='ocrx_word' id='word_1_729' title='bbox 427 5227 513 5279; x_wconf 90' lang='lat' dir='ltr'><strong>nis</strong></span> <span class='ocrx_word' id='word_1_730' title='bbox 532 5236 737 5282; x_wconf 87' lang='lat' dir='ltr'><strong>tantum</strong></span> <span class='ocrx_word' id='word_1_731' title='bbox 785 5233 1099 5300; x_wconf 85' lang='lat' dir='ltr'><strong>separabilis</strong></span> <span class='ocrx_word' id='word_1_732' title='bbox 1135 5235 1433 5291; x_wconf 75' lang='lat' dir='ltr'><strong>differentia</strong></span> <span class='ocrx_word' id='word_1_733' title='bbox 1463 5248 1575 5304; x_wconf 88' lang='lat' dir='ltr'><strong>est,</strong></span> <span class='ocrx_word' id='word_1_734' title='bbox 1608 5248 1835 5311; x_wconf 85' lang='lat' dir='ltr'><strong>utraque</strong></span> <span class='ocrx_word' id='word_1_735' title='bbox 1859 5242 2021 5308; x_wconf 69' lang='lat' dir='ltr'><strong>alite,</strong></span> 
     </span>
    </p>
   </div>
   <div class='ocr_carea' id='block_1_97' title="bbox 428 5322 2019 5406">
    <p class='ocr_par' dir='ltr' id='par_1_97' title="bbox 428 5322 2019 5406">
     <span class='ocr_line' id='line_1_97' title="bbox 428 5322 2019 5406; baseline 0.015 -36"><span class='ocrx_word' id='word_1_736' title='bbox 428 5327 488 5370; x_wconf 91' lang='lat' dir='ltr'><strong>ut</strong></span> <span class='ocrx_word' id='word_1_737' title='bbox 512 5322 726 5374; x_wconf 73' lang='lat' dir='ltr'><strong>caecitas</strong></span> <span class='ocrx_word' id='word_1_738' title='bbox 758 5324 1060 5393; x_wconf 89' lang='lat' dir='ltr'><strong>oculorum,</strong></span> <span class='ocrx_word' id='word_1_739' title='bbox 1086 5328 1169 5382; x_wconf 93' lang='lat' dir='ltr'><strong>vel</strong></span> <span class='ocrx_word' id='word_1_740' title='bbox 1200 5328 1332 5381; x_wconf 87' lang='lat' dir='ltr'><strong>ﬂava</strong></span> <span class='ocrx_word' id='word_1_741' title='bbox 1363 5332 1629 5397; x_wconf 87' lang='lat' dir='ltr'><strong>caesaries,</strong></span> <span class='ocrx_word' id='word_1_742' title='bbox 1658 5335 1739 5389; x_wconf 91' lang='lat' dir='ltr'><strong>vel</strong></span> <span class='ocrx_word' id='word_1_743' title='bbox 1767 5338 2019 5406; x_wconf 83' lang='lat' dir='ltr'><strong>corporis</strong></span> 
     </span>
    </p>
   </div>
   <div class='ocr_carea' id='block_1_98' title="bbox 425 5412 2021 5490">
    <p class='ocr_par' dir='ltr' id='par_1_98' title="bbox 425 5412 2021 5490">
     <span class='ocr_line' id='line_1_98' title="bbox 425 5412 2021 5490; baseline 0.018 -29"><span class='ocrx_word' id='word_1_744' title='bbox 425 5412 751 5477; x_wconf 89' lang='lat' dir='ltr'><strong>proceritas,</strong></span> <span class='ocrx_word' id='word_1_745' title='bbox 784 5429 905 5484; x_wconf 74' lang='lat' dir='ltr'><strong>quze</strong></span> <span class='ocrx_word' id='word_1_746' title='bbox 945 5425 1070 5471; x_wconf 87' lang='lat' dir='ltr'><strong>sunt</strong></span> <span class='ocrx_word' id='word_1_747' title='bbox 1110 5421 1339 5488; x_wconf 86' lang='lat' dir='ltr'><strong>propriae</strong></span> <span class='ocrx_word' id='word_1_748' title='bbox 1367 5421 1715 5490; x_wconf 69' lang='lat' dir='ltr'><strong>differentiae;</strong></span> <span class='ocrx_word' id='word_1_749' title='bbox 1749 5429 1833 5484; x_wconf 91' lang='lat' dir='ltr'><strong>vel</strong></span> <span class='ocrx_word' id='word_1_750' title='bbox 1863 5442 2021 5489; x_wconf 69' lang='lat' dir='ltr'><strong>certe</strong></span> 
     </span>
    </p>
   </div>
   <div class='ocr_carea' id='block_1_99' title="bbox 420 5502 2017 5593">
    <p class='ocr_par' dir='ltr' id='par_1_99' title="bbox 420 5502 2017 5593">
     <span class='ocr_line' id='line_1_99' title="bbox 420 5502 2017 5593; baseline 0.018 -42"><span class='ocrx_word' id='word_1_751' title='bbox 420 5502 833 5593; x_wconf 83' lang='lat' dir='ltr'><strong>rationabilitas,</strong></span> <span class='ocrx_word' id='word_1_752' title='bbox 858 5507 939 5561; x_wconf 88' lang='lat' dir='ltr'><strong>vel</strong></span> <span class='ocrx_word' id='word_1_753' title='bbox 965 5510 1279 5574; x_wconf 83' lang='lat' dir='ltr'><strong>mortalitas,</strong></span> <span class='ocrx_word' id='word_1_754' title='bbox 1300 5529 1421 5581; x_wconf 73' lang='lat' dir='ltr'><strong>qua:</strong></span> <span class='ocrx_word' id='word_1_755' title='bbox 1442 5526 1564 5569; x_wconf 90' lang='lat' dir='ltr'><strong>sunt</strong></span> <span class='ocrx_word' id='word_1_756' title='bbox 1589 5520 1755 5587; x_wconf 86' lang='lat' dir='ltr'><strong>magis</strong></span> <span class='ocrx_word' id='word_1_757' title='bbox 1777 5525 2017 5593; x_wconf 61' lang='lat' dir='ltr'><strong>propriae</strong></span> 
     </span>
    </p>
   </div>
   <div class='ocr_carea' id='block_1_100' title="bbox 417 5592 2016 5683">
    <p class='ocr_par' dir='ltr' id='par_1_100' title="bbox 417 5592 2016 5683">
     <span class='ocr_line' id='line_1_100' title="bbox 417 5592 2016 5683; baseline 0.014 -36"><span class='ocrx_word' id='word_1_758' title='bbox 417 5592 739 5650; x_wconf 80' lang='lat' dir='ltr'><strong>differentia:</strong></span> <span class='ocrx_word' id='word_1_759' title='bbox 760 5639 774 5655; x_wconf 96' lang='lat'><strong>.</strong></span> <span class='ocrx_word' id='word_1_760' title='bbox 809 5614 912 5652; x_wconf 87' lang='lat' dir='ltr'><strong>non</strong></span> <span class='ocrx_word' id='word_1_761' title='bbox 958 5612 1178 5669; x_wconf 89' lang='lat' dir='ltr'><strong>possunt</strong></span> <span class='ocrx_word' id='word_1_762' title='bbox 1223 5620 1453 5674; x_wconf 90' lang='lat' dir='ltr'><strong>unquam</strong></span> <span class='ocrx_word' id='word_1_763' title='bbox 1475 5608 1543 5662; x_wconf 91' lang='lat' dir='ltr'><strong>ab</strong></span> <span class='ocrx_word' id='word_1_764' title='bbox 1570 5607 1799 5667; x_wconf 89' lang='lat' dir='ltr'><strong>hominis</strong></span> <span class='ocrx_word' id='word_1_765' title='bbox 1826 5592 2016 5683; x_wconf 79' lang='lat' dir='ltr'><strong>specie</strong></span> 
     </span>
    </p>
   </div>
   <div class='ocr_carea' id='block_1_101' title="bbox 414 5690 2013 5772">
    <p class='ocr_par' dir='ltr' id='par_1_101' title="bbox 414 5690 2013 5772">
     <span class='ocr_line' id='line_1_101' title="bbox 414 5690 2013 5772; baseline 0.013 -31"><span class='ocrx_word' id='word_1_766' title='bbox 414 5691 711 5757; x_wconf 75' lang='lat' dir='ltr'><strong>segregari.</strong></span> <span class='ocrx_word' id='word_1_767' title='bbox 747 5690 951 5747; x_wconf 89' lang='lat' dir='ltr'><strong>Sedere</strong></span> <span class='ocrx_word' id='word_1_768' title='bbox 998 5709 1127 5748; x_wconf 84' lang='lat' dir='ltr'><strong>vero</strong></span> <span class='ocrx_word' id='word_1_769' title='bbox 1159 5697 1240 5750; x_wconf 88' lang='lat' dir='ltr'><strong>vel</strong></span> <span class='ocrx_word' id='word_1_770' title='bbox 1268 5713 1519 5761; x_wconf 88' lang='lat' dir='ltr'><strong>currere.</strong></span> <span class='ocrx_word' id='word_1_771' title='bbox 1547 5716 1665 5772; x_wconf 82' lang='lat' dir='ltr'><strong>quae</strong></span> <span class='ocrx_word' id='word_1_772' title='bbox 1694 5718 2013 5764; x_wconf 84' lang='lat' dir='ltr'><strong>communes</strong></span> 
     </span>
    </p>
   </div>
   <div class='ocr_carea' id='block_1_102' title="bbox 415 5788 2006 5861">
    <p class='ocr_par' dir='ltr' id='par_1_102' title="bbox 415 5788 2006 5861">
     <span class='ocr_line' id='line_1_102' title="bbox 415 5788 2006 5861; baseline 0.013 -27"><span class='ocrx_word' id='word_1_773' title='bbox 415 5789 567 5847; x_wconf 80' lang='lat' dir='ltr'><strong>sunt,</strong></span> <span class='ocrx_word' id='word_1_774' title='bbox 595 5796 914 5854; x_wconf 85' lang='lat' dir='ltr'><strong>separantur</strong></span> <span class='ocrx_word' id='word_1_775' title='bbox 943 5801 970 5837; x_wconf 69' lang='grc' dir='ltr'>τι</span> <span class='ocrx_word' id='word_1_776' title='bbox 1001 5788 1243 5858; x_wconf 84' lang='lat' dir='ltr'><strong>singulis,</strong></span> <span class='ocrx_word' id='word_1_777' title='bbox 1276 5802 1329 5846; x_wconf 87' lang='lat' dir='ltr'><strong>et</strong></span> <span class='ocrx_word' id='word_1_778' title='bbox 1350 5792 1477 5848; x_wconf 90' lang='lat' dir='ltr'><strong>item</strong></span> <span class='ocrx_word' id='word_1_779' title='bbox 1510 5809 1695 5851; x_wconf 89' lang='lat' dir='ltr'><strong>rursus</strong></span> <span class='ocrx_word' id='word_1_780' title='bbox 1716 5796 2006 5861; x_wconf 79' lang='lat' dir='ltr'><strong>adduntur.</strong></span> 
     </span>
    </p>
   </div>
   <div class='ocr_carea' id='block_1_103' title="bbox 1988 5876 2034 5915">
    <p class='ocr_par' dir='ltr' id='par_1_103' title="bbox 1988 5876 2034 5915">
     <span class='ocr_line' id='line_1_103' title="bbox 1988 5876 2034 5915; baseline 0 0"><span class='ocrx_word' id='word_1_781' title='bbox 1988 5876 2034 5915; x_wconf 68' lang='grc' dir='ltr'><em>ν’</em></span> 
     </span>
    </p>
   </div>
   <div class='ocr_carea' id='block_1_104' title="bbox 2133 4681 3721 4758">
    <p class='ocr_par' dir='ltr' id='par_1_104' title="bbox 2133 4681 3721 4758">
     <span class='ocr_line' id='line_1_104' title="bbox 2133 4681 3721 4758; baseline -0.007 -13"><span class='ocrx_word' id='word_1_782' title='bbox 2133 4691 2331 4745; x_wconf 85' lang='lat' dir='ltr'><strong>divisio</strong></span> <span class='ocrx_word' id='word_1_783' title='bbox 2368 4691 2477 4754; x_wconf 87' lang='lat' dir='ltr'><strong>fiat,</strong></span> <span class='ocrx_word' id='word_1_784' title='bbox 2510 4700 2564 4745; x_wconf 89' lang='lat' dir='ltr'><strong>et</strong></span> <span class='ocrx_word' id='word_1_785' title='bbox 2590 4703 2620 4741; x_wconf 90' lang='lat' dir='ltr'><strong>a</strong></span> <span class='ocrx_word' id='word_1_786' title='bbox 2649 4688 2821 4758; x_wconf 90' lang='lat' dir='ltr'><strong>magis</strong></span> <span class='ocrx_word' id='word_1_787' title='bbox 2842 4686 3131 4755; x_wconf 82' lang='lat' dir='ltr'><strong>generibus</strong></span> <span class='ocrx_word' id='word_1_788' title='bbox 3176 4698 3275 4753; x_wconf 89' lang='lat' dir='ltr'><strong>per</strong></span> <span class='ocrx_word' id='word_1_789' title='bbox 3305 4681 3607 4737; x_wconf 86' lang='lat' dir='ltr'><strong>subalterua</strong></span> <span class='ocrx_word' id='word_1_790' title='bbox 3633 4694 3721 4749; x_wconf 83' lang='lat' dir='ltr'><strong>ge-</strong></span> 
     </span>
    </p>
   </div>
   <div class='ocr_carea' id='block_1_105' title="bbox 2132 4773 3723 4851">
    <p class='ocr_par' dir='ltr' id='par_1_105' title="bbox 2132 4773 3723 4851">
     <span class='ocr_line' id='line_1_105' title="bbox 2132 4773 3723 4851; baseline -0.007 -13"><span class='ocrx_word' id='word_1_791' title='bbox 2132 4798 2264 4838; x_wconf 90' lang='lat' dir='ltr'><strong>nera</strong></span> <span class='ocrx_word' id='word_1_792' title='bbox 2294 4796 2461 4851; x_wconf 88' lang='lat' dir='ltr'><strong>usque</strong></span> <span class='ocrx_word' id='word_1_793' title='bbox 2489 4779 2556 4834; x_wconf 93' lang='lat' dir='ltr'><strong>ad</strong></span> <span class='ocrx_word' id='word_1_794' title='bbox 2589 4779 2759 4848; x_wconf 89' lang='lat' dir='ltr'><strong>magis</strong></span> <span class='ocrx_word' id='word_1_795' title='bbox 2788 4777 2997 4849; x_wconf 88' lang='lat' dir='ltr'><strong>species</strong></span> <span class='ocrx_word' id='word_1_796' title='bbox 3044 4775 3383 4846; x_wconf 74' lang='lat' dir='ltr'><strong>decurratur,</strong></span> <span class='ocrx_word' id='word_1_797' title='bbox 3414 4773 3621 4844; x_wconf 84' lang='lat' dir='ltr'><strong>gemina</strong></span> <span class='ocrx_word' id='word_1_798' title='bbox 3670 4773 3723 4827; x_wconf 90' lang='lat' dir='ltr'><strong>in</strong></span> 
     </span>
    </p>
   </div>
   <div class='ocr_carea' id='block_1_106' title="bbox 2071 4864 3722 4945">
    <p class='ocr_par' dir='ltr' id='par_1_106' title="bbox 2071 4864 3722 4945">
     <span class='ocr_line' id='line_1_106' title="bbox 2071 4864 3722 4945; baseline -0.008 -14"><span class='ocrx_word' id='word_1_799' title='bbox 2071 4892 2082 4905; x_wconf 72' lang='grc' dir='ltr'><strong><em>ο</em></strong></span> <span class='ocrx_word' id='word_1_800' title='bbox 2132 4876 2218 4932; x_wconf 86' lang='lat' dir='ltr'><strong>his</strong></span> <span class='ocrx_word' id='word_1_801' title='bbox 2241 4876 2342 4931; x_wconf 89' lang='lat' dir='ltr'><strong>erit</strong></span> <span class='ocrx_word' id='word_1_802' title='bbox 2372 4874 2678 4945; x_wconf 85' lang='lat' dir='ltr'><strong>duplexque</strong></span> <span class='ocrx_word' id='word_1_803' title='bbox 2705 4872 2920 4927; x_wconf 89' lang='lat' dir='ltr'><strong>divisio.</strong></span> <span class='ocrx_word' id='word_1_804' title='bbox 2949 4870 3194 4939; x_wconf 87' lang='lat' dir='ltr'><strong>Namque</strong></span> <span class='ocrx_word' id='word_1_805' title='bbox 3222 4870 3264 4922; x_wconf 92' lang='lat' dir='ltr'><strong>si</strong></span> <span class='ocrx_word' id='word_1_806' title='bbox 3293 4866 3594 4923; x_wconf 89' lang='lat' dir='ltr'><strong>contrarias</strong></span> <span class='ocrx_word' id='word_1_807' title='bbox 3623 4864 3722 4918; x_wconf 84' lang='lat' dir='ltr'><strong>dif-</strong></span> 
     </span>
    </p>
   </div>
   <div class='ocr_carea' id='block_1_107' title="bbox 2134 4958 3721 5036">
    <p class='ocr_par' dir='ltr' id='par_1_107' title="bbox 2134 4958 3721 5036">
     <span class='ocr_line' id='line_1_107' title="bbox 2134 4958 3721 5036; baseline -0.009 -12"><span class='ocrx_word' id='word_1_808' title='bbox 2134 4968 2391 5024; x_wconf 88' lang='lat' dir='ltr'><strong>ferentias</strong></span> <span class='ocrx_word' id='word_1_809' title='bbox 2430 4966 2712 5036; x_wconf 90' lang='lat' dir='ltr'><strong>respicias,</strong></span> <span class='ocrx_word' id='word_1_810' title='bbox 2736 4978 2996 5036; x_wconf 82' lang='lat' dir='ltr'><strong>generum</strong></span> <span class='ocrx_word' id='word_1_811' title='bbox 3029 4973 3112 5018; x_wconf 91' lang='lat' dir='ltr'><strong>est</strong></span> <span class='ocrx_word' id='word_1_812' title='bbox 3136 4961 3350 5017; x_wconf 86' lang='lat' dir='ltr'><strong>divisio.</strong></span> <span class='ocrx_word' id='word_1_813' title='bbox 3381 4960 3436 5016; x_wconf 88' lang='lat' dir='ltr'><strong>Si</strong></span> <span class='ocrx_word' id='word_1_814' title='bbox 3466 4958 3721 5014; x_wconf 89' lang='lat' dir='ltr'><strong>subalter-</strong></span> 
     </span>
    </p>
   </div>
   <div class='ocr_carea' id='block_1_108' title="bbox 2134 5049 3721 5129">
    <p class='ocr_par' dir='ltr' id='par_1_108' title="bbox 2134 5049 3721 5129">
     <span class='ocr_line' id='line_1_108' title="bbox 2134 5049 3721 5129; baseline -0.009 -13"><span class='ocrx_word' id='word_1_815' title='bbox 2134 5076 2329 5116; x_wconf 90' lang='lat' dir='ltr'><strong>norum</strong></span> <span class='ocrx_word' id='word_1_816' title='bbox 2359 5074 2617 5129; x_wconf 87' lang='lat' dir='ltr'><strong>generum</strong></span> <span class='ocrx_word' id='word_1_817' title='bbox 2649 5059 2739 5126; x_wconf 87' lang='lat' dir='ltr'><strong>sit,</strong></span> <span class='ocrx_word' id='word_1_818' title='bbox 2788 5058 3088 5129; x_wconf 90' lang='lat' dir='ltr'><strong>specierum</strong></span> <span class='ocrx_word' id='word_1_819' title='bbox 3132 5055 3462 5109; x_wconf 85' lang='lat' dir='ltr'><strong>constitutio.</strong></span> <span class='ocrx_word' id='word_1_820' title='bbox 3494 5050 3547 5104; x_wconf 91' lang='lat' dir='ltr'><strong>Si</strong></span> <span class='ocrx_word' id='word_1_821' title='bbox 3578 5049 3721 5103; x_wconf 85' lang='lat' dir='ltr'><strong>enim</strong></span> 
     </span>
    </p>
   </div>
   <div class='ocr_carea' id='block_1_109' title="bbox 2129 5138 3722 5223">
    <p class='ocr_par' dir='ltr' id='par_1_109' title="bbox 2129 5138 3722 5223">
     <span class='ocr_line' id='line_1_109' title="bbox 2129 5138 3722 5223; baseline -0.009 -17"><span class='ocrx_word' id='word_1_822' title='bbox 2129 5165 2299 5223; x_wconf 87' lang='lat' dir='ltr'><strong>genus</strong></span> <span class='ocrx_word' id='word_1_823' title='bbox 2353 5151 2692 5217; x_wconf 86' lang='lat' dir='ltr'><strong>dividamus,</strong></span> <span class='ocrx_word' id='word_1_824' title='bbox 2739 5148 2792 5203; x_wconf 95' lang='lat' dir='ltr'><strong>id</strong></span> <span class='ocrx_word' id='word_1_825' title='bbox 2836 5156 2921 5203; x_wconf 82' lang='lat' dir='ltr'><strong>est</strong></span> <span class='ocrx_word' id='word_1_826' title='bbox 2968 5146 3361 5207; x_wconf 83' lang='lat' dir='ltr'><strong>substantiam,</strong></span> <span class='ocrx_word' id='word_1_827' title='bbox 3415 5150 3472 5193; x_wconf 88' lang='lat' dir='ltr'><strong>ut</strong></span> <span class='ocrx_word' id='word_1_828' title='bbox 3520 5139 3628 5207; x_wconf 86' lang='lat' dir='ltr'><strong>jam</strong></span> <span class='ocrx_word' id='word_1_829' title='bbox 3671 5138 3722 5197; x_wconf 89' lang='lat' dir='ltr'><strong>in</strong></span> 
     </span>
    </p>
   </div>
   <div class='ocr_carea' id='block_1_110' title="bbox 2129 5233 3722 5315">
    <p class='ocr_par' dir='ltr' id='par_1_110' title="bbox 2129 5233 3722 5315">
     <span class='ocr_line' id='line_1_110' title="bbox 2129 5233 3722 5315; baseline -0.008 -14"><span class='ocrx_word' id='word_1_830' title='bbox 2129 5245 2330 5314; x_wconf 91' lang='lat' dir='ltr'><strong>speciei</strong></span> <span class='ocrx_word' id='word_1_831' title='bbox 2377 5243 2740 5315; x_wconf 80' lang='lat' dir='ltr'><strong>diSputatione</strong></span> <span class='ocrx_word' id='word_1_832' title='bbox 2770 5242 2940 5297; x_wconf 90' lang='lat' dir='ltr'><strong>divisa</strong></span> <span class='ocrx_word' id='word_1_833' title='bbox 2983 5251 3085 5302; x_wconf 89' lang='lat' dir='ltr'><strong>est,</strong></span> <span class='ocrx_word' id='word_1_834' title='bbox 3126 5247 3177 5293; x_wconf 92' lang='lat' dir='ltr'><strong>et</strong></span> <span class='ocrx_word' id='word_1_835' title='bbox 3226 5238 3302 5290; x_wconf 89' lang='lat' dir='ltr'><strong>sic</strong></span> <span class='ocrx_word' id='word_1_836' title='bbox 3336 5243 3391 5288; x_wconf 93' lang='lat' dir='ltr'><strong>ut</strong></span> <span class='ocrx_word' id='word_1_837' title='bbox 3427 5233 3722 5289; x_wconf 83' lang='lat' dir='ltr'><strong>substantia</strong></span> 
     </span>
    </p>
   </div>
   <div class='ocr_carea' id='block_1_111' title="bbox 2131 5331 3721 5408">
    <p class='ocr_par' dir='ltr' id='par_1_111' title="bbox 2131 5331 3721 5408">
     <span class='ocr_line' id='line_1_111' title="bbox 2131 5331 3721 5408; baseline -0.009 -12"><span class='ocrx_word' id='word_1_838' title='bbox 2131 5342 2202 5396; x_wconf 91' lang='lat' dir='ltr'><strong>sit</strong></span> <span class='ocrx_word' id='word_1_839' title='bbox 2251 5355 2457 5395; x_wconf 89' lang='lat' dir='ltr'><strong>summa</strong></span> <span class='ocrx_word' id='word_1_840' title='bbox 2509 5347 2630 5408; x_wconf 91' lang='lat' dir='ltr'><strong>post</strong></span> <span class='ocrx_word' id='word_1_841' title='bbox 2677 5335 3051 5398; x_wconf 87' lang='lat' dir='ltr'><strong>substantiam,</strong></span> <span class='ocrx_word' id='word_1_842' title='bbox 3079 5331 3374 5384; x_wconf 85' lang='lat' dir='ltr'><strong>animatum</strong></span> <span class='ocrx_word' id='word_1_843' title='bbox 3420 5342 3614 5398; x_wconf 89' lang='lat' dir='ltr'><strong>corpus</strong></span> <span class='ocrx_word' id='word_1_844' title='bbox 3667 5335 3721 5382; x_wconf 89' lang='lat' dir='ltr'><strong>et</strong></span> 
     </span>
    </p>
   </div>
   <div class='ocr_carea' id='block_1_112' title="bbox 2132 5422 3721 5500">
    <p class='ocr_par' dir='ltr' id='par_1_112' title="bbox 2132 5422 3721 5500">
     <span class='ocr_line' id='line_1_112' title="bbox 2132 5422 3721 5500; baseline -0.008 -11"><span class='ocrx_word' id='word_1_845' title='bbox 2132 5436 2515 5500; x_wconf 88' lang='lat' dir='ltr'><strong>inanimatum;</strong></span> <span class='ocrx_word' id='word_1_846' title='bbox 2549 5433 2648 5487; x_wconf 91' lang='lat' dir='ltr'><strong>sub</strong></span> <span class='ocrx_word' id='word_1_847' title='bbox 2671 5431 2908 5485; x_wconf 89' lang='lat' dir='ltr'><strong>animato</strong></span> <span class='ocrx_word' id='word_1_848' title='bbox 2938 5440 3165 5495; x_wconf 91' lang='lat' dir='ltr'><strong>corpore</strong></span> <span class='ocrx_word' id='word_1_849' title='bbox 3188 5422 3444 5480; x_wconf 88' lang='lat' dir='ltr'><strong>sensibile</strong></span> <span class='ocrx_word' id='word_1_850' title='bbox 3466 5434 3515 5476; x_wconf 92' lang='lat' dir='ltr'><strong>et</strong></span> <span class='ocrx_word' id='word_1_851' title='bbox 3546 5424 3721 5477; x_wconf 85' lang='lat' dir='ltr'><strong>insen-</strong></span> 
     </span>
    </p>
   </div>
   <div class='ocr_carea' id='block_1_113' title="bbox 2138 5514 3723 5592">
    <p class='ocr_par' dir='ltr' id='par_1_113' title="bbox 2138 5514 3723 5592">
     <span class='ocr_line' id='line_1_113' title="bbox 2138 5514 3723 5592; baseline -0.008 -11"><span class='ocrx_word' id='word_1_852' title='bbox 2138 5528 2339 5592; x_wconf 89' lang='lat' dir='ltr'><strong>sibile;</strong></span> <span class='ocrx_word' id='word_1_853' title='bbox 2392 5527 2493 5581; x_wconf 91' lang='lat' dir='ltr'><strong>sub</strong></span> <span class='ocrx_word' id='word_1_854' title='bbox 2519 5523 2789 5586; x_wconf 89' lang='lat' dir='ltr'><strong>sensibili,</strong></span> <span class='ocrx_word' id='word_1_855' title='bbox 2831 5521 2882 5575; x_wconf 94' lang='lat' dir='ltr'><strong>id</strong></span> <span class='ocrx_word' id='word_1_856' title='bbox 2932 5528 3015 5574; x_wconf 91' lang='lat' dir='ltr'><strong>est</strong></span> <span class='ocrx_word' id='word_1_857' title='bbox 3058 5518 3311 5584; x_wconf 80' lang='lat' dir='ltr'><strong>animali,</strong></span> <span class='ocrx_word' id='word_1_858' title='bbox 3364 5514 3624 5570; x_wconf 90' lang='lat' dir='ltr'><strong>rationale</strong></span> <span class='ocrx_word' id='word_1_859' title='bbox 3672 5525 3723 5570; x_wconf 88' lang='lat' dir='ltr'><strong>et</strong></span> 
     </span>
    </p>
   </div>
   <div class='ocr_carea' id='block_1_114' title="bbox 2135 5608 3723 5684">
    <p class='ocr_par' dir='ltr' id='par_1_114' title="bbox 2135 5608 3723 5684">
     <span class='ocr_line' id='line_1_114' title="bbox 2135 5608 3723 5684; baseline -0.008 -9"><span class='ocrx_word' id='word_1_860' title='bbox 2135 5619 2477 5684; x_wconf 88' lang='lat' dir='ltr'><strong>irrationale;</strong></span> <span class='ocrx_word' id='word_1_861' title='bbox 2505 5618 2606 5673; x_wconf 88' lang='lat' dir='ltr'><strong>sub</strong></span> <span class='ocrx_word' id='word_1_862' title='bbox 2633 5614 2904 5683; x_wconf 87' lang='lat' dir='ltr'><strong>rationali,</strong></span> <span class='ocrx_word' id='word_1_863' title='bbox 2935 5611 3164 5667; x_wconf 87' lang='lat' dir='ltr'><strong>mortale</strong></span> <span class='ocrx_word' id='word_1_864' title='bbox 3194 5620 3249 5666; x_wconf 91' lang='lat' dir='ltr'><strong>et</strong></span> <span class='ocrx_word' id='word_1_865' title='bbox 3277 5609 3601 5666; x_wconf 91' lang='lat' dir='ltr'><strong>immortale.</strong></span> <span class='ocrx_word' id='word_1_866' title='bbox 3636 5608 3723 5663; x_wconf 73' lang='lat' dir='ltr'><strong>Hae</strong></span> 
     </span>
    </p>
   </div>
   <div class='ocr_carea' id='block_1_115' title="bbox 2133 5703 3721 5783">
    <p class='ocr_par' dir='ltr' id='par_1_115' title="bbox 2133 5703 3721 5783">
     <span class='ocr_line' id='line_1_115' title="bbox 2133 5703 3721 5783; baseline -0.009 -16"><span class='ocrx_word' id='word_1_867' title='bbox 2133 5713 2296 5783; x_wconf 85' lang='lat' dir='ltr'><strong>igitur</strong></span> <span class='ocrx_word' id='word_1_868' title='bbox 2326 5711 2641 5767; x_wconf 74' lang='lat' dir='ltr'><strong>differentiae</strong></span> <span class='ocrx_word' id='word_1_869' title='bbox 2673 5707 2876 5763; x_wconf 69' lang='lat' dir='ltr'><strong>eaedem</strong></span> <span class='ocrx_word' id='word_1_870' title='bbox 2908 5704 3117 5776; x_wconf 90' lang='lat' dir='ltr'><strong>species</strong></span> <span class='ocrx_word' id='word_1_871' title='bbox 3162 5713 3315 5771; x_wconf 89' lang='lat' dir='ltr'><strong>sunt,</strong></span> <span class='ocrx_word' id='word_1_872' title='bbox 3346 5703 3391 5759; x_wconf 91' lang='lat' dir='ltr'><strong>si</strong></span> <span class='ocrx_word' id='word_1_873' title='bbox 3419 5713 3604 5759; x_wconf 88' lang='lat' dir='ltr'><strong>contra</strong></span> <span class='ocrx_word' id='word_1_874' title='bbox 3634 5715 3721 5754; x_wconf 63' lang='lat' dir='ltr'><strong>sev</strong></span> 
     </span>
    </p>
   </div>
   <div class='ocr_carea' id='block_1_116' title="bbox 2129 5792 3718 5873">
    <p class='ocr_par' dir='ltr' id='par_1_116' title="bbox 2129 5792 3718 5873">
     <span class='ocr_line' id='line_1_116' title="bbox 2129 5792 3718 5873; baseline -0.014 -11"><span class='ocrx_word' id='word_1_875' title='bbox 2129 5808 2276 5873; x_wconf 86' lang='lat' dir='ltr'><strong>ipsas</strong></span> <span class='ocrx_word' id='word_1_876' title='bbox 2304 5805 2361 5860; x_wconf 92' lang='lat' dir='ltr'><strong>in</strong></span> <span class='ocrx_word' id='word_1_877' title='bbox 2387 5805 2650 5867; x_wconf 87' lang='lat' dir='ltr'><strong>divisione</strong></span> <span class='ocrx_word' id='word_1_878' title='bbox 2669 5800 3051 5873; x_wconf 85' lang='lat' dir='ltr'><strong>respiciantur,</strong></span> <span class='ocrx_word' id='word_1_879' title='bbox 3074 5810 3128 5856; x_wconf 89' lang='lat' dir='ltr'><strong>et</strong></span> <span class='ocrx_word' id='word_1_880' title='bbox 3153 5799 3401 5858; x_wconf 88' lang='lat' dir='ltr'><strong>dividunt</strong></span> <span class='ocrx_word' id='word_1_881' title='bbox 3427 5808 3593 5868; x_wconf 85' lang='lat' dir='ltr'><strong>genus</strong></span> <span class='ocrx_word' id='word_1_882' title='bbox 3619 5792 3718 5843; x_wconf 66' lang='lat' dir='ltr'><strong>hoc</strong></span> 
     </span>
    </p>
   </div>
  </div>
