4244 6254
532 304 600 379 at
1755 333 1866 393 an.
1910 338 2093 411 MANL

2195 343 2315 401 ων.
2361 348 2585 409 ΒΟΕΤΙΙ

3731 374 3799 449 88

3731 422 3793 449 Ol

531 422 721 485 modo.
747 424 889 497 Nam
908 433 1164 501 attentam
1191 435 1294 491 sub
1340 439 1640 499 substantia
1669 451 1960 538 animatum
2000 471 2121 512 cor-
2145 459 2200 519 Α
2228 460 2445 531 tionale,
2474 482 2685 536 spectes
2710 488 2830 544 quia
2853 479 2961 535 sub
2977 484 3093 553 ipso
3116 500 3243 546 sunt
3264 499 3453 562 positae
3482 500 3610 559 istas
3638 458 3793 566 diﬁc-

531 527 630 566 Dm
663 528 721 566 εί
761 520 1109 566 inanimum
1160 529 1437 566 nnallimnn
1519 537 1559 566 οἶ
1594 540 1879 566 ...ιζ-κ-.--..-
1922 561 1990 566 ,μ
2016 564 2036 566 α
2341 556 2351 566 .
2577 565 2583 566 ,

530 527 630 584 pus
663 528 721 574 et
759 520 1110 585 inanimatam
1160 529 1438 596 posuimus
1459 578 1473 602 ,
1517 537 1561 591 si
1592 534 2111 619 animatnm‘corpus

528 623 712 666 contra
742 615 1091 674 inanimatum
1122 625 1414 695 respicias,
1462 631 1814 692 substantiam
1858 640 2103 701 divisisti.

524 698 582 755 Si
615 717 741 757 vero
770 705 1080 769 sohalterna
1109 730 1307 782 genera
1337 717 1393 773 in
1442 720 1573 788 ipsis
1602 725 1919 785 dilferentiis
1964 736 2106 800 aspi-

522 794 654 858 cias,
684 800 917 864 speciem
949 809 1263 864 constitues.
1290 811 1418 867 Nam
1441 815 1486 870 si
1509 820 1801 877 animatum
1833 841 2029 895 corpus
2049 837 2105 884 et

519 883 659 950 quod
689 889 789 947 sub
822 890 938 957 ipso
964 905 1049 949 est
1081 900 1335 957 sensibile
1361 917 1557 975 corpus
1585 914 1881 983 aspexeris,
1904 919 2101 974 animal

517 980 822 1043 respexisti.
873 983 1004 1039 Item
1055 988 1101 1047 si
1146 993 1462 1051 rationalem
1512 980 1863 1060 differentiam
1912 1022 2098 1066 contra

518 1066 881 1127 irrationaleni
931 1076 1291 1137 diﬁerentiam
1319 1092 1615 1159 acceperis,
1649 1112 1815 1159 aenos
1844 1103 1985 1170 quod
2015 1115 2098 1159 est

513 1167 860 1234 utrorumque
879 1206 892 1233 ,
920 1168 971 1225 id
1000 1183 1083 1227 est
1108 1175 1303 1231 animal
1333 1179 1586 1239 divisisti.
1618 1187 1676 1243 Si
1704 1206 1833 1245 vero
1875 1194 1980 1248 sub
2001 1211 2094 1251 eo-

514 1254 634 1304 dem
687 1255 878 1311 ordine
926 1262 1237 1323 rationalem
1304 1269 1660 1332 diﬁ'erentiam
1710 1292 1763 1333 et
1811 1285 2093 1341 mortalem

476 1408 479 1409 ν
509 1341 759 1412 accipias,
811 1348 1041 1407 heroinis
1071 1354 1184 1411 sine
1215 1358 1380 1417 dubio
1418 1367 1661 1431 speciem
1686 1370 2085 1433 demonstrasti.

478 1432 583 1495 vlta
628 1436 713 1494 hie
756 1442 1074 1503 dilferentiae
1120 1452 1228 1509 alio
1278 1457 1438 1513 modo
1463 1471 1681 1530 accepta
1712 1464 1848 1521 ﬁunt
1876 1472 2088 1537 generis

505 1527 819 1603 divisibiles,
853 1539 905 1591 id
936 1552 1020 1595 est
1042 1558 1239 1612 genera
1267 1547 1586 1609 dividentes.
1618 1555 1739 1612 Alio
1768 1574 1896 1613 vero
1928 1564 2086 1618 modo

502 1619 635 1677 ﬁunt
661 1630 1018 1689 constitutiva:
1050 1638 1371 1705 specierum,
1406 1643 1459 1699 id
1487 1654 1571 1702 est
1596 1663 1716 1717 qua:
1745 1654 1954 1719 species
1986 1656 2083 1712 de-

502 1713 703 1771 clarent
726 1731 884 1791 atque
916 1728 1264 1786 constituant.

2217 556 2418 613 rentias
2441 576 2545 615 non
2573 565 2864 627 habebunt.
2892 574 3025 631 Nam
3053 582 3097 633 si
3119 597 3288 651 genus
3310 588 3439 647 istas
3465 595 3791 658 diderentias

2214 660 2320 701 non
2353 650 2598 719 habebit,
2631 662 2775 715 unde
2803 678 2962 721 erunt
2988 650 3267 740 speciebus
3296 680 3637 760 diﬂ'erentim,
3671 696 3790 763 qui-

2214 735 2306 763 In...
2339 754 2363 763 ..
2398 745 2557 763 --:,__-
2640 750 2722 763 ι...-
2907 760 2915 763 .
2954 760 2975 763 Α

2213 735 2308 791 bus
2337 754 2366 792 a
2396 745 2590 811 seipsis
2621 750 2918 809 dilieront?
2946 735 3050 814 Sed
3082 766 3125 818 si
3157 770 3275 837 quis
3304 735 3591 835 dicat‘essc
3623 735 3788 856 inige-

3172 833 3188 837 -
3515 833 3522 834 ί
3545 833 3551 834 ί
3574 833 3585 835 ‘
3624 833 3674 837 "'
3703 833 3765 856 ον

2210 842 2339 883 nere
2372 833 2507 889 istas
2529 838 2859 902 ditl'erentias
2884 852 3013 919 (non
3035 857 3178 911 enim
3212 861 3432 921 haberet
3455 870 3784 937 dili‘erentias

2206 926 2446 991 Species,
2498 933 2599 987 nisi
2651 939 2798 1003 prius
2839 958 3009 1012 genus
3051 952 3381 1029 habuisset),
3414 964 3556 1021 aliud
3608 975 3781 1041 majus

3342 1017 3380 1029 ,,
3492 1017 3556 1021 η
3608 1017 3781 1041 -..Ἵηυ

2203 1017 2449 1072 continet
2492 1023 2909 1091 incommodum.
2962 1040 3092 1097 Nam
3146 1052 3398 1115 quoniam
3451 1074 3602 1129 asque
3655 1076 3781 1123 sunt

3163 1110 3179 1115 _
3478 1110 3601 1129 Ἴ--

2202 1110 2410 1173 species
2425 1131 2543 1183 qua:
2565 1120 2666 1175 sub
2688 1125 2868 1196 aliquo
2887 1147 3085 1200 genere
3108 1155 3500 1219 supponuntur,
3524 1166 3578 1209 et
3599 1172 3777 1227 arqua-

2203 1197 2321 1227 Ιέιη-
2355 1203 2509 1227 Ιι-ςμ-
2544 1219 2584 1227 ν·
2982 1226 2989 1227 “

2896 1197 2907 1200 -
3177 1197 3226 1210 ..
3288 1197 3500 1219 .._--._.,
3525 1197 3578 1209 ν.
3599 1197 3767 1227 νυν...-

2201 1197 2321 1254 liter
2353 1203 2517 1261 homo
2536 1219 2698 1282 atque
2724 1233 2890 1287 equus
2911 1226 3012 1281 sub
3029 1232 3247 1289 animali
3266 1252 3459 1305 genere
3481 1260 3767 1318 ponuntur,

2201 1303 2369 1318 nun-nn
2426 1298 2451 1318 L
2483 1317 2486 1318 ,
2562 1316 2567 1318 Α
2703 1307 2713 1317 ο

3268 1298 3292 1305 ν
3481 1298 3501 1314 r
3528 1298 3767 1318 ~—----"'v

2198 1303 2372 1358 neque
2424 1298 2584 1355 homo
2635 1307 2783 1372 prius
2835 1325 2917 1368 est
2966 1333 3137 1388 neque
3173 1340 3377 1398 equus,
3410 1336 3503 1389 sed
3551 1350 3773 1412 uterque

2198 1388 2473 1412 ωκιιλιὲιη..
2513 1410 2529 1412 -
2583 1397 2593 1407 ⁸
2696 1402 2725 1412 ¹⁹
2919 1410 2924 1412 ‘

3223 1388 3236 1396 .
3364 1388 3376 1398 .
3555 1388 3773 1412 ---Ὗην

2195 1388 2475 1453 il“illilliter
2508 1397 2759 1456 animalis
2785 1410 2991 1474 species
3035 1418 3394 1478 nominantur.
3427 1427 3589 1499 Igitur
3618 1438 3661 1489 si
3687 1454 3769 1493 ra-
3820 1508 3825 1511 1

2196 1477 2394 1511 lin-uola
2426 1496 2581 1511 nn....,.
2612 1490 2754 1511 :S-,-.»
2871 1500 2881 1511 ι
3094 1509 3121 1511 _,

3385 1477 3389 1478 ,
3618 1477 3661 1489 υ.
3688 1477 3767 1493 ...-

2196 1477 2395 1535 tionale
2425 1496 2585 1551 atque
2611 1490 2917 1554 irrationale
2937 1509 3213 1573 atqualiter
3236 1515 3334 1567 sub
3355 1520 3542 1576 eodem
3570 1542 3767 1592 genere

2192 1580 2337 1636 sunt,
2364 1587 2523 1630 erunt
2548 1583 2709 1637 etiam
2740 1602 2845 1642 uno
2870 1602 3128 1663 tempere.
3151 1600 3305 1666 Quod
3337 1608 3381 1661 si
3403 1626 3506 1665 uno
3528 1622 3765 1686 tempore

2189 1668 2243 1711 et
2271 1678 2441 1725 genus
2492 1670 2621 1727 istas
2672 1675 3004 1739 dilferentias
3043 1687 3227 1755 habet,
3264 1706 3315 1750 ut
3364 1715 3532 1767 genus
3574 1668 3763 1779 suapte

3365 1759 3392 1767 ν
3583 1759 3755 1779 -__,-_

2190 1761 2402 1818 natura,
2435 1759 2484 1812 id
2515 1774 2596 1817 est
2621 1767 2816 1822 animal
2841 1777 3100 1835 rationale
3121 1785 3191 1838 sit
3220 1796 3276 1841 et
3300 1788 3625 1865 irrationale,
3654 1819 3755 1859 non

2389 1811 2400 1818 ,
2463 1811 2482 1812 κ
2521 1811 2596 1817 η-
2622 1811 2816 1822 -.η-υ...
2841 1811 3100 1835 “numam
3121 1811 3191 1838 ιιι
3220 1811 3276 1841 τι
3300 1811 3625 1865 irrationale,
3654 1819 3753 1859 non

569 1811 707 1866 Nam
727 1817 773 1868 si
794 1822 1077 1878 contrarias
1112 1826 1429 1891 diierentias
1453 1838 1756 1901 respexeris,
1777 1839 1970 1896 divides
1992 1860 2080 1912 ge-
2106 1839 2159 1905 Β
2186 1854 2269 1898 εει
2298 1849 2516 1905 άυδίυτη
2548 1859 2687 1923 (Ιυοά
2721 1863 2905 1919 eadem
2935 1883 3023 1925 ³⁵8⁸
3054 1888 3161 1929 υηο
3193 1888 3430 1948 ίθωβοτθ
3472 1887 3604 1944 duas
3629 1908 3753 1950 οοη·

569 1898 614 1934 s.
640 1882 702 1937 Si
735 1902 847 1941 vero
874 1891 1223 1950 subalternas.
1254 1903 1473 1950 sneciem
1500 1908 1791 1950 εοηςιίιηρι-
2188 1945 2200 1950 -
2302 1938 2312 1948 ·
2521 1946 2530 1950 Α

572 1970 998 2033 Diﬁ‘erentiarum
1033 1984 1190 2053 igitur
1217 1989 1328 2052 vis,
1363 2002 1418 2046 et
1447 1997 1823 2064 separabilium
1856 2012 1909 2054 et
1940 2003 2077 2058 inse-

495 2062 808 2128 parabilium
840 2080 1062 2126 caeteras
1102 2087 1208 2131 tres
1251 2094 1365 2145 res,
1398 2083 1447 2136 id
1478 2094 1561 2139 est
1590 2103 1778 2155 genus,
1806 2093 2073 2161 speciem,

492 2152 846 2227 accidensque
876 2160 955 2215 sic
987 2166 1211 2234 retinet,
1245 2180 1299 2223 ut
1331 2186 1629 2241 permutata
1675 2187 2075 2252 comparatione

491 2254 588 2309 per
616 2246 728 2301 haec
766 2250 953 2308 eadem
982 2254 1097 2324 ipsa
1125 2260 1285 2315 etiam
1332 2279 1723 2334 permutentur.
1750 2273 1879 2329 Nam
1912 2279 2074 2332 ratio—

489 2334 611 2390 nale
652 2348 706 2393 et
754 2347 979 2402 mortale
1006 2348 1337 2411 dilferentias
1367 2360 1411 2412 si
1460 2373 1646 2417 contra
1675 2365 1984 2425 irrationale
2018 2383 2073 2427 et

488 2426 791 2489 immortale
819 2443 1151 2509 respexeris,
1186 2448 1481 2509 divisibiles
1508 2470 1634 2514 sunt
1678 2464 1891 2531 generis
1917 2464 2043 2521 diﬁ‘e

487 2523 696 2577 rentire.
730 2526 823 2581 Sin
847 2545 975 2586 vero
1007 2536 1146 2591 idem
1168 2539 1341 2607 ipsum
1375 2550 1634 2606 rationale
1662 2564 1716 2609 et
1746 2561 1971 2615 mortale
1999 2562 2069 2615 ad

485 2613 758 2679 superiora
789 2629 1208 2697 comparaveris,
1233 2635 1441 2702 species
1472 2650 1631 2696 erunt
1668 2644 1784 2714 ejus
1808 2650 1948 2717 quod
1975 2665 2068 2706 eas

483 2702 721 2759 continet
751 2712 1016 2770 animalis.

555 2782 618 2836 Si
645 2793 1027 2883 verorationale
1045 2808 1198 2883 atque
1237 2808 1453 2883 mortale
1481 2811 1549 2863 ad
1576 2813 1864 2883 subjectum
1891 2818 2061 2874 homi-

478 2867 596 2955 nem
612 2860 923 2955 confideret,
943 2860 1128 2935 genere
1143 2876 1255 2945 ejus
1281 2860 1728 2954 constitutivasqire
1744 2887 2059 2955 aii/ferentia

479 2930 902 2997 contemplabere.

548 3008 619 3063 At
641 2992 766 3066 vero
782 3013 849 3068 de
870 2992 1108 3075 illisaliis
1130 3023 1602 3101 inseparabilibus,
1624 3035 1677 3091 id
1699 3048 1803 3106 est,
1826 3044 2057 3111 propriis

474 3098 672 3157 cadunt
708 3103 1023 3166 diﬁ'erentize
1062 3115 1437 3187 inseparabilis
1472 3098 1783 3185 accidentis.
1826 3098 2054 3203 'lnsepa-

470 3191 643 3248 rabile
685 3212 917 3270 namque
957 3214 1040 3259 est
1080 3209 1361 3278 accidens,
1396 3217 1611 3276 caecitas
1658 3222 1965 3292 oculorum,
1998 3202 2125 3280 etc

469 3286 584 3338 nasi
614 3288 866 3355 eurvitas,
895 3302 949 3347 et
979 3296 1080 3350 alia
1111 3298 1437 3371 hujusmodi.
1473 3308 1539 3362 Et
1576 3311 1717 3367 idem
1748 3314 1812 3369 de
1835 3329 2051 3385 separa-

470 3373 667 3431 bilibus
692 3382 1079 3451 accidentibus,
1124 3390 1176 3445 id
1201 3405 1283 3450 est
1305 3394 1374 3451 de
1395 3402 1791 3459 communibus:
1823 3373 2050 3475 Separa-

470 3466 573 3521 bile
601 3486 828 3544 namque
852 3478 1103 3537 accidens
1129 3495 1231 3555 est,
1260 3487 1503 3558 vigilare,
1526 3495 1780 3565 dormire,
1801 3514 2043 3571 currere,

465 3567 517 3608 et
560 3560 768 3619 sedere.
815 3565 967 3634 Quod
999 3577 1176 3630 autem
1224 3578 1394 3635 dicit:
1422 3584 1513 3638 Sic
1559 3586 1718 3655 igitur
1746 3592 2044 3660 composita

1577 3638 1605 3655 υ
1750 3638 2041 3660 ----τ--.-..

462 3649 531 3704 sit
561 3638 723 3721 super
752 3661 931 3716 omnia
960 3666 1259 3727 substantia
1279 3715 1294 3741 ,
1325 3682 1380 3730 et
1422 3676 1530 3732 sint
1580 3680 1697 3749 ejus
1725 3682 2041 3744 differentiae

460 3741 754 3804 divisibiles
799 3754 1094 3814 animatum
1127 3772 1181 3816 et
1210 3763 1584 3839 inanimatum,
1614 3777 1912 3830 contrarias
1940 3779 2041 3833 dif-

466 3833 718 3895 ferentias
761 3841 815 3898 in
856 3851 1066 3915 Species
1118 3865 1399 3913 monstrat.
1457 3862 1608 3928 Quod
1659 3875 1839 3922 autem
1867 3869 2037 3928 dicit:
2080 3865 2084 3869 ’

454 3926 579 3981 Hinc
606 3931 905 3993 differentia
926 3943 1159 3999 animata
1191 3957 1349 4019 atque
1372 3955 1650 4011 sensibilis
1680 3959 1882 4015 sociata
1911 3964 2037 4019 sub-

452 4023 661 4078 stantia:
718 4029 959 4099 perﬁciet
1012 4035 1240 4105 animal,
1296 4047 1674 4105 eonstitutivas
1732 4054 2033 4123 specierum

450 4112 781 4175 dilferentias
802 4134 1088 4184 monstrat.
1107 4129 1199 4186 Sic
1220 4132 1379 4202 igitur
1400 4138 1562 4195 variis
1584 4143 1757 4199 modis
1773 4158 2028 4216 accepta,
2078 4150 2086 4157 ’

450 4205 628 4260 varias
653 4208 876 4267 virtutes
906 4213 1211 4288 formasque
1240 4227 1447 4281 sortita:
1491 4244 1636 4285 sum.
1675 4234 1782 4289 Sed
1813 4246 1867 4290 et
1897 4239 2029 4294 divi-

446 4295 629 4353 sibiles
658 4308 712 4353 et
737 4303 1093 4364 constitutiva:
1115 4322 1352 4384 utraeque
1378 4320 1630 4385 speciﬁce
1659 4326 2023 4396 nominantur,

444 4398 497 4440 et
545 4387 598 4442 in
645 4390 992 4451 divisionibus
1038 4413 1295 4469 generum
1348 4407 1857 4484 deﬁnitionibusque
1896 4420 2028 4474 solae

442 4490 565 4533 sunt
596 4482 773 4538 utiles.
801 4482 1021 4545 Caetera:
1044 4506 1175 4548 vero
1206 4497 1594 4567 inseparabiles
1622 4519 1720 4573 per
1747 4507 2019 4579 accidens,

438 4569 672 4633 inutiles.
701 4586 753 4630 et
774 4577 942 4634 multo
969 4584 1139 4653 magis
1160 4580 1267 4642 illae
1297 4600 1423 4645 sunt
1446 4569 1683 4663 inutiles,
1718 4614 1837 4668 qua:
1867 4616 2025 4671 sepa-

436 4663 593 4719 rabili
622 4668 919 4729 dill'erentia
955 4675 1388 4755 discretioneqoe
1416 4687 1660 4747 formatae
1690 4672 1855 4750 sunt.
1912 4698 2021 4753 Has

432 4768 613 4823 autem
654 4766 930 4831 speciﬁcas
970 4770 1331 4846 dilferentias,
1363 4782 1455 4851 qui
1499 4783 1565 4838 de
1593 4787 2013 4851 differentiarum

430 4845 695 4907 divisione
745 4864 1082 4928 tractavere,
1127 4868 1259 4922 tales
1311 4886 1433 4927 esse
1489 4876 1762 4935 declarant
1821 4885 2013 4951 quibus

426 4942 637 5009 species
661 4961 691 4999 a
711 4962 911 5015 genere
955 4954 1248 5012 abundant.
1278 4961 1415 5029 Quid
1465 4976 1645 5022 autem
1671 4972 1741 5025 sit
1774 4971 2010 5029 breviter

424 5034 821 5104 explanandum
846 5052 949 5099 est.
978 5043 1355 5108 Controversia
1381 5067 1463 5111 est
1488 5067 1662 5115 utrum
1700 5078 1868 5133 genus
1895 5068 2001 5121 dif-

420 5125 676 5185 lerentias
700 5134 998 5198 specierum
1021 5153 1237 5197 suarum
1264 5143 1316 5197 in
1340 5161 1399 5201 se
1426 5146 1642 5217 habeat,
1665 5166 1731 5206 an
1758 5154 1997 5226 minime,

421 5223 477 5267 ut
506 5227 628 5285 puta
664 5239 677 5274 :
720 5221 932 5279 Animal
961 5227 1059 5282 sub
1089 5242 1148 5285 se
1179 5230 1343 5288 habet
1369 5238 1578 5305 species
1630 5244 1893 5300 rationale
1943 5221 1999 5304 et

416 5304 745 5379 irrationale,
778 5317 828 5371 id
860 5329 943 5374 est
974 5321 1266 5391 hominem,
1304 5336 1358 5382 et
1399 5330 1545 5385 verbi
1575 5335 1743 5401 gratia
1774 5352 1991 5409 equum.

415 5395 905 5465 Rationabilitatem
946 5414 1104 5484 igitur
1128 5428 1183 5472 et
1223 5420 1767 5497 irrationabilitatem,
1798 5428 1849 5484 id
1877 5444 1986 5499 est,

412 5486 646 5550 hominis
671 5499 751 5553 vel
777 5503 904 5572 equi
936 5505 1287 5579 diﬁ'erentias,
1307 5515 1499 5583 quibus
1518 5532 1544 5569 a
1568 5533 1627 5573 se
1655 5522 1864 5589 species
1886 5526 1990 5581 sub

2186 1938 2486 1997 trarietates
2517 1946 2569 1999 in
2598 1964 2718 2005 sese
2745 1956 3162 2020 substantialiter
3191 1970 3439 2041 retineat,
3467 1982 3606 2047 quod
3638 1986 3751 2044 ﬁeri

2183 2032 2385 2098 nequit.
2420 2036 2557 2098 Quid
2606 2041 2807 2109 igitur?
2846 2048 3134 2111 Dicendum
3164 2070 3246 2114 est
3281 2032 3533 2132 quoniam
3582 2090 3751 2143 genus

2178 2132 2298 2174 actu
2332 2126 2543 2192 quidem
2576 2133 2691 2201 ipso
2737 2141 2877 2207 quod
2918 2140 3088 2201 Graeci
3127 2152 3379 2229 ἐνέργειαν
3404 2176 3595 2220 vocant
3622 2167 3749 2226 istas

2178 2211 2510 2276 differentias
2541 2239 2645 2280 non
2669 2228 2854 2287 habet.
2885 2239 2951 2290 At
2983 2254 3109 2294 vero
3136 2211 3397 2309 potestate
3416 2253 3485 2307 ab
3508 2256 3747 2327 liisipsis

3137 2306 3147 2309 _
3422 2306 3477 2307 π
3509 2306 3587 2312 μ--
3618 2306 3744 2327 Ὗ...

2176 2306 2526 2381 differentiis,
2557 2334 2689 2387 quas
2734 2324 2787 2378 in
2817 2342 2941 2383 suas
2971 2335 3180 2397 species
3225 2338 3400 2398 fundit
3437 2361 3541 2404 non
3574 2362 3744 2409 vacat.

2176 2400 2312 2466 Quid
2343 2415 2521 2463 autem
2550 2413 2618 2466 sit
2668 2428 2819 2473 actus
2859 2431 2913 2476 et
2951 2434 3187 2491 potesms
3216 2435 3527 2505 eaStigatius
3577 2447 3743 2515 capti»

2174 2496 2400 2552 canditm
2460 2513 2562 2558 est.
2614 2506 2838 2565 Tantum
2895 2514 3118 2574 interest
3175 2536 3324 2581 actus
3370 2545 3400 2587 a
3441 2543 3740 2605 potestate,

2172 2598 2430 2653 quantum
2467 2593 2624 2650 homo
2654 2601 2834 2656 riden's
2875 2606 2944 2660 ab
2982 2624 3049 2664 eo
3078 2614 3168 2679 qui
3200 2617 3376 2675 ridere
3427 2628 3594 2693 possit
3633 2646 3739 2691 non

2173 2683 2351 2732 tamen
2399 2683 2592 2741 rideat.
2624 2689 2717 2747 ille
2763 2697 2902 2753 enim
2938 2702 3048 2769 agit
3086 2705 3254 2773 ipsam
3302 2683 3447 2784 rem,
3488 2720 3579 2777 ille
3622 2732 3737 2779 tan-

2168 2775 2278 2822 tum
2336 2782 2540 2841 potest,
2579 2794 2684 2836 non
2741 2788 2901 2843 etiam
2949 2794 3077 2862 agit.
3118 2797 3207 2854 Sic
3246 2802 3405 2872 igitur
3432 2818 3488 2864 et
3519 2815 3735 2872 animal.

2167 2858 2407 2931 Namque
2439 2865 2598 2924 homo
2627 2882 2747 2927 actu
2778 2878 2894 2945 ipso
2922 2886 3199 2945 rationalis
3221 2904 3321 2950 est.
3347 2898 3568 2970 Semper
3596 2908 3735 2963 enim

2166 2951 2326 3007 homo
2350 2956 2652 3030 rationalis,
2684 2976 2739 3019 et
2762 2969 2890 3023 nihil
2921 2974 3060 3029 aliud
3093 2991 3175 3034 est
3204 3000 3217 3034 :
3246 2995 3299 3038 et
3327 3002 3494 3057 equus
3523 3010 3733 3067 semper

2162 3043 2512 3113 irrationalis,
2542 3062 2598 3106 et
2619 3054 2735 3122 ejus
2758 3059 3198 3127 irrationabilitas
3220 3074 3272 3129 in
3298 3088 3419 3134 actu
3440 3086 3609 3150 posita
3627 3043 3730 3145 erat.

2160 3138 2228 3189 At
2264 3152 2391 3192 vero
2422 3140 2595 3209 ipsum
2627 3149 2827 3204 animal
2856 3156 3119 3215 rationale
3152 3165 3238 3219 vel
3282 3167 3592 3232 irrationale
3623 3195 3729 3239 non

2158 3227 2331 3296 ipsum
2357 3234 2484 3301 agit,
2521 3252 2692 3307 neque
2720 3252 2801 3297 est
2827 3244 2878 3298 in
2906 3262 3089 3305 eorum
3112 3265 3234 3313 actu
3264 3264 3515 3335 positum,
3548 3271 3641 3324 sed
3675 3275 3726 3330 in

2154 3330 2441 3390 potestate.
2473 3327 2655 3386 Potest
2693 3335 2837 3390 enim
2860 3354 2926 3393 ex
2956 3356 3015 3397 se
3039 3349 3300 3406 rationale
3327 3364 3486 3426 atque
3515 3360 3725 3419 irratio-

2152 3413 2277 3466 nale
2307 3416 2646 3483 prolundere.
2691 3424 2865 3492 Quare
2894 3435 3145 3501 quoniam
3188 3413 3542 3510 species'actu
3569 3455 3720 3510 diﬁ'e-

2151 3508 2352 3564 rentias
2381 3514 2687 3583 continent,
2741 3537 2910 3591 genus
2948 3536 3075 3584 vero
3107 3508 3406 3607 potestate,
3446 3547 3652 3612 species
3691 3568 3720 3608 a

2146 3612 2348 3667 genere
2377 3606 2569 3660 merito
2600 3607 2912 3670 diﬁ‘erentiis
2950 3618 3225 3680 abundare
3271 3628 3536 3689 dicuntur.
3580 3638 3719 3707 Q’uo~

2147 3692 2290 3746 niam
2324 3697 2463 3765 quod
2494 3713 2663 3769 genus
2708 3714 2913 3774 potest,
2955 3709 3007 3765 id
3036 3722 3119 3767 est
3153 3716 3481 3781 differentias
3520 3726 3717 3799 facere,

2146 3784 2357 3850 species
2388 3803 2492 3843 non
2518 3791 2692 3847 solum
2726 3809 2970 3868 possunt,
3003 3803 3095 3858 sed
3114 3810 3272 3864 erant
3294 3828 3475 3881 agunt.
3500 3818 3556 3873 In
3587 3822 3714 3891 ipsis

2142 3873 2284 3929 enim
2354 3881 2635 3946 speciebus
2700 3890 2883 3954 positae
2951 3893 3357 3972 inlormatteque
3421 3921 3563 3967 sunt.
3622 3914 3715 3969 Est

2141 3974 2319 4020 autem
2350 3968 2451 4022 alia
2483 3971 2796 4031 dilferentiaa
2824 3979 3063 4039 definitio
3092 3988 3211 4044 talis
3240 3968 3357 4059 quae
3384 3995 3527 4053 dicat
3554 3968 3711 4056 diﬁc?

2139 4056 2367 4110 rentiam
2416 4075 2537 4116 esse
2584 4081 2700 4131 quze
2740 4069 2804 4122 ad
2855 4072 3111 4139 plurimas
3154 4082 3363 4148 species
3393 4086 3445 4139 in
3477 4104 3543 4143 eo
3572 4094 3710 4159 quod

2138 4148 2294 4215 quale
2324 4150 2414 4215 sit,
2442 4156 2780 4221 praedicatur.
2810 4161 3111 4221 Dilferentia
3133 4171 3197 4223 ad
3222 4188 3307 4229 res
3331 4176 3582 4243 plurimas
3607 4184 3707 4239 dici

2138 4249 2332 4304 potest,
2367 4250 2423 4293 ut
2453 4246 2711 4301 rationale
2738 4249 2930 4305 dicitur
2954 4256 3019 4307 ad
3039 4256 3306 4316 hominem
3330 4280 3347 4317 :
3377 4266 3537 4322 homo
3566 4273 3705 4331 enim

2133 4340 2215 4385 est
2242 4332 2539 4401 rationalis,
2565 4339 2760 4394 dicitur
2789 4343 2852 4396 ad
2887 4344 3073 4402 Deum.
3100 4349 3243 4408 Deus
3261 4357 3413 4414 enim
3431 4363 3703 4425 rationalis

2132 4418 2345 4488 dicitur,
2383 4425 2476 4479 sed
2508 4442 2613 4483 non
2644 4430 2694 4483 in
2725 4446 2789 4485 eo
2816 4437 2957 4503 quod
2984 4439 3107 4508 quid
3139 4443 3229 4510 sit,
3260 4448 3353 4502 sed
3385 4451 3439 4504 in
3470 4467 3534 4509 eo
3564 4418 3702 4524 quod

2133 4513 2290 4580 quale
2311 4518 2399 4570 sit.
2428 4518 2556 4571 Nam
2580 4521 2624 4574 si
2655 4524 2827 4592 qualis
2855 4526 3012 4582 homo
3043 4533 3113 4587 sit
3139 4534 3512 4610 interrogetur,
3542 4552 3699 4603 ratio.

2128 4605 2264 4658 nalis
2302 4610 2555 4665 continuo
2582 4617 2953 4684 respondetur.
2984 4621 3165 4687 Qualis
3193 4626 3335 4687 Deus
3364 4633 3431 4689 sit
3459 4638 3502 4690 si
3533 4639 3697 4695 inter-

2126 4711 2305 4766 roges,
2336 4701 2595 4758 rationale
2643 4722 2749 4760 non
2778 4708 3006 4766 absurde
3052 4715 3275 4774 dixeris.
3308 4720 3509 4782 Eodem
3539 4733 3695 4791 modo

2123 4791 2281 4844 etiam
2329 4792 2765 4853 irrationabilitas
2795 4800 2993 4857 dicitur
3020 4817 3073 4859 et
3097 4806 3162 4860 ad
3199 4825 3392 4877 equum
3423 4829 3473 4871 et
3507 4821 3570 4874 ad
3602 4823 3692 4879 bo-

2122 4898 2238 4936 vcm
2270 4895 2323 4938 et
2352 4886 2417 4937 ad
2452 4888 2650 4955 piscem
2700 4900 2754 4946 et
2777 4894 2843 4946 ad
2875 4909 3050 4964 avem,
3094 4916 3213 4969 quae
3244 4908 3422 4962 omnia
3450 4912 3493 4965 si
3522 4917 3689 4983 qualia

2116 4976 2225 5029 sint
2259 4978 2691 5046 interrogaveris,
2725 4983 3107 5045 irrationabilia
3138 4998 3516 5063 praedicantur.
3546 5006 3687 5059 Bona

2114 5068 2279 5135 igitur
2301 5080 2354 5123 et
2383 5078 2527 5123 recta
2554 5072 2667 5126 lucc
2699 5083 2779 5128 est
2804 5074 3062 5144 deﬁnitio,
3094 5081 3145 5135 id
3173 5092 3256 5138 est
3280 5086 3576 5144 dilferentia
3607 5107 3681 5148 cst

2109 5174 2229 5231 qua:
2257 5160 2321 5214 ad
2373 5162 2627 5228 plurimas
2670 5179 2757 5219 res
2800 5168 2979 5237 specie
3033 5171 3293 5228 distantes
3337 5176 3389 5230 in
3437 5194 3502 5233 eo
3539 5186 3679 5253 quod

2106 5254 2263 5320 quale
2288 5252 2625 5320 pratdicatur.
2653 5255 2719 5309 Et
2741 5256 2808 5311 de
2832 5262 3042 5315 mortali
3072 5278 3222 5330 vero,
3251 5276 3303 5320 et
3333 5268 3397 5322 de
3424 5252 3677 5329 aliisdil'-

2104 5341 2362 5408 ferentiis,
2388 5343 2572 5397 eadem
2595 5355 2677 5399 est
2694 5347 2846 5402 ratio.
2880 5349 3130 5421 Sequitur
3156 5353 3303 5409 locus
3325 5359 3672 5430 perdil'titilis,

2102 5432 2194 5485 sed
2247 5434 2609 5490 transferentis
2637 5437 2987 5494 obscuritate'
3012 5440 3265 5499 Victorini
3321 5451 3488 5518 magis
3513 5467 3669 5522 quam

2097 5523 2374 5600 Porphyrii
2406 5531 2768 5600 proponentis,
2792 5533 2878 5601 qui
2908 5530 3211 5602 huiusmodi
3233 5551 3333 5597 eat.
3364 5541 3502 5599 Dicit
3523 5548 3664 5603 enim

407 5582 628 5639 animali
655 5590 840 5657 positae
869 5593 1146 5665 dill'erunt,
1179 5582 1354 5659 utrum
1384 5606 1541 5663 habet
1580 5620 1831 5684 utrasque
1878 5618 1987 5670 ani-

407 5673 537 5738 mal,
570 5690 637 5729 an
668 5694 772 5734 non
805 5682 1000 5742 haheat
1026 5689 1079 5743 in
1106 5698 1474 5752 contrOVersia
1505 5708 1606 5756 est.
1636 5701 1768 5757 Nam
1793 5706 1836 5759 si
1868 5708 1984 5759 ani-

403 5767 511 5824 mal
536 5762 680 5840 quod
710 5788 879 5843 genus
909 5789 1010 5850 est,
1043 5799 1218 5855 neque
1244 5790 1505 5847 rationale
1533 5804 1615 5849 est
1640 5811 1812 5869 neque
1844 5799 1980 5855 irra-

2094 5633 2304 5674 omnem
2321 5636 2431 5675 rem
2455 5636 2882 5695 quaecunqueest
2901 5642 3158 5697 corporea
3172 5649 3239 5686 ex
3257 5639 3475 5693 materia
3491 5654 3539 5696 et
3561 5642 3664 5696 lor-

2091 5724 2175 5762 tna
2206 5719 2471 5765 constare.
2499 5713 2732 5785 Namque
2748 5715 2792 5769 si
2819 5725 3043 5771 statuam
3067 5720 3235 5792 dicas,
3259 5737 3467 5783 constat
3490 5739 3659 5787 Statua

2087 5815 2157 5857 ex
2182 5817 2289 5858 a-re
2323 5803 2493 5877 (verbi
2521 5806 2711 5877 gratia)
2733 5818 2785 5864 et
2804 5808 2968 5881 ﬁgura
2992 5811 3080 5867 illa
3102 5830 3258 5886 quam
3283 5819 3330 5875 ei
3352 5834 3477 5877 suus
3506 5820 3654 5879 ﬁctot
