4244 6254
366 260 434 315 55
1346 330 1353 335 Α
1462 262 1527 320 ΙΝ
1565 261 1978 321 PORPllYRlU!

2074 263 2393 329 )IALOGUS
2432 266 2489 322 ll.
3578 262 3647 320 54

326 456 327 459 η
365 377 640 448 imposuit,
677 385 732 433 et
760 386 841 431 est
892 376 1107 431 materia
1130 391 1192 431 ex
1222 392 1325 447 qua
1352 377 1486 432 facta
1514 388 1596 433 est
1626 393 1699 431 aes
1732 396 1743 429 :
1780 378 1947 448 figura
1977 382 2027 441 Α
2055 381 2290 448 seipsum
2334 395 2502 449 genus
2551 388 2652 445 est,
2689 389 2861 435 mutes
2890 390 2943 437 et
2974 380 3138 437 facias
3167 396 3286 453 quas
3312 394 3408 452 per
3446 394 3504 433 se
3530 378 3646 448 ipsa

366 484 519 533 vero,
547 469 597 524 id
629 478 732 534 est,
759 468 925 522 forma
950 484 1049 536 qua
1082 483 1153 521 ars
1176 468 1350 537 ipsum
1383 466 1667 521 formatum
1700 478 1801 521 est.
1823 468 1952 522 Nam

328 605 340 613 .
369 561 419 615 si
444 561 718 614 hominem
763 560 1009 613 formabis
1052 575 1115 611 ex
1148 575 1255 613 tere
1284 567 1337 613 et
1369 559 1533 628 ﬁgura
1577 560 1825 624 hominis,
1855 560 1958 614 erit

370 650 609 705 hominis
629 652 813 721 figura,
839 653 1027 714 forma,
1054 666 1127 703 ίεε
1148 665 1273 705 vero
1298 651 1543 704 materia.
1572 652 1770 705 Eodem
1795 651 1957 705 modo

374 733 537 798 etiam
566 757 753 812 genus.
784 741 1024 811 Namque
1053 757 1224 810 genus
1265 742 1317 795 in
1348 743 1565 795 modum
1599 743 1836 797 materia:
1866 758 1957 795 ac—

368 838 593 906 cipitur,
624 835 924 890 differentia
959 850 1085 890 vero
1118 837 1170 889 in
1216 836 1431 890 modum
1488 836 1691 890 formae.
1745 836 1957 890 Etenim

373 920 818 997 quiemadmodum
848 942 1184 995 qumcunque
1206 928 1293 981 illa
1317 943 1404 982 res
1431 943 1495 981 ex
1520 927 1740 981 materia
1770 938 1821 980 et
1841 916 1962 980 'for-

368 1037 451 1075 ma
500 1029 752 1086 constat,
800 1022 880 1073 sic
908 1020 1067 1074 etiam
1102 1022 1277 1074 omnis
1308 1021 1514 1089 species
1562 1036 1624 1073 ex
1678 1035 1873 1083 genere
1907 1029 1961 1072 et

369 1108 690 1165 diﬂerentia.
748 1111 989 1178 Namque
1035 1125 1201 1179 genus
1248 1112 1317 1163 ita
1349 1120 1431 1163 est
1462 1110 1724 1174 hominis,
1774 1120 1831 1162 ut
1881 1118 1964 1163 est

367 1211 557 1255 statuae
599 1216 694 1255 aes.
730 1199 1035 1254 Differentia
1077 1216 1208 1255 vero
1250 1202 1327 1254 sic
1371 1213 1451 1254 est
1501 1201 1762 1265 hominis,
1796 1209 1853 1252 ut
1882 1211 1965 1253 εει

368 1294 540 1346 forma
566 1293 655 1345 illa
686 1308 751 1345 ex
769 1308 872 1361 qua
892 1308 965 1345 res
990 1291 1228 1345 efﬁctum
1252 1304 1354 1346 est.
1379 1294 1509 1346 Nam
1536 1292 1671 1367 sicut
1697 1309 1761 1345 ex
1788 1292 1963 1358 aliqua

364 1383 538 1451 ﬁgura
569 1398 691 1452 quae
722 1398 789 1437 ex
832 1383 960 1436 aeris
1006 1384 1230 1436 materia
1258 1385 1432 1436 etficta
1461 1393 1573 1447 εει,
1604 1383 1966 1451 cujuscunque

360 1477 520 1531 illius
550 1479 760 1546 species
789 1487 977 1531 statuae
1002 1478 1084 1537 ﬁt,
1119 1479 1200 1530 sic
1229 1478 1389 1530 etiam
1421 1478 1472 1530 in
1501 1492 1692 1546 genus,
1725 1478 1775 1529 id
1811 1486 1889 1530 est
1912 1476 1962 1529 in

373 1571 579 1624 animal
610 1586 731 1624 cum
775 1570 976 1624 venerit
1004 1569 1328 1635 differentia,
1358 1570 1408 1623 id
1439 1579 1521 1624 est
1545 1569 1832 1635 rationale,
1871 1568 1969 1621 ho-

372 1665 541 1719 minis
570 1666 777 1733 species
799 1665 1029 1733 ﬁngitur.
1051 1662 1153 1716 lsta
1187 1663 1345 1731 igitur
1368 1662 1468 1717 sibi
1500 1663 1969 1732 preportionaliter

2060 471 2312 525 animalia
2347 482 2493 537 sunt,
2525 472 2732 538 planior
2761 486 2952 527 sensus
2982 474 3104 527 erit.
3134 471 3357 528 Generis
3388 470 3530 525 enim
3561 470 3652 523 hic

2063 564 2280 617 nomine
2312 577 2409 631 pro
2458 561 2709 616 animalis
2738 562 2938 615 abusus
2965 573 3078 625 est,
3134 574 3187 617 et
3214 564 3314 619 erit
3346 558 3647 630 hujusmodi

2063 655 2197 707 Ordo
2223 672 2234 706 :
2272 654 2578 708 Differentia
2620 661 2703 709 est
2729 670 2834 723 qua
2864 653 3117 709 differunt
3149 655 3376 723 singula,
3407 668 3527 723 qua:
3557 666 3654 722 per

2064 762 2125 801 se
2155 746 2267 814 ipsa
2289 746 2541 799 animalia
2572 755 2719 806 sunt,
2744 755 2798 799 et
2829 744 2921 798 illa
2945 760 3063 813 qute
3085 746 3363 799 rationalia
3389 753 3513 799 sunt
3543 744 3658 796 ani-

2066 839 2369 899 malia,nos
2388 838 2617 903 scilicet,
2644 846 2698 892 et
2721 837 2809 890 illa
2833 852 2951 907 qure
2982 836 3307 890 irrationalia
3332 843 3475 890 sunt.
3503 833 3658 899 Quod

2066 934 2109 987 si
2143 933 2220 987 sic
2252 943 2428 994 essot,
2473 932 2652 988 nullus
2700 941 2846 987 esset
2876 946 3028 985 error
3073 928 3317 985 omnino.
3345 928 3495 982 Nunc
3527 942 3659 981 vero

2067 1041 2235 1096 genus
2276 1025 2418 1094 quod
2450 1027 2545 1092 ait,
2581 1040 2675 1093 pro
2706 1022 2957 1079 animalis
2994 1022 3211 1075 nomine
3253 1019 3657 1086 intelligendum

2070 1130 2173 1173 est.
2201 1118 2330 1172 ltem
2374 1118 2447 1171 dii
2480 1128 2636 1187 atque
2668 1116 2917 1171 homines
2946 1130 3066 1169 cum
3112 1114 3326 1182 utrique
3373 1111 3661 1165 rationales

2070 1211 2196 1273 sint,
2220 1210 2557 1264 mortalitatis
2585 1219 2763 1263 tamen
2794 1208 3009 1262 nomine
3037 1203 3249 1274 adjecto
3271 1202 3527 1257 differunt
3550 1200 3661 1253 dis-

2073 1313 2424 1371 crepantqne.
2494 1301 2582 1356 Sic
2631 1300 2787 1369 igitur
2831 1299 3131 1353 differentia
3176 1306 3258 1351 est
3308 1310 3409 1365 qua
3455 1294 3663 1363 singula

2073 1394 2361 1463 differunt,
2393 1395 2485 1448 sed
2524 1394 2626 1448 hoc
2659 1410 2763 1447 non
2794 1392 3133 1459 simpliciter,
3179 1392 3270 1445 sed
3304 1391 3421 1444 illas
3460 1396 3665 1441 tantum

2074 1484 2406 1540 differentias
2458 1484 2761 1553 hujusmodi
2815 1498 2938 1537 esse
2986 1483 3276 1551 putandum
3308 1489 3420 1547 est,
3450 1494 3567 1549 quae
3599 1477 3667 1531 ad

2073 1580 2429 1635 substantiam
2471 1579 2705 1648 prosint,
2732 1588 2787 1633 et
2815 1558 2936 1645 qua:
2984 1576 3049 1629 ad
3080 1575 3130 1629 id
3164 1575 3304 1646 quod
3332 1584 3411 1627 est
3441 1583 3493 1627 et
3522 1587 3667 1641 quaa-

2075 1688 2286 1743 cunque
2312 1672 2513 1741 speciei
2545 1681 2772 1739 possunt
2822 1685 2943 1725 esse
2991 1669 3182 1739 aliqua}
3216 1676 3392 1737 partes
3422 1682 3540 1734 quae
3571 1663 3667 1718 ιω-

372 1766 520 1813 sunt.
551 1758 836 1827 Propertio
861 1766 1036 1811 autem
1068 1766 1150 1811 est
1202 1758 1569 1826 cujuscunque
1612 1758 1756 1811 illius
1787 1758 1862 1810 rei
1893 1758 1965 1809 si-
1995 1769 2047 1832 Β
2068 1763 2304 1834 jusmodi
2326 1773 2439 1818 est:
2469 1763 2523 1817 Si
2548 1777 2717 1833 equus
2738 1772 2898 1831 atque
2921 1761 3104 1826 homo,
3128 1774 3354 1828 quorum
3397 1767 3667 1811 utrorum-

373 1852 516 1907 milis
540 1851 606 1905 ad
632 1851 863 1921 aliquam
896 1865 1009 1903 rem
1044 1859 1322 1919 cognatam
1350 1850 1682 1918 comparatio
1706 1865 1720 1904 ι
1747 1860 1803 1902 ιιι
1840 1859 1967 1917 puta

374 1944 419 1997 si
451 1944 555 1999 duo
584 1958 867 2013 compares
896 1944 962 1997 ad
994 1955 1243 2013 quatuor,
1285 1942 1445 2012 dupla
1477 1943 1756 2013 proportio
1779 1951 1882 1996 est.
1908 1940 1969 1997 Si

374 2050 505 2092 vero
534 2038 714 2106 viginti
732 2038 800 2092 ad
827 2038 1199 2108 quadraginta,
1217 2037 1406 2093 eadem
1429 2037 1611 2107 dupla.
1639 2037 1753 2091 Sub
1777 2036 1967 2092 eadem

374 2144 510 2199 ergo
534 2131 877 2199 proportione
904 2141 1025 2184 sunt
1050 2140 1282 2200 quatuor
1313 2129 1375 2183 ad
1396 2130 1522 2196 duo,
1548 2129 1649 2183 sub
1670 2129 1815 2198 quali
1838 2144 1973 2197 qua-

374 2224 617 2291 draginta
647 2222 714 2275 ad
744 2223 967 2292 viginti,
1002 2224 1141 2290 quod
1174 2231 1398 2290 utraque
1428 2223 1624 2291 duplex
1652 2231 1734 2274 est
1782 2236 1973 2273 nume-

376 2330 557 2369 rerum
589 2316 944 2383 comparatio.
993 2314 1083 2370 Sic
1114 2315 1275 2382 igitur
1325 2315 1497 2383 qualis
1540 2313 1817 2383 proportio
1848 2323 1964 2376 est,

376 2405 431 2461 id
459 2415 541 2461 est
578 2409 912 2475 comparatio
942 2407 1180 2459 materiae
1222 2413 1277 2460 et
1313 2406 1528 2475 figurae,
1560 2404 1679 2458 talis
1728 2412 1810 2458 est
1841 2418 1969 2471 pro-

377 2499 552 2568 portio
603 2498 822 2567 generis
868 2508 923 2553 et
965 2497 1283 2553 differentiae
1314 2516 1324 2549 :
1357 2507 1413 2551 et
1460 2500 1558 2551 ista
1598 2506 1827 2565 quatuor
1868 2496 1970 2550 sibi

379 2593 854 2664 proportionaliter
873 2602 1019 2648 sunt.
1056 2592 1255 2647 Eodem
1285 2596 1427 2647 enim
1458 2591 1617 2645 modo
1647 2605 1711 2645 ex
1745 2589 1967 2643 materia

381 2698 439 2743 et
463 2692 627 2759 figura
648 2687 859 2755 species
885 2686 1306 2755 uniuscujusque
1326 2686 1467 2740 illius
1490 2684 1719 2738 ﬁctionis
1749 2682 1969 2737 formata

379 2789 483 2842 est,
516 2778 969 2848 quemadmodum
1001 2793 1069 2831 ex
1100 2791 1298 2846 genere
1322 2785 1377 2830 et
1404 2775 1721 2830 differentiis
1762 2776 1970 2842 Species

384 2872 751 2941 cujuscunque
773 2870 916 2924 illius
938 2868 1227 2923 animantis
1252 2869 1660 2921 inanimantisve
1686 2864 1966 2931 formatur,

384 2964 525 3035 quod
559 2965 864 3019 VictOtinus
905 2963 1112 3017 scilicet
1154 2961 1482 3016 intellexisse
1528 2959 1705 3013 minus
1736 2958 1968 3013 videtur.

382 3058 511 3114 Nam
539 3059 681 3129 quod
716 3057 1047 3129 Porphyrius
1078 3054 1265 3127 ἄλογον
1294 3055 1446 3118 dixit,
1479 3054 1640 3118 idest
1668 3054 1971 3124 proportio-

2075 1871 2178 1923 que
2206 1872 2369 1909 unum
2393 1871 2561 1925 genus
2608 1864 2691 1911 est
2720 1856 2916 1909 animal
2939 1897 2952 1920 ,
2982 1870 3011 1906 a
3045 1867 3103 1908 se
3130 1852 3383 1907 differunt
3412 1850 3663 1903 rationali

2076 1958 2236 2019 atque
2260 1950 2559 2004 irrationali
2580 1949 2862 2023 qualitate,
2890 1958 3126 2003 attamen
3156 1948 3257 2002 ista
3277 1947 3667 2002 rationabilitas

2076 2049 2129 2093 et
2160 2040 2604 2094 irrationabilitas
2653 2040 2706 2094 in
2740 2040 3042 2095 substantia
3090 2040 3325 2108 ipsarum
3370 2038 3668 2106 sprcierum

2076 2140 2160 2185 est
2189 2131 2291 2186 hoc
2318 2133 2499 2187 modo.
2525 2132 2659 2186 Nam
2694 2150 2866 2203 neque
2899 2150 3069 2203 equus
3102 2142 3275 2202 potest
3303 2147 3422 2186 esse
3446 2132 3561 2186 sine
3591 2132 3640 2186 ir
3664 2160 3671 2167 -

2075 2226 2510 2291 rationabilitate,
2534 2240 2707 2297 neque
2726 2229 2885 2279 homo
2903 2230 3019 2279 sine
3036 2226 3472 2280 rationabilitate.
3492 2225 3667 2292 Atque

2075 2313 2200 2368 ideo
2230 2317 2344 2369 ἱειίε
2381 2316 2700 2371 differentia:
2728 2326 2960 2385 prosunt.
2988 2317 3050 2369 ad
3084 2316 3283 2385 aliquid
3314 2331 3433 2371 esse
3470 2318 3668 2387 speciei

2077 2410 2153 2464 illi
2186 2413 2270 2465 cui
2320 2412 2519 2467 fuerint
2564 2414 3015 2481 aecom'modatze,
3053 2422 3107 2466 et
3137 2412 3451 2467 substantia:
3501 2411 3669 2481 ipsius

2076 2514 2260 2573 partes
2288 2517 2433 2559 sunt.
2468 2504 2603 2560 Nam
2632 2521 2752 2560 cum
2794 2506 2957 2560 homo
2985 2521 3048 2559 cx
3082 2504 3163 2557 his
3191 2500 3508 2557 differentiis
3538 2519 3669 2556 con-

2077 2606 2205 2661 stet,
2239 2595 2291 2650 id
2320 2606 2402 2651 est
2429 2612 2496 2651 ex
2521 2596 2771 2651 rationali
2796 2604 2852 2651 et
2881 2595 3119 2661 mortali,
3153 2595 3413 2649 rationale
3437 2606 3492 2650 et
3518 2610 3666 2648 mor-

2077 2688 2183 2743 tale
2205 2691 2377 2744 solum
2406 2690 2638 2761 positum
2671 2706 2797 2760 pars
2818 2699 2901 2745 est
2922 2689 3233 2743 substantiae
3251 2687 3505 2741 hominis.
3532 2686 3665 2741 Nam

2077 2780 2124 2837 si
2159 2791 2384 2854 utraque
2429 2784 2591 2839 simul
2638 2798 2800 2836 unum
2854 2782 3128 2835 hominem
3171 2779 3401 2843 faciunt,
3449 2796 3554 2833 non
3585 2790 3668 2834 est

2081 2873 2299 2929 dubium
2348 2876 2473 2944 quin
2518 2875 2585 2929 ad
2637 2874 2987 2929 substantiam
3047 2873 3282 2927 hominis
3331 2871 3665 2927 efﬁciendam

2078 2982 2416 3035 unaquaeque
2438 2961 2624 3022 ea’rum
2647 2982 2735 3020 res
2762 2978 2887 3035 pars
2909 2979 3029 3017 esse
3066 2962 3325 3016 videatur.
3355 2962 3530 3028 Quare
3562 2962 3668 3015 illze

2079 3040 2398 3113 differentia:
2428 3072 2764 3129 quaecunque
2805 3070 2913 3110 non
2959 3062 3182 3125 prosunt
3208 3053 3275 3107 ad
3305 3066 3423 3107 esse
3445 3093 3460 3116 ,
3492 3066 3668 3121 neque

384 3150 535 3214 nale,
563 3150 653 3204 ille
692 3150 772 3207 sic
798 3150 1008 3219 accepit
1053 3149 1205 3218 quasi
1248 3150 1490 3221 ἀνάλογον
1521 3148 1759 3214 diceret,
1792 3147 1845 3200 id
1890 3156 1974 3202 est
2000 3149 2047 3217 ο
2079 3159 2261 3219 partes
2308 3150 2625 3206 substantiae
2652 3139 2943 3217 cujuslibe't
2972 3145 3172 3217 speciei
3221 3154 3365 3213 sunt,
3400 3142 3661 3213 speciﬁcze

385 3240 786 3307 irrationaliter.
817 3245 993 3307 Atque
1015 3240 1133 3293 ideo
1164 3241 1216 3292 in
1242 3239 1357 3292 loco
1381 3240 1468 3292 ubi
1494 3238 1655 3292 habet
1681 3236 1783 3291 hoc
1812 3236 1975 3292 modo

384 3332 683 3399 scriptum:
726 3332 931 3386 Omnes
959 3346 1185 3399 namque
1230 3345 1320 3384 res
1360 3344 1429 3384 ex
1465 3329 1632 3383 forma
1658 3338 1712 3383 et
1749 3329 1977 3383 materia

385 3424 711 3488 consistunt,
740 3423 858 3492 ipsa
887 3432 1063 3477 autem
1098 3423 1267 3474 forma
1301 3421 1625 3475 irrationalis
1649 3428 1755 3484 est,
1786 3419 1979 3473 tollen-

388 3514 517 3568 dum
534 3525 617 3567 est
642 3513 989 3568 irrationalis.
1019 3513 1080 3565 Et
1102 3512 1372 3566 subtcrins
1394 3511 1668 3580 paululum
1696 3510 1786 3564 ubi
1810 3510 1979 3565 habe-

394 3615 515 3660 tur:
542 3604 661 3660 Jam
687 3620 849 3660 omne
870 3619 1040 3673 genus
1060 3604 1234 3659 simile
1255 3603 1490 3657 materia:
1519 3613 1622 3667 est,
1647 3612 1701 3656 et
1730 3601 1982 3656 consistit
2036 3606 2052 3622 '

393 3699 740 3763 irrationale,
782 3698 1078 3753 tollendum
1105 3705 1189 3752 est
1231 3697 1571 3761 irrationale,
1601 3705 1655 3749 et
1676 3696 1981 3765 ponendum

393 3804 480 3849 est
502 3793 921 3865 proportionale,
947 3801 1005 3847 ut
1025 3794 1117 3861 sit,
1143 3800 1198 3845 et
1222 3790 1469 3845 consistit
1490 3790 1979 3858 preportionaliter.

398 3885 533 3939 Nam
564 3901 683 3955 qua:
726 3884 994 3953 proportio
1024 3893 1107 3941 est
1153 3884 1334 3952 ﬁgura:
1359 3884 1426 3936 ad
1468 3880 1746 3934 materiam
1778 3881 1831 3933 in
1855 3879 1981 3934 effl-

399 3978 591 4034 cieuda
622 3978 906 4045 cujuslibet
947 3977 1187 4046 corporis
1230 3977 1471 4040 fictione,
1502 3974 1689 4029 eadem
1744 3986 1829 4029 est
1862 3988 1986 4042 pro-

400 4075 577 4142 portio
613 4069 931 4125 differentiaa
981 4070 1045 4124 ad
1075 4084 1243 4139 genus
1268 4070 1321 4122 in
1369 4066 1655 4122 efﬁcienda
1700 4066 1988 4133 cujuslibet

396 4164 581 4234 specie
626 4162 851 4216 animati
894 4170 1055 4230 atque
1084 4159 1381 4215 inanimali.
1415 4156 1669 4228 Sequitur
1725 4158 1851 4211 item
1883 4156 1989 4211 alia

397 4256 637 4311 deﬁnitio
658 4269 777 4325 quas
800 4264 885 4309 est
911 4253 1216 4325 hujusmodi
1241 4270 1253 4305 :
1295 4251 1485 4306 Dicunt
1511 4252 1655 4305 enim
1683 4264 1806 4304 esse
1837 4247 1991 4304 diffe-

402 4348 628 4402 rentiam
681 4344 826 4415 quod
877 4346 1045 4414 possit
1092 4359 1343 4414 separare
1371 4342 1627 4414 quidquid
1673 4342 1774 4396 sub
1798 4340 1989 4396 eodem

402 4454 597 4509 genere
617 4447 725 4503 est,
752 4448 806 4492 et
829 4447 976 4492 recte
1000 4437 1204 4492 dicunt.
1235 4436 1366 4491 Nam
1393 4436 1519 4490 dum
1550 4435 1648 4489 sub
1675 4435 1867 4491 eodem
1895 4448 1992 4507 ge-

2082 3241 2397 3296 differentiae
2426 3241 2530 3296 dici
2574 3256 2682 3295 non
2728 3239 2958 3307 habent,
2990 3237 3234 3309 quamvis
3277 3236 3386 3291 sola
3416 3234 3517 3288 hoc
3564 3247 3669 3289 una

2081 3335 2290 3402 species
2321 3334 2535 3390 habeat.
2582 3333 2719 3389 Nam
2745 3333 2791 3389 si
2828 3334 2992 3389 homo
3043 3331 3290 3403 navigat,
3340 3340 3517 3395 potest
3565 3328 3671 3386 dici

2086 3425 2284 3479 animal
2317 3425 2639 3495 navigabile.
2692 3424 2799 3481 Sed
2831 3414 3084 3495 navigare
3113 3424 3164 3477 in
3197 3422 3548 3478 substantiam
3581 3423 3673 3476 ho-

2084 3517 2245 3571 minis
2268 3532 2381 3572 non
2400 3517 2649 3574 vertitur.
2674 3516 2859 3587 Neque
2909 3516 3052 3571 enim
3078 3516 3240 3570 homo
3260 3514 3385 3570 inde
3411 3514 3676 3583 subsistit,

2085 3609 2210 3678 quia
2267 3610 2519 3682 navigat,
2578 3608 2826 3679 quamvis
2874 3607 2976 3663 hoc
3025 3607 3230 3663 nullum
3275 3606 3417 3662 aliud
3478 3605 3678 3660 animai

2086 3700 2291 3756 habere
2337 3701 2538 3771 possit,
2595 3701 2650 3756 id
2694 3710 2799 3769 est,
2848 3700 3056 3756 nullum
3108 3700 3278 3769 possit
3331 3698 3524 3753 animal
3578 3712 3679 3753 na-

2086 3792 2290 3863 vigare.
2335 3793 2539 3851 Eodem
2568 3793 2730 3849 modo
2781 3802 2838 3850 et
2892 3808 3014 3848 esse
3065 3791 3335 3848 rhetorem
3368 3791 3451 3845 vel
3495 3805 3679 3860 gram-

2090 3888 2367 3941 maticum.
2424 3886 2533 3941 llas
2582 3885 2744 3954 igitur
2788 3884 3124 3941 differentias
3171 3898 3290 3953 qua:
3324 3882 3390 3937 ad
3421 3898 3543 3937 esse
3576 3895 3680 3937 non

2091 3986 2346 4048 prosunt,
2400 3976 2497 4032 sed
2568 3984 2774 4031 tantum
2850 3985 3021 4030 artem
3088 3975 3317 4043 aliquam
3368 3974 3682 4027 scientiam-

2092 4085 2197 4139 que
2242 4077 2701 4135 commemoraut,
2750 4082 2856 4123 non
2910 4068 3159 4138 ponimus
3207 4065 3488 4135 speciﬁcas
3539 4080 3681 4131 esse,

2094 4162 2339 4232 quamvis
2385 4176 2492 4215 una
2534 4160 2789 4231 quaelibet
2834 4159 3083 4215 animalis
3118 4158 3173 4215 id
3212 4157 3419 4227 species
3470 4156 3683 4210 habeat.

2096 4254 2241 4325 Ergo
2270 4248 2721 4309 considerandum
2752 4264 2858 4319 est,
2891 4262 2951 4307 ut.
2978 4253 3191 4322 quoties
3221 4249 3450 4305 dicimus
3497 4248 3685 4303 deﬁni-

2098 4347 2299 4401 tionem
2341 4345 2661 4401 differenti-Je
2693 4346 2841 4401 illam
2866 4344 3227 4400 ditferentiam
3256 4357 3375 4398 esse
3404 4356 3506 4412 qua
3538 4340 3685 4396 diffe«

2099 4450 2222 4495 rant
2246 4440 2477 4511 singula,
2514 4441 2662 4494 illam
2696 4440 2991 4513 significari
3038 4437 3395 4493 differentiam
3427 4436 3686 4501 intelliga-

403 4543 532 4583 nere
556 4529 629 4582 sit
659 4527 820 4582 homo
847 4537 1010 4596 atque
1050 4541 1252 4597 equus,
1285 4524 1409 4595 quia
1439 4536 1725 4594 utrumque
1767 4535 1849 4579 est
1879 4526 1978 4579 ani-

2074 4560 2075 4575 ι
2102 4549 2243 4598 mus,
2269 4550 2387 4601 qua:
2418 4534 2484 4586 ad
2510 4532 2711 4601 aliquid
2732 4546 2859 4587 esse
2886 4530 3111 4599 prodest
3131 4540 3185 4584 et
3218 4543 3336 4596 qua:
3364 4536 3447 4582 est
3462 4527 3686 4588 alicujus

405 4621 545 4686 mal,
590 4635 711 4674 eum
761 4620 968 4675 venerit
1012 4618 1274 4673 rationale
1316 4616 1400 4673 vel
1439 4616 1751 4671 irrationale
1798 4631 1996 4685 equum

407 4720 569 4779 atque
602 4711 876 4765 hominem
906 4709 1049 4780 quod
1080 4710 1180 4764 sub
1209 4708 1399 4763 eodem
1428 4722 1624 4776 genere
1668 4718 1827 4774 sunt,
1860 4708 1997 4765 divi-

410 4805 544 4859 dunt
585 4816 747 4873 atque
794 4804 1125 4860 discernunt.
1159 4802 1295 4858 Sunt
1323 4800 1483 4872 igitur
1530 4802 1635 4855 illae
1680 4800 1998 4857 differentiae

410 4912 530 4966 qua:
582 4904 803 4966 possunt
849 4910 936 4950 res
980 4896 1082 4952 sub
1131 4892 1321 4948 eodem
1349 4906 1549 4963 genere
1595 4906 1869 4963 separare.
1902 4892 2001 4946 Est

409 4997 587 5041 autem
619 4986 719 5039 alia
738 4986 1011 5041 definitio:
1034 4982 1362 5040 Differentia‘.
1389 4982 1723 5051 suntquibus
1753 4981 2000 5051 quodque

412 5082 480 5136 ab
507 5082 613 5136 alio
634 5082 819 5135 distat.
846 5080 978 5135 Nam
1006 5080 1166 5134 homo
1192 5088 1353 5148 atque
1374 5092 1545 5145 equus
1567 5078 1814 5132 rationali
1838 5085 2001 5144 atque

414 5173 713 5228 irrationali
764 5172 1070 5229 differentia
1116 5173 1460 5241 discrepant,
1503 5186 1625 5226 cum
1680 5187 1841 5226 unum
1892 5170 2002 5229 sint
2060 5200 2067 5203 «

417 5276 672 5334 quantum
701 5266 768 5321 ad
798 5282 988 5336 genus,
1014 5276 1071 5321 et
1098 5266 1202 5321 hoc
1231 5276 1313 5320 est
1342 5265 1482 5334 quod
1511 5264 1675 5318 dicit:

492 5353 790 5422 Di/Iercntia
817 5367 891 5412 est
926 5373 1029 5426 qua
1073 5355 1318 5423 differunt
1366 5355 1573 5426 singula
1592 5395 1608 5418 ,
1636 5354 1759 5423 quia
1804 5369 1894 5422 per
1919 5368 2001 5408 u-

415 5467 583 5519 tpsum
604 5469 761 5523 genus
800 5463 895 5519 est,
928 5460 976 5506 et
1003 5450 1098 5505 illa
1123 5466 1236 5522 qua:
1267 5448 1545 5503 rationalia
1572 5456 1712 5511 sunt,
1737 5462 1829 5499 nos
1861 5446 2003 5501 acili-

416 5553 516 5609 cet,
547 5554 593 5597 et
624 5545 716 5599 illa
756 5560 870 5617 quia
892 5544 1219 5598 irrationalia
1257 5550 1396 5596 aunt.
1431 5538 1670 5609 Namque
1700 5550 1747 5593 et
1778 5537 1929 5590 homo
1958 5545 2007 5591 et

416 5654 577 5706 equus
594 5648 641 5691 et
655 5639 763 5693 avia
784 5639 893 5692 hac
915 5637 1087 5691 omnia
1107 5652 1266 5707 genus
1288 5651 1447 5689 unum
1468 5642 1605 5698 sunt,
1623 5632 1675 5685 id
1695 5639 1770 5685 est
1788 5630 2003 5685 animal.

419 5728 662 5800 Namque
685 5730 881 5785 animal
910 5732 1091 5783 horum
1116 5728 1339 5797 omnium
1366 5741 1524 5797 genus
1550 5734 1623 5778 est

491 5822 595 5882 Sed
627 5825 770 5883 side
810 5823 912 5881 hoc
948 5822 1066 5880 loco
1092 5822 1144 5879 in
1173 5836 1278 5892 quo
1331 5819 1561 5891 positum
1608 5827 1718 5887 est,
1748 5815 1869 5888 quia
1910 5829 2006 5886 per

2103 4638 2227 4692 pars
2253 4621 2567 4676 substantia:
2608 4620 2831 4687 speciei.
2876 4618 2969 4671 llla
3013 4633 3141 4669 vero
3178 4630 3297 4684 qua:
3323 4615 3390 4668 ad
3435 4629 3555 4666 esse
3582 4628 3687 4665 non

2105 4720 2328 4781 prosunt
2358 4711 2414 4763 in
2442 4710 2542 4763 hoc
2568 4722 2768 4778 genere
2810 4706 3264 4769 differentiarum,
3296 4706 3542 4776 quamvis
3582 4704 3689 4757 sin.

2101 4802 2243 4872 gula:
2292 4801 2555 4871 cujusque
2583 4801 2691 4856 sint
2733 4816 2842 4857 non
2873 4813 3159 4869 ponamus.
3196 4799 3303 4855 Sed
3332 4798 3583 4871 quoniam
3625 4797 3691 4855 de

2105 4896 2406 4952 differentia
2437 4895 2639 4950 dictum
2671 4904 2778 4960 est,
2804 4896 2874 4950 de
2903 4894 3125 4963 proprio
3152 4894 3512 4964 explicemus.
3544 4890 3694 4951 Tunc

2109 4986 2323 5052 Fabius,
2358 4996 2415 5045 ut
2433 4984 2688 5054 arbitror,
2717 5000 3057 5056 consequens
3086 4994 3189 5040 est.

2678 5118 2765 5172 DF.
2808 5116 3123 5174 PROPRIO.

2182 5233 2466 5301 Pr0prium
2514 5242 2735 5303 quatuor
2784 5233 2972 5286 dicitur
3011 5230 3195 5285 modis.
3226 5228 3428 5284 Dicitur
3474 5244 3695 5299 namque

2110 5325 2375 5396 proprium
2426 5323 2563 5389 quod
2593 5324 2682 5375 uni
2724 5323 2911 5393 speciei
2956 5319 3176 5385 accidit,
3216 5320 3413 5375 etiamsi
3444 5334 3545 5379 non
3588 5336 3695 5375 ama

2112 5418 2277 5472 nibus.

2184 5531 2249 5586 Et
2276 5543 2377 5599 ego
2408 5546 2421 5581 :
2460 5527 2700 5595 Quatuor
2735 5538 2869 5594 ergo
2896 5524 3073 5581 modis
3099 5525 3319 5595 propria
3346 5524 3697 5584 dividuntur:

2113 5635 2195 5679 est
2222 5624 2367 5678 enim
2402 5620 2678 5689 proprium
2728 5617 2873 5687 quod
2904 5619 2993 5673 uni
3024 5618 3251 5684 accidit,
3281 5626 3336 5675 et
3377 5618 3422 5673 si
3452 5633 3559 5675 non
3586 5636 3696 5677 om-

2115 5716 2290 5779 nibus,
2326 5720 2385 5766 ut
2411 5721 2492 5767 est
2522 5712 2707 5767 rhetor
2739 5710 2820 5765 vel
2861 5722 3141 5780 geometer
3173 5710 3257 5766 vel
3299 5711 3696 5781 grammaticuti.

2117 5808 2243 5867 llaec
2273 5818 2402 5863 vero
2432 5806 2614 5877 omn‘a
2642 5803 2734 5865 uni
2764 5802 2864 5861 soli
2892 5803 3117 5877 apecici,
3152 5802 3203 5860 id
3233 5814 3316 5861 est
3341 5802 3542 5859 homini
3567 5796 3695 5855 ilch
