4244 6254
599 348 669 408 55

1829 351 1939 408 AN.
1980 352 2189 410 MANL.
2229 348 2383 411 SEV'.
2430 353 2649 412 BOETH

3802 362 3871 420 56

596 468 767 531 dunt,
811 481 917 523 non
959 474 1137 522 tamen
1164 463 1432 524 omnibus.
1462 464 1649 537 Neque
1675 452 1819 523 enim
1859 483 2048 523 omnes
2092 468 2188 524 ho-
2213 474 2263 535 Α
2295 470 2535 525 testsine
2563 471 2679 539 ejus
2706 471 2759 526 in
2789 487 2895 542 quo
2916 483 3000 529 est
3026 470 3413 530 interitu.Nam
3445 492 3568 532 cum
3597 478 3871 551 insepara-

596 560 767 614 mines
814 561 897 614 vel
926 550 1295 631 grammatici,
1336 560 1422 615 vel
1471 560 1746 629 rhetores,
1782 562 1865 617 vel
1911 563 2175 633 geometri

592 660 736 717 sunt,
760 658 918 719 atque
941 650 1062 707 ideo
1081 652 1357 707 vocabitur
1378 653 1479 707 hoc
1503 654 1777 723 proprium
1802 653 1944 723 quod
1967 656 2057 709 uni
2082 655 2172 724 sit,

588 746 798 798 etiamsi
828 762 934 801 non
978 747 1245 801 omnibus.
1287 746 1383 801 Est
1434 748 1558 802 item
1592 748 1695 803 alia
1727 750 2028 818 proprietas
2055 763 2175 821 qua:

586 847 670 891 est
708 840 973 905 omnibus,
1006 839 1216 893 etiamsi
1245 854 1355 894 non
1384 840 1505 894 soli.
1538 839 1672 894 Nam
1718 841 1868 911 bipes
1898 841 2044 896 omni
2074 841 2174 897 ho-

585 931 713 985 mini
743 931 954 986 act-idit.
990 931 1177 987 Omnis
1227 932 1369 988 enim
1400 932 1561 988 homo
1599 933 1748 1003 bipes
1776 942 1895 999 est;
1928 935 2024 990 sed
2064 950 2172 990 non

584 1023 683 1077 ευΙί
714 1022 988 1078 hominum
1018 1023 1219 1092 speciei
1270 1024 1487 1091 accidit,
1517 1024 1612 1080 sed
1653 1025 1813 1081 etiam
1845 1026 2049 1081 avibus.
2104 1026 2172 1081 Et

584 1115 711 1169 item
770 1116 986 1169 tertium
1018 1116 1293 1183 proprium
1340 1115 1482 1187 quod
1512 1117 1660 1172 omni
1686 1126 1742 1172 et
1787 1118 1889 1173 soli
1913 1128 1967 1173 et
1991 1118 2170 1187 aliquo

579 1216 817 1275 tempore
843 1208 1059 1274 accidit,
1087 1218 1144 1263 ut
1168 1219 1251 1265 est
1280 1209 1333 1263 in
1366 1210 1645 1278 pubertate
1674 1210 1989 1279 pubescere,
2032 1220 2084 1264 et
2112 1209 2169 1266 in

579 1310 858 1355 senectute
888 1282 1197 1357 canescere.
1228 1300 1468 1371 Namque
1497 1310 1551 1355 ct
1581 1301 1831 1356 omnibhs
1863 1301 2169 1357 hominibus

572 1394 771 1458 evenit,
798 1404 852 1448 et
884 1394 1017 1449 nulli
1042 1394 1133 1449 alii
1160 1395 1358 1464 speciei
1384 1395 1491 1451 nisi
1529 1395 1631 1450 soli
1661 1394 1958 1462 hominum,
1991 1402 2047 1450 et
2069 1394 2169 1450 ali-

571 1499 677 1553 quo
710 1495 984 1554 tempore:
1015 1485 1365 1541 constitutum
1393 1486 1536 1541 enim
1572 1495 1783 1556 tempus
1803 1496 1886 1541 est
1918 1486 2000 1541 vel
2031 1486 2201 1542 ado-a

571 1576 890 1631 lescentibus
910 1577 1258 1647 pubescendi,
1276 1578 1358 1632 vel
1383 1579 1796 1634 senescentibus
1819 1578 2162 1635 canescendi.

568 1667 750 1737 Neque
778 1670 922 1724 enim
954 1686 983 1724 a
1016 1682 1179 1727 sexto
1208 1687 1351 1727 anno
1381 1672 1463 1726 vel
1495 1671 1726 1740 septimo
1764 1671 1959 1742 aliquis
1991 1672 2163 1742 pube-

567 1761 689 1825 scit,
709 1771 798 1815 aut
820 1777 851 1815 a
877 1761 1133 1817 vicesimo
1160 1764 1419 1829 canescit,
1443 1762 1552 1817 nisi
1571 1761 1708 1818 forte
1731 1763 1929 1833 aliquid
1953 1761 2163 1817 accidat

2282 560 2407 615 hilia
2454 562 2583 628 sint,
2612 564 2812 620 auferri
2859 582 2965 621 non
3010 578 3254 638 possunt.
3285 568 3392 625 Sed
3425 569 3542 627 haec
3572 582 3677 627 tam
3706 574 3869 631 vehe-

2281 669 2435 709 mens
2465 657 2690 725 quzestio
2717 658 2944 714 solvitur
2988 661 3096 725 sic,
3131 662 3273 732 quod
3319 662 3436 719 hanc
3467 665 3583 734 ipsa
3622 666 3867 725 delinitio

2279 748 2344 804 de
2368 751 2731 807 accidentibus
2769 752 2906 809 facta
2936 766 3017 810 est
3044 767 3330 825 potestate,
3360 774 3466 813 non
3517 769 3664 828 actu,
3696 772 3753 817 et
3782 763 3865 818 in-

2278 846 2598 915 telligentia,
2631 866 2737 904 non
2767 852 3013 907 veritate.
3037 852 3151 907 Non
3177 853 3296 923 quia
3321 853 3572 926 Ethiops
3594 868 3646 912 et
3669 873 3863 915 corvus

2273 941 2510 1019 colorem
2535 944 2804 1011 amittant,
2839 946 2934 1000 sed
2966 946 3082 1001 sine
3114 947 3216 1002 isto
3248 947 3431 1004 colore
3456 949 3525 1003 ad
3557 951 3862 1021 intelligen-

2274 1031 2401 1086 tiam
2430 1044 2668 1090 nostram
2721 1049 2942 1106 possunt
2997 1039 3315 1095 subsistere.
3365 1041 3495 1095 Nam
3547 1057 3731 1098 verum
3777 1051 3862 1098 est

2272 1126 2525 1194 quoniam
2552 1126 2862 1196 Ethiopem
2892 1142 2983 1186 aut
3004 1148 3227 1187 corvum
3249 1134 3399 1188 color
3420 1134 3569 1205 niger
3585 1150 3860 1213 nunquam

2271 1217 2493 1274 deserit.
2529 1220 2633 1277 Sed
2662 1224 2706 1277 si
2734 1224 2853 1293 quis
2885 1225 3150 1296 intelligat
3174 1227 3416 1283 colorem
3446 1228 3608 1284 istum
3639 1228 3858 1284 Ethio—

2272 1326 2392 1380 pem
2426 1314 2509 1368 vel
2541 1329 2759 1369 corvum
2801 1332 2961 1387 posse
2994 1321 3273 1386 amittere,
3308 1321 3611 1391 plumarum
3652 1332 3856 1378 tantum

2271 1404 2427 1460 color
2456 1406 2510 1460 in
2540 1421 2704 1463 corvo
2746 1412 3059 1479 mutabitur,
3090 1423 3145 1468 et
3184 1415 3288 1469 erit
3316 1417 3432 1471 avis
3453 1417 3573 1472 alba
3596 1417 3773 1487 specie
3801 1425 3856 1473 et

2269 1493 2441 1549 forma
2469 1497 2641 1564 corvi,
2668 1499 2714 1552 si
2745 1501 2864 1569 quis
2897 1501 2998 1557 hoc
3028 1502 3314 1573 intelligat.
3347 1509 3415 1560 At
3440 1522 3571 1563 vero
3598 1508 3851 1575 hominis,

2266 1585 2320 1642 id
2346 1597 2429 1643 est
2458 1588 2749 1659 EthiOpis,
2768 1593 2967 1649 amisso
2985 1594 3138 1665 nigro
3159 1596 3363 1666 colore,
3380 1600 3482 1654 erit
3503 1601 3621 1668 ejus
3639 1602 3850 1670 species

2265 1679 2531 1747 candida,
2572 1683 2709 1738 sicut
2743 1688 2905 1740 etiam
2960 1688 3186 1743 aliorum
3234 1691 3534 1746 hominum.
3582 1694 3720 1763 Ergo
3750 1693 3852 1749 hoc

2266 1785 2372 1825 non
2422 1772 2545 1828 ideo
2570 1776 2696 1844 quia
2745 1776 2837 1831 liat
2868 1779 3094 1849 dicitur,
3125 1781 3222 1836 sed
3268 1782 3388 1837 ideo
3426 1783 3548 1853 quia
3594 1786 3638 1841 si
3669 1793 3850 1855 posset

563 1852 711 1906 novi.
740 1853 997 1920 Quartum
1033 1853 1306 1925 proprium
1341 1864 1446 1924 est,
1476 1854 1621 1924 quod
1650 1855 1742 1909 uni
1774 1854 1977 1923 speciei
2016 1854 2159 1910 θεοῖο
2188 1856 2238 1919 Β
2266 1865 2410 1937 ﬁeri,
2446 1867 2606 1937 hujus
2636 1870 2933 1926 accidentis
2963 1875 3265 1944 susceptrix
3293 1877 3591 1934 substantia
3622 1895 3727 1935 non
3758 1894 3848 1950 pe-

563 1943 661 2009 dit,
682 1951 738 1999 e:
764 1944 1011 2000 omnibus
1034 1947 1135 2001 sub
1161 1946 1350 2003 eadem
1374 1946 1555 2016 specie
1586 1945 1896 2011 individuis,
1928 1954 1982 2001 et
2006 1950 2153 2002 omni

563 2045 827 2103 tempore.
856 2036 986 2091 Nam
1012 2037 1272 2095 risibilem
1290 2054 1412 2094 esse
1435 2038 1728 2105 hominem,
1759 2047 1812 2095 et
1836 2041 1924 2095 uni
1950 2040 2153 2110 speciei

558 2125 756 2192 solum,
805 2127 856 2181 id
886 2135 971 2183 est
998 2128 1202 2183 homini
1249 2129 1548 2199 contingit,
1577 2139 1632 2184 et
1660 2130 1907 2185 omnibus
1931 2132 2029 2186 sub
2055 2146 2150 2186 ea-

557 2215 678 2270 dem
711 2216 891 2287 specie
920 2217 1211 2274 individuis
1237 2237 1249 2273 :
1282 2235 1472 2275 omnes
1501 2220 1643 2275 enim
1674 2223 1868 2292 singuli
1903 2224 2149 2279 homines

557 2306 756 2378 rident,
776 2321 829 2369 et
849 2311 997 2367 omni
1022 2322 1284 2385 tempore.
1314 2315 1596 2386 Nunquam
1622 2316 1764 2371 enim
1789 2324 1999 2385 tempus
2026 2316 2144 2383 fuit,

556 2418 612 2461 ut
640 2410 946 2481 quicunque
996 2414 1177 2471 ridere
1222 2430 1327 2469 non
1380 2415 1574 2485 possit.
1623 2415 1730 2472 Sed
1778 2415 1982 2471 risibile
2026 2415 2149 2472 dico

552 2508 846 2568 potestate,
880 2518 988 2558 non
1027 2515 1169 2558 actu.
1202 2503 1443 2574 Namque
1469 2506 1571 2562 etsi
1604 2521 1709 2561 non
1738 2507 1911 2562 rideat
1942 2509 2103 2563 homo
2126 2554 2143 2579 ,

555 2598 738 2645 tamen
766 2592 888 2661 quia
909 2592 1087 2649 ridere
1110 2604 1307 2664 potest,
1340 2595 1559 2650 risibilis
1588 2598 1906 2666 appellatur.
1931 2601 1994 2653 Et
2019 2610 2147 2655 sunt

550 2678 763 2751 integre
785 2695 839 2737 et
867 2698 993 2738 vere
1024 2684 1237 2753 propria
1269 2684 1370 2741 ista
1405 2703 1522 2754 qua:
1550 2699 1604 2741 et
1632 2690 1745 2754 uni,
1775 2698 1829 2743 et
1869 2690 2142 2757 omnibus,

551 2781 607 2827 et
633 2773 783 2828 omni
817 2782 1056 2849 tempore
1087 2776 1290 2831 insunt.
1316 2776 1559 2847 Namque
1591 2778 1705 2833 haec
1727 2782 2007 2849 speciebus
2030 2783 2143 2837 suis

547 2865 788 2921 converti
813 2843 1057 2936 possu'nt.
1086 2868 1145 2924 Si
1174 2868 1316 2923 enim
1345 2869 1526 2925 dicas:
1560 2870 1696 2937 Quid
1712 2882 1794 2925 est
1826 2872 2019 2927 homo?
2052 2873 2144 2926 Iti-

544 2958 724 3016 sibile.
756 2960 812 3016 Si
843 2960 975 3031 quid
1000 2972 1084 3019 est
1116 2962 1323 3020 risibile
1363 2963 1666 3036 interroges
1690 2978 1719 3032 ,‘
1752 2964 1915 3020 homo
1945 2965 2143 3037 przedi-

545 3051 717 3109 cabis.
751 3052 843 3108 llla
872 3070 999 3110 vero
1043 3055 1150 3110 alia
1180 3056 1349 3127 bipes,
1396 3058 1482 3112 vel
1511 3058 1893 3128 grammaticus
1924 3057 2140 3128 propria

544 3143 759 3212 quidem
789 3153 936 3214 sunt,
969 3144 1066 3201 sed
1085 3148 1332 3204 converti
1363 3164 1472 3202 non
1517 3158 1761 3217 possunt.
1795 3150 1926 3203 Nam
1956 3164 2138 3220 gram-

2260 1960 2410 2017 n‘ret.
2434 1960 2587 2029 Quod
2619 1963 2737 2033 ipse
2769 1964 2870 2020 hoc
2900 1966 3059 2021 modo
3085 1968 3424 2025 demonstrat
3452 1988 3468 2027 :

2330 2052 2509 2109 Potest
2533 2066 2704 2111 autem
2719 2058 3035 2131 rubintelligi
3050 2071 3097 2116 et
3113 2079 3293 2119 corvus
3309 2064 3479 2131 albus,
3504 2074 3551 2121 et
3575 2065 3841 2135 ίΕιΙιίορε,

2257 2155 2312 2200 ut
2335 2163 2536 2217 corvus,
2570 2150 2756 2205 antisse
2782 2152 2983 2223 colore,
3018 2154 3072 2207 in
3103 2157 3329 2225 propria:
3348 2157 3649 2213 substantia:
3661 2168 3845 2214 natura

2258 2253 2572 2308 permaneat,
2601 2244 2819 2299 colorem
2847 2263 2998 2301 suum
3035 2250 3330 2317 perditurus
3366 2254 3478 2306 sine
3516 2255 3726 2308 interitu
3750 2270 3844 2310 suo

2253 2334 2306 2385 in
2334 2350 2435 2404 quo
2463 2336 2606 2389 color
2628 2337 2749 2406 fuit.

2326 2426 2465 2482 Nihil
2514 2429 2654 2483 enim
2704 2430 2770 2486 ad
2801 2431 3036 2502 speciem
3068 2434 3325 2506 impedit,
3376 2435 3423 2492 si
3465 2435 3715 2509 Ethiops
3754 2436 3841 2494 vel

2252 2535 2471 2589 corvus,
2501 2524 2701 2579 amisso
2726 2526 2927 2593 colore,
2965 2528 3017 2582 in
3055 2531 3288 2599 propria:
3305 2531 3618 2586 substantia:
3650 2541 3841 2611 natura

2251 2621 2588 2682 permaneat.
2618 2616 2715 2673 Est
2740 2626 2919 2674 autem
2948 2618 3051 2674 alia
3093 2620 3355 2692 deﬁnitio,
3387 2638 3505 2694 quae
3536 2633 3619 2681 est
3648 2624 3838 2696 hujus-

2248 2705 2436 2758 modi:

2322 2797 2569 2853 Accidens
2610 2807 2686 2854 es't
2714 2805 2855 2873 quod
2881 2806 3125 2877 contingit
3154 2806 3345 2874 alicui,
3384 2819 3431 2863 et
3470 2810 3634 2865 inesse
3666 2818 3714 2865 et
3737 2826 3835 2865 non

2247 2887 2433 2945 inesse.

2318 2980 2451 3035 Nam
2475 2983 2617 3049 quod
2644 2985 2697 3040 in
2728 2988 3085 3043 substantiam
3109 3005 3214 3045 non
3238 2992 3485 3059 vertitur,
3508 2992 3562 3047 id
3585 2995 3835 3052 accidens

2247 3086 2368 3128 esse
2400 3074 2656 3144 dicimus,
2687 3076 2741 3131 id
2780 3088 2863 3134 est
2894 3095 3002 3135 non
3049 3080 3103 3135 in
3134 3081 3431 3138 substantia
3464 3085 3704 3156 insitum,
3737 3090 3833 3146 sed

2246 3163 2579 3221 extrinsecus
2607 3168 2851 3225 veniens.
2878 3170 3016 3241 Erga
3053 3187 3115 3227 ea
3146 3189 3265 3243 qua:
3287 3175 3605 3249 contingunt
3632 3187 3687 3234 et
3712 3196 3833 3238 esse

543 3234 770 3291 maticus
796 3251 1010 3309 semper
1034 3238 1215 3306 homo,
1247 3241 1407 3294 homo
1436 3254 1567 3295 vero
1591 3256 1698 3295 non
1724 3255 1940 3310 semper
1955 3256 2136 3310 grain-

2210 3284 2211 3303 ι
2243 3263 2299 3310 et
2320 3272 2426 3311 non
2452 3273 2595 3326 esse,
2630 3260 2749 3317 ideo
2776 3263 3073 3320 accidentia
3099 3275 3287 3322 vocata
3309 3234 3745 3341 suntiquoniam
3777 3276 3829 3330 in

540 3325 791 3382 maticus.
828 3326 896 3381 Et
922 3328 1228 3386 econtrario
1255 3329 1419 3386 homo
1453 3347 1669 3401 semper
1696 3332 1850 3402 bipes
1880 3341 1982 3401 est,
2024 3348 2133 3389 non

543 3430 759 3474 econtra
790 3420 940 3490 bipes
964 3436 1177 3493 semper
1195 3424 1357 3479 homo
1374 3435 1477 3481 est.
1502 3426 1571 3481 Et
1592 3426 1856 3483 hinnibile
1880 3429 2129 3486 similiter

541 3508 707 3581 magis
731 3515 1000 3583 proprium
1027 3516 1149 3586 equi
1179 3523 1280 3571 est.
1310 3516 1443 3572 Nam
1466 3518 1659 3573 eodem
1684 3519 1843 3573 modo
1868 3521 1986 3575 haec
2008 3536 2132 3591 pro-

536 3604 737 3672 prietas
767 3607 833 3661 ad
882 3623 1035 3663 suam
1080 3610 1316 3678 speciem
1368 3612 1613 3667 converti
1666 3622 1841 3682 potest
1876 3632 1888 3667 :
1930 3630 2053 3669 nam
2084 3616 2130 3669 si

539 3696 687 3751 dicas
720 3698 843 3769 quid
867 3710 950 3755 est
976 3716 1166 3772 equus,
1197 3701 1465 3760 hinnibile
1492 3706 1865 3776 respondebis.
1897 3706 1976 3773 Si,
2001 3708 2129 3778 quid

536 3800 620 3845 est
648 3792 907 3850 hinnibile
929 3839 944 3863 ,
978 3812 1148 3868 equus
1190 3800 1592 3869 prmdicabitur.
1644 3803 1749 3859 Sed
1779 3805 2031 3874 quoniam
2061 3806 2129 3862 de

453 3866 460 3883 ’
532 3884 766 3954 propriis
805 3886 1006 3943 dictum
1028 3866 1139 3957 est,
1169 3866 1238 3947 de
1265 3893 1634 3949 accidentibus
1663 3909 1893 3966 sequens
1926 3906 2127 3952 tracta-

535 3985 619 4032 tus
648 3978 927 4062 habeatur.
962 3982 1097 4041 Tum
1129 3983 1324 4044 Fabius
1352 4007 1364 4041 :
1400 3987 1596 4045 Deﬁnit
1627 3989 1958 4062 Porphyrius
1984 3992 2127 4048 acci-

529 4070 665 4130 dens
702 4075 800 4131 sic.

1068 4233 1156 4287 DE
1196 4233 1583 4291 ACCIDENTI.

600 4342 846 4400 Accidens
873 4354 945 4402 est
966 4348 1102 4418 quod
1122 4348 1345 4418 infertur
1366 4359 1412 4404 et
1435 4351 1669 4419 aufertur
1686 4351 1795 4406 sine
1810 4353 1922 4423 ejus
1944 4355 1997 4408 in
2021 4370 2122 4424 quo

527 4444 601 4487 est
634 4435 865 4489 interitu.

599 4557 710 4612 tloc
737 4568 919 4637 autem
950 4560 1130 4617 dicere
1152 4562 1384 4631 videtur,
1420 4564 1548 4619 illud
1570 4579 1691 4623 esse
1715 4567 1969 4624 accidens
1997 4570 2117 4625 sine

2243 3348 2559 3405 substantiae
2592 3353 2798 3409 ratione
2825 3370 2931 3409 non
2963 3357 3317 3427 accipiuntur.
3349 3358 3404 3416 Si
3433 3363 3576 3417 enim
3616 3364 3667 3419 in
3697 3364 3826 3420 sub-

2239 3442 2454 3498 stantiae
2480 3444 2691 3502 ratione
2718 3458 3065 3518 ponerentur,
3100 3467 3370 3524 nunquam
3403 3456 3509 3510 non
3543 3468 3745 3527 essent,
3774 3469 3828 3515 et

2238 3536 2288 3590 si
2319 3552 2426 3590 non
2457 3550 2659 3607 essent,
2686 3556 2957 3611 nunquam
2980 3558 3103 3599 esse
3131 3547 3526 3615 possent._Nam
3551 3551 3822 3621 quoniam,

2240 3628 2392 3683 verbi
2423 3633 2617 3700 gratia,
2662 3633 2940 3690 rationalis
2987 3636 3040 3690 in
3089 3637 3389 3694 substantia
3436 3639 3667 3697 hominis
3708 3653 3821 3709 est,

2236 3737 2509 3791 nunquam
2541 3725 2702 3804 homo
2728 3741 2849 3782 esse
2892 3729 3088 3796 poterit
3128 3729 3528 3798 irrationabilis,
3560 3735 3811 3804 quoniam

2235 3800 2676 3872 irrationabili'tas
2703 3819 2755 3873 in
2780 3819 3072 3874 substantia
3092 3821 3329 3878 hominis
3351 3839 3458 3880 non
3486 3835 3589 3881 est.
3618 3826 3693 3882 Ex
3718 3826 3821 3883 hoc

2234 3922 2363 3977 ergo
2396 3908 2541 3963 venit
2570 3912 2732 3965 etiam
2764 3912 2866 3966 alia
2894 3914 3137 3971 dellnitio
3162 3933 3173 3968 :

2305 3999 2553 4055 Accidens
2566 4018 2675 4057 esse
2699 4002 2855 4070 illud,
2877 4007 3014 4074 quod
3034 4022 3193 4076 neque
3212 4023 3376 4078 genus
3396 4009 3479 4079 sit,
3513 4026 3673 4082 neque
3698 4027 3817 4082 spe-

2232 4091 2357 4156 cies,
2389 4109 2550 4164 neque
2580 4093 2893 4161 cii/ferentia,
2923 4113 3082 4167 neque
3106 4100 3395 4169 proprium.

2302 4186 2433 4242 Nam
2460 4191 2708 4259 quoniam
2739 4207 2940 4261 genus,
2972 4193 3201 4261 species,
3245 4192 3583 4261 differentia,
3610 4205 3666 4252 et
3692 4212 3815 4267 pro-

2229 4280 2430 4349 prium,
2461 4282 2514 4335 in
2546 4282 2843 4337 substantia
2886 4292 3031 4349 sunt,
3062 4292 3115 4339 et
3145 4285 3511 4356 cujuscunque
3560 4288 3703 4343 illius
3736 4290 3814 4345 rei

2227 4374 2582 4429 substantiam
2617 4385 2938 4441 monstrant,
2984 4378 3184 4431 ideirco
3212 4376 3466 4447 quidquid
3497 4378 3687 4435 horum
3717 4381 3814 4437 ali-

2227 4466 2357 4537 quid
2386 4482 2488 4522 non
2520 4468 2697 4535 fuerit,
2722 4468 2772 4522 id
2799 4469 3049 4524 accidens
3074 4471 3266 4526 merito
3286 4470 3684 4541 praedicabitur.
3711 4475 3813 4529 Ex-

2229 4558 2427 4630 plicitis
2456 4562 2613 4631 igitur
2638 4571 2799 4631 atque
2837 4561 3099 4630 expeditis
3146 4561 3229 4616 his
3273 4579 3393 4633 quae
3422 4569 3722 4636 proposuit,
3760 4567 3811 4623 id

522 4664 625 4717 quo
654 4660 834 4719 potest
859 4636 1111 4710 constare
1132 4654 1267 4709 illud
1292 4656 1380 4711 cui
1408 4657 1635 4713 accidit:
1664 4671 1722 4715 ut
1741 4671 1869 4731 puta
1896 4662 1944 4719 si
1972 4662 2113 4720 forte
2139 4687 2142 4697 ε

2224 4663 2307 4710 est
2325 4669 2544 4724 genere,
2568 4657 2766 4725 specie,
2789 4655 3040 4723 propriis,
3065 4631 3402 4723 diti‘erentiis,
3422 4659 3811 4716 accidentibus-

520 4757 643 4795 casu
685 4743 863 4813 aliquo
907 4750 1158 4815 cuiquam
1211 4747 1379 4805 iacies
1418 4750 1734 4821 irrubuerit,
1782 4753 2112 4812 abscedente
2217 4764 2326 4820 que
2352 4758 2603 4815 tractare,
2636 4764 2779 4805 nunc
2800 4751 3219 4821 exsequiturilla
3241 4770 3361 4823 qua:
3389 4754 3528 4811 inter
3551 4756 3664 4810 haec
3692 4772 3809 4813 ont-

519 4837 718 4891 ruhore
748 4839 916 4893 illzesa
944 4840 1112 4895 facies
1135 4844 1498 4913 permanebit,
1531 4848 1668 4903 sicut
1691 4849 1974 4906 eveniente
2000 4867 2109 4907 non

2217 4841 2307 4896 nia
2338 4842 2640 4897 communia
2670 4851 2816 4909 sunt,
2850 4852 2904 4897 et
2930 4860 3048 4913 qua:
3075 4845 3398 4902 differentia.

516 4926 649 4981 laesa
680 4938 780 4982 est.
818 4927 1077 4984 Dividitur
1104 4947 1235 5003 ergo
1265 4935 1515 4992 accidens
1543 4938 1598 4993 in
1636 4941 1938 5009 separabile
1965 4954 2021 4999 et
2048 4945 2105 4999 in

516 5018 892 5085 inseparabile.
916 5019 1157 5092 Namque
1178 5026 1481 5093 separabile
1496 5028 1748 5085 accidens
1773 5042 1875 5099 est,
1901 5042 1959 5088 ut
1976 5042 2104 5103 puta
2166 5084 2169 5087 ,
2207 5042 2212 5049 ‘

513 5107 560 5161 si
590 5108 731 5177 quis
762 5110 948 5165 sedeat
994 5113 1079 5167 vel
1109 5114 1347 5171 ambulet
1376 5135 1390 5171 :
1425 5118 1781 5189 inseparabile
1820 5132 1901 5179 est
1922 5164 1937 5190 ,
1971 5134 2026 5179 ut
2053 5126 2103 5180 si

512 5200 661 5257 dicas
684 5217 899 5260 corvum
931 5206 1164 5278 nigrum,
1196 5223 1425 5279 cygnum
1449 5213 1651 5280 album,
1674 5223 1833 5286 atque
1863 5216 1980 5272 haec
2009 5233 2103 5273 ac-

511 5292 742 5350 cidentia
765 5298 1003 5367 separari
1032 5315 1136 5355 non
1171 5311 1415 5372 possunt.
1436 5303 1683 5360 Nascitur
1708 5316 1887 5362 autem
1912 5309 2103 5379 hujus-

514 5387 658 5442 modi
687 5388 957 5458 dubietas,
1001 5404 1180 5449 utrum
1227 5397 1473 5465 superior
1499 5398 1738 5455 deﬁnitio
1764 5416 1892 5456 vera
1922 5401 2013 5469 sit,
2042 5410 2103 5457 et

510 5484 750 5536 omnium
780 5485 1136 5542 accidentium
1160 5504 1355 5545 nomen
1385 5493 1643 5548 includat.
1675 5493 1808 5548 Nam
1840 5496 2097 5566 quoniam

507 5581 634 5627 sunt
655 5576 898 5643 quaedam
928 5578 1009 5649 (ut
1032 5581 1149 5649 ipse
1175 5583 1270 5653 ait)
1295 5585 1592 5641 accidentia
1618 5586 2024 5658 inseparabilia,
2042 5590 2101 5645 in

508 5661 597 5718 his
630 5668 752 5720 talis
780 5670 1022 5727 deﬁnitio
1056 5674 1261 5729 videtur
1289 5680 1583 5735 convenire
1614 5696 1719 5735 non
1755 5697 1932 5752 posse.
1958 5681 2099 5737 Nam

506 5757 553 5811 si
576 5761 816 5827 separari
848 5778 951 5818 non
984 5777 1231 5833 possunt,
1260 5783 1366 5823 non
1390 5780 1470 5826 est
1500 5772 1553 5825 in
1576 5772 1680 5827 illis
1705 5790 1830 5830 vera
1847 5774 2102 5832 definitio

504 5862 626 5923 qtue
655 5850 819 5910 dicit:
849 5854 1113 5915 Accidens
1139 5872 1262 5919 esse
1287 5860 1427 5925 quod
1470 5861 1655 5921 inferri
1688 5875 1742 5925 et
1770 5868 1965 5924 auferri
1993 5883 2121 5945 DO';

2127 5973 2155 5988 ρ

2290 4971 2355 5009 DE
2395 4969 2727 5009 COMIUNIBUS
2766 4972 3021 5022 GENBRIS,
3066 4972 3468 5028 DIFFIRENTIE,
3509 4977 3732 5027 SPECtEl,

2660 5042 2887 5092 PROPR",
2932 5045 3366 5095 ACCIDENTISQUE.

2290 5118 2357 5172 Et
2389 5118 2560 5187 primo
2585 5120 2825 5174 omnium
2853 5122 3011 5176 simul
3036 5124 3173 5177 inter
3200 5138 3260 5177 se
3282 5123 3688 5178 communiones
3713 5140 3806 5180 ex-

2212 5209 2400 5279 plicat,
2433 5220 2551 5279 post
2597 5212 2753 5266 etiam
2785 5212 3137 5283 singulorum,
3168 5224 3222 5269 et
3248 5216 3376 5269 dicit
3416 5216 3653 5271 omnium
3683 5233 3807 5272 esse

2215 5316 2503 5358 commune
2530 5303 2598 5358 de
2621 5304 2859 5372 pluribus
2882 5307 3183 5374 praedicari.
3212 5307 3451 5377 Namque
3478 5323 3646 5378 genus
3670 5326 3805 5379 prae-

2212 5395 2428 5451 dicatur
2458 5396 2525 5451 de
2555 5392 2837 5467 speciebus
2864 5408 2918 5453 et
2953 5398 3021 5453 de
3050 5398 3373 5463 individuis,
3415 5401 3603 5455 eodem
3646 5403 3805 5456 modo

2215 5490 2543 5559 praedicatur
2572 5499 2625 5544 et
2663 5489 2961 5546 differentia
2991 5490 3061 5545 de
3097 5492 3379 5560 speciebus
3419 5502 3473 5548 et
3509 5496 3576 5550 de
3612 5495 3805 5549 indivi-

2210 5587 2359 5641 duis.
2394 5586 2567 5641 Etiam
2600 5587 2872 5656 proprium
2900 5584 2966 5639 de
2989 5585 3167 5654 specie
3187 5594 3243 5639 et
3262 5585 3329 5641 de
3356 5587 3642 5642 individuis
3668 5603 3803 5656 prte-

2208 5681 2443 5736 dicatur.
2478 5682 2546 5733 At
2589 5694 2715 5734 vero
2744 5679 2953 5748 species
2993 5677 3061 5733 de
3106 5678 3238 5734 solis
3270 5690 3473 5734 tantum
3517 5680 3803 5735 individuis

2210 5774 2528 5843 appellatur.
2572 5771 2752 5827 Genus
2795 5772 2961 5840 enim,
3004 5781 3062 5827 ut
3099 5772 3322 5843 animal,
3369 5772 3687 5843 praedicatur
3734 5772 3804 5829 de

2208 5866 2386 5931 equis.
2414 5863 2742 5929 hominibus,
2770 5863 2939 5928 bobus
2961 5866 3276 5935 etcanibus,
3308 5866 3359 5923 id
3382 5874 3465 5921 est
3493 5865 3795 5938 speciebus.
