4244 6254
373 306 438 361 57
1168 304 1173 311 ’
1498 311 1564 366 IN
1604 312 2054 370 PORPHYRIUM
2098 312 2437 374 DIALOGUS
2478 318 2539 371 ll.
3576 319 3645 373 58

372 420 707 478 Praedicatur
736 422 862 478 item
891 430 943 477 ct
981 422 1047 476 de
1091 422 1175 476 his
1210 436 1329 492 qua:
1365 421 1466 478 sub
1501 426 1632 494 ipsis
1678 426 1960 497 speciebus
1986 428 2043 486 Α
2068 425 2409 493 praedicatur.
2440 426 2777 483 Rationabile
2804 436 2980 484 autem
3011 427 3327 499 praedicatur
3364 430 3429 484 ad
3470 429 3645 484 hum.-

372 512 652 569 lndividua
696 514 1049 569 continentur.
1080 511 1212 567 Nam
1244 514 1383 570 sicut
1426 517 1637 584 species
1669 518 1780 588 ipsa
1810 519 1960 576 cauis

370 609 463 663 vel
492 608 618 678 equi
647 607 729 663 vel
757 606 983 662 hominis
1012 606 1262 661 animalia
1290 616 1433 671 sunt,
1459 609 1538 663 sic
1567 612 1649 664 vel
1678 614 1965 682 unusquis-

373 715 482 770 que
494 715 660 769 equus
673 699 752 754 vel
776 699 937 753 homo
950 698 1203 753 animalia
1229 700 1606 768 praedicantur.
1635 701 1960 761 Diﬂ'erentite

372 808 507 850 vero
540 795 892 865 praedicantur
921 794 991 852 de
1018 796 1302 866 speciebus
1337 806 1393 851 et
1431 797 1497 853 de
1534 797 1819 853 individuis
1857 798 1961 853 hoc

372 888 553 944 modo.
579 887 816 959 Namque
849 889 1012 944 homo
1039 898 1094 945 et
1115 905 1283 960 equus
1309 891 1516 960 species
1545 898 1690 945 sunt.
1721 890 1829 948 Sed
1864 906 1957 945 ra-

370 979 585 1036 tionalis
631 979 846 1047 dicitur,
898 988 953 1036 et
988 981 1054 1035 ad
1093 981 1328 1051 speciem
1380 981 1612 1036 hominis
1654 980 1957 1036 differentia

366 1073 709 1142 praedicatur,
737 1074 931 1130 eodem
957 1074 1118 1130 modo
1149 1082 1204 1129 et
1225 1075 1291 1130 ad
1316 1074 1652 1131 Ciceronem.
1680 1075 1811 1130 Nam
1833 1090 1956 1129 cum

364 1165 464 1220 sub
490 1164 725 1221 hominis
758 1166 941 1235 specie
972 1165 1304 1221 individuum
1329 1167 1421 1233 sit,
1454 1176 1508 1222 et
1536 1167 1652 1238 ipse
1676 1166 1956 1221 rationalis

364 1257 687 1327 appellatur.
735 1258 1019 1329 Proprium
1074 1270 1253 1314 autem
1282 1259 1352 1315 de
1397 1259 1579 1330 specie
1611 1258 1953 1328 prredicatur,

362 1363 486 1404 cum
518 1350 721 1405 dicitur
745 1352 956 1421 species
993 1351 1135 1422 quod
1164 1362 1249 1408 est
1277 1351 1441 1408 homo
1467 1351 1709 1419 visibilis,
1751 1361 1806 1406 et
1836 1366 1956 1406 cum

358 1440 563 1497 dicitur
573 1441 765 1497 Cicero
784 1428 1025 1510 risibilis,
1052 1442 1191 1513 quod
1211 1451 1296 1498 est
1319 1443 1673 1509 individuum,
1691 1455 1961 1498 monstra-

361 1541 456 1587 tur
500 1535 777 1605 proprinm
808 1536 878 1590 de
909 1534 1195 1590 individuis
1235 1535 1534 1606 praedicari.
1579 1537 1798 1606 Species
1827 1551 1957 1591 vero

357 1622 431 1678 de
460 1625 576 1680 suis
605 1633 807 1680 tantum
834 1626 969 1682 solis
1008 1627 1299 1682 individuis
1332 1628 1673 1696 praedicatur.
1722 1628 1956 1684 Interro-

354 1725 516 1787 gatur
562 1718 706 1773 enim
738 1718 862 1787 quid
907 1726 992 1773 est
1018 1717 1225 1775 Cicero.
1270 1719 1335 1773 Et
1367 1719 1528 1773 homo
1570 1719 1951 1789 respondetur.

2067 532 2221 583 nem,
2250 533 2381 589 ergo
2421 530 2471 574 et
2503 519 2711 573 ratione
2742 520 2816 573 uti
2848 520 3224 589 praedicabitur
3253 521 3317 574 ad
3350 520 3642 576 hominem.

2066 609 2211 665 Idem
2253 614 2415 665 etiam
2458 612 2666 667 ratione
2712 612 2818 678 uti,
2854 613 3173 682 praedicatur
3200 614 3266 668 ad
3298 610 3647 681 Ciceronem,

2064 704 2203 775 quod
2227 713 2309 758 est
2334 704 2688 769 individuum,
2707 703 2808 759 sub
2830 703 2917 757 illa
2945 705 3123 771 specie
3145 704 3211 759 ad
3234 721 3392 775 quam
3414 705 3649 774 speciem

2064 796 2154 851 illa
2185 796 2519 864 differentia,
2552 796 2602 851 id
2636 806 2720 851 est
2750 796 3025 851 rationalis
3059 797 3400 865 praedicatur,
3440 799 3508 852 de
3545 810 3651 867 qua

2062 887 2440 956 prazdicabitur
2462 898 2518 942 ut
2541 897 2765 961 cognata
2793 888 2879 942 illa
2903 887 3225 953 differentia,
3253 887 3305 942 id
3331 898 3412 943 est
3440 890 3650 943 ratione

2062 981 2159 1036 uti.
2190 980 2355 1052 Igitur
2397 991 2481 1037 est
2510 981 2608 1035 ista
2639 982 2853 1052 generis
2882 980 3305 1051 differentizeque
3347 980 3648 1035 communi-

2063 1084 2174 1139 tas,
2213 1073 2353 1144 quod
2400 1089 2463 1128 ea
2500 1089 2615 1143 quae
2658 1075 2725 1127 de
2751 1088 2950 1145 genere
2978 1071 3177 1140 speciei
3201 1071 3561 1141 praedicantur
3590 1078 3651 1126 ut

2062 1180 2261 1236 genus,
2292 1174 2347 1220 et
2373 1166 2439 1222 de
2465 1166 2565 1219 sub
2591 1168 2779 1221 eodem
2816 1182 3013 1237 genere
3049 1168 3231 1235 specie
3270 1165 3650 1235 praedicantur,

2060 1267 2112 1315 et
2143 1259 2210 1313 de
2239 1258 2531 1313 individuis
2583 1278 2593 1310 :
2628 1268 2682 1314 et
2709 1259 2801 1313 illa
2847 1274 2966 1328 qua:
3006 1258 3076 1313 de
3117 1258 3416 1313 differentia
3459 1258 3653 1327 prtedi-

2060 1360 2249 1407 cantur
2292 1360 2347 1404 ut
2386 1350 2718 1418 differentia,
2767 1359 2822 1404 et
2861 1350 2927 1404 de
2966 1349 3067 1403 sub
3113 1350 3302 1404 eadem
3346 1347 3652 1405 differentia

2058 1442 2240 1510 Specie
2269 1442 2629 1510 praedicantur
2650 1482 2665 1506 ,
2695 1450 2750 1495 et
2786 1441 2853 1495 de
2881 1440 3187 1495 individuis.
3216 1441 3311 1495 Est
3340 1448 3519 1495 autem
3547 1441 3651 1495 alia

2058 1538 2397 1603 communio,
2430 1536 2572 1603 quod
2602 1535 3051 1604 quemadmodum
3088 1536 3413 1604 interempto
3444 1549 3644 1605 genere

2056 1629 2267 1697 species
2299 1627 2699 1697 interimuntur,
2730 1630 2809 1683 sic
2839 1629 3163 1698 interempta
3194 1626 3499 1682 differentia
3524 1643 3651 1699 spe-

2058 1722 2169 1778 cies
2194 1724 2294 1777 sub
2322 1724 2509 1779 eadem
2540 1724 2845 1779 differentia
2873 1726 3274 1779 interimuntur.
3304 1722 3437 1778 Nam
3482 1724 3527 1778 si
3571 1726 3649 1779 in-

353 1807 624 1863 Accidens
646 1822 775 1863 vero
796 1809 1116 1878 praedicatur
1143 1810 1210 1865 de
1232 1809 1545 1879 individuis,
1575 1821 1628 1866 et
1659 1819 1844 1881 postea
1884 1810 1954 1868 de
1982 1802 2031 1863 Β
2061 1813 2271 1869 terierit
2290 1812 2487 1868 animal
2506 1854 2523 1880 ,
2547 1815 2706 1869 homo
2728 1824 2889 1885 atque
2910 1829 3079 1885 equus
3100 1813 3357 1870 continuo
3379 1816 3649 1885 periturus

353 1900 663 1971 speciebus.
693 1900 825 1956 Nam
869 1902 915 1956 si
941 1902 1061 1972 quis
1085 1902 1251 1968 dicat,
1280 1902 1442 1957 homo
1469 1902 1641 1969 sedet,
1677 1904 1821 1974 quod
1868 1914 1955 1962 est

353 1994 608 2051 accidens
634 1995 959 2065 separabile,
1004 1996 1309 2067 quicunque
1339 1997 1604 2068 singultim
1650 1996 1950 2067 hominem,

353 2087 410 2142 id
457 2098 539 2144 est
581 2088 924 2146 individuum
956 2089 1148 2145 sedere
1192 2089 1408 2156 viderit,
1461 2101 1588 2144 tunc
1616 2090 1759 2144 idem
1794 2100 1850 2147 et
1885 2091 1953 2146 de

354 2183 536 2252 Specie
568 2181 850 2252 praedicat,
885 2193 940 2237 ut
967 2180 1128 2247 dicat,
1156 2182 1409 2253 quoniam
1440 2181 1629 2237 Cicero
1655 2182 1828 2238 sedet.
1863 2183 1949 2239 Ci-

354 2288 478 2330 cere
502 2283 686 2329 autem
727 2273 889 2329 homo
914 2281 1019 2336 est,
1056 2273 1216 2329 homo
1238 2274 1413 2330 sedet.
1445 2273 1649 2329 Eodem
1681 2274 1843 2329 modo
1867 2274 1954 2330 in-

353 2367 651 2437 separabile
697 2366 948 2422 accidens
997 2365 1064 2422 de
1115 2366 1403 2437 speciebus
1443 2375 1498 2421 et
1543 2365 1611 2421 de
1661 2367 1950 2422 individuis

352 2457 694 2529 praedicatur.
728 2455 1010 2528 Expeditis
1039 2472 1169 2528 ergo
1194 2459 1434 2512 omnium
1458 2456 1946 2527 communionibus,

352 2554 565 2626 generis
585 2562 642 2610 et
670 2552 989 2609 differentia
1014 2552 1244 2624 primum
1266 2551 1676 2607 communiones
1701 2550 1951 2608 differen-

354 2631 564 2720 tiasque
592 2646 855 2703 declarat.

520 2768 589 2808 DE
627 2764 967 2807 οοκιιυαιουε
1013 2764 1237 2806 GENEBIS
1275 2765 1343 2804 ΕΤ
1389 2764 1778 2804 ΙΠΠἜΒΕΝΤΜἈ

426 2856 495 2912 Et
519 2855 749 2927 primum
779 2853 910 2909 dicit
934 2852 1119 2923 generi
1151 2867 1275 2907 cum
1314 2850 1619 2908 diﬂ‘erentia
1647 2866 1770 2907 esse
1799 2865 1949 2908 eom-

355 2960 539 3013 mune,
578 2944 722 3016 quod
762 2944 830 2999 ab
869 2942 1113 3014 utrisque
1147 2940 1357 3013 species
1400 2941 1767 2997 continentur.
1813 2939 1946 2996 Nam

350 3056 520 3114 genus
565 3038 707 3111 quod
753 3046 837 3094 est
889 3038 1110 3104 animal,
1142 3036 1382 3092 continet
1425 3036 1661 3105 speciem
1712 3034 1948 3091 hominis

350 3140 511 3204 atque
540 3131 683 3201 equi.
710 3129 882 3185 Porro
902 3139 1080 3184 autem
1112 3126 1399 3195 rationale,
1417 3126 1561 3195 quod
1588 3134 1673 3182 est
1696 3125 1947 3182 differen-

351 3180 445 3294 tia:
460 3180 700 3280 continet
721 3220 1061 3277 ethominem
1073 3227 1129 3277 et
1141 3219 1333 3275 Deum.
1360 3218 1425 3274 Et
1445 3218 1774 3287 irrationale,
1803 3217 1947 3289 quod
1972 3180 2020 3244 ο

345 3325 432 3375 est
450 3315 774 3383 differentia,
799 3314 1039 3371 continet
1067 3327 1266 3383 equum
1290 3320 1345 3367 et
1363 3310 1555 3367 bovem
1582 3320 1745 3382 atque
1767 3325 1941 3367 avem.

342 3410 456 3468 Sed
502 3410 577 3465 ita
604 3408 874 3475 continet,
927 3414 986 3463 ut
1030 3419 1202 3477 genus
1240 3418 1458 3474 semper
1510 3404 1691 3474 plures
1736 3405 1948 3477 species

344 3504 637 3569 contineat,
671 3517 829 3573 quam
860 3500 1101 3556 continet
1136 3496 1460 3555 differentia.
1491 3496 1734 3569 Namque
1773 3514 1943 3569 genus

343 3608 400 3655 et
424 3600 571 3668 ipsas
593 3595 925 3652 differentias
946 3591 1206 3649 continet.
1242 3591 1426 3649 Genus
1446 3592 1612 3656 enim,
1647 3590 1699 3646 id
1725 3598 1810 3647 est
1828 3591 1947 3647 ani-

341 3691 451 3747 mal
477 3690 741 3746 rationale
761 3699 923 3759 atque
953 3683 1286 3753 irrationale,
1316 3684 1557 3740 continet
1586 3683 1703 3738 illas
1730 3683 1943 3753 species

340 3799 467 3857 qua:
493 3793 621 3839 sunt
648 3782 749 3839 sub
782 3780 1054 3846 rationali,
1090 3788 1145 3834 et
1167 3779 1283 3834 illas
1305 3793 1425 3849 quae
1456 3786 1584 3834 sunt
1603 3777 1704 3833 sub
1729 3777 1943 3834 irratio-

338 3880 455 3936 nali
479 3878 719 3934 continet
740 3891 926 3946 genus,
951 3874 1003 3931 id
1027 3883 1111 3931 est
1129 3873 1352 3929 animal.
1368 3872 1439 3928 At
1462 3886 1591 3928 vero
1612 3872 1939 3938 differentia,

335 3972 393 4030 id
424 3981 510 4029 est
530 3969 812 4039 rationale,
845 3967 1155 4025 irrationale
1184 3982 1289 4021 non
1316 3966 1579 4030 continet,
1609 3966 1701 4021 sed
1732 3973 1940 4022 tantum

335 4067 616 4123 hominem
670 4074 831 4136 atque
881 4064 1073 4119 Deum.
1107 4062 1236 4118 Plus
1281 4062 1444 4132 igitur
1492 4076 1661 4131 genus
1699 4063 1942 4119 continet

333 4175 496 4232 quam
525 4158 851 4215 differentia.
884 4156 982 4212 Est
1016 4164 1193 4211 autem
1224 4154 1325 4209 alia
1352 4154 1695 4221 communio;
1737 4154 1784 4209 si
1812 4155 1939 4225 quid

330 4254 481 4308 enim
508 4250 576 4306 ad
606 4248 886 4321 quodlibet
927 4261 1098 4319 genus
1130 4247 1200 4301 ita
1230 4247 1580 4317 praedicatur,
1608 4256 1665 4302 ut
1693 4247 1811 4317 ejus
1845 4263 1941 4319 ge-

331 4360 437 4401 nus
460 4344 553 4409 sit,
583 4354 638 4398 et
662 4343 731 4397 de
761 4341 866 4396 illis
892 4339 1177 4410 speciebus
1205 4354 1324 4409 qua:
1349 4346 1475 4393 sunt
1495 4339 1595 4394 sub
1622 4338 1712 4395 illo
1738 4354 1939 4409 genere

330 4438 400 4493 ad
422 4434 562 4505 quod
595 4432 941 4504 praedicatur,
968 4431 1096 4486 illud
1126 4444 1296 4500 genus
1318 4430 1638 4501 appellatur,
1658 4440 1711 4485 et
1735 4430 1802 4485 de
1825 4430 1936 4487 illis

2059 1915 2161 1962 est.
2195 1906 2287 1962 Sin
2326 1922 2455 1962 vero
2495 1906 2797 1963 differentia
2836 1907 3133 1973 interierit,
3166 1907 3219 1962 id
3246 1916 3328 1962 est
3356 1905 3648 1972 rationale.

2057 2000 2132 2056 dii
2174 2008 2334 2069 atque
2382 2001 2627 2055 homines
2676 2000 3000 2068 interibunt,
3043 2009 3097 2057 et
3136 2000 3269 2056 nihil
3314 2015 3502 2057 eorum
3546 2000 3647 2056 erit

2057 2094 2199 2163 quod
2228 2094 2303 2148 uti
2330 2093 2539 2149 ratione
2569 2094 2758 2163 possit.

2281 2227 2348 2265 DE
2390 2224 2626 2264 PROPRIIS
2660 2224 2881 2264 GENERIS
2920 2223 2987 2263 ET
3030 2222 3419 2264 DIFFEBENTIB.

2128 2306 2259 2362 Post
2286 2306 2798 2363 demonstrationem
2845 2307 3008 2377 igitur
3049 2308 3481 2362 communionem
3526 2322 3646 2378 pro-

2056 2404 2258 2473 prietas
2298 2417 2484 2457 eorum
2516 2400 2952 2471 dilferentiasque
2994 2382 3267 2473 designat,
3298 2411 3353 2457 et
3379 2401 3511 2457 dicit
3538 2401 3644 2473 pri-

2056 2512 2201 2552 mam
2228 2495 2581 2552 differentiam
2615 2511 2766 2563 eam,
2806 2512 2909 2566 qua
2940 2511 3109 2567 genus
3141 2512 3249 2552 non
3279 2497 3454 2552 solum
3484 2511 3515 2552 a
3544 2495 3642 2552 dif-

2054 2590 2325 2658 ferentiis,
2364 2590 2458 2646 sed
2490 2590 2651 2645 etiam
2680 2589 2995 2660 speciebus,
3028 2590 3263 2661 propriis
3305 2598 3360 2646 et
3397 2589 3645 2646 acciden-

2055 2684 2195 2740 tibus
2215 2683 2451 2740 differat.
2480 2683 2721 2753 Namque
2746 2683 2874 2738 dicit
2905 2697 3072 2754 genus
3108 2683 3278 2738 multo
3306 2683 3376 2739 de
3404 2683 3643 2754 pluribus

2053 2778 2351 2847 praedicari,
2385 2792 2545 2849 quam
2586 2776 2911 2846 praedicatur
2940 2775 3264 2842 differentia,
3297 2776 3382 2831 vel
3414 2778 3642 2848 species.

2052 2868 2135 2923 vel
2165 2867 2416 2923 accidens
2437 2909 2453 2937 ,
2488 2867 2573 2923 vel
2600 2868 2897 2937 proprium.
2945 2866 3187 2937 Namque
3228 2881 3399 2937 genus
3427 2867 3643 2923 dicitur.

2050 2960 2103 3015 id
2135 2970 2219 3016 est
2245 2960 2445 3014 animal
2479 2959 2547 3015 de
2573 2958 2921 3029 quadrupede
2942 3000 2957 3025 ,
2990 2958 3058 3014 de
3084 2957 3287 3029 bipede
3306 3002 3320 3025 ,
3356 2957 3423 3013 de
3451 2957 3646 3029 reptili.

2054 3054 2106 3108 id
2135 3063 2219 3109 est
2249 3054 2315 3109 de
2344 3060 2593 3122 serpente
2612 3093 2627 3119 ,
2659 3052 2726 3107 de
2752 3045 2994 3117 natatili,
3023 3051 3076 3107 id
3104 3051 3279 3107 estde
3307 3050 3472 3121 pisce.
3501 3051 3640 3120 Qua-

2050 3147 2252 3217 drupes
2277 3157 2456 3203 autem
2483 3146 2629 3218 quod
2660 3155 2744 3202 est
2772 3160 2802 3200 a
2830 3144 3023 3216 bipede
3051 3145 3353 3201 differentia
3372 3186 3387 3211 ,
3418 3145 3487 3200 de
3514 3144 3640 3201 solis

2052 3240 2156 3295 illis
2186 3240 2385 3295 dicitur
2408 3256 2528 3311 quae
2556 3250 2786 3310 quatuor
2811 3238 2976 3309 pedes
3008 3239 3226 3307 habent,
3262 3239 3314 3294 id
3344 3248 3449 3306 est,
3476 3252 3640 3309 equus

2047 3333 2131 3389 vel
2165 3332 2281 3388 bos.
2324 3332 2401 3389 De
2426 3332 2639 3389 cmteris
2669 3344 2849 3388 autem
2888 3333 3008 3388 aliis
3031 3374 3048 3402 ,
3087 3332 3139 3413 id
3177 3342 3292 3400 est,
3339 3332 3531 3403 bipede
3560 3332 3640 3388 vel

2048 3426 2227 3497 reptili
2258 3426 2343 3483 vel
2373 3426 2597 3491 natatili,
2628 3426 2767 3482 unde
2796 3442 2964 3497 genus
2992 3426 3271 3497 aequaliter
3297 3426 3638 3498 praedicatur,

2046 3519 2307 3590 appellari
2341 3534 2446 3574 non
2490 3527 2687 3590 potest.
2742 3517 2869 3575 Plus
2893 3528 3070 3575 autem
3109 3533 3277 3590 genus
3303 3532 3332 3572 a
3363 3518 3638 3589 speciebus

2045 3615 2407 3687 praedicatur,
2440 3615 2581 3685 quod
2613 3632 2736 3670 cum
2771 3616 2932 3669 homo
2963 3613 3174 3683 species
3203 3613 3307 3679 sit,
3339 3621 3393 3667 et
3420 3611 3487 3667 de
3515 3610 3638 3666 solis

2045 3708 2341 3764 individuis
2371 3710 2735 3779 praedicetur,
2780 3710 2920 3764 idem
2969 3717 3145 3764 tamen
3186 3707 3346 3763 homo
3375 3705 3443 3762 de
3489 3720 3635 3778 :equs

2046 3800 2131 3854 vel
2163 3801 2299 3857 bove
2329 3802 2413 3857 vel
2445 3816 2578 3859 cane
2607 3817 2713 3856 non
2759 3800 3100 3871 praedicatur.
3150 3801 3219 3854 At
3265 3813 3396 3854 vero
3438 3799 3637 3856 animal

2045 3895 2187 3966 quod
2216 3904 2299 3951 est
2327 3912 2495 3966 genus
2520 3941 2534 3965 ,
2579 3898 2648 3952 de
2680 3896 2917 3966 pluribus
2961 3894 3245 3965 speciebus
3288 3893 3661 3964 praedicatur,’

2045 3988 2099 4042 id
2130 3997 2211 4043 est
2240 3987 2308 4043 de
2344 3988 2583 4052 homine,
2612 3996 2666 4043 et
2694 3986 2763 4042 de
2788 4000 2947 4055 equo,
2980 3995 3036 4041 et
3061 4000 3195 4040 cane
3221 3995 3275 4039 ct
3301 3984 3455 4050 bove,
3491 3995 3546 4041 et
3574 3985 3637 4042 de

2044 4080 2302 4139 omnibus
2329 4094 2450 4150 quae
2480 4078 2581 4134 sub
2610 4078 2740 4147 ipsis
2768 4076 2939 4147 posita
2971 4085 3095 4131 sunt
3121 4074 3429 4130 individuis.
3460 4073 3639 4130 Genus

2044 4181 2224 4228 autem
2258 4187 2287 4227 a
2313 4170 2532 4242 proprio
2568 4169 3039 4242 praedicationibus
3063 4167 3320 4236 abundat,
3349 4166 3489 4237 quod
3514 4182 3637 4236 pro-

2042 4267 2216 4337 prium
2248 4267 2410 4322 unius
2441 4266 2636 4337 speciei
2668 4281 2884 4338 semper
2921 4273 3004 4320 est
3030 4304 3048 4333 ,
3093 4271 3148 4319 et
3192 4262 3259 4319 de
3307 4262 3407 4317 sub
3448 4262 3639 4319 eadem

2042 4359 2359 4415 individuis.
2405 4359 2585 4415 Genus
2616 4374 2745 4413 vero
2781 4358 2850 4413 de
2887 4357 3070 4413 multis
3102 4356 3382 4428 speciebus
3418 4364 3473 4410 et
3511 4370 3637 4426 pro-

2044 4454 2173 4523 priis
2215 4454 2572 4525 prazdicatur,
2613 4464 2666 4509 ct
2704 4453 2773 4509 de
2803 4452 2903 4508 sub
2942 4451 3143 4508 eisdem
3194 4449 3501 4506 individuis.
3553 4448 3637 4505 Ab

332 4525 628 4626 Ῐηάξνίάυίθ
660 4523 1037 4626 (Ιυίη-δυδξιξίδ
1064 4523 1349 4626 δρθξῖίθδυῗ
1371 4530 1517 4626 su?"
1544 4521 1787 4626 Νθξξκιυθ
1813 4520 1931 4576 ani‘
1962 4566 2011 4626 ι)
2039 4520 2403 4601 accidentibus
2441 4520 2571 4600 vero
2608 4560 2778 4615 genus
2819 4545 2989 4612 magis
3033 4543 3102 4598 de
3150 4542 3395 4609 plurimis
3440 4540 3638 4611 praedi-

330 4622 440 4679 mal
470 4635 642 4692 genus
673 4629 753 4673 est
793 4616 1027 4673 hominis
1057 4624 1112 4672 et
1152 4616 1220 4671 de
1243 4616 1457 4670 animali
1497 4616 1840 4685 prmdicatur,
1874 4625 1931 4671 ut

330 4729 503 4785 genus
523 4711 845 4767 substantia.
870 4709 1049 4764 Genus
1063 4710 1206 4763 enim
1229 4706 1527 4762 subsvantia
1552 4707 1800 4761 animalis
1822 4716 1926 4764 est.

332 4806 476 4877 Ergo
505 4805 594 4858 illa
642 4802 940 4858 substantia
984 4816 1104 4871 qua:
1146 4800 1210 4854 ad
1244 4799 1481 4853 hominis
1519 4814 1709 4870 genus,
1749 4798 1801 4853 id
1845 4810 1929 4855 est

328 4898 553 4962 animal,
588 4898 658 4951 ita
685 4896 1027 4965 praedicatur,
1056 4904 1113 4949 ut
1140 4908 1312 4964 genus
1339 4892 1661 4963 prtedicatur
1687 4893 1848 4947 etiam
1872 4903 1928 4948 et

326 4991 396 5045 ad
428 4992 603 5059 ipsum
646 4987 917 5042 hominem
952 5004 964 5038 :
996 4986 1192 5040 dicitur
1223 4985 1364 5039 enim
1405 4985 1566 5038 homo
1599 4984 1920 5039 substantia.

328 5081 659 5137 Praedicatnr
708 5079 836 5134 item
884 5077 1013 5132 illud
1045 5078 1259 5148 generis
1290 5092 1489 5148 genus,
1514 5076 1674 5131 etiam
1705 5077 1772 5131 de
1814 5075 1924 5130 illis

325 5190 451 5245 qua:
493 5184 614 5229 sunt
658 5174 838 5243 specie
896 5170 1196 5227 individuis.
1254 5170 1454 5224 Dicitur
1505 5167 1649 5224 enim
1696 5168 1923 5233 Cicero,

323 5267 473 5339 quod
503 5277 583 5322 est
610 5268 712 5323 sub
739 5266 972 5321 hominis
993 5265 1170 5333 specie
1193 5263 1545 5327 individuum,
1576 5262 1873 5316 substantia
1904 5279 1919 5316 :

319 5360 625 5417 differentia
656 5360 847 5416 eodem
878 5357 1060 5413 modo.
1092 5357 1225 5411 Nam
1252 5354 1296 5410 si
1324 5370 1425 5425 qua
1455 5352 1758 5409 differentia
1779 5354 1920 5410 dicta

317 5457 483 5511 fuerit
529 5455 596 5509 de
638 5455 741 5509 alia
774 5453 1073 5509 differentia
1097 5494 1112 5518 ,
1148 5458 1204 5504 ut
1233 5448 1535 5506 differentia
1566 5448 1917 5517 intelligatur,

316 5550 726 5624 prmdicabitur,
755 5560 809 5604 et
838 5549 904 5603 ad
936 5547 1170 5618 speciem
1215 5560 1335 5615 qua:
1367 5542 1469 5598 sub
1499 5541 1588 5595 illa
1620 5539 1922 5595 differentia

308 5664 395 5711 est
426 5653 497 5708 ad
519 5666 683 5723 quam
706 5649 1049 5721 praedicatur,
1080 5656 1137 5703 et
1159 5646 1226 5701 de
1249 5645 1351 5719 illis
1374 5642 1663 5721 individuis
1685 5655 1804 5711 qua:
1820 5640 1922 5695 sub

306 5760 503 5813 cadam
548 5755 733 5826 specie
762 5766 904 5807 sunt.
950 5753 1080 5806 Nam
1116 5752 1321 5817 ratione
1354 5749 1472 5814 uti,
1501 5747 1800 5819 differentia
1851 5745 1920 5800 ad
1958 5806 1963 5813 ,

306 5850 637 5911 rationalem
696 5846 1051 5904 differentiam
1106 5842 1268 5903 veluti
1325 5852 1549 5913 cpgnata
1611 5838 1917 5899 differentia

2036 4646 2225 4701 catur,
2270 4636 2412 4705 quod
2454 4652 2575 4691 cum
2618 4636 2775 4689 unius
2815 4634 2968 4703 cygni
3014 4631 3368 4700 inseparabile
3406 4628 3632 4687 fertasse

2035 4727 2284 4783 accidens
2308 4728 2379 4782 sit
2403 4727 2601 4793 album,
2632 4725 2828 4780 animal
2861 4739 2965 4778 non
2994 4722 3166 4777 solum
3196 4721 3263 4776 de
3285 4734 3458 4793 cygno
3485 4727 3625 4791 pra:-

2034 4823 2276 4889 dicatur,
2318 4822 2413 4878 sed
2458 4822 2618 4877 etiam
2669 4820 2736 4876 de
2779 4819 2915 4874 albis
2958 4816 3209 4875 omnibus
3252 4825 3307 4873 et
3344 4832 3449 4872 non
3492 4816 3630 4871 albis

2034 4917 2373 4971 animalibus.
2429 4917 2501 4971 At
2543 4930 2670 4971 vero
2712 4912 2964 4968 accidens
3009 4910 3077 4966 de
3119 4909 3248 4964 solis
3283 4917 3487 4963 tantum
3526 4906 3631 4962 illis

2033 5008 2225 5077 quibus
2256 5006 2690 5077 inseparabiliter
2719 5004 3046 5067 continetur,
3071 5000 3154 5055 vel
3186 5000 3380 5070 quibus
3409 5009 3628 5065 separa-

2036 5098 2233 5153 biliter.
2260 5098 2391 5153 Nam
2422 5096 2793 5168 principaliter
2813 5094 2881 5149 de
2909 5089 3194 5148 individuis
3212 5089 3427 5144 dicitur.
3451 5086 3629 5151 Quare

2031 5199 2244 5244 constat
2294 5189 2467 5243 multo
2514 5188 2582 5243 de
2633 5186 2871 5256 pluribus
2919 5181 3199 5253 praedicari
3249 5193 3414 5249 genus
3465 5190 3624 5246 quam

2029 5280 2328 5335 accidentia
2358 5278 2738 5347 praedicantur,
2764 5275 2905 5344 quod
2939 5270 3233 5326 accidentia
3265 5267 3628 5338 principaliter

2028 5373 2097 5428 de
2120 5371 2428 5435 individuis,
2456 5384 2650 5438 genera
2681 5381 2809 5420 vero
2830 5365 2896 5418 de
2927 5360 3214 5416 individuis
3242 5371 3297 5417 et
3323 5361 3391 5417 de
3419 5360 3627 5431 specie-

2028 5468 2127 5522 bus
2158 5473 2211 5519 ct
2241 5464 2307 5518 de
2337 5460 2659 5517 differentiis
2687 5457 3067 5527 praedicantur.

2102 5558 2209 5614 Sed
2241 5570 2375 5610 nunc
2404 5555 2522 5607 illas
2554 5549 2870 5618 cli/ferentias
2899 5547 3212 5616 accipiamus
3244 5547 3425 5620 quibus
3460 5560 3630 5617 genus,

2027 5650 2295 5709 dividitur,
2330 5662 2429 5698 non
2459 5643 2635 5713 quibus
2675 5640 2868 5709 species
2898 5639 3266 5709 informantur.

2102 5744 2213 5796 lloc
2243 5749 2422 5795 autem
2455 5746 2537 5792 est
2573 5754 2585 5789 τ
2616 5732 2879 5803 Quoniam
2922 5732 3057 5788 duas
3094 5732 3328 5791 diximus
3368 5731 3626 5790 differen-

2027 5836 2219 5900 tiaram
2251 5847 2371 5890 esse
2423 5828 2624 5888 formas
2649 5870 2666 5897 ,
2701 5836 2757 5883 ut
2803 5825 2923 5896 alia:
2954 5836 3076 5883 sunt
3120 5826 3411 5885 divisibiles
3436 5865 3454 5890 .
3498 5824 3618 5877 alia:
