4244 6254
596 378 663 437 59
1828 379 1940 437 AN.
1983 339 2380 438 manus“.
2420 379 2643 438 sos'ru
3264 346 3270 353 ⁷
3805 378 3868 429 uo

595 499 973 557 eonstitutivze.
1023 497 1402 556 Constitutivas
1447 499 1566 554 illas
1607 499 1840 556 diximus
1865 543 1881 568 ,
1923 515 2043 571 quae
2087 497 2268 561 subA

597 590 787 647 eodem
820 592 911 646 filo
939 592 1128 663 posita:
1169 601 1224 648 et
1260 592 1584 647 subalternis
1622 593 1912 663 generibus
1953 593 2183 648 descen-

597 682 786 738 dentes
812 685 1048 754 speciem
1073 683 1356 755 quamdam
1381 684 1672 740 informant
1695 693 1855 755 atque
1882 684 2182 754 perficiunt,

598 785 657 832 ut
697 785 779 830 est
823 777 1083 832 rationale
1112 778 1194 832 vel
1233 777 1481 844 mortale,
1515 795 1635 848 qua:
1674 779 1909 834 hominis
1947 779 2184 850 speciem

597 873 953 926 constituunt.
1003 871 1150 926 Alias
1181 886 1308 927 vero
1339 871 1670 942 divisibiles,
1702 889 1820 942 quae
1848 888 2016 943 genus
2051 873 2188 928 divi-

601 963 751 1028 dunt,
769 979 873 1019 non
896 964 1129 1032 speciem
1162 964 1469 1033 informant,
1503 964 1556 1019 id
1582 976 1663 1020 est
1689 965 1950 1021 rationale
1976 975 2029 1021 et
2053 967 2189 1020 irra-

605 1055 822 1119 tionale,
839 1056 1064 1110 mortale
1087 1065 1139 1111 et
1153 1056 1474 1113 immortale.
1495 1057 1645 1113 Nunc
1660 1057 1726 1113 de
1742 1057 2058 1114 differentiis
2083 1058 2188 1113 illis

602 1147 704 1202 iste
746 1156 1003 1204 tractatus
1034 1147 1262 1204 habetur
1293 1167 1411 1218 qum.
1438 1166 1607 1220 genus
1637 1151 1900 1218 dividunt,
1933 1166 2039 1205 non
2068 1165 2188 1221 qua:

609 1239 842 1307 speciem
872 1243 1226 1298 constituunt:
1245 1244 1380 1298 Nam
1407 1245 1512 1299 illa:
1531 1260 1650 1314 quae
1673 1261 1841 1316 genus
1865 1245 2108 1300 dividunt
2133 1246 2190 1300 in

605 1329 1024 1388 differentiarum
1042 1336 1248 1406 integro
1272 1337 1389 1390 loco
1417 1337 1777 1408 accipiuntur,
1806 1338 1913 1392 illm
1927 1354 2054 1393 vero
2071 1353 2191 1408 quae

600 1425 833 1493 speciem
875 1428 1205 1482 constituunt
1243 1429 1293 1482 in
1325 1430 1626 1499 specierum
1663 1445 2026 1502 generumque
2064 1431 2192 1487 sub-

600 1517 850 1570 stantiam
867 1519 1220 1586 accipiuntur.
1240 1521 1478 1592 Namque
1491 1523 1750 1578 rationale
1773 1523 2014 1578 mortalis
2025 1538 2192 1592 genus

602 1615 704 1662 est.
751 1608 918 1662 Porro
945 1610 1172 1665 mortale
1204 1610 1435 1667 hominis
1469 1627 1638 1682 genus
1664 1622 1781 1677 est,
1813 1623 1868 1668 et
1905 1613 2021 1668 ista:
2061 1629 2192 1668 con-

601 1703 828 1756 stituunt
858 1703 1115 1772 speciem.
1165 1705 1233 1760 At
1264 1720 1393 1760 vero
1426 1706 1687 1760 rationale
1717 1705 2040 1760 irrationalis
2072 1721 2194 1774 spe-

601 1795 710 1848 cies
741 1809 845 1849 non
874 1805 956 1851 est
977 1840 992 1863 ,
1025 1813 1196 1866 neque
1235 1812 1425 1867 genus.
1470 1800 1578 1856 Nec
1610 1801 1834 1855 mortale
1872 1800 2192 1854 immortalis

2581 518 2646 558 DE
2675 516 3008 559 COIIUNIBUS
3031 517 3252 560 GENERIS
3278 518 3345 558 ΕΤ
3373 516 3594 558 SPECIIII.

2361 591 2512 648 Nunc
2561 602 2739 649 autem
2768 594 2836 650 de
2879 598 3093 665 generis
3131 593 3212 649 vel
3243 595 3441 665 speciei
3479 593 3870 651 communitati-

2290 684 2394 740 hus
2445 687 2969 757 proprietatibusque
3022 697 3315 751 tractatur,
3359 697 3414 741 et
3457 686 3587 741 dicit
3617 701 3783 756 genus
3821 696 3878 744 et

2288 779 2523 848 speciem
2573 795 2858 836 commune
2904 781 3104 836 habere
3161 780 3230 836 de
3284 779 3524 849 pluribus
3579 779 3877 848 praedicari,

2289 871 2426 926 sicut
2456 873 2657 927 dictum
2684 883 2786 928 est.
2822 874 2952 928 Nam
2979 889 3148 945 genus
3175 883 3228 928 et
3249 872 3319 928 de
3340 872 3621 942 Speciebus
3644 873 3882 941 pluribus

2291 963 2613 1033 praadicatur
2641 976 2692 1020 et
2722 967 2790 1023 de
2819 983 3003 1021 earum
3047 967 3359 1021 individuis.
3402 966 3469 1019 Et
3505 966 3630 1020 item
3673 967 3882 1034 species

2292 1059 2358 1112 de
2385 1057 2486 1112 sub
2514 1071 2574 1114 se
2603 1059 2842 1128 plurimis
2876 1060 3166 1114 individuis
3195 1058 3524 1128 appellatur,
3553 1065 3608 1110 et
3637 1055 3723 1109 hic
3749 1071 3884 1124 quo-

2292 1166 2398 1221 que
2423 1153 2528 1207 illae
2554 1153 2760 1222 species
2790 1151 3144 1223 accipiuntur,
3169 1167 3288 1221 qua:
3316 1139 3483 1219 magis
3507 1150 3717 1219 species
3734 1157 3879 1204 sunt.

2291 1243 2426 1298 Nam
2469 1244 2514 1300 si
2558 1245 2883 1300 subalternae
2918 1245 3285 1314 accipiuntur,
3331 1258 3436 1297 non
3477 1242 3646 1309 magis
3675 1241 3886 1308 species

2293 1349 2451 1404 quam
2478 1351 2678 1407 genera
2707 1335 3044 1391 videbuntur.
3075 1334 3207 1390 Nam
3245 1314 3364 1404 quae
3395 1334 3718 1388 subalterna:
3757 1347 3884 1399 spe-

2296 1427 2406 1482 cies
2435 1436 2599 1493 sunt,
2633 1427 2796 1482 etiam
2833 1443 3031 1498 genera
3065 1436 3192 1482 sunt
3213 1467 3230 1494 ,
3272 1437 3327 1481 et
3359 1425 3462 1481 erit
3497 1424 3788 1480 absurdum
3833 1433 3889 1478 et

2297 1518 2422 1574 huic
2462 1519 2816 1590 propositioni
2857 1519 3245 1574 inconveniens
3278 1517 3346 1572 de
3373 1531 3627 1587 generum
3660 1515 3798 1569 inter
3830 1526 3891 1567 se

2296 1617 2614 1674 differentiis
2644 1615 3219 1683 communionibusque
3251 1624 3501 1668 tractare.
3548 1612 3891 1678 Aceipiantur

2299 1714 2462 1782 igitur
2487 1713 2592 1767 illae
2624 1721 2829 1766 tantum
2854 1710 3084 1779 species,
3112 1725 3229 1777 qua:
3255 1707 3463 1776 species
3491 1715 3544 1760 et
3574 1704 3745 1772 magis
3772 1715 3892 1769 spec

2298 1809 2408 1863 cies
2439 1805 2798 1876 appellantur.
2850 1803 2948 1858 Est
2995 1803 3154 1856 etiam
3200 1802 3302 1854 alia
3335 1815 3520 1854 eorum
3559 1794 3892 1860 communio,

603 1902 775 1956 neque
805 1903 972 1958 genus
1003 1905 1177 1958 neque
1204 1891 1412 1959 species
1441 1902 1542 1948 est.
1584 1894 1757 1962 Atque
1786 1892 1905 1948 ideo
1935 1891 2190 1963 quoniam
2218 1889 2269 1951 Β
2297 1899 2438 1970 quod
2469 1898 2610 1952 sicut
2646 1912 2816 1968 genus
2846 1911 2874 1948 a
2908 1894 3090 1964 specie
3129 1892 3359 1963 primum
3406 1899 3526 1953 est,
3567 1888 3645 1943 sic
3685 1888 3893 1955 species

603 1984 874 2052 propriam
901 1986 1009 2038 vim
1033 1984 1456 2040 differentiarum
1479 1987 1578 2041 ista
1602 1987 1855 2054 retinent,
1879 2003 1998 2054 quae
2021 2001 2196 2057 neque

605 2091 803 2146 genera
831 2094 1003 2149 neque
1029 2081 1236 2150 species
1261 2081 1363 2136 sibi
1388 2081 1613 2138 invicem
1639 2098 1757 2138 esse
1779 2093 2024 2154 possunt,
2051 2082 2196 2152 ipsas

609 2189 749 2228 nunc
779 2174 1111 2230 differentias
1142 2176 1467 2246 accipiamus
1503 2176 1562 2230 in
1596 2177 1794 2246 quibus
1842 2177 1985 2232 nulla
2029 2193 2196 2248 quan-

602 2272 713 2320 tum
743 2266 808 2320 ad
833 2277 1002 2335 genus
1027 2278 1108 2322 est
1133 2268 1479 2339 speciemque
1501 2269 1886 2325 communitas.
1919 2269 2012 2323 Est
2033 2269 2195 2324 etiam

603 2359 816 2428 generis
849 2360 1169 2432 differentia.
1210 2361 1449 2432 Namque
1481 2377 1652 2432 genus
1696 2378 1725 2416 a
1768 2361 1996 2432 propriis
2038 2360 2198 2416 diffeu

605 2450 794 2504 rentiis
827 2450 972 2516 prius
1000 2460 1102 2506 est.
1128 2425 1376 2523 Namque
1405 2453 1450 2508 si
1481 2453 1769 2508 abstuleris
1799 2468 1987 2522 genus,
2010 2467 2201 2510 omnes

612 2543 768 2595 simul
800 2541 1129 2597 differentias
1171 2545 1458 2599 abstulisti.
1511 2545 1642 2600 Nam
1673 2547 1718 2601 si
1765 2546 2052 2609 abstuleris
2081 2548 2199 2603 ani-

612 2633 743 2700 mal,
767 2633 1029 2687 rationale
1059 2645 1220 2702 atque
1242 2635 1552 2690 irrationale
1573 2651 1676 2690 non
1707 2646 2006 2693 remanent.
2033 2638 2201 2694 Porro

609 2733 787 2779 autem
816 2723 860 2778 si
893 2724 1152 2780 rationale
1182 2724 1506 2793 abstuleris,
1545 2735 1790 2786 remanet
1824 2727 2044 2782 animal.
2089 2727 2199 2784 Sed

609 2817 655 2872 si
687 2829 940 2889 utrasque
968 2817 1308 2875 interemeris
1337 2818 1669 2876 differentias
1688 2864 1702 2887 ,
1746 2820 1800 2875 id
1831 2831 1913 2880 est
1939 2821 2200 2878 rationale

609 2917 662 2963 et
692 2908 1032 2978 irrationale,
1069 2919 1245 2980 potest
1273 2917 1450 2965 tamen
1478 2911 1745 2981 quoddam
1778 2912 2020 2982 intelligi,
2050 2912 2192 2982 quod

610 3001 676 3055 sit
703 3002 999 3058 substantia
1045 3004 1275 3059 animata
1309 3005 1578 3061 sensibilis
1602 3046 1617 3071 ,
1662 3006 1712 3061 id
1743 3014 1828 3062 est
1855 3008 2072 3062 animal.
2118 3008 2195 3066 lla

610 3109 778 3164 genus
821 3095 1088 3151 sublatum
1133 3112 1323 3154 omnes
1374 3112 1556 3154 secum
1615 3097 1791 3154 aufert
1845 3099 2196 3156 differentias.

613 3185 848 3240 Sublatm
895 3184 1213 3242 differentia:
1260 3202 1430 3256 genus
1478 3202 1660 3242 secum
1712 3203 1815 3261 non
1862 3187 2200 3260 interimunt,

615 3277 756 3345 quod
805 3277 1157 3346 intelligentia
1205 3292 1376 3347 genus
1423 3285 1706 3343 remanet,
1756 3278 1808 3332 id
1839 3289 1920 3333 est
1951 3281 2199 3349 quoniam
2231 3281 2280 3346 Ο

617 3377 794 3435 potest
839 3366 1033 3422 animal
1076 3368 1299 3439 intelligi
1339 3379 1537 3438 praeter
1575 3369 1904 3426 differentias
1929 3411 1944 3436 ,
1990 3381 2049 3426 ut
2089 3372 2206 3442 ejus

619 3467 823 3516 tantum
852 3459 1219 3516 definitionem
1251 3462 1432 3536 animo
1458 3463 1663 3532 capias,
1685 3472 1740 3518 et
1764 3478 1884 3519 esse
1905 3463 2054 3518 dicas
2079 3465 2209 3522 sub-

615 3551 863 3608 stantiam
909 3554 1199 3608 animatam
1248 3562 1410 3622 atque
1454 3556 1779 3611 sensibilem.
1846 3555 1978 3624 Qua:
2026 3566 2205 3612 autem

614 3645 740 3702 talia
769 3655 926 3712 sunt,
961 3656 1017 3701 ut
1047 3650 1159 3717 ipsa
1189 3649 1509 3715 interempta
1541 3651 1882 3717 interimant,
1913 3668 2018 3707 non
2046 3652 2208 3708 simul

615 3739 736 3796 aliis
776 3739 1116 3811 interemptis
1147 3742 1260 3812 ipsa
1293 3741 1704 3811 interimantur,
1740 3745 1917 3813 priora
1946 3755 2070 3800 sunt
2102 3744 2210 3801 illis

616 3849 737 3901 quae
786 3846 1007 3904 possunt
1051 3837 1382 3892 interimere.
1433 3837 1528 3892 Est
1557 3840 1716 3893 etiam
1750 3839 1850 3893 alia
1883 3837 2206 3910 differentia,

618 3927 756 3995 quod
803 3941 973 3997 genus
1018 3941 1236 3998 semper
1267 3930 1316 3983 in
1349 3944 1415 3984 eo
1441 3929 1583 4000 quod
1611 3931 1737 4000 quid
1769 3929 1836 3985 sit
1865 3930 2210 4000 praedicatur,

619 4027 677 4072 nt
703 4019 905 4076 dictttm
944 4031 1062 4088 est,
1091 4023 1393 4080 differentia
1424 4041 1552 4082 vero
1584 4027 1637 4082 in
1667 4042 1731 4081 eo
1768 4026 1908 4096 quod
1937 4027 2093 4096 quale
2119 4027 2210 4082 sit.

619 4109 725 4166 Sed
754 4111 854 4166 hoc
884 4111 1217 4182 frequentius
1244 4115 1571 4172 inculcatum
1600 4127 1718 4182 est,
1759 4127 1920 4187 atque
1949 4117 2069 4172 ideo
2101 4118 2150 4172 id
2182 4132 2214 4174 a

623 4202 778 4257 nobis
808 4206 1322 4271 praetermittendum
1367 4217 1470 4263 est.
1521 4209 1615 4262 Est
1644 4209 1802 4262 etiam
1833 4208 1935 4263 alia
1963 4209 2216 4264 differen-

620 4294 734 4364 tia,
765 4294 908 4364 quod
937 4295 1005 4350 ad
1035 4311 1249 4352 omnem
1279 4296 1516 4366 speciem
1562 4313 1726 4352 unum
1782 4313 1995 4368 semper
2046 4314 2216 4368 genus

623 4395 854 4455 aptatur.
902 4387 1074 4444 Homo
1101 4389 1246 4444 enim
1286 4404 1448 4444 unum
1483 4397 1690 4446 tantum
1721 4405 1892 4460 genus
1933 4389 2125 4454 habet,
2161 4400 2218 4446 ut

625 4480 825 4534 animal
850 4479 1151 4551 appelletur
1183 4497 1198 4535 :
1228 4481 1280 4536 in
1311 4495 1475 4536 unam
1504 4491 1682 4538 autem
1714 4482 1946 4550 speciem
1975 4480 2217 4551 plurimae

625 4571 940 4630 differentiae
987 4585 1241 4646 pmerunt
1287 4573 1638 4630 commodari.
1692 4573 1933 4645 Namque
1976 4577 2136 4628 Immo
2166 4582 2220 4628 et

625 4667 887 4722 rationale
916 4677 1032 4734 est,
1066 4682 1185 4738 qua:
1214 4666 1518 4723 differentia
1556 4676 1637 4722 est
1662 4709 1676 4734 ,
1709 4677 1763 4723 et
1803 4666 2030 4722 mortale
2051 4707 2067 4734 ,
2100 4681 2219 4736 quae
2242 4667 2298 4729 D

625 4758 814 4814 eadem
858 4758 1157 4816 differentia
1199 4769 1302 4826 est,
1355 4768 1411 4816 et
1455 4759 1728 4830 sensibile,
1773 4758 1968 4830 quibus
2013 4757 2220 4812 scilicet

629 4851 877 4908 omnibus
912 4853 1032 4908 aliis
1061 4852 1255 4908 differt.
1301 4852 1488 4906 Differt
1515 4854 1656 4907 enim
1686 4853 1768 4906 bis
1798 4853 2048 4907 omnibus
2074 4849 2219 4920 quod

631 4951 905 5008 sensibilis
952 4962 1034 5007 est
1071 4953 1138 5007 ab
1173 4951 1606 5015 insensibilibus,
1647 4953 1790 5023 quod
1827 4953 2102 5008 rationalis
2151 4953 2219 5006 ab

636 5053 1126 5122 irrationabilibus,
1159 5054 1300 5124 quod
1327 5054 1566 5108 mortalis
1595 5052 1662 5107 ab
1684 5053 2092 5110 immortalibus.
2129 5054 2224 5113 Est

637 5155 799 5210 etiam
831 5153 932 5208 alia
959 5151 1257 5208 diﬂ'erentia
1307 5168 1426 5223 qua:
1467 5153 1715 5222 superius
1756 5152 1898 5208 dicta
1943 5164 2047 5208 est.
2086 5152 2221 5207 Nam

636 5266 804 5319 genus
834 5247 1030 5319 speciei
1071 5247 1143 5302 ita
1173 5257 1256 5303 est
1282 5256 1341 5301 ut
1369 5248 1653 5313 materies,
1688 5245 1985 5301 differentia
2011 5263 2139 5302 vero
2165 5256 2225 5302 ut

637 5347 823 5414 figura.
876 5344 1008 5399 Nam
1053 5343 1195 5400 sicut
1237 5344 1290 5398 in
1317 5343 1438 5397 aeris
1481 5343 1758 5396 materiem
1789 5341 2012 5396 veniens
2057 5342 2224 5411 figura

637 5449 866 5494 statuam
913 5437 1119 5506 efficit,
1151 5439 1221 5493 ita
1271 5436 1528 5501 animali,
1573 5436 1626 5491 id
1656 5445 1738 5490 est
1779 5437 1962 5506 generi
2005 5436 2226 5490 veniens

640 5531 938 5588 differentia
965 5573 980 5597 ,
1024 5531 1075 5586 id
1105 5543 1189 5586 est
1227 5531 1489 5586 rationale
1519 5529 1603 5585 vel
1645 5529 1952 5584 irrationale
1981 5528 2105 5582 facit
2133 5528 2227 5581 ho-

645 5625 806 5678 tuinis
833 5623 919 5678 vel
944 5624 1161 5693 pecudis
1183 5630 1440 5692 Speciem.
1464 5622 1592 5688 Qua:
1619 5631 1798 5676 autem
1820 5620 2233 5674 communitates

643 5715 729 5769 vel
759 5715 1116 5786 proprietates
1135 5716 1347 5784 generis
1368 5726 1423 5771 et
1450 5713 1766 5769 differentia:
1789 5713 2020 5773 fuerunt,
2049 5711 2234 5765 hacte-

646 5829 747 5868 nus
777 5812 929 5874 dixit.
963 5821 1018 5868 et
1047 5815 1276 5868 fortasse
1307 5823 1462 5868 erunt
1498 5815 1659 5868 etiam
1696 5813 1836 5879 aliae,
1871 5827 1988 5880 qua:
2020 5789 2236 5883 propter

649 5906 966 5967 brevitatem
990 5906 1407 5978 supersedenda:
1437 5917 1597 5977 atque
1623 5904 1955 5962 dimittenda:
1979 5912 2126 5962 sunt.

2301 1990 2369 2044 ab
2397 1988 2686 2044 individuis
2714 1989 2902 2057 prima:
2926 1993 3069 2039 sunt.
3093 1983 3223 2038 Nam
3247 1983 3292 2037 si
3314 1997 3483 2052 genus
3513 1980 3748 2046 auferas,
3773 1988 3894 2045 spe-

2302 2083 2411 2138 cies
2451 2081 2736 2138 abstulisti.
2789 2079 2846 2136 Si
2899 2079 3107 2148 species
3161 2073 3488 2140 abstuleris,
3543 2084 3741 2141 genera
3790 2082 3895 2121 non

2306 2174 2572 2246 peribunt.
2610 2173 2781 2227 Porro
2810 2171 2855 2225 si
2887 2170 3099 2239 species
3127 2166 3439 2234 abstuleris,
3475 2160 3746 2217 individua
3778 2171 3896 2210 mo-

2303 2268 2529 2321 rientur.
2562 2265 2618 2320 Si
2646 2263 2920 2318 individua
2952 2258 3278 2322 interierint,
3301 2257 3513 2326 species
3541 2260 3780 2308 manent.
3805 2249 3897 2302 Est

2306 2359 2466 2412 etiam
2496 2356 2580 2410 liis
2597 2356 2698 2410 alia
2721 2353 3052 2421 communio,
3078 2351 3221 2422 quod
3251 2346 3702 2420 quemadmodum
3730 2349 3899 2412 genus

2308 2449 2432 2520 quid
2461 2449 2531 2503 sit
2558 2457 2726 2501 totum
2751 2446 3008 2514 declarat,
3033 2445 3109 2498 sie
3132 2443 3292 2497 etiam
3316 2441 3544 2510 species.
3573 2437 3705 2492 Nam
3738 2443 3900 2488 totum

2309 2541 2455 2613 quod
2488 2550 2568 2597 est
2595 2541 2856 2595 rationale
2876 2581 2890 2607 ,
2923 2547 3078 2606 atque
3111 2532 3422 2590 irrationale
3447 2547 3476 2584 a
3507 2529 3705 2600 geue’re
3730 2523 3900 2581 declav

2314 2647 2488 2691 ratum
2524 2645 2625 2689 est.
2659 2633 2860 2688 Dicitur
2889 2631 3030 2686 enim
3057 2626 3316 2699 quidquid
3347 2623 3506 2679 fuerit
3534 2617 3794 2677 rationale
3826 2613 3900 2676 vel

2311 2727 2647 2789 irrationale,
2684 2725 2735 2780 id
2763 2740 2880 2780 esse
2909 2722 3105 2778 animal
3151 2739 3165 2776 :
3199 2721 3276 2774 sic
3308 2719 3467 2788 igitur
3491 2724 3660 2771 totum
3692 2709 3817 2781 quid
3843 2707 3900 2768 Sil

2309 2833 2337 2871 a
2370 2833 2568 2887 genere
2609 2817 2958 2873 declaratum.
3011 2815 3179 2870 Porro
3218 2820 3394 2868 autem
3423 2809 3549 2878 quid
3580 2809 3648 2866 sit
3680 2816 3783 2862 tota
3815 2801 3902 2854 lio-

2309 2915 2513 2968 minum
2545 2910 2850 2978 diversitas,
2878 2909 2931 2966 id
2961 2918 3043 2966 est
3069 2907 3488 2966 individuorum,
3521 2921 3552 2960 a
3583 2904 3699 2958 sola
3729 2894 3905 2970 specie

2311 3009 2635 3073 declaratur,
2659 3022 2779 3060 cum
2803 3005 2996 3059 dicitur
3016 3003 3200 3058 homo.
3226 3000 3357 3058 Nam
3379 3009 3434 3054 et
3453 2998 3654 3069 Scytha
3677 3007 3729 3049 et
3755 2991 3907 3050 Indus

2309 3112 2365 3156 et
2392 3109 2559 3156 totum
2589 3097 2846 3169 quidquid
2874 3094 3203 3151 individuum
3234 3101 3340 3158 est,
3370 3106 3478 3147 uno
3507 3089 3624 3148 solo
3652 3084 3906 3148 hominis,

2313 3193 2363 3248 id
2394 3201 2477 3248 est
2501 3189 2705 3263 Speciei
2729 3189 2947 3244 nomine
2969 3187 3294 3242 continetur.

2622 3327 2689 3365 DE
2729 3322 2967 3364 PROPBIIS
3003 3319 3228 3362 GENEMS
3267 3318 3336 3358 ΕΤ
3375 3314 3598 3356 ερεειει.

2385 3404 2641 3459 Dissertis
2710 3403 2872 3472 igitur
2935 3400 3150 3470 generis
3192 3395 3502 3467 specieique
3565 3389 3908 3468 communior.

2311 3497 2491 3562 nibus,
2531 3495 2599 3550 ad
2630 3493 2991 3566 proprietates
3021 3506 3207 3547 eorum
3239 3489 3324 3544 vel
3359 3488 3692 3544 differentias
3723 3483 3910 3543 transi-

2314 3603 2426 3646 tum
2459 3592 2620 3654 fecit,
2652 3589 2838 3644 dicens
2872 3605 2885 3641 :

2385 3684 2606 3753 Differre
2627 3684 2759 3738 inter
2780 3699 2833 3738 se
2853 3697 3011 3753 genus
3037 3688 3082 3734 et
3103 3679 3314 3750 species,
3339 3676 3478 3746 quod
3507 3690 3697 3745 genera
3721 3670 3910 3742 special

2313 3781 2592 3846 continent,
2617 3794 2878 3850 nunquam
2899 3791 3079 3832 rursus
3107 3789 3294 3847 genera
3318 3771 3381 3824 ab
3403 3769 3622 3841 propriis
3647 3762 3910 3838 speciebus

2315 3873 2652 3926 continentur.

2387 3965 2611 4034 Oportet
2639 3971 2816 4016 autem
2848 3961 2930 4032 (ut
2958 3959 3159 4015 dictum
3187 3955 3294 4028 est)
3324 3958 3378 4012 in
3409 3955 3513 4010 hoc
3543 3962 3773 4008 tractatu
3806 3959 3912 4002 non

2317 4057 2686 4120 subalternas,
2734 4053 2827 4107 sed
2875 4053 3046 4121 magis
3080 4052 3288 4119 species
3332 4045 3689 4102 considerari.
3734 4043 3912 4099 Genu!

2318 4151 2462 4204 enim
2497 4148 2848 4218 plurimarum
2879 4145 3176 4214 specierum
3205 4152 3288 4198 est
3316 4141 3619 4201 continens,
3663 4150 3718 4193 et
3750 4145 3914 4191 unum

2319 4240 2557 4294 omnium
2581 4278 2596 4302 ,
2629 4249 2680 4293 et
2713 4246 2884 4291 totum
2912 4235 3164 4290 omnibus
3201 4245 3256 4288 et
3285 4233 3534 4301 singulis.
3578 4229 3729 4298 Quod
3765 4229 3810 4282 si
3844 4225 3917 4279 ita

2319 4343 2419 4396 est,
2451 4340 2506 4384 et
2533 4345 2700 4399 genus
2729 4343 2757 4381 a
2788 4328 2899 4382 suis
2927 4325 3211 4396 speciebus
3242 4325 3470 4393 singulis
3501 4323 3674 4392 majus
3701 4331 3807 4389 est,
3839 4327 3916 4372 atr-

2321 4439 2424 4494 qne
2455 4421 2573 4477 ideo
2604 4436 2696 4474 eas
2726 4419 2925 4474 dicitur
2949 4417 3231 4473 continere
3253 4459 3268 4482 ,
3299 4432 3406 4472 non
3431 4424 3514 4470 est.
3541 4416 3760 4469 dubium
3789 4411 3916 4482 quin

2321 4532 2383 4572 ea
2415 4517 2529 4582 ipsa
2560 4529 2758 4585 genera
2800 4529 2922 4584 qua:
2966 4513 3246 4568 continent
3287 4509 3533 4580 species,
3576 4509 3644 4563 ab
3673 4508 3759 4562 his
3789 4503 3918 4573 ipsis

2324 4609 2587 4663 contineri
2629 4621 2733 4660 non
2772 4606 2998 4675 possint.
3042 4604 3266 4672 insuper
3291 4602 3471 4657 omnia
3502 4614 3700 4672 genera
3732 4597 3917 4669 prmja-

2323 4713 2467 4758 cent.
2515 4701 2628 4757 Hoc
2657 4699 2870 4756 videtur
2900 4699 3080 4754 dicere
3101 4737 3116 4763 ,
3151 4699 3290 4766 quod
3324 4697 3502 4751 omnia
3541 4709 3739 4763 genera
3775 4690 3917 4758 prius

2325 4798 2433 4850 sint
2468 4795 2536 4849 ab
2569 4795 2651 4849 his
2679 4791 2963 4864 speciebus
2989 4806 3110 4860 qua:
3135 4791 3236 4845 sub
3266 4789 3394 4860 ipsis
3423 4789 3607 4858 positae
3633 4788 3920 4842 cuntinerr

2327 4899 2433 4942 tur.
2486 4887 2616 4941 Nam
2666 4886 2822 4940 sicuti
2852 4884 3106 4938 materies
3153 4883 3322 4951 prima
3351 4890 3434 4937 est
3472 4881 3539 4933 ab
3576 4879 3666 4933 illa
3709 4893 3769 4932 re
3802 4885 3920 4944 qua

2329 4983 2550 5035 veniens
2577 4981 2628 5034 in
2657 4979 2937 5033 materiam
2974 4977 3206 5031 formam
3239 4974 3580 5031 constituerit
3604 4982 3764 5040 atque
3793 4971 3919 5036 figu-

2329 5072 2554 5131 raverit,
2586 5071 2662 5124 sic
2689 5071 2847 5125 etiam
2879 5069 3024 5137 prius
3050 5077 3133 5123 εει
3159 5083 3328 5136 genus
3351 5066 3420 5119 ab
3440 5065 3531 5119 illa
3560 5063 3739 5132 specie
3760 5071 3919 5130 quam

2330 5164 2552 5218 veniens
2599 5161 2897 5216 differentia
2944 5160 3193 5215 formavit
3248 5157 3408 5228 atqui:
3455 5157 3756 5211 constituit.
3807 5149 3920 5210 Nisi

2333 5256 2474 5310 enim
2497 5255 2548 5309 in
2562 5256 2849 5324 generibus
2860 5253 3158 5309 differentia
3178 5251 3406 5316 venerit,
3429 5249 3638 5319 species
3651 5258 3920 5318 nunquam

2335 5348 2748 5402 constituentur.
2789 5348 2964 5412 Quare
3004 5345 3325 5414 praejacent,
3368 5343 3419 5396 id
3451 5351 3535 5397 est
3562 5352 3830 5412 praesunt,
3872 5343 3919 5392 et

2335 5440 2640 5511 antiquiora
2671 5449 2796 5495 sunt
2821 5454 3020 5510 genera
3051 5439 3335 5507 speciebus
3361 5437 3496 5491 suis.
3532 5443 3704 5506 Atque
3733 5437 3853 5491 ideo
3877 5428 3919 5485 si

2336 5549 2534 5604 genera
2565 5535 2970 5596 interimantur,
3001 5531 3211 5600 species
3237 5545 3449 5601 quoque
3476 5531 3744 5602 peribunt.
3793 5529 3919 5582 Nam

2338 5630 2383 5682 si
2411 5628 2607 5682 animal
2633 5628 2939 5698 sustuleris,
2955 5626 3224 5679 hominem
3248 5625 3614 5696 pecudemque
3638 5606 3919 5678 sustulisti.

2341 5721 2396 5776 Si
2445 5736 2573 5775 vero
2620 5722 2824 5790 species
2865 5720 3276 5787 interimantur,
3319 5735 3424 5773 non
3473 5719 3728 5773 continuo
3755 5723 3921 5787 genus

2341 5813 2604 5870 interibit.
2635 5813 2766 5868 Nam
2789 5813 2834 5866 si
2859 5813 3020 5868 homo
3045 5813 3284 5883 perierit,
3313 5813 3509 5868 animal
3535 5811 3794 5866 continuo
3822 5819 3921 5864 nor

2342 5905 2726 5975 interemptum
2749 5912 2832 5964 est
2857 5919 2871 5963 ε
2892 5903 2998 5962 alia
3016 5903 3161 5962 enim
3185 5903 3486 5963 remanebit
3504 5901 3714 5976 species
3735 5904 3798 5976 de
3821 5911 3918 5968 qua
