4244 6254
246 326 300 381 61
1371 314 1436 371 lN
1474 305 1921 370 PORPHYRIUH
1962 306 2302 367 υιΑιοευε
2340 306 2405 363 ll.
3441 299 3511 355 6!

246 420 415 512 ibsum
448 436 693 504 animai.
734 434 785 491 id
814 444 893 492 est
920 445 1087 504 genus
1112 429 1449 501 credimur-
1502 432 1675 498 Αιίιιιθ
1701 426 1822 481 ideo
1850 425 1900 483 Α
2003 446 2141 502 Dicit
2170 458 2365 517 genera
2395 453 2449 498 et
2480 440 2689 512 propria
2719 440 2769 494 in
2798 440 2898 496 hoc
2919 440 3021 496 sibi
3042 454 3161 495 esse
3186 438 3501 506 consimilia,

244 547 440 613 genera
471 536 541 588 ab
572 529 847 602 Speciebus
876 527 985 581 suis
1014 527 1190 597 priora
1220 533 1362 590 sunt,
1393 534 1447 579 et
1470 522 1610 593 quod
1647 522 1825 575 omnia

243 642 442 694 genera
489 628 715 682 univoce
744 622 807 678 de
850 621 1133 692 speciebus
1178 619 1571 689 priedicentur,
1621 616 1828 686 species

245 720 379 790 ipsae
401 719 469 774 de
498 716 780 781 generibus
811 730 1100 784 nunquam.
1135 712 1244 767 Hoc
1275 708 1549 784 (arbitror)
1579 710 1827 764 hesterna

246 811 612 867 lucubratione
636 811 743 879 jam
774 809 977 864 dictum
1008 817 1111 863 εει.
1138 807 1267 861 Nam
1300 821 1493 876 genera
1524 819 1734 873 semper
1762 802 1830 858 de

249 906 524 970 speciebus
551 905 775 959 univoce
804 902 1180 973 prmdicantur.
1208 900 1379 955 Homo
1404 899 1571 965 enim,
1594 908 1646 953 et
1670 899 1830 951 homo

249 1008 328 1047 est
352 1007 403 1050 et
424 996 635 1050 animal.
662 995 830 1050 Porro
856 1004 1033 1049 autem
1059 992 1256 1046 animal
1279 1007 1447 1062 genus
1467 999 1551 1044 est
1574 987 1828 1053 hominis,

247 1095 300 1141 et
328 1086 638 1155 praedicatur
668 1085 866 1139 animal
897 1084 964 1138 de
994 1083 1229 1137 homine.
1264 1082 1528 1149 Quoniam
1560 1094 1687 1149 ergo
1717 1077 1830 1131 ani-

249 1180 349 1235 mal
379 1178 729 1248 pradicatur,
762 1186 816 1231 et
844 1177 1039 1232 dicitur
1067 1175 1228 1230 homo
1266 1174 1501 1240 animal,
1545 1172 1741 1225 animal
1777 1178 1832 1225 ει

249 1270 402 1325 homo
448 1288 553 1325 uno
596 1271 846 1327 animalis
897 1272 1113 1326 nomine
1158 1276 1555 1337 nuneupantur.
1604 1265 1709 1320 Sed
1750 1264 1832 1318 his

248 1363 374 1432 ipsis
406 1364 647 1419 deﬁnitio
678 1380 784 1418 una
821 1365 1124 1418 conveniet.
1171 1364 1267 1417 Est
1303 1360 1447 1416 enim
1484 1358 1680 1413 animal
1710 1357 1835 1411 sub-

246 1457 442 1512 stantia
470 1460 703 1512 animata
736 1458 1027 1525 sensibilis,
1058 1456 1199 1527 quod
1226 1472 1333 1509 non
1362 1453 1648 1508 absurdum
1678 1460 1760 1506 est
1782 1451 1836 1505 in

245 1550 473 1606 homine
497 1553 625 1605 dici.
680 1552 809 1605 Nam
841 1551 1000 1605 homo
1033 1550 1147 1619 ipse
1174 1551 1217 1602 si
1244 1548 1441 1600 animal
1473 1546 1697 1605 dicatur,
1731 1558 1835 1596 non

245 1646 357 1700 erit
397 1645 686 1701 absurdum
738 1645 841 1699 dici
888 1644 953 1698 de
1000 1643 1215 1697 homine
1255 1640 1550 1695 substantia
1604 1638 1835 1691 animata

244 1736 544 1792 sensibilis.
596 1736 758 1806 igitur
805 1750 973 1803 genus
1025 1734 1091 1788 de
1136 1732 1414 1803 speciebus
1462 1732 1573 1786 suis
1602 1731 1835 1783 univoce

1931 539 2071 609 quod
2100 552 2260 592 omne
2289 550 2457 607 genus
2487 548 2517 587 a
2542 534 2652 589 suis
2678 533 2956 599 speciebus
2988 545 3259 602 nunquam
3284 531 3507 587 recedit.

1933 632 2134 686 Eodem
2166 630 2325 685 modo
2356 630 2423 684 et‘
2440 627 2674 698 propria.
2714 626 2848 679 Nam
2879 626 2922 679 si
2951 624 3151 680 dixeris
3180 624 3360 688 homo,
3388 639 3512 679 cum

1930 726 2047 793 ipso
2075 724 2293 779 homine
2322 723 2579 778 continuo
2610 719 2808 774 animal
2836 718 3147 782 nominasti,
3178 717 3317 786 quod
3350 717 3517 785 ipsius

1934 818 2198 881 hominis,
2233 815 2283 868 id
2324 822 2407 869 est
2440 813 2637 883 speciei
2676 825 2843 882 genus
2880 817 2983 866 est.
3029 810 3095 862 At
3123 823 3256 862 vero
3304 808 3516 861 etiamsi

1934 910 2206 964 hominem
2234 906 2456 971 dixeris,
2486 905 2602 975 ejus
2626 905 2785 959 etiam
2814 901 3084 972 proprium
3112 899 3367 954 continuo
3395 914 3515 953 cum

1934 1002 2151 1056 homine
2194 998 2483 1056 nominasti
2517 1014 2533 1052 :
2563 997 2737 1052 omnis
2780 996 2924 1050 enim
2967 994 3127 1047 homo
3167 991 3385 1045 risibilis
3412 1000 3515 1045 est.

1937 1095 2011 1149 Ita
2042 1108 2251 1161 semper
2277 1106 2445 1162 genus
2473 1100 2524 1145 et
2553 1089 2765 1159 propria
2797 1088 2909 1141 suis
2934 1084 3214 1155 speciebus
3246 1085 3441 1137 inserta
3466 1090 3521 1136 et

1934 1186 2330 1259 quodammodo
2368 1185 2729 1255 conglutinata
2769 1190 2911 1235 sunt.
2956 1178 3217 1234 Similiter
3258 1186 3311 1232 et
3353 1189 3523 1244 genus

1934 1283 2259 1352 praedicatur
2285 1280 2352 1335 de
2377 1278 2683 1349 Speciebus,
2708 1286 2761 1331 et
2790 1275 3066 1346 proprium
3098 1273 3166 1326 de
3195 1272 3263 1326 iis
3296 1286 3413 1338 quae
3440 1266 3523 1324 sui

1936 1375 2306 1445 participantia
2322 1383 2465 1437 sunt,
2481 1380 2536 1426 et
2556 1370 2853 1440 aequaliter,
2884 1368 3076 1437 inquit,
3092 1378 3281 1418 omnes
3308 1361 3523 1432 species

1937 1469 2115 1525 eidem
2155 1466 2338 1536 generi
2381 1474 2752 1534 supponuntur
2778 1504 2793 1529 ,
2833 1470 2887 1515 ει
2925 1458 2991 1514 ad
3037 1473 3129 1513 eas
3177 1470 3345 1527 genus
3393 1454 3523 1508 illud

1937 1560 2259 1628 appellatur,
2294 1558 2433 1611 sicut
2463 1554 2671 1625 propria
2701 1553 2767 1607 ad
2795 1568 2856 1608 ea
2888 1551 3264 1620 praedicantur,
3295 1562 3414 1616 qua:
3441 1546 3525 1600 sui

1941 1650 2247 1719 participari
2282 1657 2519 1716 possunt.
2565 1646 2803 1714 Namque
2833 1644 3110 1713 mqualiter
3135 1654 3303 1707 genus
3333 1643 3400 1691 de
3429 1639 3523 1689 hoc

1940 1744 2084 1796 mine
2111 1742 2332 1803 dicitur,
2366 1749 2418 1793 et
2454 1739 2522 1793 de
2556 1755 2724 1806 equo,
2752 1745 2806 1791 ει
2832 1737 2900 1790 de
2931 1736 3099 1799 bove,
3136 1741 3190 1787 et
3216 1732 3283 1786 de
3315 1730 3524 1784 caeteris

247 1830 597 1900 praedicatur.
633 1829 773 1897 quod
806 1828 1078 1883 eteadem
1108 1827 1362 1892 nomine.
1392 1833 1445 1878 et
1477 1824 1664 1878 eadem
1691 1821 1828 1875 deﬁ-
1859 1808 1907 1868 Β
1937 1834 2315 1902 animantibus,
2347 1831 2795 1902 quemadmodum
2823 1838 2877 1883 ει
2904 1826 3143 1888 risibile.
3180 1824 3233 1878 id
3263 1832 3365 1889 est,
3404 1836 3524 1890 pro-

250 1922 446 1977 nitione
468 1920 773 1975 conveniat.
806 1920 871 1974 At
894 1934 1023 1973 vero
1044 1918 1252 1987 species
1282 1931 1390 1970 non
1424 1914 1583 1969 modo
1608 1913 1836 1966 univoee

248 2031 353 2070 non
388 2014 749 2084 praedicantur
778 2014 845 2067 de
876 2012 1162 2083 generibus
1189 2011 1331 2077 suis,
1364 2009 1457 2064 sed
1486 2024 1586 2063 nec
1615 2008 1836 2062 omnino

248 2110 623 2179 praedicantur.
644 2108 794 2162 Nulla
824 2107 965 2161 enim
994 2122 1083 2161 res
1108 2106 1282 2159 minor
1313 2104 1380 2158 de
1410 2103 1611 2170 maiore
1642 2101 1838 2170 poterit

249 2201 546 2271 praedicari.
580 2201 754 2271 Atque
781 2198 923 2267 ideo,
948 2198 1193 2269 quoniam
1222 2198 1425 2266 species
1450 2198 1684 2251 minores
1714 2203 1839 2249 sunt

247 2295 353 2348 suis
374 2294 682 2363 generibus,
704 2294 771 2347 de
787 2292 1067 2362 generibus
1089 2294 1199 2346 suis
1216 2307 1385 2362 neque
1399 2292 1644 2356 univoce,
1664 2305 1838 2358 neque

247 2386 424 2455 aliquo
456 2386 621 2441 modo
655 2397 905 2455 poterunt
934 2384 1212 2455 appellari.

316 2479 549 2550 Amplius
580 2480 751 2532 omnia
774 2494 958 2550 genera
987 2478 1251 2533 abundant
1279 2478 1631 2546 complexione
1660 2479 1753 2530 sub
1784 2493 1838 2531 se

248 2572 525 2637 positarum
563 2572 845 2641 specierum
870 2612 886 2636 ,
919 2571 1048 2639 ipsa:
1079 2572 1268 2642 species
1296 2572 1559 2624 abundant
1597 2586 1839 2642 generum

247 2676 459 2713 suorum
487 2662 712 2730 propriis
740 2660 1069 2726 di/ferentiis.

316 2752 469 2820 Quod
517 2753 647 2808 dicit
678 2734 898 2822 perinde
926 2761 1008 2807 est
1036 2766 1097 2806 ac
1134 2753 1177 2806 si
1220 2752 1424 2806 diceret
1457 2771 1471 2807 :
1499 2751 1669 2807 Omne
1694 2754 1837 2821 quod

247 2861 416 2916 genus
445 2855 549 2910 est,
573 2848 755 2915 plures
782 2845 884 2900 sub
913 2860 971 2899 se
996 2845 1202 2913 species
1227 2844 1500 2910 continet;
1530 2861 1689 2899 omne
1710 2861 1838 2900 vero

247 2938 393 3008 quod
424 2938 627 3007 species
642 2935 752 2992 'sub
780 2952 839 2992 se
871 2937 1051 3006 plures
1083 2936 1261 2997 habet,
1294 2936 1623 2991 differentias
1653 2935 1833 2990 habet.

248 3027 436 3085 Genus
463 3031 604 3085 enim
628 3075 642 3097 ,
678 3029 728 3083 id
757 3039 839 3084 est
866 3030 1095 3091 animal,
1138 3030 1188 3083 in
1234 3028 1335 3083 hoc
1373 3030 1618 3093 homine,
1672 3029 1723 3082 id
1754 3038 1838 3083 est

246 3122 457 3191 specie,
487 3121 885 3191 superabundat
911 3130 966 3175 et
994 3130 1268 3189 superest,
1304 3121 1445 3187 quod
1476 3120 1635 3174 homo
1663 3121 1833 3175 solum

1943 1937 2114 2000 prium
2143 1931 2207 1985 de
2238 1929 2525 1985 Hortensio
2549 1926 2742 1981 dicitur
2768 1933 2821 1979 et
2848 1923 3128 1987 Cicerone,
3162 1929 3215 1975 ει
3246 1918 3313 1973 de
3338 1917 3525 1987 singu-

1941 2027 2006 2081 lis
2036 2024 2324 2079 individuis
2349 2038 2467 2091 qua:
2496 2020 2596 2076 sub
2622 2019 2808 2073 eadem
2841 2015 3021 2085 specie
3048 2013 3424 2075 continentur,
3457 2006 3527 2071 ad

1940 2135 2098 2188 quam
2126 2120 2357 2187 Speciem
2388 2115 2679 2185 proprium,
2715 2113 2765 2165 id
2794 2120 2895 2174 est,
2924 2109 3124 2163 risibile
3154 2105 3353 2175 poterit
3383 2118 3527 2171 pra:-

1940 2209 2128 2265 dicari.
2163 2209 2351 2262 Adhuc
2386 2220 2670 2260 commune
2696 2212 2777 2258 est
2808 2202 2939 2270 ipsis
2969 2200 3193 2253 univoee
3224 2193 3525 2265 praedicari.

1941 2302 2181 2371 Namque
2203 2302 2335 2355 sicut
2361 2313 2531 2368 genus
2552 2297 2619 2351 de
2649 2297 2759 2349 suis
2787 2292 3066 2362 specibus
3091 2292 3173 2360 (ιιι
3194 2289 3393 2342 dictum
3422 2283 3528 2354 εει)

1942 2396 2168 2448 univoce
2218 2390 2557 2459 praedicatur,
2608 2389 2677 2442 ita
2722 2395 2777 2441 et
2817 2386 3088 2455 proprium
3132 2382 3201 2436 de
3246 2394 3308 2434 ea
3350 2379 3529 2448 specie

1940 2488 2095 2553 cujus
2140 2495 2223 2540 est
2272 2484 2545 2555 prominm
2594 2482 2819 2537 univoce
2867 2479 3203 2549 praedicatur.
3257 2476 3388 2531 Nam
3439 2473 3530 2544 qui

1942 2579 2105 2633 homo
2130 2587 2232 2643 est,
2266 2586 2320 2631 et
2352 2576 2555 2630 risibile
2584 2587 2683 2628 est.
2726 2574 2895 2626 Porro
2929 2580 3105 2625 autem
3146 2570 3192 2623 si
3229 2568 3351 2638 quis
3388 2566 3530 2621 dicat

1942 2671 2210 2726 hominem
2235 2685 2355 2725 esse
2378 2669 2570 2722 animal
2607 2666 2865 2721 rationale
2887 2675 2941 2719 et
2972 2664 3225 2727 mortale,
3254 2672 3307 2715 et
3332 2658 3530 2718 dixerit

1946 2762 2150 2817 risibile
2174 2777 2295 2816 esse
2320 2761 2517 2815 animal
2550 2758 2806 2813 rationale
2828 2766 2881 2809 ει
2905 2754 3152 2817 mortale,
3177 2767 3283 2806 non
3310 2751 3530 2808 errabit.

1947 2857 2245 2926 [Equaliter
2272 2855 2434 2923 igitur
2460 2862 2511 2906 et
2543 2865 2710 2921 genus
2747 2850 2814 2903 de
2843 2848 3126 2917 speciebus
3161 2845 3294 2911 suis,
3326 2852 3380 2898 et
3411 2858 3529 2911 proit

1945 2946 2058 3015 pria
2092 2947 2157 3001 de
2194 2961 2255 3001 ea
2284 2946 2494 3014 specie,
2523 2942 2674 3011 cujus
2708 2948 2864 3005 sunt,
2900 2937 3113 3008 propria
3147 2936 3368 2991 univoce
3400 2948 3529 3002 prae-

1946 3040 2144 3095 dicant.

2249 3149 2315 3187 DE
2353 3146 2589 3186 PBOPRIIS
2627 3141 2851 3185 GENERIS
2888 3142 2956 3182 ετ
2997 3138 3221 3179 PROPR".

245 3214 412 3267 homo
442 3222 543 3268 est.
586 3212 796 3266 Animal
825 3227 952 3266 vero
979 3228 1083 3265 non
1113 3214 1284 3266 solum
1320 3212 1479 3264 homo
1499 3252 1516 3278 ,
1548 3212 1643 3266 sed
1674 3214 1837 3267 etiam

2016 3224 2205 3279 Diii'ert
2231 3232 2410 3278 autem
2444 3231 2763 3289 utrumque,
2792 3218 2933 3287 quod
2963 3230 3131 3287 genus
3167 3214 3395 3281 primum
3424 3215 3530 3277 est,

244 3304 345 3358 bos
376 3304 460 3359 vel
494 3305 629 3369 avis,
657 3304 738 3357 vel
768 3304 868 3358 alia
906 3302 1235 3372 hujusmodi.
1276 3302 1497 3371 Species
1534 3319 1665 3358 vero
1692 3306 1743 3357 in
1774 3320 1839 3359 eo

244 3400 498 3467 Superant
527 3412 722 3465 genera
754 3412 870 3456 sua,
904 3396 1166 3466 quodeas
1196 3394 1529 3449 ditl‘erentias
1558 3411 1687 3464 quas
1718 3412 1841 3465 spe-

243 3491 356 3548 cies
375 3491 431 3545 in
452 3502 569 3545 actu
596 3490 812 3554 habent,
836 3504 927 3543 eas
948 3504 1145 3558 genera
1168 3504 1273 3543 non
1297 3488 1516 3543 habent.
1533 3488 1684 3553 Nam,
1702 3490 1841 3543 sicut

242 3584 496 3652 superius
531 3582 728 3636 dictum
780 3590 899 3647 est,
942 3596 1137 3650 genera
1182 3580 1509 3635 differentias
1554 3581 1669 3635 illas
1708 3594 1839 3650 quas

243 3677 449 3729 habent
475 3676 574 3729 sub
602 3689 661 3729 se
701 3673 908 3742 species
954 3673 1143 3740 positae
1167 3712 1184 3739 ,
1231 3680 1492 3742 potestate
1536 3671 1836 3737 continent,

226 3770 351 3821 ‘non
383 3768 546 3822 etiam
576 3781 655 3821 re.
692 3771 862 3834 Atque
888 3765 1007 3818 ideo
1035 3764 1242 3833 species
1271 3778 1391 3832 qua:
1422 3772 1505 3818 est
1536 3763 1718 3827 homo,
1752 3762 1838 3816 vel

240 3858 353 3911 alia
386 3857 617 3925 species,
643 3855 776 3909 sicut
806 3863 889 3909 est
916 3868 1087 3923 equus
1106 3871 1135 3909 a
1168 3869 1363 3923 genere
1391 3869 1488 3907 suo
1512 3853 1756 3917 animali,
1785 3854 1838 3906 in

241 3952 355 4004 hoc
394 3950 670 4003 abundant
698 3958 751 4004 et
778 3959 1093 4019 supersunt,
1128 3948 1270 4018 quod
1309 3950 1507 4003 animal
1538 3951 1707 4018 ipsum
1744 3965 1837 4018 per

241 4060 304 4099 se
337 4058 515 4111 neque
558 4043 814 4098 rationale
863 4058 1039 4113 neque
1086 4044 1394 4099 irrationale
1440 4056 1541 4098 est.
1597 4047 1667 4098 At
1709 4060 1838 4100 vero

242 4133 412 4188 homo
442 4134 527 4188 vel
558 4148 723 4204 equus
756 4134 855 4188 hoc
885 4134 1175 4202 rationale,
1214 4134 1341 4190 illud
1372 4144 1453 4189 est
1494 4135 1715 4191 rationis
1745 4151 1838 4190 ex-

242 4243 389 4298 pers.
428 4228 561 4282 Illud
588 4228 748 4283 etiam
780 4228 920 4297 quod
948 4230 1154 4297 species
1183 4244 1451 4299 nunquam
1477 4231 1646 4301 magis
1671 4245 1837 4295 genus

243 4321 373 4384 ﬁet,
419 4337 605 4375 rursus
634 4332 687 4376 et
718 4336 885 4389 genus
916 4336 1182 4389 nunquam
1215 4323 1383 4390 magis
1422 4324 1628 4390 species
1661 4323 1716 4376 lit
1737 4364 1751 4385 ,
1783 4333 1837 4378 ει

246 4423 304 4467 ιιι
330 4412 592 4468 sciremus
622 4412 709 4467 hic
736 4428 840 4467 non
870 4412 937 4467 de
966 4413 1285 4467 subalternis
1314 4416 1616 4484 speciebus,
1648 4416 1740 4471 sed
1770 4417 1837 4471 de

246 4506 353 4559 illis
384 4508 552 4575 magis
576 4504 861 4575 speciebus
890 4504 1399 4574 specialissimisque
1428 4508 1666 4561 tractari.
1696 4507 1833 4574 Quid

244 4598 361 4652 ait?
405 4598 557 4665 Quod
597 4614 663 4653 ea
704 4613 824 4667 qua:
863 4606 991 4653 sunt
1024 4613 1221 4668 genera
1271 4598 1435 4669 magis
1473 4600 1681 4669 species
1722 4601 1834 4655 ﬁeri
1862 4583 1916 4643 D

246 4707 519 4763 nunquam
568 4702 829 4764 possunt,
874 4707 1048 4761 neque
1088 4691 1256 4762 magis
1298 4693 1509 4762 species
1552 4693 1836 4761 aliquando

249 4784 362 4839 ﬁeri
395 4786 565 4853 magis
592 4800 784 4854 genus.
823 4783 957 4839 Nam
988 4784 1194 4854 species
1231 4800 1500 4854 nunquam
1538 4800 1702 4855 genus
1732 4796 1834 4843 est.

249 4875 516 4943 Quidquid
548 4877 692 4932 enim
736 4877 895 4932 fuerit
921 4877 1130 4947 species
1159 4893 1325 4947 genus
1356 4894 1460 4934 non
1501 4880 1630 4944 erit,
1665 4894 1840 4949 neque

252 4969 508 5041 quidquid
538 4971 702 5025 fuerit
730 4984 897 5039 genus
925 4971 1134 5040 species
1162 4971 1285 5025 erit.
1324 4970 1501 5037 Quare
1538 4983 1748 5028 constat
1782 4973 1835 5028 in

252 5064 342 5117 his
369 5080 489 5118 eum
523 5066 834 5120 tractatibus
865 5064 931 5120 de
955 5064 1233 5135 Speciebus
1260 5065 1407 5131 solis,
1437 5080 1540 5120 non
1578 5066 1736 5122 etiam
1765 5067 1832 5123 de

249 5155 579 5211 subalternis
605 5156 898 5214 disserere.
932 5156 1253 5214 Subalterna
1290 5160 1434 5214 enim
1466 5170 1687 5228 possunt
1715 5177 1834 5217 esse

247 5248 416 5301 etiam
444 5264 667 5316 genera,
699 5249 869 5319 magis
907 5248 1117 5316 Species
1144 5263 1272 5306 vero
1313 5250 1393 5321 (ut
1423 5252 1537 5320 ipse
1567 5253 1663 5321 ait)
1703 5269 1839 5308 nun-

247 5348 414 5408 quam
430 5355 621 5409 genera
644 5355 765 5396 esse
790 5350 1040 5410 possunt,
1062 5341 1153 5396 sed
1186 5351 1464 5411 postquam
1489 5343 1556 5398 de
1581 5359 1839 5413 generum

249 5432 656 5504 specierumque
668 5433 1139 5489 communitatibus
1152 5434 1573 5503 diﬁ'erentiisque
1587 5444 1841 5493 tractatus

251 5520 467 5580 habitus
487 5534 599 5593 εει,
622 5524 689 5580 ad
715 5540 907 5595 genera
934 5525 1252 5595 propriaque
1280 5535 1644 5595 transgressus
1666 5536 1767 5582 est.

509 5642 576 5683 ει
610 5640 942 5683 εοιυιυιηιευε
978 5640 1200 5681 GENEBIS
1239 5642 1307 5680 ΕΤ
1350 5641 1579 5681 PROPR”.

325 5720 539 5779 Generis
570 5732 620 5780 et
654 5725 849 5795 proprii
879 5738 1145 5780 commune
1176 5721 1272 5779 hoc
1299 5732 1402 5795 est,
1437 5723 1697 5781 aii/uetere
1724 5741 1842 5796 spe-

257 5818 429 5876 a'sbus
454 5834 504 5877 et
525 5839 613 5880 eas
640 5820 956 5895 pulsatori.

1943 3319 2237 3375 secundum
2261 3318 2555 3387 pr0prium.
2580 3315 2760 3370 Genus
2781 3314 2925 3369 enim
2947 3312 2989 3366 si
3016 3310 3085 3365 ab
3104 3308 3283 3379 Specie
3305 3305 3532 3375 primum

1941 3421 2056 3477 εει,
2089 3413 2361 3480 proprium
2390 3418 2568 3462 autem
2598 3409 2687 3461 uni
2719 3416 2922 3460 tantum
2952 3402 3149 3472 speciei
3179 3402 3417 3455 adhaeret
3436 3439 3450 3463 ,
3479 3404 3533 3457 et

1943 3506 2119 3561 eidem
2150 3505 2356 3574 aequale
2383 3512 2501 3567 est,
2537 3517 2642 3555 non
2673 3512 2757 3555 εει
2792 3500 3008 3554 dubium
3039 3497 3165 3565 quin
3195 3508 3364 3563 genus
3389 3490 3530 3561 quod

1942 3598 2124 3665 specie
2166 3597 2338 3666 majus
2373 3604 2455 3649 est
2482 3638 2497 3662 ,
2541 3593 2758 3663 proprio
2794 3592 2953 3646 etiam
2998 3587 3198 3657 Speciei
3242 3584 3411 3654 majus
3441 3583 3533 3639 sit.

1943 3690 2073 3744 Nam
2106 3699 2164 3744 ut
2189 3691 2259 3744 sit
2286 3688 2508 3752 risibile,
2540 3686 2735 3739 animal
2768 3687 2915 3754 prius
2942 3695 3042 3738 est.
3088 3681 3329 3748 Namque
3356 3688 3413 3733 ut
3436 3678 3533 3733 ali-

1942 3800 2044 3854 qua
2077 3784 2287 3852 species
2312 3782 2653 3845 inl'ormetur,
2685 3778 2916 3847 propriis
2940 3786 2987 3831 et
3018 3772 3336 3830 differentiis
3364 3772 3533 3841 primo

1940 3876 2045 3931 erit
2073 3892 2275 3946 genus,
2310 3876 2394 3928 tibi
2434 3875 2521 3928 illa
2550 3873 2899 3936 conveniant,
2928 3869 3066 3924 sicut
3096 3866 3424 3950 frequentius
3453 3864 3533 3916 in~

1940 3969 2209 4023 culcatnm
2245 3977 2347 4023 est.
2397 3966 2617 4021 Accedit
2648 3965 2808 4018 etiam
2839 3962 2979 4032 quod
3006 3975 3175 4030 genus
3202 3959 3268 4013 de
3294 3957 3532 4027 pluribus

1943 4061 2226 4129 speciebus
2256 4056 2598 4127 praedicatur.
2638 4054 2877 4122 Namque
2904 4066 3096 4122 genus,
3129 4050 3182 4105 id
3218 4057 3300 4103 est
3333 4046 3533 4107 animal

1942 4154 2011 4209 de
2035 4154 2296 4223 pluribus,
2322 4162 2376 4205 at
2398 4166 2527 4206 vero
2559 4154 2856 4221 proprium,
2884 4147 2935 4203 id
2963 4158 3067 4213 est,
3091 4143 3290 4200 risibile
3316 4141 3383 4198 de
3413 4140 3533 4199 sola

1940 4256 2144 4300 tantum
2174 4244 2407 4300 hominis
2443 4243 2625 4312 specie
2656 4241 2991 4310 praedicatur.
3032 4230 3183 4295 Utﬂle
3211 4234 3271 4291 ﬁt
3303 4242 3354 4290 ut
3387 4249 3531 4291 sem-

1940 4355 2037 4409 per
2069 4339 2281 4409 propria
2320 4337 2389 4394 de
2428 4335 2709 4407 speciebus
2754 4334 2865 4390 suis
2910 4329 3215 4389 conversim
3253 4324 3533 4398 praedicari

1941 4434 2187 4503 possint,
2224 4434 2433 4501 species
2474 4440 2652 4485 autem
2683 4430 2750 4484 de
2790 4443 2989 4498 genere
3020 4439 3307 4494 nunquam.
3350 4420 3533 4491 Neque

1943 4526 2086 4580 enim
2120 4524 2258 4593 quod
2291 4523 2487 4577 animal
2518 4530 2629 4587 est,
2667 4520 2828 4574 homo
2857 4529 2972 4586 est,
3005 4533 3176 4586 neque
3205 4530 3363 4569 omne
3392 4512 3534 4582 quod

1941 4618 2138 4671 animal
2168 4626 2276 4680 est,
2303 4615 2509 4669 risibile
2534 4624 2636 4667 est.
2667 4612 2851 4667 Potest
2876 4611 3020 4664 enim
3054 4622 3174 4663 esse
3201 4614 3255 4661 et
3282 4620 3451 4674 equus
3479 4612 3533 4664 et

1943 4713 2201 4768 hinnibile
2244 4713 2294 4766 id
2336 4711 2475 4780 quod
2523 4708 2721 4763 animal
2765 4708 3091 4762 nominatur.
3142 4703 3312 4758 Porro
3356 4709 3534 4758 autem

1941 4820 2103 4861 omne
2133 4804 2275 4875 quod
2305 4814 2387 4860 est
2426 4805 2617 4869 homo,
2648 4802 2699 4856 id
2733 4801 2939 4857 risibile
2966 4808 3077 4863 est,
3109 4807 3357 4854 et'omne
3393 4794 3536 4866 quod

1941 4909 2026 4954 est
2064 4897 2268 4952 risibile
2292 4938 2306 4961 ,
2354 4895 2407 4950 id
2456 4895 2616 4950 homo
2652 4903 2755 4949 est.
2798 4895 3027 4950 Possunt
3054 4892 3199 4947 enim
3236 4889 3454 4960 proin-ia
3482 4898 3535 4946 et

1943 4990 2153 5059 species
2178 4990 2395 5057 sibiipsa
2423 4988 2685 5056 converti,
2712 4998 2765 5043 ει
2788 4987 3093 5043 conversim
3123 4984 3189 5041 ad
3218 4999 3278 5039 se
3306 4981 3533 5039 invicem

1944 5083 2246 5154 praedicari.
2272 5082 2537 5137 Praeterea
2561 5084 2707 5137 omni
2731 5082 2929 5152 speciei
2952 5077 3208 5149 quidquid
3233 5076 3389 5132 fuerit
3412 5090 3534 5144 pro-

1944 5179 2141 5246 prium,
2176 5186 2229 5231 et
2258 5176 2404 5230 omni
2432 5186 2487 5231 et
2516 5175 2615 5229 soli
2642 5184 2743 5230 est.
2774 5175 3017 5244 Namque
3048 5170 3249 5225 risibile
3274 5179 3327 5223 et
3354 5166 3532 5223 omni-

1945 5267 2043 5321 bus
2070 5268 2376 5323 hominibus
2407 5278 2509 5335 est,
2541 5276 2593 5319 et
2623 5267 2724 5321 soli
2754 5264 2986 5320 hominis
3016 5260 3212 5331 speciei
3238 5257 3435 5313 evenit.
3465 5258 3533 5318 At

1947 5376 2075 5415 vero
2105 5360 2301 5415 animal
2332 5361 2472 5429 quod
2513 5373 2681 5427 genus
2710 5366 2793 5412 est
2815 5397 2830 5422 ,
2858 5367 2911 5411 et
2940 5355 2985 5410 si
3023 5353 3111 5406 uni
3141 5349 3338 5421 speciei
3370 5350 3531 5423 inest,

1946 5467 2051 5507 non
2082 5461 2259 5531 tamen
2290 5451 2415 5505 soli.
2446 5449 2683 5520 Namque
2715 5447 2908 5502 animal
2948 5444 3093 5500 omni
3131 5442 3335 5497 homini
3374 5443 3531 5510 inest,

1945 5561 2051 5601 non
2081 5546 2176 5601 soli
2213 5554 2390 5598 tamen
2423 5542 2621 5597 homini
2643 5584 2659 5607 ,
2711 5540 2834 5608 quia
2868 5539 3004 5593 inest
3045 5540 3205 5593 etiam
3237 5534 3427 5605 pecudi
3478 5544 3532 5591 ει

1945 5639 2153 5695 ειειετίε
2182 5635 2563 5691 animantibus.
2597 5636 2812 5705 Oportet
2849 5642 3027 5689 autem
3060 5634 3146 5688 hic
3183 5632 3274 5686 illa
3316 5629 3533 5700 propria

1946 5732 2422 5801 intelligere,.qu.n
2458 5729 2630 5799 magis
2669 5728 2880 5799 propria
2918 5735 3078 5795 sunt,
3112 5726 3161 5782 id
3191 5734 3274 5782 est
3301 5742 3421 5799 qua:
3454 5727 3533 5781 in-

1948 5833 2097 5894 tegre
2122 5822 2332 5894 propria
2359 5819 2732 5891 nominantur,
2759 5835 2880 5893 qua:
2905 5831 3031 5882 sunt
3055 5820 3357 5904 huiusmodi
3390 5830 3446 5879 ut
3474 5829 3530 5883 ει
