4244 6254
641 300 710 356 6⁵
1888 274 1999 331 AN.
2042 266 2251 327 MANL.
2289 263 2445 321 sev.
2491 260 2719 317 somn
3839 238 3911 327 η

642 414 731 469 uni
772 412 974 484 speciei
1005 418 1060 465 et
1086 406 1335 463 omnibus
1365 402 1549 461 insint.
1589 400 1850 455 Differunt
1883 408 2010 464 ergo
2038 391 2090 445 in
2118 388 2221 442 hoc
2248 385 2301 445 Α
2326 392 2450 436 ante
2497 380 2704 450 species
2751 384 2904 439 sunt,
2947 368 3245 427 accidentia
3292 379 3421 421 vero
3468 374 3573 416 non
3602 357 3755 414 modo
3793 366 3909 425 post

2159 483 2163 484 ν
2209 481 2219 484 -
2457 476 2469 484 ·
2679 473 2692 484 ·
2772 471 2803 484 -ο
2951 474 3052 484 .-ςι
3099 460 3370 484 ρυλε-ε)-.-
3415 463 3537 484 μη...
3602 451 3731 484 lania
3770 449 3907 484 cnim

642 481 857 580 Quoque
878 520 1073 578 genera
1097 512 1153 559 et
1177 502 1412 574 propria,
1434 498 1573 570 quod
1599 492 1809 567 propria
1834 501 1886 545 et
1908 488 1999 544 uni
2026 481 2222 555 speciei

642 600 855 663 adsunt,
882 607 936 654 et
958 596 1204 652 omnibus
1236 592 1525 649 individuis
1551 605 1668 660 quae
1692 590 1747 642 in
1766 601 1827 641 ea
1854 582 2035 651 specie
2061 586 2183 634 sunt
2209 592 2222 627 :

644 710 844 767 genera
872 708 1002 749 vero
1021 690 1269 749 omnibus
1289 687 1501 757 quidem
1526 681 1811 739 individuis
1826 692 1944 748 qua:
1966 674 2017 729 in
2040 672 2224 728 cadent

643 774 821 861 specie
834 798 1018 845 suntet
1030 786 1129 843 sub
1145 784 1334 840 eodem
1347 795 1563 853 genere,
1579 787 1873 833 nontamen
1890 768 1977 825 uni
1999 767 2097 823 soli
2116 778 2232 834 spe-

644 883 767 947 cici,
799 897 921 938 cum
950 894 1116 950 genus
1137 890 1346 947 semper
1366 875 1433 929 de
1459 869 1699 942 pluribus
1726 865 2059 938 praedicatur.
2078 855 2232 913 Unde

653 978 730 1043 fit,
746 986 803 1031 ut
822 975 1028 1030 sublata
1047 972 1261 1045 propria
1282 985 1386 1025 non
1404 967 1647 1021 auferant
1662 974 1851 1032 genus,
1869 954 2093 1013 sublatis
2104 965 2234 1005 vero

647 1067 956 1139 generibus,
980 1067 994 1120 i
1003 1079 1318 1135 psaquoque
1330 1058 1545 1131 propria
1564 1055 1892 1110 auferantur.
1910 1049 2040 1104 Nam
2060 1048 2105 1101 si
2119 1058 2235 1099 sus-

648 1163 834 1219 tuleris
870 1162 1179 1233 pr0prium,
1211 1159 1263 1214 id
1293 1164 1377 1212 est
1402 1153 1636 1218 risibile,
1669 1154 1913 1205 remanet
1942 1140 2230 1203 hinnibile,

648 1264 892 1312 remanet
919 1254 1157 1309 natatile.
1184 1251 1240 1307 Si
1263 1266 1388 1304 vero
1413 1259 1579 1317 genus
1601 1241 1902 1305 sustuleris,
1927 1233 2083 1315 simul
2108 1245 2237 1302 quo-

649 1365 751 1421 que
781 1348 990 1420 species
1020 1320 1423 1401 sustulistif~Si
1449 1338 1658 1409 species
1688 1329 1988 1397 sustuleris,
2022 1310 2240 1396 propria

649 1419 810 1497 etiam
841 1455 962 1512 qua:
991 1439 1173 1493 insunt
1188 1432 1469 1506 speciebus
1497 1429 1656 1486 simul
1686 1423 2001 1482 interibunt.
2035 1419 2239 1488 Itaque.

651 1510 878 1588 sublatis
915 1528 1203 1602 generibus
1225 1566 1240 1591 ,
1272 1523 1486 1596 propria
1516 1516 1821 1582 sustuleris,
1862 1510 2088 1569 sublatis
2116 1522 2243 1563 vero

655 1626 923 1698 propriis,
955 1623 1115 1680 simul
1145 1635 1338 1692 genera
1372 1633 1480 1671 non
1509 1612 1841 1669 auferentur.

864 1744 932 1783 DE
972 1736 1305 1783 COIIUNIBUS
1341 1732 1563 1775 GENERIS
1601 1730 1668 1769 ET
1699 1718 2032 1767 ACCIDENTIS.

726 1823 963 1882 Peractis
988 1821 1143 1892 igitur
1165 1830 1419 1890 generum
1451 1809 1897 1883 propriorumque
1921 1793 2241 1854 differentiis

655 1919 723 1975 ad
748 1930 1008 1989 generum
1050 1911 1515 1976 accidentiumque
1556 1900 1970 1959 communitates
2000 1891 2080 1947 vel
2119 1903 2242 1959 pro-

654 1981 913 2085 prietates
952 2006 1236 2063 transitum
1276 2000 1437 2067 fecit,
1471 2006 1525 2051 et
1560 2003 1948 2050 unameorum
1988 1981 2245 2055 przedicat

653 2079 1121 2167 communitatem,
1144 2112 1263 2169 qua:
1285 2104 1367 2151 est
1386 2091 1528 2164 quod
1549 2090 1615 2145 de
1641 2086 1876 2159 pluribus
1902 2079 2243 2153 praedicatur.

656 2198 898 2266 Namque
917 2193 1056 2250 sicut
1072 2204 1241 2262 genus
1256 2188 1323 2244 de
1342 2185 1588 2257 pluribus
1599 2178 1879 2251 speciebus
1901 2170 2243 2244 praedicatur,

656 2294 731 2351 ita
762 2261 925 2347 etiam
946 2283 1247 2359 separabile
1270 2279 1520 2336 accidens
1541 2276 1626 2331 vel
1654 2267 2010 2340 inseparabile
2040 2264 2108 2319 de
2135 2261 2249 2332 plu-

661 2385 810 2440 ribus
830 2358 1113 2450 speciebus
1135 2375 1451 2447 appellatur.
1491 2367 1695 2425 Dicitur
1724 2364 1867 2421 enim
1908 2370 1963 2416 et
1999 2358 2066 2413 de
2087 2368 2250 2412 corvo

658 2486 716 2534 et
734 2477 803 2531 de
831 2449 1088 2541 Ethiope
1110 2470 1342 2539 nigrum,
1366 2477 1419 2521 et
1443 2463 1512 2519 de
1531 2476 1671 2531 equo
1693 2468 1746 2513 et
1770 2456 1985 2512 homine
2010 2449 2249 2512 moveri,

661 2568 805 2640 quod
837 2565 967 2622 illud
993 2576 1074 2620 est
1105 2557 1464 2630 inseparabile
1490 2554 1762 2619 accidens,
1792 2549 1924 2605 illud
1945 2562 2074 2601 vero
2097 2556 2253 2613 sepa-

662 2660 867 2726 rabile;
888 2668 944 2715 et
968 2655 1217 2729 quoniam
1248 2651 1455 2721 longius
1476 2664 1508 2703 a
1530 2663 1589 2704 se
1622 2647 1843 2713 distant,
1874 2641 2073 2697 idcirco
2094 2651 2253 2692 unam

662 2768 849 2809 eorum
888 2750 1058 2807 solam
1100 2745 1535 2803 communionem
1578 2738 1733 2806 dixit,
1782 2746 1837 2792 et
1879 2734 2010 2790 alias
2045 2731 2093 2786 si
2135 2743 2256 2801 quae

670 2847 809 2905 forte
833 2854 1017 2903 essent
1038 2855 1278 2913 quaerere
1299 2833 1620 2906 supersedit.

990 2961 1114 3010 QUID
1152 2957 1311 2999 INTER
1348 2954 1515 2997 GRNUS
1554 2952 1622 2992 ET
1660 2945 1933 2989 ACCIDENS.

736 3042 923 3099 Differt
949 3053 1129 3096 autem
1158 3052 1328 3109 genus
1355 3034 1422 3089 ab
1451 3028 1739 3093 accidenti,
1766 3025 1909 3097 quod
1936 3034 2105 3094 genus
2133 3026 2259 3074 ante

663 3139 873 3210 species
894 3144 997 3203 est,
1016 3131 1314 3189 accidentia
1337 3141 1465 3182 vero
1487 3123 1773 3192 speciebus
1792 3118 2087 3189 posteriora
2109 3121 2253 3170 sunt.
2286 3150 2333 3216 C

668 3209 896 3297 Semper
920 3239 1116 3295 genera
1141 3236 1302 3290 super
1328 3216 1557 3287 species,
1580 3222 1637 3269 et
1654 3212 1734 3267 his
1750 3209 2042 3281 praejacere
2062 3215 2116 3262 et
2137 3219 2259 3260 esse

668 3323 872 3391 majora
917 3317 1170 3388 superius
1229 3314 1650 3369 demonstratum
1690 3315 1792 3361 est.
1845 3303 2083 3371 Namque
2114 3298 2261 3369 prius

673 3424 759 3474 est
785 3412 981 3468 animal
1010 3410 1078 3465 ab
1107 3408 1344 3469 homine,
1375 3412 1537 3473 atque
1568 3400 1690 3456 ideo
1729 3402 2107 3464 consumptum
2149 3391 2266 3446 ani-

667 3506 774 3562 mal
799 3504 1007 3575 species
1030 3514 1243 3572 quoque
1271 3495 1575 3558 consumit,
1611 3497 1944 3558 consumpta.-
1980 3500 2108 3542 vero
2144 3498 2267 3553 spe-

668 3599 779 3655 cies
807 3612 913 3652 non
946 3594 1262 3650 interimunt
1288 3602 1506 3659 genera.
1539 3585 1610 3640 At
1639 3597 1768 3639 vero
1797 3578 2048 3635 accidens
2079 3586 2269 3645 postea

669 3703 895 3746 necesse
920 3696 1003 3743 est
1027 3694 1087 3741 ut
1113 3685 1206 3754 sit,
1230 3696 1389 3753 quam
1418 3679 1527 3734 sint
1554 3677 1685 3747 ipsae
1712 3672 1942 3743 species.
1978 3669 2096 3724 Erit
2124 3667 2268 3722 enim

669 3782 819 3852 prius
840 3777 1037 3849 aliquid
1061 3776 1148 3831 cui
1174 3774 1341 3844 possit
1361 3769 1627 3826 accidere.
1658 3765 1830 3820 Omne
1849 3762 1995 3817 enim
2015 3757 2267 3815 accidens

672 3885 895 3947 propter
924 3871 1053 3929 illud
1079 3870 1169 3927 cui
1205 3866 1399 3924 accidit
1430 3878 1552 3920 esse
1577 3876 1683 3918 non
1712 3867 1911 3930 potest.
1944 3855 2119 3926 Atque
2144 3853 2272 3906 ideo

672 3970 818 4043 prius
860 3968 963 4024 erit
1008 3965 1182 4035 aliqua
1230 3975 1319 4017 res
1362 3957 1449 4015 cui
1492 3955 1733 4019 accidat,
1778 3963 1938 4022 quam
1984 3950 2054 4002 sit
2096 3946 2272 4014 ipsum
2324 3959 2332 3967 ·

672 4040 940 4119 accidens.
987 4056 1225 4114 Necesse
1266 4061 1348 4109 est
1390 4050 1552 4123 igitur
1580 4054 1639 4103 ut
1665 4058 1827 4102 omne
1868 4040 2121 4097 accidens
2152 4044 2274 4108 post

676 4156 887 4227 species
932 4151 1261 4213 inveniatur,
1295 4155 1351 4201 et
1379 4144 1551 4213 magis
1584 4141 1709 4211 post
1744 4135 2043 4200 individua,
2079 4131 2276 4202 quibus

681 4226 1047 4321 principaliter
1075 4241 1249 4312 possit
1275 4236 1540 4293 accidere.
1571 4232 1687 4286 Huc
1716 4229 1925 4284 accedit
1946 4226 2088 4297 quod
2114 4238 2276 4294 gene-

678 4319 753 4399 ris
798 4335 1189 4411 participantia.
1215 4329 1490 4401 aequaliter
1532 4324 1879 4396 participant,
1928 4319 2068 4375 sicut
2114 4330 2277 4371 omne

682 4407 851 4506 genus
884 4428 1167 4501 speciebus
1205 4423 1316 4478 suis
1350 4418 1625 4489 aequaliter
1651 4428 1820 4485 genus
1847 4418 1951 4477 est,
1989 4420 2049 4465 ut
2075 4407 2275 4478 saepius

678 4530 877 4585 dictum
916 4500 1020 4589 est,
1061 4530 1116 4576 et
1149 4518 1358 4589 species
1389 4528 1577 4570 omnes
1615 4509 1895 4579 aequaliter
1938 4520 2039 4560 suo
2084 4500 2267 4571 generi
2296 4530 2348 4591 Β

682 4622 1024 4695 participant.
1062 4614 1302 4684 Namque
1337 4623 1509 4680 equus
1548 4614 1602 4661 et
1640 4604 1803 4657 homo
1837 4598 2113 4670 aequaliter
2152 4595 2271 4649 ani-

684 4689 844 4770 malia
881 4689 1033 4775 sunt,
1061 4722 1239 4777 neque
1279 4716 1451 4773 equus
1485 4697 1705 4755 homine
1734 4693 1876 4766 plus,
1906 4704 2081 4761 neque
2113 4689 2275 4741 homo

684 4809 806 4878 plus
833 4818 990 4874 equo.
1021 4803 1091 4856 At
1118 4813 1247 4853 vero
1275 4793 1574 4851 accidentia
1604 4806 1711 4845 non
1742 4787 2026 4855 aequaliter
2055 4781 2279 4854 partici-

686 4908 833 4971 pant.
872 4898 1005 4953 Nam
1032 4904 1153 4949 cum
1186 4888 1485 4959 separabile
1513 4885 1761 4940 accidens
1790 4882 1861 4935 sit
1895 4877 2119 4940 moveri,
2153 4890 2278 4943 pos-

686 5002 811 5051 sunt
845 4991 964 5045 alia:
1001 4989 1142 5042 inter
1182 4998 1241 5038 se
1280 4979 1488 5050 species
1527 4977 1715 5032 eodem
1758 4971 2019 5028 accidenti
2060 4968 2277 5038 partici-

686 5095 876 5161 pantes
906 5080 1109 5138 tardius
1138 5076 1222 5131 vel
1252 5074 1409 5130 citius
1461 5069 1696 5130 moveri,
1737 5075 1791 5120 et
1828 5063 1897 5119 de
1928 5060 2274 5130 inseparabili

687 5150 948 5237 accidenti
977 5170 1167 5229 eodem
1206 5165 1385 5222 modo.
1416 5163 1509 5217 Est
1541 5160 1684 5216 enim
1714 5166 1772 5212 ut
1804 5154 1995 5223 aliquis
2030 5150 2277 5221 nigriori-

690 5285 790 5339 bus
820 5278 991 5336 oculis
1022 5274 1111 5340 sit,
1136 5281 1189 5328 et
1208 5268 1343 5324 alius
1370 5263 1613 5336 quamvis
1640 5260 1826 5329 nigris,
1851 5267 2027 5312 tamen
2056 5255 2126 5307 ita
2150 5266 2278 5321 pur-

690 5374 901 5448 pureis,
921 5380 1080 5441 atque
1102 5366 1223 5421 ideo
1242 5370 1296 5417 et
1312 5359 1657 5415 intentionem
1675 5361 1731 5406 et
1750 5348 2121 5405 remissionem
2142 5342 2279 5399 reci-

692 5435 1057 5538 pitaccidens.
1086 5458 1219 5513 Natn
1243 5465 1297 5510 et
1322 5448 1578 5508 candidus
1609 5446 1749 5516 quod
1779 5442 1996 5504 dicitur,
2029 5447 2085 5494 et
2112 5435 2282 5505 magis

694 5566 749 5615 et
782 5557 958 5611 minus
996 5552 1215 5614 dicitur,
1252 5557 1306 5602 et
1343 5545 1443 5599 alia
1482 5535 1804 5611 huiusmodi.
1857 5535 2037 5601 Quare
2075 5531 2281 5585 distant

696 5649 813 5703 hmc
841 5648 976 5713 duo,
1010 5644 1151 5714 quod
1192 5652 1418 5711 genere,
1456 5649 1575 5705 quae
1618 5629 1954 5701 participant,
2003 5623 2284 5694 aequaliter

698 5746 1034 5819 participant,
1080 5738 1343 5796 accidenti
1392 5734 1619 5790 fortasse
1660 5745 1769 5815 non
1817 5724 2118 5796 aequaliter.
2172 5720 2283 5774 lluc

698 5804 905 5901 accedit
932 5836 1072 5911 quod
1108 5848 1300 5906 genera
1343 5844 1450 5883 non
1492 5804 1819 5881 modo-ante
1859 5818 2155 5887 individua,
2186 5813 2282 5872 sed

2326 476 2555 545 species,
2600 473 2696 530 sed
2734 471 2893 528 etiam
2935 474 3058 539 post
3098 460 3373 520 individua
3415 463 3561 513 sunt.
3602 451 3734 521 ipsis
3770 449 3911 504 enim

2328 541 2696 640 principaliter
2727 565 2997 629 accidunt,
3028 570 3087 616 ut
3118 558 3323 614 dictum
3353 561 3457 609 est.
3512 551 3605 604 Est
3630 546 3786 603 etiam
3814 541 3914 599 dif-

2330 635 2575 728 ferentia,
2609 675 2729 731 quze
2761 661 2872 729 jam
2910 652 3159 725 superius
3186 649 3329 706 dicta
3354 654 3438 702 est
3461 661 3476 697 :
3500 656 3625 697 nam
3663 651 3828 708 genus
3860 635 3915 691 in

2330 770 2395 811 eo
2409 726 2699 825 quodquid
2720 726 2789 807 sit
2811 749 3151 821 praedicatur,
3183 740 3432 798 accidens
3452 751 3583 792 vero
3608 734 3663 788 in
3691 746 3756 788 eo
3779 726 3918 800 quod

2331 822 2488 918 quale
2516 822 2606 913 sit,
2642 854 2734 900 aut
2771 840 3041 913 quomodo
3075 853 3135 895 se
3170 835 3365 891 habeat
3400 850 3413 886 :
3456 843 3582 885 nam
3612 826 3658 882 si
3694 822 3818 896 quid
3852 822 3921 876 sit

2335 940 2585 995 Socrates
2624 939 2958 1007 interroges,
2996 934 3157 989 homo
3197 939 3359 1000 atque
3398 922 3595 981 animal
3636 916 3923 989 responde-

2337 1040 2423 1086 tur
2457 1050 2469 1084 :
2506 1032 2553 1085 si
2581 1045 2711 1085 vero
2740 1028 2913 1100 qualis
2956 1027 3047 1093 sit,
3096 1024 3330 1080 fortasse
3367 1019 3583 1083 calvus,
3616 1022 3706 1069 aut
3736 1013 3923 1074 simus,

2337 1138 2455 1192 quae
2480 1122 2774 1178 accidentia
2800 1128 2929 1176 sunt
2956 1113 3357 1188 inseparabilis.
3383 1111 3479 1169 Sin
3506 1122 3637 1164 vero
3662 1100 3926 1176 quomodo

2340 1231 2400 1271 se
2422 1216 2638 1281 habeat,
2668 1222 2762 1268 aut
2784 1215 2927 1283 jacet
2950 1208 3331 1280 respondetur,
3360 1212 3453 1260 aut
3480 1201 3653 1266 sedet,
3687 1206 3778 1251 aut
3802 1191 3929 1260 quid

2291 1315 2311 1339 ’
2342 1308 2485 1363 aliud
2509 1307 2685 1364 facere
2708 1305 3011 1377 contigerit.
3036 1304 3177 1373 Ergo
3193 1299 3448 1373 quoniam
3467 1293 3680 1367 generis
3702 1305 3730 1343 a
3752 1285 3931 1357 specie

2344 1410 2400 1457 et
2419 1400 2722 1455 differentia
2749 1407 2803 1455 et
2826 1397 3045 1468 pr0prio
3069 1404 3127 1451 et
3152 1390 3418 1449 accidenti
3441 1387 3612 1444 divisa
3638 1380 3931 1437 substantia

2345 1503 2457 1561 est,
2492 1507 2633 1547 nunc
2672 1491 2973 1562 posteriora
3004 1487 3362 1558 persequitur.
3396 1482 3532 1537 Sunt
3574 1488 3751 1533 autem
3787 1471 3936 1528 diffe~

2348 1588 2538 1643 rentia:
2566 1585 2750 1655 viginti
2790 1600 2803 1635 :
2843 1598 2968 1637 nam
3011 1597 3132 1637 cum
3162 1579 3403 1650 quinque
3430 1590 3516 1630 res
3546 1573 3675 1636 sint,
3709 1577 3762 1622 et
3802 1578 3935 1619 una-

2349 1697 2577 1754 qumque
2621 1682 2861 1751 ipsarum
2914 1678 2982 1731 ab
3024 1677 3146 1730 aliis
3192 1680 3424 1744 quatuor
3470 1667 3663 1728 distet,
3710 1670 3765 1716 et
3809 1660 3938 1713 item

2272 1773 2322 1834 B
2347 1753 2574 1847 quatuor
2602 1771 2929 1829 differentias
2961 1770 3177 1837 habeat,
3215 1763 3503 1837 quinquies
3534 1754 3826 1830 quaternis,
3860 1753 3941 1806 vi-

2343 1871 2480 1941 ginti
2508 1868 2822 1925 differentia:
2854 1865 3202 1928 efficiuntur;
3235 1875 3360 1915 nam
3385 1860 3427 1912 si
3464 1870 3635 1926 genus
3667 1851 3846 1906 differt
3875 1847 3942 1900 ab

2345 1963 2545 2032 specie,
2576 1962 2815 2032 proprio,
2842 1957 3145 2016 differentia
3179 1964 3234 2010 et
3261 1949 3551 2014 accidenti,
3582 1955 3811 2016 quatuor
3837 1937 3943 1994 dif~

2348 2057 2589 2115 ferentia;
2642 2057 2795 2110 fiunt.
2845 2053 2941 2109 Sin
2988 2066 3117 2108 vero
3162 2048 3371 2119 species
3410 2034 3592 2098 differt
3646 2055 3676 2093 a
3722 2044 3944 2107 genere-

2318 2200 2319 2203 η
2350 2151 2588 2222 proprio,
2612 2147 2936 2214 differentia,
2963 2142 3254 2203 accidenti.
3282 2140 3411 2195 item
3436 2136 3555 2191 aliae
3578 2142 3810 2205 quatuor
3830 2142 3947 2200 qua

2347 2244 2549 2315 junctae
2578 2257 2700 2298 cum
2732 2239 3103 2312 superioribus
3132 2243 3256 2291 octo
3287 2232 3443 2287 fiunt.
3478 2229 3543 2285 Et
3572 2228 3619 2282 si
3648 2222 3947 2282 differentia

2352 2340 2515 2395 distat
2546 2338 2615 2394 ab
2650 2336 2861 2408 specie,
2894 2335 3148 2405 proprio,
3189 2343 3389 2400 genere
3427 2335 3483 2381 et
3521 2320 3808 2385 accidenti,
3836 2318 3948 2376 alia

2354 2442 2587 2507 quatuor
2612 2435 3048 2502 supercrescunt.
3074 2425 3207 2494 Quae
3227 2422 3427 2492 junctae
3450 2432 3574 2473 cum
3604 2425 3730 2470 octo
3761 2412 3949 2482 priori-

2356 2505 2455 2584 bus
2492 2525 2774 2583 duodecim
2817 2523 3039 2578 faciunt.
3085 2521 3157 2575 At
3200 2532 3330 2573 vero
3371 2514 3418 2570 si
3461 2511 3735 2583 proprium
3774 2505 3951 2564 differt

2357 2638 2386 2675 a
2408 2635 2626 2692 genere,
2654 2615 2855 2689 Specie,
2872 2612 3174 2671 differentia
3197 2617 3252 2667 et
3272 2606 3556 2672 accidenti,
3582 2603 3703 2658 aliis
3725 2609 3952 2672 quatuor

2358 2690 2675 2770 differentiis
2706 2723 2870 2780 super
2904 2705 3191 2762 duodecim
3236 2700 3453 2773 positis,
3492 2710 3679 2753 omnes
3720 2690 3953 2748 sedecim

2358 2805 2678 2862 differentiae
2708 2803 2862 2858 fiunt.
2892 2801 3044 2869 Quod
3072 2799 3118 2855 si
3143 2796 3438 2853 accidentis
3465 2804 3680 2863 quoque
3703 2785 3952 2843 differen~

2360 2902 2460 2957 tias
2482 2900 2546 2954 ad
2564 2907 2792 2970 quatuor
2813 2894 3017 2963 reliqua
3034 2890 3274 2955 duxeris,
3291 2896 3519 2959 quatuor
3537 2896 3700 2952 super
3720 2878 3955 2934 sedecim

2359 2992 2751 3057 crescentibus,
2782 2987 2970 3060 viginti
3002 2998 3192 3041 omnes
3214 2977 3535 3036 differentia:
3584 2973 3954 3046 perficiuntur.

2360 3091 2492 3160 Qua:
2530 3092 2602 3145 ita
2630 3086 2817 3159 viginti
2847 3091 2972 3139 sunt
3002 3090 3061 3135 ut
3090 3079 3159 3133 ad
3187 3075 3545 3132 sufficientem
3573 3068 3833 3124 doctrinae
3861 3079 3957 3120 cu-

2366 3188 2570 3243 mulum
2599 3184 2787 3240 decem
2819 3187 3022 3235 tantum
3052 3171 3366 3231 differentia
3396 3174 3770 3223 numerentur.
3822 3158 3956 3214 Nam

2363 3279 2507 3353 quod
2543 3279 2747 3335 dictum
2785 3284 2867 3332 est
2894 3279 3064 3344 genus
3096 3266 3311 3324 differre
3347 3277 3386 3335 al
3403 3256 3724 3323 differentia,
3752 3251 3955 3326 specie,

2378 4596 2595 4673 proprio
2635 4606 2689 4651 et
2736 4590 3027 4657 accidenti,
3059 4596 3292 4659 quatuor
3326 4587 3487 4639 fuere
3526 4581 3866 4639 differentize.
3909 4578 3967 4634 Si

2377 4703 2557 4748 autem
2598 4687 2957 4744 differentiam
2987 4683 3231 4738 dicamus
3261 4677 3478 4734 differre
3525 4692 3555 4731 a
3597 4675 3799 4746 specie,
3846 4688 3968 4744 pro.

2382 4786 2495 4856 prio
2531 4793 2587 4839 et
2613 4760 2906 4857 accidenti,
2950 4787 3342 4846 supervacuum
3388 4779 3469 4824 est
3499 4766 3822 4823 differentia:
3847 4778 3967 4819 cum

2380 4892 2580 4950 genere
2621 4870 2977 4929 differentiam
3024 4878 3471 4925 commemorare,
3518 4875 3637 4914 cum
3673 4858 3784 4927 jam
3826 4856 3971 4926 prius

2383 4966 3007 5029 commemoraverimus,
3033 4966 3247 5034 quando
3267 4956 3482 5029 generis
3505 4955 3571 5007 ad
3590 4949 3971 5011 differentiam.

2384 5061 2713 5118 differentias
2745 5057 3015 5114 diximus:
3049 5054 3235 5110 iisdem
3268 5052 3411 5106 enim
3442 5048 3521 5119 (ut
3551 5040 3764 5115 opinor)
3794 5041 3970 5097 differt

2384 5158 2685 5213 differentia
2716 5172 2744 5209 a
2778 5169 2996 5226 genere,
3033 5152 3227 5222 quibus
3254 5145 3534 5202 differebat
3560 5157 3730 5213 genus
3761 5158 3789 5196 a
3820 5141 3969 5197 diffe-

2384 5248 2575 5304 rentia.
2627 5246 2808 5316 Itaque
2852 5239 3200 5312 relinquenda
3253 5248 3337 5293 est
3382 5234 3499 5289 haec
3522 5232 3840 5297 differentia,
3867 5246 3969 5302 qua

2388 5343 2549 5397 distat
2587 5337 2887 5395 differentia
2928 5351 2958 5388 a
3004 5345 3230 5402 genere,
3277 5327 3529 5399 quoniam
3574 5327 3820 5396 superius
3860 5324 3969 5392 jam

2386 5436 2525 5490 dicta
2552 5446 2656 5500 est,
2695 5446 2816 5487 cum
2854 5430 3123 5484 diceretur
3151 5438 3257 5494 quo
3284 5436 3453 5493 genus
3495 5421 3717 5477 distaret
3757 5437 3787 5475 a
3821 5416 3969 5474 diffe-

2387 5529 2579 5584 rentia.
2618 5526 2916 5581 Remanent
2942 5520 3100 5590 igitur
3127 5526 3236 5573 tres
3263 5516 3606 5580 differentias,
3642 5515 3832 5586 quibus
3856 5513 3969 5581 ipsa

2388 5621 2691 5677 differentia
2730 5618 2797 5672 ab
2829 5616 3031 5685 specie,
3068 5615 3286 5683 proprio
3320 5622 3374 5674 et
3406 5611 3668 5674 accidenti
3706 5608 3887 5669 distat,
3918 5611 3970 5662 cf

2388 5726 2471 5772 est
2496 5713 2787 5785 superioris
2825 5706 3036 5782 generis
3078 5705 3144 5763 ad
3179 5706 3303 5771 alia,
3342 5706 3378 5760 4
3403 5703 3713 5765 differentiae
3753 5697 3972 5765 fuerint,

2390 5824 2533 5867 nunc
2561 5821 2692 5864 vero
2720 5803 3033 5863 differentia:
3063 5800 3130 5857 ad
3168 5800 3291 5870 alia,
3323 5810 3431 5856 tres
3458 5796 3726 5855 distantias
3755 5794 3972 5852 videam-
