4244 6254
268 381 321 433 55
1353 380 1419 434 ΙΝ
1459 373 1910 433 PORPHYRIUM
1953 372 2298 428 DIALOGUS
2339 372 2404 427 ll.
3462 379 3529 432 tif}

264 505 358 559 tur,
389 494 420 548 7
455 493 540 549 hae
582 493 847 550 distantias
871 496 1022 551 fiunt.
1053 497 1120 551 At
1155 509 1281 552 vero
1305 497 1514 565 species
1541 510 1646 566 quo
1683 510 1713 548 a
1747 509 1840 564 ge-
1867 493 1922 553 Α
1945 505 2006 546 ex
2044 491 2130 545 his
2159 490 2367 560 species
2415 488 2752 545 informetur.
2801 491 3043 562 Namque
3073 493 3348 550 rationalis
3375 493 3530 552 diffe-

261 603 382 644 nere
412 589 581 644 distet
606 595 613 628 t
619 590 728 660 jam
761 600 880 645 tunc
907 591 1107 646 dictum
1137 601 1240 658 est,
1266 606 1384 647 cum
1423 577 1705 648 dicebatur
1734 607 1839 660 quo

259 698 422 754 genus
453 683 616 738 distet
640 700 667 738 a
693 685 889 753 specie.
923 685 1060 753 Quid
1089 696 1267 741 autem
1299 685 1601 740 differentia
1627 685 1838 740 discre-

260 783 428 842 paret,
484 783 605 829 tunc
650 775 1065 830 demonstratum
1113 787 1214 842 est,
1264 792 1385 832 cum
1431 778 1737 832 diceremus
1787 778 1839 832 in

259 882 364 936 quo
404 867 696 922 differentia
741 883 772 922 a
823 870 1002 938 specie
1048 870 1469 925 discerneretur.
1543 871 1844 926 Remanent

259 959 420 1028 igitur
445 960 557 1013 dua:
594 960 822 1029 speciei,
857 961 908 1014 id
935 971 1050 1027 est,
1079 977 1199 1016 cum
1233 963 1449 1039 proprio
1489 971 1543 1016 et
1580 961 1843 1017 accidenti

261 1047 588 1114 differentiae,
623 1067 744 1120 qua:
769 1051 969 1120 junctae
998 1067 1118 1106 cum
1150 1055 1518 1123 superioribus
1550 1055 1602 1119 7,
1632 1056 1664 1110 9
1692 1055 1845 1110 diffe-

257 1141 450 1193 rentias
484 1139 748 1196 efficiunt.
795 1142 982 1197 Restat
1019 1144 1178 1215 igitur
1215 1161 1316 1199 una
1364 1147 1560 1215 proprii
1606 1155 1660 1202 et
1699 1147 1844 1202 acci-

257 1229 426 1283 dentis
451 1229 788 1300 differentia,
823 1251 941 1304 quae
971 1235 1179 1290 dicatur
1220 1255 1232 1288 :
1268 1252 1388 1291 nam
1416 1239 1544 1308 quid
1583 1255 1612 1292 a
1647 1255 1843 1309 genere

256 1323 419 1378 distet
456 1326 658 1380 dictum
690 1337 792 1392 est,
826 1344 945 1383 cum
973 1328 1097 1398 quid
1119 1345 1289 1400 genus
1315 1330 1538 1385 distaret
1566 1347 1595 1386 a
1627 1333 1842 1401 proprio

254 1416 547 1472 diceretur.
599 1420 767 1473 Porro
797 1421 924 1490 quid
956 1436 984 1474 a
1015 1422 1196 1490 specie
1222 1423 1446 1478 distaret
1472 1423 1671 1478 dudum
1705 1425 1847 1480 dice-

254 1511 438 1578 batur,
472 1528 595 1566 cum
623 1513 751 1583 quid
782 1515 989 1583 species
1017 1530 1046 1568 a
1074 1515 1288 1584 proprio
1307 1515 1546 1571 differret
1570 1533 1844 1572 enumera-

251 1601 438 1658 batur.
481 1603 651 1659 Porro
694 1615 873 1659 autem
905 1606 1028 1674 quid
1060 1621 1088 1658 a
1119 1606 1438 1671 differentia,
1469 1607 1628 1661 etiam
1676 1607 1726 1660 id
1768 1608 1848 1661 di-

256 1702 404 1748 ctum
435 1704 534 1759 est,
559 1710 678 1748 cum
709 1709 737 1747 a
769 1697 988 1765 proprio
1014 1695 1312 1750 differentia
1346 1707 1705 1764 separaretur.
1740 1697 1845 1751 Sed

256 1801 398 1839 nunc
426 1786 872 1854 quemadmodum
897 1787 1192 1842 differentia
1222 1805 1250 1840 a
1274 1789 1473 1859 specie,
1505 1791 1721 1860 proprio
1748 1807 1842 1847 ac~

257 1876 561 1947 cidentique
588 1878 927 1944 discernitur,
952 1878 1248 1934 videamus.

448 1995 512 2034 DE
552 1994 882 2035 COIHIUNIBUS
920 1997 1286 2036 ΒΙΈΓΕΒΕΝΤΙΕ
1325 1998 1390 2035 ΕΤ
1429 1997 1650 2037 SPECIEI.

325 2075 427 2131 Est
451 2077 762 2131 communio
792 2076 1105 2131 differentiae
1139 2086 1194 2132 et
1230 2079 1427 2147 speciei
1459 2078 1597 2143 quod
1628 2079 1846 2146 aequali-

257 2176 332 2222 tcr
353 2168 568 2237 species
588 2167 689 2222 sub
712 2183 770 2222 se
797 2168 1084 2223 individuis
1107 2185 1163 2224 se
1189 2171 1467 2238 permittit,
1491 2179 1544 2224 et
1565 2172 1845 2241 aequaliter

257 2259 528 2314 individua
584 2260 762 2328 specie
807 2259 922 2328 ipsa
963 2261 1282 2329 participant
1322 2279 1334 2314 :
1382 2277 1608 2332 namque
1657 2278 1843 2318 omnes

257 2354 504 2408 homines
546 2353 824 2423 aequaliter
864 2355 1107 2408 homines
1154 2363 1299 2421 sunt,
1330 2365 1382 2409 et
1414 2354 1645 2410 hominis
1678 2356 1843 2424 parti-

257 2447 524 2515 cipatione
546 2462 697 2516 aeque
721 2447 1036 2515 participant
1067 2465 1078 2498 :
1106 2447 1291 2501 eodem
1322 2448 1480 2502 modo
1505 2449 1666 2504 etiam
1693 2448 1842 2503 diffe-

257 2539 420 2592 rentia
441 2579 456 2605 ,
491 2552 721 2607 namque
750 2552 937 2592 omnes
972 2538 1216 2592 homines
1246 2538 1524 2607 aequaliter
1559 2539 1844 2594 rationales

259 2640 364 2683 sum
387 2671 398 2690 ,
434 2639 488 2682 et
508 2627 922 2682 rationabilitate
943 2641 1060 2696 quas
1081 2635 1165 2682 est
1189 2627 1511 2695 differentia,
1533 2643 1718 2683 omnes
1751 2630 1841 2699 qui

260 2720 455 2774 ratione
502 2719 820 2787 participant
861 2733 1014 2788 aeque
1044 2719 1380 2788 participant.
1419 2719 1513 2773 Est
1551 2720 1710 2775 etiam
1737 2720 1840 2776 alia

261 2809 638 2876 communitas,
673 2808 813 2878 quod
845 2808 1293 2879 quemadmodum
1326 2809 1530 2878 species
1568 2826 1837 2880 nunquam

261 2897 451 2954 deserit
492 2914 554 2954 ea
593 2914 814 2968 quorum
851 2899 1057 2968 species
1102 2910 1202 2964 eSt,
1248 2908 1300 2952 et
1341 2900 1534 2970 quibus
1575 2911 1840 2969 superest,

262 2991 335 3045 sic
359 3001 409 3046 et
440 2991 742 3045 differentia
774 3005 1041 3061 nunquam
1073 3005 1133 3044 ea
1172 2991 1372 3045 deserit
1406 3008 1523 3055 quae
1552 2991 1750 3047 distare
1775 2995 1843 3048 ab

261 3082 370 3136 aliis
399 3081 563 3137 facit:
599 3082 1120 3160 namqne'Soerates,
1151 3096 1269 3136 cum
1313 3083 1410 3137 sub
1449 3084 1630 3151 specie
1669 3084 1844 3139 homi-

263 3176 339 3229 nis
368 3187 470 3240 eSt,
510 3191 777 3244 nunquam
807 3175 874 3228 ab
905 3175 1139 3229 hominis
1168 3177 1347 3244 specie
1375 3176 1660 3231 deseritur.
1686 3179 1838 3233 Sem-

1944 583 2114 637 rcntia
2159 595 2208 636 et
2248 581 2489 635 mortalis
2527 580 2827 636 differentia
2861 583 3061 651 junctae
3099 586 3255 639 unius
3296 585 3528 642 hominis

1944 676 2178 744 speciem
2222 674 2589 730 reddiderunt.
2621 674 2827 732 Iuncta
2854 692 2982 730 vero
3014 679 3222 748 species
3261 695 3528 749 nunquam

1947 767 2181 838 aliquam
2210 784 2275 824 ex
2305 783 2364 824 se
2393 769 2628 838 speciem
2657 769 3003 823 constituent.
3051 770 3106 823 Si
3151 771 3294 825 enim
3338 771 3532 842 jungas

1945 861 2216 917 hominem
2263 862 2406 924 bovi,
2456 863 2600 915 nulla
2647 876 2715 917 ex
2758 861 2841 916 liis
2883 862 3091 931 species
3134 862 3528 922 informabitur.

1946 955 2052 1010 Sed
2093 956 2318 1010 fortasse
2343 954 2484 1009 dicat
2513 955 2702 1024 aliquis
2734 972 2749 1009 :
2781 955 2928 1010 Asini
2962 965 3123 1026 atque
3160 957 3284 1027 equi
3310 959 3533 1028 conjun-

1950 1047 2128 1103 etione
2165 1049 2342 1102 mulus
2380 1049 2644 1114 nascitur;
2675 1048 2770 1103 sed
2800 1064 2906 1103 non
2938 1050 3010 1104 ita
3040 1057 3142 1104 est.
3178 1049 3418 1121 Namque
3444 1053 3530 1107 in-

1952 1138 2154 1193 dividui
2192 1140 2570 1209 conjunctione
2613 1150 2796 1196 natum
2826 1152 2910 1196 est
2944 1142 3143 1212 aliquid
3176 1143 3530 1200 individuum.

1946 1233 1999 1288 Si
2040 1245 2216 1288 autem
2261 1237 2337 1290 sic
2376 1237 2694 1306 simpliciter
2732 1237 2963 1306 speciem
3010 1240 3180 1308 ipsam
3212 1243 3346 1297 asini
3373 1253 3535 1314 atque

1948 1326 2070 1394 equi
2115 1326 2426 1397 conjungas,
2469 1328 2612 1382 nulla
2655 1345 2721 1383 ex
2765 1329 2848 1384 his
2883 1345 3115 1402 unquam
3159 1335 3368 1403 species
3406 1351 3534 1392 con-

1948 1419 2208 1472 stituitur.
2287 1419 2470 1490 Neque
2533 1421 2678 1476 enim
2739 1423 2782 1478 si
2847 1437 2906 1479 se
2973 1435 3196 1495 possunt
3259 1429 3534 1487 individua

1948 1511 2322 1577 commiscere,
2365 1512 2561 1566 idcirco
2604 1514 2766 1568 etiam
2805 1517 3012 1585 species
3051 1517 3446 1576 individuorum
3480 1523 3533 1579 in

1949 1601 2257 1657 alterutram
2281 1605 2631 1661 substantiam
2658 1617 2970 1664 transeunt:
2995 1620 3157 1682 atque
3181 1612 3302 1668 ideo
3321 1625 3532 1673 constat

1947 1699 2160 1767 junctus
2191 1703 2398 1770 species
2422 1719 2579 1758 unam
2613 1709 2843 1775 speciem
2872 1725 2978 1764 non
3003 1727 3162 1781 posse
3189 1727 3533 1785 componere,

1951 1793 2089 1860 quod
2132 1792 2444 1848 differentiae
2482 1795 2682 1865 junctae
2728 1801 2885 1855 unius
2935 1803 3132 1872 speciei
3173 1810 3531 1866 constitutivae

1871 1881 1920 1942 B
1945 1882 2072 1936 sint.
2123 1883 2216 1938 His
2244 1886 2418 1956 itaque
2459 1890 2740 1945 transactis
2779 1892 2843 1947 ad
2875 1893 3189 1952 differentiae
3227 1909 3282 1954 et
3317 1903 3529 1973 propria

1947 1977 2248 2031 communia
2281 1978 2583 2034 veniamus.

2135 2130 2201 2168 DE
2238 2129 2572 2172 COMIUNIBUS
2611 2135 2977 2178 DIFFEBENTIE
3019 2141 3085 2179 ΕΤ
3125 2142 3350 2182 PROPR".

2024 2225 2327 2282 Differentia
2379 2239 2432 2283 et
2483 2234 2760 2300 proprium
2815 2249 3098 2292 commune
3143 2238 3342 2295 habent
3391 2243 3528 2310 quod

1946 2319 2137 2388 quibus
2184 2320 2481 2376 differentia
2535 2336 2616 2377 est
2664 2335 2718 2380 et
2761 2341 2788 2379 a
2830 2330 3023 2398 quibus
3077 2332 3188 2399 ipsa
3234 2333 3530 2391 differentia

1948 2414 2312 2484 participatur,
2338 2420 2615 2487 aequaliter
2651 2421 3000 2493 participatur
3031 2445 3044 2480 :
3091 2444 3212 2482 nam
3263 2432 3533 2490 rationalis

1946 2507 2244 2562 differentia
2277 2525 2394 2564 cum
2429 2513 2565 2566 inest
2594 2513 2926 2582 hominibus,
2973 2530 3026 2574 et
3054 2535 3242 2577 omnes
3285 2525 3530 2582 homines

1950 2599 2256 2654 rationabili
2296 2601 2592 2658 differentia
2647 2608 2986 2677 participant,
3038 2627 3144 2666 non
3189 2624 3269 2669 eSt
3315 2617 3532 2673 dubium

1947 2692 2074 2760 quin
2106 2707 2292 2749 omnes
2323 2695 2566 2751 homines
2592 2701 2871 2768 aequaliter
2901 2705 3008 2758 sint
3035 2705 3346 2774 rationales,
3376 2720 3534 2780 atque

1946 2785 2222 2853 aequaliter
2275 2788 2688 2846 rationabilitate
2739 2795 3075 2864 participent.
3125 2800 3194 2853 At
3242 2817 3369 2857 vero
3412 2820 3534 2874 pro-

1946 2877 2119 2942 prium
2159 2879 2299 2946 quod
2329 2880 2532 2934 risibile
2574 2892 2678 2948 est,
2709 2887 2987 2953 aequaliter
3031 2891 3279 2948 omnibus
3305 2896 3534 2952 homini-

1945 2966 2046 3020 bus
2089 2978 2215 3022 cst:
2269 2985 2457 3026 omnes
2502 2978 2644 3028 enim
2694 2977 2938 3035 homines
2981 2985 3256 3050 aequaliter
3302 2990 3533 3047 risibiles

1946 3070 2088 3113 sunt.
2177 3061 2272 3115 Est
2321 3064 2483 3118 etiam
2539 3065 2654 3122 haec
2705 3084 2889 3124 eorum
2943 3077 3343 3147 communitas,
3392 3085 3533 3152 quod

1948 3157 2086 3211 sicut
2146 3167 2412 3226 potestate
2452 3162 2658 3218 risibile
2697 3165 2909 3230 dicitur,
2951 3170 3158 3226 etiamsi
3198 3188 3302 3228 non
3341 3176 3532 3244 rideat,

261 3280 351 3333 per
377 3266 519 3319 enim
554 3265 806 3319 Socrates
834 3265 993 3317 homo
1025 3274 1125 3317 est.
1158 3265 1227 3318 At
1257 3280 1385 3319 vero
1410 3265 1708 3320 differentia
1741 3267 1839 3321 So-
1868 3256 1916 3320 C
1946 3249 2016 3304 it“
2063 3252 2221 3305 etiam
2274 3263 2536 3321 l’mes‘ate
2567 3257 2716 3328 bipes
2761 3259 2975 3330 diem":
3027 3265 3236 3322 etiam“
3282 3271 3400 3339 quis
3427 3287 3533 3327 “"0

258 3366 477 3425 cratem,
512 3373 630 3412 eum
660 3357 912 3412 Socrates
945 3357 1222 3410 rationalis
1251 3367 1350 3422 est,
1385 3374 1654 3428 nunquam
1684 3360 1837 3417 dese-

260 3448 344 3501 rit.
368 3449 597 3518 Semper
630 3447 771 3502 enim
797 3447 1047 3502 Socrates
1075 3448 1335 3502 rationale
1365 3449 1564 3503 animal
1592 3460 1692 3506 est.

487 3578 554 3615 DE
590 3577 826 3615 PROPRIIS
865 3577 1228 3616 DIFFERENTIE
1271 3578 1335 3616 ΕΤ
1374 3577 1596 3619 SPECIEI.

327 3665 590 3721 Differunt
636 3674 812 3720 autem
870 3668 1008 3719 inter
1055 3681 1113 3720 se
1159 3668 1364 3736 species
1411 3677 1464 3722 et
1514 3669 1834 3738 differentia,

259 3759 393 3829 quod
421 3759 721 3814 differentia
752 3773 965 3827 semper
1005 3757 1057 3811 in
1088 3773 1152 3812 eo
1182 3759 1322 3828 quod
1357 3761 1514 3829 quale
1550 3763 1618 3815 sit
1648 3765 1838 3832 praedi-

257 3861 428 3907 catur.
456 3851 590 3906 Nam
621 3851 814 3906 dicitur
843 3851 1092 3905 Socrates
1121 3851 1278 3919 quale
1307 3853 1505 3907 animal
1538 3853 1625 3918 sit,
1661 3865 1718 3909 ut
1749 3872 1836 3910 ra-

258 3944 462 3998 tionale
504 3944 925 4011 respondeatur;
957 3943 1165 4012 species
1194 3959 1322 3998 vero
1348 3946 1399 3998 in
1432 3961 1498 3999 eo
1533 3949 1669 4016 quod
1711 3951 1837 4019 quid

256 4035 325 4089 sit
367 4035 707 4105 praedicatur.
747 4035 874 4097 Nam
925 4036 1119 4090 dicitur
1165 4038 1288 4106 quid
1344 4040 1414 4092 sit
1458 4040 1728 4109 Socrates,
1780 4055 1839 4098 ut

257 4129 418 4184 homo
448 4130 854 4200 respondeatur.
896 4130 1135 4200 Namque
1169 4132 1395 4186 hominis
1424 4134 1652 4201 qualitas
1677 4137 1841 4191 ratio-

257 4223 374 4279 nale
401 4234 503 4285 est,
533 4225 624 4279 sed
656 4240 760 4278 non
791 4225 1124 4294 simpliciter.
1177 4225 1269 4278 llla
1295 4227 1438 4281 enim
1472 4229 1702 4296 qualitas
1736 4247 1839 4299 pro

258 4315 550 4371 differentia
580 4317 860 4387 accipitur,
892 4332 1010 4386 qua:
1036 4316 1258 4371 veniens
1298 4318 1348 4371 in
1378 4333 1572 4387 genere
1601 4323 1838 4389 speciem

262 4408 549 4470 constituit,
582 4417 636 4462 et
669 4408 737 4462 de
765 4408 1018 4476 qualitate
1063 4407 1400 4463 substantiali
1429 4409 1565 4465 facta
1595 4422 1677 4467 est
1714 4414 1839 4468 sub-

260 4499 520 4554 stantialis
567 4508 622 4553 et
673 4497 917 4568 specifica
970 4497 1295 4551 differentia.
1362 4497 1464 4551 lsta
1513 4500 1674 4569 igitur
1716 4502 1838 4557 talis

243 4589 483 4658 qualitas
505 4589 803 4645 differentia
832 4589 1154 4653 nominatur,
1179 4599 1230 4643 et
1255 4604 1316 4642 ea
1347 4590 1398 4642 in
1429 4605 1492 4644 eo
1514 4592 1652 4659 quod
1681 4594 1836 4663 quale

261 4681 326 4736 sit
348 4682 410 4735 ad
441 4683 713 4737 hominem
742 4680 1085 4751 praedicatur,
1117 4681 1218 4735 hoc
1252 4682 1412 4735 etiam
1455 4683 1506 4736 in
1539 4699 1722 4739 eorum
1753 4697 1837 4741 est

261 4774 590 4830 differentiis.
629 4774 867 4845 Namque
900 4774 1198 4830 differentia
1237 4772 1545 4842 frequenter
1584 4777 1638 4830 in
1677 4779 1838 4846 pluri-

261 4865 354 4922 bus
394 4867 680 4935 Speciebus
722 4867 1110 4921 consideratur.
1157 4865 1466 4920 Differentia
1515 4868 1656 4923 enim
1704 4885 1836 4940 qua-

263 4957 446 5028 drupes
487 4963 543 5013 in
581 4959 753 5025 bovis,
795 4968 846 5014 et
884 4960 937 5013 in
967 4961 1118 5030 equi,
1152 4968 1204 5014 et
1247 4959 1298 5014 in
1331 4961 1478 5015 canis
1516 4963 1692 5033 specie
1721 4973 1834 5019 est:

263 5060 313 5104 ct
346 5051 642 5107 differentia
692 5052 967 5106 rationalis
1012 5050 1246 5106 hominis
1292 5062 1345 5106 et
1395 5054 1588 5123 angeli,
1630 5058 1837 5125 species

266 5160 386 5201 vero
407 5162 677 5218 nunquam
704 5147 822 5202 aliis
847 5148 946 5202 nisi
975 5147 1105 5202 solis
1128 5147 1225 5201 sub
1253 5161 1312 5202 se
1339 5147 1522 5217 positis
1552 5148 1839 5205 individuis

263 5249 467 5307 praeest.
504 5239 786 5309 Nunquam
818 5240 960 5295 enim
995 5239 1096 5292 alia
1141 5253 1227 5293 res
1257 5239 1416 5293 homo
1443 5248 1524 5292 est
1553 5240 1654 5295 nisi
1697 5241 1838 5310 quod

263 5340 345 5385 est
385 5334 807 5401 individuum,ut
849 5346 932 5392 est
969 5338 1235 5404 Socrates,
1267 5347 1320 5392 et
1346 5338 1516 5405 Plato,
1551 5349 1602 5394 et
1626 5340 1833 5394 Cicero.

262 5420 411 5479 Unde
435 5425 492 5478 fit
520 5435 578 5480 ut
603 5426 811 5481 sublata
851 5427 1171 5496 differentia,
1216 5427 1423 5497 Species
1449 5442 1657 5498 quoque
1686 5428 1840 5484 tolla-

260 5521 360 5568 tur.
414 5515 549 5570 Nam
585 5519 630 5571 si
662 5518 946 5573 sustuleris
973 5519 1252 5584 rationale,
1287 5519 1556 5574 hominem
1606 5521 1838 5576 sustule-

261 5608 350 5662 ris.
404 5609 501 5666 Sin
535 5625 667 5666 vero
697 5612 978 5668 sustuleris
1016 5613 1270 5681 speciem,
1305 5612 1602 5667 differentia
1639 5623 1838 5669 manet.

260 5697 383 5756 Nam
427 5703 472 5757 si
521 5703 804 5760 sustuleris
847 5705 1436 5770 hominem,rationalis
1471 5705 1642 5773 angeli
1691 5705 1845 5761 diffe-

263 5795 421 5848 rentia
451 5795 712 5850 manebit.
751 5797 844 5850 Est
868 5809 995 5849 vero
1021 5795 1180 5848 etiam
1211 5795 1322 5851 haec
1347 5795 1670 5863 differentia,
1701 5797 1840 5865 quod

261 5881 559 5944 differentia
586 5901 702 5942 cum
735 5885 835 5947 alia
861 5885 1156 5942 differentia
1178 5885 1325 5958 jungi
1354 5897 1551 5958 ροιεετ,
1579 5896 1634 5942 ut
1665 5887 1838 5957 aliqua

1943 3343 2080 3412 pede
2138 3346 2408 3400 minuatur
2458 3367 2468 3399 :
2522 3365 2626 3404 non
2678 3354 2820 3406 enim
2853 3355 2992 3424 quod
3042 3368 3125 3413 est
3172 3360 3386 3427 dicitur,
3437 3366 3532 3421 sed

1941 3435 2082 3502 quod
2119 3451 2243 3491 esse
2275 3439 2447 3506 possit
2483 3458 2495 3493 :
2533 3457 2652 3495 nam
2685 3445 3071 3512 quoniam'ille
3118 3451 3293 3507 ridere
3335 3462 3532 3523 potest,

1940 3527 2160 3582 risibilis
2218 3532 2566 3599 nominatur;
2621 3537 2761 3605 quod
2817 3539 2907 3593 ille
2950 3540 3083 3597 duos
3133 3544 3294 3609 pedes
3333 3545 3532 3604 habere

1942 3621 2134 3688 possit,
2166 3621 2334 3691 bipes.
2366 3624 2540 3695 Atque
2576 3627 2696 3682 ideo
2739 3636 3005 3701 nunquam
3034 3636 3102 3688 ab
3130 3636 3232 3692 illis
3263 3640 3313 3694 in
3345 3642 3534 3710 quibus

1943 3713 2206 3780 sederint,
2241 3719 2515 3786 pr0prium
2563 3721 2979 3796 dilferentiaque
3032 3730 3334 3788 discedunt.
3383 3734 3534 3791 Sem-

1941 3820 2038 3875 per
2086 3807 2227 3862 enim
2280 3809 2439 3864 homo
2491 3812 2712 3869 risibilis
2761 3827 2871 3880 est,
2922 3819 3130 3876 etiamsi
3190 3841 3294 3880 non
3343 3828 3531 3884 rideat.

1942 3897 2169 3967 Semper
2201 3899 2370 3967 bipes,
2420 3903 2625 3960 etiamsi
2671 3922 2777 3962 uno
2822 3910 2957 3976 pede
3004 3915 3294 3971 minuatur.
3345 3919 3400 3973 In
3451 3921 3532 3977 his

1942 3992 2086 4044 enim
2137 3992 2451 4048 differentiis
2500 4006 2553 4049 et
2602 4001 2831 4066 propriis
2878 4005 2958 4070 (ut
2997 4006 3193 4062 dictum
3241 4011 3345 4080 est)
3386 4017 3526 4081 quod

1943 4092 2204 4150 potestate
2249 4099 2370 4139 esse
2415 4089 2614 4154 possit,
2660 4105 2765 4146 non
2820 4095 2960 4162 quod
2996 4112 3123 4154 vere
3162 4101 3230 4156 sit
3271 4105 3526 4161 conside-

1947 4182 2119 4227 ratur.

2395 4309 2458 4347 DE
2498 4309 2734 4352 PROPRIIS
2773 4313 3083 4358 EORUIIDEM.

2017 4399 2276 4458 Differunt
2304 4415 2481 4462 autem
2516 4408 2656 4465 inter
2687 4428 2768 4477 se,
2799 4417 2939 4483 quod
2984 4417 3282 4477 differentia
3314 4425 3379 4480 de
3408 4429 3524 4498 plu-

1943 4491 2092 4547 ribus
2125 4499 2408 4565 speciebus
2439 4502 2775 4572 prazdicatur,
2817 4511 3086 4579 proprium
3119 4530 3248 4568 vero
3293 4517 3357 4572 de
3402 4491 3526 4575 una.

1944 4583 2184 4654 Namque
2225 4587 2528 4646 differentia
2568 4610 2688 4662 quae
2718 4608 2798 4651 est
2836 4602 3078 4655 mortalis
3125 4605 3440 4672 pratdicatur
3466 4612 3530 4666 de

1947 4676 2179 4741 homine,
2215 4679 2280 4731 de
2313 4681 2466 4748 bove,
2502 4683 2569 4736 de
2605 4699 2762 4753 equo,
2793 4698 2845 4739 et
2885 4692 3094 4744 caeteris
3127 4693 3520 4764 animantibus;

1948 4780 2003 4825 et
2044 4771 2304 4826 rationale
2354 4775 2692 4842 prmdicatur,
2727 4789 2779 4832 et
2819 4779 2885 4835 de
2915 4779 3046 4849 Deo,
3093 4794 3145 4839 et
3184 4786 3251 4842 de
3293 4789 3525 4849 homine.

1945 4864 2018 4919 At.
2048 4879 2178 4918 vero
2213 4866 2416 4922 risibile
2443 4867 2510 4922 de
2540 4870 2650 4923 sola
2684 4878 2887 4925 tantum
2921 4876 3101 4944 specie
3135 4879 3365 4938 hominis
3398 4904 3528 4956 prm-

1947 4956 2175 5012 dicatur.
2209 4957 2361 5014 Unde
2401 4961 2584 5015 evenit
2622 4972 2674 5016 ut
2716 4963 2891 5019 omnis
2927 4966 3247 5038 differentia,
3278 4980 3524 5045 quoniam

1946 5051 2295 5120 plurimarum
2321 5055 2600 5109 continens
2625 5065 2706 5110 est
2728 5059 3048 5129 specierum,
3065 5077 3093 5115 a
3119 5065 3228 5119 suis
3252 5069 3528 5131 Speciehus

1948 5142 2119 5210 major
2158 5145 2262 5209 sit,
2302 5153 2460 5214 atque
2503 5145 2620 5199 ideo
2667 5149 2776 5216 ipsa
2819 5148 2886 5205 de
2923 5152 3201 5219 speciebus
3248 5159 3525 5223 praedicari

1947 5243 2142 5303 potest.
2179 5237 2346 5290 l’orro
2386 5245 2561 5292 autem
2599 5237 2666 5293 de
2706 5240 2818 5308 ipsa
2865 5244 3072 5310 species
3114 5244 3390 5310 praed'cari
3422 5265 3524 5305 non

1946 5335 2120 5394 potest
2165 5343 2178 5378 :
2222 5343 2394 5398 neque
2441 5330 2581 5383 enim
2632 5332 2931 5385 conversim
2981 5333 3082 5386 dici
3124 5343 3316 5402 potest.
3396 5338 3524 5394 Nam

1945 5402 2195 5487 quoniam
2225 5420 2382 5474 homo
2409 5419 2604 5475 dicitur
2632 5423 2931 5486 rationalis,
2974 5439 3075 5477 non
3108 5435 3290 5481 contra
3333 5429 3528 5490 dicitur

1947 5512 2087 5580 quod
2128 5511 2387 5564 rationale
2426 5521 2508 5566 est
2545 5512 2594 5564 id
2636 5515 2772 5581 quod
2814 5512 2973 5566 homo
3011 5523 3112 5569 est.
3164 5517 3343 5575 Potest
3382 5527 3523 5583 enim

1946 5618 2064 5658 esse
2105 5604 2262 5657 etiam
2294 5619 2398 5656 non
2430 5604 2611 5667 homo,
2645 5605 2736 5658 sed
2770 5605 2932 5660 Deus.
2973 5609 3043 5664 At
3071 5624 3199 5665 vero
3227 5619 3523 5687 prpprium,

1948 5697 2197 5765 quoniam
2248 5695 2524 5764 aequaliter
2569 5706 2622 5750 et
2680 5697 2743 5750 ad
2805 5714 2960 5753 unam
3020 5701 3251 5771 speciem
3316 5724 3527 5782 semper

1946 5799 2175 5859 aptatur,
2219 5803 2366 5858 aequa
2407 5789 2524 5845 vice
2565 5798 2724 5862 atque
2762 5792 3120 5861 appellatione
3159 5805 3524 5860 convertitur:

1947 5882 2140 5938 dicitur
2182 5883 2345 5949 enim,
2381 5883 2506 5952 quid
2537 5896 2616 5944 est
2660 5883 2856 5948 homo?
2888 5887 3107 5944 risibile.
3161 5889 3364 5958 Quibus
3408 5911 3524 5961 per-
