  <div class='ocr_page' id='page_1' title='image "/cluster/home/n/w/nwhite01/storage/ocr_20150623/64/hvd.32044073505265/039.png"; bbox 0 0 4244 6254; ppageno 0'>
   <div class='ocr_carea' id='block_1_1' title="bbox 593 393 3878 477">
    <p class='ocr_par' dir='ltr' id='par_1_1' title="bbox 593 393 3878 477">
     <span class='ocr_line' id='line_1_1' title="bbox 593 393 3878 477; baseline -0.001 -16"><span class='ocrx_word' id='word_1_1' title='bbox 593 412 666 477; x_wconf 73' lang='lat'><strong>51</strong></span> <span class='ocrx_word' id='word_1_2' title='bbox 1261 451 1274 460; x_wconf 89' lang='lat'><strong>.</strong></span> <span class='ocrx_word' id='word_1_3' title='bbox 1819 401 1930 457; x_wconf 80' lang='lat' dir='ltr'><strong>AN.</strong></span> <span class='ocrx_word' id='word_1_4' title='bbox 1973 397 2180 456; x_wconf 77' lang='lat' dir='ltr'><strong>MANL.</strong></span> <span class='ocrx_word' id='word_1_5' title='bbox 2224 397 2380 456; x_wconf 74' lang='lat' dir='ltr'><strong>sev.</strong></span> <span class='ocrx_word' id='word_1_6' title='bbox 2422 393 2648 456; x_wconf 71' lang='lat' dir='ltr'><strong>somn</strong></span> <span class='ocrx_word' id='word_1_7' title='bbox 3809 399 3878 459; x_wconf 77' lang='lat' dir='ltr'><strong>es</strong></span> 
     </span>
    </p>
   </div>
   <div class='ocr_carea' id='block_1_2' title="bbox 593 501 3876 592">
    <p class='ocr_par' dir='ltr' id='par_1_2' title="bbox 593 501 3876 592">
     <span class='ocr_line' id='line_1_2' title="bbox 593 501 3876 592; baseline -0.006 0"><span class='ocrx_word' id='word_1_8' title='bbox 593 530 832 592; x_wconf 89' lang='lat' dir='ltr'><strong>tractatis</strong></span> <span class='ocrx_word' id='word_1_9' title='bbox 901 530 966 585; x_wconf 89' lang='lat' dir='ltr'><strong>ad</strong></span> <span class='ocrx_word' id='word_1_10' title='bbox 1016 523 1370 584; x_wconf 77' lang='lat' dir='ltr'><strong>dilieren‘tiam</strong></span> <span class='ocrx_word' id='word_1_11' title='bbox 1434 527 1490 575; x_wconf 90' lang='lat' dir='ltr'><strong>et</strong></span> <span class='ocrx_word' id='word_1_12' title='bbox 1538 516 1788 574; x_wconf 90' lang='lat' dir='ltr'><strong>accidens</strong></span> <span class='ocrx_word' id='word_1_13' title='bbox 1849 526 2181 586; x_wconf 84' lang='lat' dir='ltr'><strong>transgressa</strong></span> <span class='ocrx_word' id='word_1_14' title='bbox 2208 501 2262 575; x_wconf 68' lang='grc' dir='ltr'>Α</span> <span class='ocrx_word' id='word_1_15' title='bbox 2291 513 2500 584; x_wconf 88' lang='lat' dir='ltr'><strong>priique</strong></span> <span class='ocrx_word' id='word_1_16' title='bbox 2526 511 2919 570; x_wconf 85' lang='lat' dir='ltr'><strong>communibus.</strong></span> <span class='ocrx_word' id='word_1_17' title='bbox 2969 510 3038 569; x_wconf 87' lang='lat' dir='ltr'><strong>Et</strong></span> <span class='ocrx_word' id='word_1_18' title='bbox 3076 518 3158 569; x_wconf 86' lang='lat' dir='ltr'><strong>est</strong></span> <span class='ocrx_word' id='word_1_19' title='bbox 3195 525 3302 566; x_wconf 88' lang='lat' dir='ltr'><strong>una</strong></span> <span class='ocrx_word' id='word_1_20' title='bbox 3329 525 3517 570; x_wconf 78' lang='lat' dir='ltr'><strong>eorum</strong></span> <span class='ocrx_word' id='word_1_21' title='bbox 3544 516 3876 582; x_wconf 84' lang='lat' dir='ltr'><strong>communio,</strong></span> 
     </span>
    </p>
   </div>
   <div class='ocr_carea' id='block_1_3' title="bbox 593 625 1012 698">
    <p class='ocr_par' dir='ltr' id='par_1_3' title="bbox 593 625 1012 698">
     <span class='ocr_line' id='line_1_3' title="bbox 593 625 1012 698; baseline -0.017 -13"><span class='ocrx_word' id='word_1_22' title='bbox 593 625 884 698; x_wconf 75' lang='lat' dir='ltr'><strong>disputatio</strong></span> <span class='ocrx_word' id='word_1_23' title='bbox 909 633 1012 678; x_wconf 90' lang='lat' dir='ltr'><strong>est.</strong></span> 
     </span>
    </p>
   </div>
   <div class='ocr_carea' id='block_1_4' title="bbox 726 713 2045 772">
    <p class='ocr_par' dir='ltr' id='par_1_4' title="bbox 726 713 2045 772">
     <span class='ocr_line' id='line_1_4' title="bbox 726 713 2045 772; baseline -0.014 0"><span class='ocrx_word' id='word_1_24' title='bbox 726 734 792 772; x_wconf 81' lang='lat' dir='ltr'><strong>DE</strong></span> <span class='ocrx_word' id='word_1_25' title='bbox 830 727 1158 771; x_wconf 69' lang='lat' dir='ltr'><strong>COHMUNIBUS</strong></span> <span class='ocrx_word' id='word_1_26' title='bbox 1196 718 1564 765; x_wconf 66' lang='lat' dir='ltr'><strong>DIFFERENTIE</strong></span> <span class='ocrx_word' id='word_1_27' title='bbox 1605 717 1673 757; x_wconf 67' lang='lat' dir='ltr'><strong>ET</strong></span> <span class='ocrx_word' id='word_1_28' title='bbox 1715 713 2045 756; x_wconf 77' lang='lat' dir='ltr'><strong>ACCIDENTIS.</strong></span> 
     </span>
    </p>
   </div>
   <div class='ocr_carea' id='block_1_5' title="bbox 667 787 2182 861">
    <p class='ocr_par' dir='ltr' id='par_1_5' title="bbox 667 787 2182 861">
     <span class='ocr_line' id='line_1_5' title="bbox 667 787 2182 861; baseline -0.014 0"><span class='ocrx_word' id='word_1_29' title='bbox 667 805 973 861; x_wconf 78' lang='lat' dir='ltr'><strong>Diﬁ‘erentia</strong></span> <span class='ocrx_word' id='word_1_30' title='bbox 1003 811 1060 858; x_wconf 91' lang='lat' dir='ltr'><strong>et</strong></span> <span class='ocrx_word' id='word_1_31' title='bbox 1089 798 1338 855; x_wconf 88' lang='lat' dir='ltr'><strong>accidens</strong></span> <span class='ocrx_word' id='word_1_32' title='bbox 1369 807 1654 849; x_wconf 87' lang='lat' dir='ltr'><strong>commune</strong></span> <span class='ocrx_word' id='word_1_33' title='bbox 1685 790 1884 844; x_wconf 81' lang='lat' dir='ltr'><strong>habent</strong></span> <span class='ocrx_word' id='word_1_34' title='bbox 1914 790 1980 843; x_wconf 92' lang='lat' dir='ltr'><strong>de</strong></span> <span class='ocrx_word' id='word_1_35' title='bbox 2009 787 2182 857; x_wconf 86' lang='lat' dir='ltr'><strong>pluri-</strong></span> 
     </span>
    </p>
   </div>
   <div class='ocr_carea' id='block_1_6' title="bbox 592 880 2180 967">
    <p class='ocr_par' dir='ltr' id='par_1_6' title="bbox 592 880 2180 967">
     <span class='ocr_line' id='line_1_6' title="bbox 592 880 2180 967; baseline -0.015 -13"><span class='ocrx_word' id='word_1_36' title='bbox 592 898 693 955; x_wconf 77' lang='lat' dir='ltr'><strong>bus</strong></span> <span class='ocrx_word' id='word_1_37' title='bbox 724 894 1028 967; x_wconf 80' lang='lat' dir='ltr'><strong>praedicari.</strong></span> <span class='ocrx_word' id='word_1_38' title='bbox 1079 892 1318 959; x_wconf 83' lang='lat' dir='ltr'><strong>Namque</strong></span> <span class='ocrx_word' id='word_1_39' title='bbox 1347 883 1648 942; x_wconf 69' lang='lat' dir='ltr'><strong>differentia</strong></span> <span class='ocrx_word' id='word_1_40' title='bbox 1681 883 1878 936; x_wconf 91' lang='lat' dir='ltr'><strong>dicitur</strong></span> <span class='ocrx_word' id='word_1_41' title='bbox 1906 891 1958 935; x_wconf 91' lang='lat' dir='ltr'><strong>et</strong></span> <span class='ocrx_word' id='word_1_42' title='bbox 1986 881 2054 933; x_wconf 88' lang='lat' dir='ltr'><strong>de</strong></span> <span class='ocrx_word' id='word_1_43' title='bbox 2086 880 2180 932; x_wconf 83' lang='lat' dir='ltr'><strong>ho-</strong></span> 
     </span>
    </p>
   </div>
   <div class='ocr_carea' id='block_1_7' title="bbox 594 972 2180 1052">
    <p class='ocr_par' dir='ltr' id='par_1_7' title="bbox 594 972 2180 1052">
     <span class='ocr_line' id='line_1_7' title="bbox 594 972 2180 1052; baseline -0.013 -9"><span class='ocrx_word' id='word_1_44' title='bbox 594 991 737 1044; x_wconf 86' lang='lat' dir='ltr'><strong>mine</strong></span> <span class='ocrx_word' id='word_1_45' title='bbox 763 998 815 1041; x_wconf 89' lang='lat' dir='ltr'><strong>et</strong></span> <span class='ocrx_word' id='word_1_46' title='bbox 842 985 908 1039; x_wconf 90' lang='lat' dir='ltr'><strong>de</strong></span> <span class='ocrx_word' id='word_1_47' title='bbox 931 985 1064 1052; x_wconf 89' lang='lat' dir='ltr'><strong>Deo,</strong></span> <span class='ocrx_word' id='word_1_48' title='bbox 1096 995 1216 1037; x_wconf 90' lang='lat' dir='ltr'><strong>cum</strong></span> <span class='ocrx_word' id='word_1_49' title='bbox 1249 977 1463 1048; x_wconf 88' lang='lat' dir='ltr'><strong>utrique</strong></span> <span class='ocrx_word' id='word_1_50' title='bbox 1494 974 1782 1030; x_wconf 85' lang='lat' dir='ltr'><strong>rationales</strong></span> <span class='ocrx_word' id='word_1_51' title='bbox 1812 981 1957 1028; x_wconf 89' lang='lat' dir='ltr'><strong>sunt.</strong></span> <span class='ocrx_word' id='word_1_52' title='bbox 1993 972 2058 1024; x_wconf 82' lang='lat' dir='ltr'><strong>Et</strong></span> <span class='ocrx_word' id='word_1_53' title='bbox 2087 984 2180 1023; x_wconf 86' lang='lat' dir='ltr'><strong>ac-</strong></span> 
     </span>
    </p>
   </div>
   <div class='ocr_carea' id='block_1_8' title="bbox 593 1061 2182 1136">
    <p class='ocr_par' dir='ltr' id='par_1_8' title="bbox 593 1061 2182 1136">
     <span class='ocr_line' id='line_1_8' title="bbox 593 1061 2182 1136; baseline -0.014 -1"><span class='ocrx_word' id='word_1_54' title='bbox 593 1079 778 1136; x_wconf 89' lang='lat' dir='ltr'><strong>cidens</strong></span> <span class='ocrx_word' id='word_1_55' title='bbox 829 1077 1024 1131; x_wconf 89' lang='lat' dir='ltr'><strong>dicitur</strong></span> <span class='ocrx_word' id='word_1_56' title='bbox 1070 1082 1123 1129; x_wconf 90' lang='lat' dir='ltr'><strong>et</strong></span> <span class='ocrx_word' id='word_1_57' title='bbox 1161 1071 1227 1126; x_wconf 89' lang='lat' dir='ltr'><strong>de</strong></span> <span class='ocrx_word' id='word_1_58' title='bbox 1266 1069 1483 1125; x_wconf 83' lang='lat' dir='ltr'><strong>homine</strong></span> <span class='ocrx_word' id='word_1_59' title='bbox 1520 1076 1576 1122; x_wconf 90' lang='lat' dir='ltr'><strong>et</strong></span> <span class='ocrx_word' id='word_1_60' title='bbox 1612 1066 1677 1120; x_wconf 90' lang='lat' dir='ltr'><strong>de</strong></span> <span class='ocrx_word' id='word_1_61' title='bbox 1713 1079 1883 1133; x_wconf 90' lang='lat' dir='ltr'><strong>equo,</strong></span> <span class='ocrx_word' id='word_1_62' title='bbox 1924 1069 1984 1116; x_wconf 93' lang='lat' dir='ltr'><strong>ut</strong></span> <span class='ocrx_word' id='word_1_63' title='bbox 2021 1061 2182 1114; x_wconf 91' lang='lat' dir='ltr'><strong>ltomo</strong></span> 
     </span>
    </p>
   </div>
   <div class='ocr_carea' id='block_1_9' title="bbox 595 1155 2185 1242">
    <p class='ocr_par' dir='ltr' id='par_1_9' title="bbox 595 1155 2185 1242">
     <span class='ocr_line' id='line_1_9' title="bbox 595 1155 2185 1242; baseline -0.014 -14"><span class='ocrx_word' id='word_1_64' title='bbox 595 1173 843 1242; x_wconf 67' lang='lat' dir='ltr'><strong>Ethiops</strong></span> <span class='ocrx_word' id='word_1_65' title='bbox 872 1172 1045 1240; x_wconf 79' lang='lat' dir='ltr'><strong>niger,</strong></span> <span class='ocrx_word' id='word_1_66' title='bbox 1075 1177 1128 1222; x_wconf 91' lang='lat' dir='ltr'><strong>et</strong></span> <span class='ocrx_word' id='word_1_67' title='bbox 1152 1179 1320 1236; x_wconf 88' lang='lat' dir='ltr'><strong>equus</strong></span> <span class='ocrx_word' id='word_1_68' title='bbox 1352 1163 1528 1232; x_wconf 82' lang='lat' dir='ltr'><strong>niger.</strong></span> <span class='ocrx_word' id='word_1_69' title='bbox 1593 1160 1686 1214; x_wconf 81' lang='lat' dir='ltr'><strong>Est</strong></span> <span class='ocrx_word' id='word_1_70' title='bbox 1709 1158 1870 1213; x_wconf 88' lang='lat' dir='ltr'><strong>etiam</strong></span> <span class='ocrx_word' id='word_1_71' title='bbox 1903 1155 2009 1208; x_wconf 88' lang='lat' dir='ltr'><strong>alia</strong></span> <span class='ocrx_word' id='word_1_72' title='bbox 2036 1168 2185 1208; x_wconf 90' lang='lat' dir='ltr'><strong>com-</strong></span> 
     </span>
    </p>
   </div>
   <div class='ocr_carea' id='block_1_10' title="bbox 595 1244 2182 1328">
    <p class='ocr_par' dir='ltr' id='par_1_10' title="bbox 595 1244 2182 1328">
     <span class='ocr_line' id='line_1_10' title="bbox 595 1244 2182 1328; baseline -0.013 -9"><span class='ocrx_word' id='word_1_73' title='bbox 595 1263 777 1320; x_wconf 90' lang='lat' dir='ltr'><strong>munio</strong></span> <span class='ocrx_word' id='word_1_74' title='bbox 822 1261 962 1328; x_wconf 88' lang='lat' dir='ltr'><strong>quod</strong></span> <span class='ocrx_word' id='word_1_75' title='bbox 992 1255 1352 1326; x_wconf 82' lang='lat' dir='ltr'><strong>inseparabile</strong></span> <span class='ocrx_word' id='word_1_76' title='bbox 1382 1251 1631 1306; x_wconf 79' lang='lat' dir='ltr'><strong>accidens</strong></span> <span class='ocrx_word' id='word_1_77' title='bbox 1657 1249 1955 1317; x_wconf 89' lang='lat' dir='ltr'><strong>cuicunque</strong></span> <span class='ocrx_word' id='word_1_78' title='bbox 1982 1244 2182 1314; x_wconf 84' lang='lat' dir='ltr'><strong>speciei</strong></span> 
     </span>
    </p>
   </div>
   <div class='ocr_carea' id='block_1_11' title="bbox 595 1337 2181 1420">
    <p class='ocr_par' dir='ltr' id='par_1_11' title="bbox 595 1337 2181 1420">
     <span class='ocr_line' id='line_1_11' title="bbox 595 1337 2181 1420; baseline -0.013 -10"><span class='ocrx_word' id='word_1_79' title='bbox 595 1355 774 1417; x_wconf 79' lang='lat' dir='ltr'><strong>fuerit,</strong></span> <span class='ocrx_word' id='word_1_80' title='bbox 799 1349 1227 1420; x_wconf 80' lang='lat' dir='ltr'><strong>inseparabiliter</strong></span> <span class='ocrx_word' id='word_1_81' title='bbox 1253 1357 1306 1401; x_wconf 87' lang='lat' dir='ltr'><strong>et</strong></span> <span class='ocrx_word' id='word_1_82' title='bbox 1332 1343 1580 1400; x_wconf 90' lang='lat' dir='ltr'><strong>omnibus</strong></span> <span class='ocrx_word' id='word_1_83' title='bbox 1609 1343 1747 1396; x_wconf 91' lang='lat' dir='ltr'><strong>inest</strong></span> <span class='ocrx_word' id='word_1_84' title='bbox 1775 1348 1830 1393; x_wconf 89' lang='lat' dir='ltr'><strong>ut</strong></span> <span class='ocrx_word' id='word_1_85' title='bbox 1859 1337 2181 1392; x_wconf 69' lang='lat' dir='ltr'><strong>differentia.</strong></span> 
     </span>
    </p>
   </div>
   <div class='ocr_carea' id='block_1_12' title="bbox 595 1432 2182 1516">
    <p class='ocr_par' dir='ltr' id='par_1_12' title="bbox 595 1432 2182 1516">
     <span class='ocr_line' id='line_1_12' title="bbox 595 1432 2182 1516; baseline -0.014 -12"><span class='ocrx_word' id='word_1_86' title='bbox 595 1448 834 1516; x_wconf 81' lang='lat' dir='ltr'><strong>Namque</strong></span> <span class='ocrx_word' id='word_1_87' title='bbox 883 1441 1310 1514; x_wconf 86' lang='lat' dir='ltr'><strong>inseparabiliter</strong></span> <span class='ocrx_word' id='word_1_88' title='bbox 1341 1436 1590 1492; x_wconf 89' lang='lat' dir='ltr'><strong>accidens</strong></span> <span class='ocrx_word' id='word_1_89' title='bbox 1637 1432 1777 1504; x_wconf 87' lang='lat' dir='ltr'><strong>quod</strong></span> <span class='ocrx_word' id='word_1_90' title='bbox 1825 1439 1908 1486; x_wconf 86' lang='lat' dir='ltr'><strong>est.</strong></span> <span class='ocrx_word' id='word_1_91' title='bbox 1951 1432 2182 1501; x_wconf 82' lang='lat' dir='ltr'><strong>nigrum,</strong></span> 
     </span>
    </p>
   </div>
   <div class='ocr_carea' id='block_1_13' title="bbox 596 1523 2180 1605">
    <p class='ocr_par' dir='ltr' id='par_1_13' title="bbox 596 1523 2180 1605">
     <span class='ocr_line' id='line_1_13' title="bbox 596 1523 2180 1605; baseline -0.013 -11"><span class='ocrx_word' id='word_1_92' title='bbox 596 1553 760 1595; x_wconf 85' lang='lat' dir='ltr'><strong>corvo</strong></span> <span class='ocrx_word' id='word_1_93' title='bbox 811 1532 1246 1605; x_wconf 82' lang='lat' dir='ltr'><strong>inseparabiliter</strong></span> <span class='ocrx_word' id='word_1_94' title='bbox 1296 1529 1518 1595; x_wconf 87' lang='lat' dir='ltr'><strong>accidit,</strong></span> <span class='ocrx_word' id='word_1_95' title='bbox 1575 1535 1629 1581; x_wconf 89' lang='lat' dir='ltr'><strong>et</strong></span> <span class='ocrx_word' id='word_1_96' title='bbox 1685 1523 1933 1580; x_wconf 90' lang='lat' dir='ltr'><strong>omnibus</strong></span> <span class='ocrx_word' id='word_1_97' title='bbox 1985 1523 2180 1576; x_wconf 83' lang='lat' dir='ltr'><strong>corvis.</strong></span> 
     </span>
    </p>
   </div>
   <div class='ocr_carea' id='block_1_14' title="bbox 599 1614 2189 1688">
    <p class='ocr_par' dir='ltr' id='par_1_14' title="bbox 599 1614 2189 1688">
     <span class='ocr_line' id='line_1_14' title="bbox 599 1614 2189 1688; baseline -0.011 -3"><span class='ocrx_word' id='word_1_98' title='bbox 599 1630 799 1686; x_wconf 83' lang='lat' dir='ltr'><strong>Eodem</strong></span> <span class='ocrx_word' id='word_1_99' title='bbox 833 1627 991 1682; x_wconf 93' lang='lat' dir='ltr'><strong>modo</strong></span> <span class='ocrx_word' id='word_1_100' title='bbox 1012 1625 1174 1680; x_wconf 89' lang='lat' dir='ltr'><strong>etiam</strong></span> <span class='ocrx_word' id='word_1_101' title='bbox 1199 1621 1522 1678; x_wconf 84' lang='lat' dir='ltr'><strong>dill‘erentia.</strong></span> <span class='ocrx_word' id='word_1_102' title='bbox 1555 1619 1685 1673; x_wconf 88' lang='lat' dir='ltr'><strong>Nam</strong></span> <span class='ocrx_word' id='word_1_103' title='bbox 1712 1614 1964 1688; x_wconf 86' lang='lat' dir='ltr'><strong>quoniam</strong></span> <span class='ocrx_word' id='word_1_104' title='bbox 1993 1615 2189 1671; x_wconf 87' lang='lat' dir='ltr'><strong>accidit</strong></span> 
     </span>
    </p>
   </div>
   <div class='ocr_carea' id='block_1_15' title="bbox 599 1707 2188 1788">
    <p class='ocr_par' dir='ltr' id='par_1_15' title="bbox 599 1707 2188 1788">
     <span class='ocr_line' id='line_1_15' title="bbox 599 1707 2188 1788; baseline -0.01 -12"><span class='ocrx_word' id='word_1_105' title='bbox 599 1721 798 1776; x_wconf 81' lang='lat' dir='ltr'><strong>homini</strong></span> <span class='ocrx_word' id='word_1_106' title='bbox 826 1727 887 1773; x_wconf 90' lang='lat' dir='ltr'><strong>ut</strong></span> <span class='ocrx_word' id='word_1_107' title='bbox 908 1718 1056 1788; x_wconf 85' lang='lat' dir='ltr'><strong>bipes</strong></span> <span class='ocrx_word' id='word_1_108' title='bbox 1084 1716 1173 1781; x_wconf 87' lang='lat' dir='ltr'><strong>sit,</strong></span> <span class='ocrx_word' id='word_1_109' title='bbox 1195 1728 1409 1784; x_wconf 84' lang='lat' dir='ltr'><strong>semper</strong></span> <span class='ocrx_word' id='word_1_110' title='bbox 1433 1721 1486 1768; x_wconf 89' lang='lat' dir='ltr'><strong>et</strong></span> <span class='ocrx_word' id='word_1_111' title='bbox 1505 1710 1754 1767; x_wconf 85' lang='lat' dir='ltr'><strong>omnibus</strong></span> <span class='ocrx_word' id='word_1_112' title='bbox 1777 1707 2078 1762; x_wconf 88' lang='lat' dir='ltr'><strong>hominibus</strong></span> <span class='ocrx_word' id='word_1_113' title='bbox 2103 1714 2188 1762; x_wconf 89' lang='lat' dir='ltr'><strong>est</strong></span> 
     </span>
    </p>
   </div>
   <div class='ocr_carea' id='block_1_16' title="bbox 599 1811 1054 1883">
    <p class='ocr_par' dir='ltr' id='par_1_16' title="bbox 599 1811 1054 1883">
     <span class='ocr_line' id='line_1_16' title="bbox 599 1811 1054 1883; baseline -0.011 -13"><span class='ocrx_word' id='word_1_114' title='bbox 599 1828 716 1870; x_wconf 82' lang='lat' dir='ltr'><strong>esse</strong></span> <span class='ocrx_word' id='word_1_115' title='bbox 753 1811 1054 1883; x_wconf 85' lang='lat' dir='ltr'><strong>bipedibus.</strong></span> 
     </span>
    </p>
   </div>
   <div class='ocr_carea' id='block_1_17' title="bbox 1047 1913 1735 1957">
    <p class='ocr_par' dir='ltr' id='par_1_17' title="bbox 1047 1913 1735 1957">
     <span class='ocr_line' id='line_1_17' title="bbox 1047 1913 1735 1957; baseline -0.01 0"><span class='ocrx_word' id='word_1_116' title='bbox 1047 1919 1112 1957; x_wconf 79' lang='lat' dir='ltr'><strong>DE</strong></span> <span class='ocrx_word' id='word_1_117' title='bbox 1151 1914 1389 1956; x_wconf 72' lang='lat' dir='ltr'><strong>PROPRIIS</strong></span> <span class='ocrx_word' id='word_1_118' title='bbox 1426 1913 1714 1953; x_wconf 67' lang='lat' dir='ltr'><strong>EORUMDEM</strong></span> <span class='ocrx_word' id='word_1_119' title='bbox 1723 1935 1735 1949; x_wconf 82' lang='lat'><strong>.</strong></span> 
     </span>
    </p>
   </div>
   <div class='ocr_carea' id='block_1_18' title="bbox 675 1985 2182 2061">
    <p class='ocr_par' dir='ltr' id='par_1_18' title="bbox 675 1985 2182 2061">
     <span class='ocr_line' id='line_1_18' title="bbox 675 1985 2182 2061; baseline -0.007 -9"><span class='ocrx_word' id='word_1_120' title='bbox 675 1996 928 2053; x_wconf 71' lang='lat' dir='ltr'><strong>Dilierunt</strong></span> <span class='ocrx_word' id='word_1_121' title='bbox 964 2004 1141 2051; x_wconf 90' lang='lat' dir='ltr'><strong>autem</strong></span> <span class='ocrx_word' id='word_1_122' title='bbox 1180 1994 1320 2048; x_wconf 89' lang='lat' dir='ltr'><strong>inter</strong></span> <span class='ocrx_word' id='word_1_123' title='bbox 1357 2007 1448 2061; x_wconf 91' lang='lat' dir='ltr'><strong>se,</strong></span> <span class='ocrx_word' id='word_1_124' title='bbox 1489 1990 1627 2061; x_wconf 89' lang='lat' dir='ltr'><strong>quod</strong></span> <span class='ocrx_word' id='word_1_125' title='bbox 1667 1987 1842 2044; x_wconf 87' lang='lat' dir='ltr'><strong>omnis</strong></span> <span class='ocrx_word' id='word_1_126' title='bbox 1881 1985 2182 2042; x_wconf 80' lang='lat' dir='ltr'><strong>dili&#39;erentia</strong></span> 
     </span>
    </p>
   </div>
   <div class='ocr_carea' id='block_1_19' title="bbox 600 2077 2184 2160">
    <p class='ocr_par' dir='ltr' id='par_1_19' title="bbox 600 2077 2184 2160">
     <span class='ocr_line' id='line_1_19' title="bbox 600 2077 2184 2160; baseline -0.009 -16"><span class='ocrx_word' id='word_1_127' title='bbox 600 2091 805 2160; x_wconf 81' lang='lat' dir='ltr'><strong>species</strong></span> <span class='ocrx_word' id='word_1_128' title='bbox 834 2089 1100 2153; x_wconf 87' lang='lat' dir='ltr'><strong>continet,</strong></span> <span class='ocrx_word' id='word_1_129' title='bbox 1135 2100 1238 2139; x_wconf 92' lang='lat' dir='ltr'><strong>non</strong></span> <span class='ocrx_word' id='word_1_130' title='bbox 1272 2091 1462 2138; x_wconf 92' lang='lat' dir='ltr'><strong>contra</strong></span> <span class='ocrx_word' id='word_1_131' title='bbox 1494 2082 1606 2151; x_wconf 88' lang='lat' dir='ltr'><strong>ipsa</strong></span> <span class='ocrx_word' id='word_1_132' title='bbox 1647 2096 1674 2133; x_wconf 87' lang='lat' dir='ltr'><strong>a</strong></span> <span class='ocrx_word' id='word_1_133' title='bbox 1705 2077 1984 2150; x_wconf 86' lang='lat' dir='ltr'><strong>speciebus</strong></span> <span class='ocrx_word' id='word_1_134' title='bbox 2011 2078 2184 2132; x_wconf 89' lang='lat' dir='ltr'><strong>conti-</strong></span> 
     </span>
    </p>
   </div>
   <div class='ocr_carea' id='block_1_20' title="bbox 600 2167 2183 2245">
    <p class='ocr_par' dir='ltr' id='par_1_20' title="bbox 600 2167 2183 2245">
     <span class='ocr_line' id='line_1_20' title="bbox 600 2167 2183 2245; baseline -0.011 -8"><span class='ocrx_word' id='word_1_135' title='bbox 600 2194 774 2237; x_wconf 89' lang='lat' dir='ltr'><strong>netur.</strong></span> <span class='ocrx_word' id='word_1_136' title='bbox 818 2181 948 2234; x_wconf 89' lang='lat' dir='ltr'><strong>Nam</strong></span> <span class='ocrx_word' id='word_1_137' title='bbox 990 2181 1033 2234; x_wconf 90' lang='lat' dir='ltr'><strong>si</strong></span> <span class='ocrx_word' id='word_1_138' title='bbox 1065 2177 1364 2232; x_wconf 80' lang='lat' dir='ltr'><strong>diﬂ&#39;erentia</strong></span> <span class='ocrx_word' id='word_1_139' title='bbox 1393 2175 1576 2245; x_wconf 89' lang='lat' dir='ltr'><strong>plures</strong></span> <span class='ocrx_word' id='word_1_140' title='bbox 1610 2171 1710 2226; x_wconf 90' lang='lat' dir='ltr'><strong>sub</strong></span> <span class='ocrx_word' id='word_1_141' title='bbox 1739 2185 1799 2225; x_wconf 92' lang='lat' dir='ltr'><strong>se</strong></span> <span class='ocrx_word' id='word_1_142' title='bbox 1827 2171 2034 2239; x_wconf 83' lang='lat' dir='ltr'><strong>species</strong></span> <span class='ocrx_word' id='word_1_143' title='bbox 2084 2167 2183 2222; x_wconf 89' lang='lat' dir='ltr'><strong>ha-</strong></span> 
     </span>
    </p>
   </div>
   <div class='ocr_carea' id='block_1_21' title="bbox 600 2262 2184 2342">
    <p class='ocr_par' dir='ltr' id='par_1_21' title="bbox 600 2262 2184 2342">
     <span class='ocr_line' id='line_1_21' title="bbox 600 2262 2184 2342; baseline -0.011 -10"><span class='ocrx_word' id='word_1_144' title='bbox 600 2278 720 2342; x_wconf 91' lang='lat' dir='ltr'><strong>bet,</strong></span> <span class='ocrx_word' id='word_1_145' title='bbox 751 2283 809 2330; x_wconf 90' lang='lat' dir='ltr'><strong>ut</strong></span> <span class='ocrx_word' id='word_1_146' title='bbox 837 2273 1037 2329; x_wconf 86' lang='lat' dir='ltr'><strong>dictnm</strong></span> <span class='ocrx_word' id='word_1_147' title='bbox 1068 2280 1170 2335; x_wconf 89' lang='lat' dir='ltr'><strong>est,</strong></span> <span class='ocrx_word' id='word_1_148' title='bbox 1205 2269 1375 2337; x_wconf 84' lang='lat' dir='ltr'><strong>major</strong></span> <span class='ocrx_word' id='word_1_149' title='bbox 1405 2267 1508 2322; x_wconf 89' lang='lat' dir='ltr'><strong>erit</strong></span> <span class='ocrx_word' id='word_1_150' title='bbox 1546 2265 1646 2320; x_wconf 90' lang='lat' dir='ltr'><strong>sub</strong></span> <span class='ocrx_word' id='word_1_151' title='bbox 1675 2279 1733 2317; x_wconf 90' lang='lat' dir='ltr'><strong>se</strong></span> <span class='ocrx_word' id='word_1_152' title='bbox 1765 2262 1948 2331; x_wconf 90' lang='lat' dir='ltr'><strong>positis</strong></span> <span class='ocrx_word' id='word_1_153' title='bbox 1976 2262 2184 2330; x_wconf 84' lang='lat' dir='ltr'><strong>specie-</strong></span> 
     </span>
    </p>
   </div>
   <div class='ocr_carea' id='block_1_22' title="bbox 601 2356 2188 2436">
    <p class='ocr_par' dir='ltr' id='par_1_22' title="bbox 601 2356 2188 2436">
     <span class='ocr_line' id='line_1_22' title="bbox 601 2356 2188 2436; baseline -0.009 -13"><span class='ocrx_word' id='word_1_154' title='bbox 601 2371 719 2425; x_wconf 90' lang='lat' dir='ltr'><strong>hus.</strong></span> <span class='ocrx_word' id='word_1_155' title='bbox 763 2367 818 2423; x_wconf 88' lang='lat' dir='ltr'><strong>Si</strong></span> <span class='ocrx_word' id='word_1_156' title='bbox 860 2366 1028 2436; x_wconf 84' lang='lat' dir='ltr'><strong>major</strong></span> <span class='ocrx_word' id='word_1_157' title='bbox 1066 2363 1190 2427; x_wconf 85' lang='lat' dir='ltr'><strong>erit,</strong></span> <span class='ocrx_word' id='word_1_158' title='bbox 1233 2376 1502 2430; x_wconf 77' lang='lat' dir='ltr'><strong>nunquam</strong></span> <span class='ocrx_word' id='word_1_159' title='bbox 1544 2374 1663 2412; x_wconf 92' lang='lat' dir='ltr'><strong>eam</strong></span> <span class='ocrx_word' id='word_1_160' title='bbox 1696 2356 1943 2425; x_wconf 58' lang='lat' dir='ltr'><strong>quaslibet</strong></span> <span class='ocrx_word' id='word_1_161' title='bbox 1981 2356 2188 2424; x_wconf 82' lang='lat' dir='ltr'><strong>species</strong></span> 
     </span>
    </p>
   </div>
   <div class='ocr_carea' id='block_1_23' title="bbox 598 2447 2186 2526">
    <p class='ocr_par' dir='ltr' id='par_1_23' title="bbox 598 2447 2186 2526">
     <span class='ocr_line' id='line_1_23' title="bbox 598 2447 2186 2526; baseline -0.013 -8"><span class='ocrx_word' id='word_1_162' title='bbox 598 2463 855 2518; x_wconf 76' lang='lat' dir='ltr'><strong>continet.</strong></span> <span class='ocrx_word' id='word_1_163' title='bbox 892 2459 1060 2526; x_wconf 87' lang='lat' dir='ltr'><strong>Major</strong></span> <span class='ocrx_word' id='word_1_164' title='bbox 1079 2455 1220 2510; x_wconf 90' lang='lat' dir='ltr'><strong>enim</strong></span> <span class='ocrx_word' id='word_1_165' title='bbox 1253 2469 1280 2506; x_wconf 90' lang='lat' dir='ltr'><strong>a</strong></span> <span class='ocrx_word' id='word_1_166' title='bbox 1311 2450 1501 2507; x_wconf 91' lang='lat' dir='ltr'><strong>minori</strong></span> <span class='ocrx_word' id='word_1_167' title='bbox 1531 2463 1800 2516; x_wconf 83' lang='lat' dir='ltr'><strong>nunquam</strong></span> <span class='ocrx_word' id='word_1_168' title='bbox 1833 2447 2026 2516; x_wconf 89' lang='lat' dir='ltr'><strong>poterit</strong></span> <span class='ocrx_word' id='word_1_169' title='bbox 2054 2462 2186 2500; x_wconf 91' lang='lat' dir='ltr'><strong>con-</strong></span> 
     </span>
    </p>
   </div>
   <div class='ocr_carea' id='block_1_24' title="bbox 603 2543 2187 2618">
    <p class='ocr_par' dir='ltr' id='par_1_24' title="bbox 603 2543 2187 2618">
     <span class='ocr_line' id='line_1_24' title="bbox 603 2543 2187 2618; baseline -0.007 -10"><span class='ocrx_word' id='word_1_170' title='bbox 603 2555 780 2609; x_wconf 90' lang='lat' dir='ltr'><strong>tineri.</strong></span> <span class='ocrx_word' id='word_1_171' title='bbox 834 2551 962 2606; x_wconf 85' lang='lat' dir='ltr'><strong>Nam</strong></span> <span class='ocrx_word' id='word_1_172' title='bbox 1005 2548 1146 2618; x_wconf 88' lang='lat' dir='ltr'><strong>quod</strong></span> <span class='ocrx_word' id='word_1_173' title='bbox 1186 2556 1268 2602; x_wconf 91' lang='lat' dir='ltr'><strong>est</strong></span> <span class='ocrx_word' id='word_1_174' title='bbox 1309 2547 1592 2609; x_wconf 86' lang='lat' dir='ltr'><strong>rationale,</strong></span> <span class='ocrx_word' id='word_1_175' title='bbox 1632 2544 1877 2598; x_wconf 86' lang='lat' dir='ltr'><strong>continet</strong></span> <span class='ocrx_word' id='word_1_176' title='bbox 1915 2543 2187 2597; x_wconf 87' lang='lat' dir='ltr'><strong>hominem</strong></span> 
     </span>
    </p>
   </div>
   <div class='ocr_carea' id='block_1_25' title="bbox 599 2633 2189 2699">
    <p class='ocr_par' dir='ltr' id='par_1_25' title="bbox 599 2633 2189 2699">
     <span class='ocr_line' id='line_1_25' title="bbox 599 2633 2189 2699; baseline -0.008 0"><span class='ocrx_word' id='word_1_177' title='bbox 599 2652 651 2699; x_wconf 82' lang='lat' dir='ltr'><strong>et</strong></span> <span class='ocrx_word' id='word_1_178' title='bbox 679 2644 867 2697; x_wconf 89' lang='lat' dir='ltr'><strong>Deum.</strong></span> <span class='ocrx_word' id='word_1_179' title='bbox 910 2639 1084 2694; x_wconf 84' lang='lat' dir='ltr'><strong>Iiomo</strong></span> <span class='ocrx_word' id='word_1_180' title='bbox 1120 2651 1248 2692; x_wconf 87' lang='lat' dir='ltr'><strong>vero</strong></span> <span class='ocrx_word' id='word_1_181' title='bbox 1288 2636 1548 2690; x_wconf 88' lang='lat' dir='ltr'><strong>rationale</strong></span> <span class='ocrx_word' id='word_1_182' title='bbox 1589 2651 1695 2688; x_wconf 89' lang='lat' dir='ltr'><strong>non</strong></span> <span class='ocrx_word' id='word_1_183' title='bbox 1731 2633 1989 2688; x_wconf 86' lang='lat' dir='ltr'><strong>continet.</strong></span> <span class='ocrx_word' id='word_1_184' title='bbox 2033 2637 2189 2689; x_wconf 83' lang='lat' dir='ltr'><strong>Acci-</strong></span> 
     </span>
    </p>
   </div>
   <div class='ocr_carea' id='block_1_26' title="bbox 600 2725 2191 2800">
    <p class='ocr_par' dir='ltr' id='par_1_26' title="bbox 600 2725 2191 2800">
     <span class='ocr_line' id='line_1_26' title="bbox 600 2725 2191 2800; baseline -0.008 -9"><span class='ocrx_word' id='word_1_185' title='bbox 600 2735 775 2791; x_wconf 82' lang='lat' dir='ltr'><strong>dentia</strong></span> <span class='ocrx_word' id='word_1_186' title='bbox 806 2748 932 2788; x_wconf 87' lang='lat' dir='ltr'><strong>vero</strong></span> <span class='ocrx_word' id='word_1_187' title='bbox 960 2730 1241 2800; x_wconf 86' lang='lat' dir='ltr'><strong>aliquoties</strong></span> <span class='ocrx_word' id='word_1_188' title='bbox 1271 2727 1566 2788; x_wconf 89' lang='lat' dir='ltr'><strong>continent,</strong></span> <span class='ocrx_word' id='word_1_189' title='bbox 1600 2725 1884 2795; x_wconf 86' lang='lat' dir='ltr'><strong>aliquoties</strong></span> <span class='ocrx_word' id='word_1_190' title='bbox 1912 2726 2191 2781; x_wconf 91' lang='lat' dir='ltr'><strong>continen-</strong></span> 
     </span>
    </p>
   </div>
   <div class='ocr_carea' id='block_1_27' title="bbox 600 2818 2188 2894">
    <p class='ocr_par' dir='ltr' id='par_1_27' title="bbox 600 2818 2188 2894">
     <span class='ocr_line' id='line_1_27' title="bbox 600 2818 2188 2894; baseline -0.006 -14"><span class='ocrx_word' id='word_1_191' title='bbox 600 2836 702 2880; x_wconf 88' lang='lat' dir='ltr'><strong>tur.</strong></span> <span class='ocrx_word' id='word_1_192' title='bbox 747 2823 985 2894; x_wconf 81' lang='lat' dir='ltr'><strong>Namque</strong></span> <span class='ocrx_word' id='word_1_193' title='bbox 1026 2821 1344 2883; x_wconf 81' lang='lat' dir='ltr'><strong>continent,</strong></span> <span class='ocrx_word' id='word_1_194' title='bbox 1387 2818 1637 2889; x_wconf 89' lang='lat' dir='ltr'><strong>quoniam</strong></span> <span class='ocrx_word' id='word_1_195' title='bbox 1678 2818 1987 2887; x_wconf 79' lang='lat' dir='ltr'><strong>frequenter</strong></span> <span class='ocrx_word' id='word_1_196' title='bbox 2024 2833 2188 2871; x_wconf 90' lang='lat' dir='ltr'><strong>unum</strong></span> 
     </span>
    </p>
   </div>
   <div class='ocr_carea' id='block_1_28' title="bbox 601 2906 2190 2979">
    <p class='ocr_par' dir='ltr' id='par_1_28' title="bbox 601 2906 2190 2979">
     <span class='ocr_line' id='line_1_28' title="bbox 601 2906 2190 2979; baseline -0.004 -10"><span class='ocrx_word' id='word_1_197' title='bbox 601 2916 853 2972; x_wconf 86' lang='lat' dir='ltr'><strong>accidens</strong></span> <span class='ocrx_word' id='word_1_198' title='bbox 880 2914 1008 2967; x_wconf 87' lang='lat' dir='ltr'><strong>duas</strong></span> <span class='ocrx_word' id='word_1_199' title='bbox 1040 2911 1139 2967; x_wconf 87' lang='lat' dir='ltr'><strong>sub</strong></span> <span class='ocrx_word' id='word_1_200' title='bbox 1167 2925 1226 2965; x_wconf 91' lang='lat' dir='ltr'><strong>se</strong></span> <span class='ocrx_word' id='word_1_201' title='bbox 1254 2908 1464 2979; x_wconf 88' lang='lat' dir='ltr'><strong>species</strong></span> <span class='ocrx_word' id='word_1_202' title='bbox 1495 2908 1673 2972; x_wconf 88' lang='lat' dir='ltr'><strong>habet,</strong></span> <span class='ocrx_word' id='word_1_203' title='bbox 1705 2919 1763 2960; x_wconf 89' lang='lat' dir='ltr'><strong>ut</strong></span> <span class='ocrx_word' id='word_1_204' title='bbox 1793 2909 2001 2976; x_wconf 81' lang='lat' dir='ltr'><strong>nigrum</strong></span> <span class='ocrx_word' id='word_1_205' title='bbox 2028 2906 2190 2962; x_wconf 83' lang='lat' dir='ltr'><strong>habet</strong></span> 
     </span>
    </p>
   </div>
   <div class='ocr_carea' id='block_1_29' title="bbox 603 3003 2190 3081">
    <p class='ocr_par' dir='ltr' id='par_1_29' title="bbox 603 3003 2190 3081">
     <span class='ocr_line' id='line_1_29' title="bbox 603 3003 2190 3081; baseline -0.006 -13"><span class='ocrx_word' id='word_1_206' title='bbox 603 3011 912 3081; x_wconf 64' lang='lat' dir='ltr'><strong>Aithiopem</strong></span> <span class='ocrx_word' id='word_1_207' title='bbox 959 3015 1013 3064; x_wconf 81' lang='lat' dir='ltr'><strong>et</strong></span> <span class='ocrx_word' id='word_1_208' title='bbox 1051 3023 1290 3063; x_wconf 85' lang='lat' dir='ltr'><strong>corvum.</strong></span> <span class='ocrx_word' id='word_1_209' title='bbox 1368 3003 1730 3059; x_wconf 88' lang='lat' dir='ltr'><strong>Continentur</strong></span> <span class='ocrx_word' id='word_1_210' title='bbox 1768 3019 1896 3058; x_wconf 84' lang='lat' dir='ltr'><strong>vero</strong></span> <span class='ocrx_word' id='word_1_211' title='bbox 1941 3006 2190 3075; x_wconf 89' lang='lat' dir='ltr'><strong>quoniam</strong></span> 
     </span>
    </p>
   </div>
   <div class='ocr_carea' id='block_1_30' title="bbox 611 3095 2192 3174">
    <p class='ocr_par' dir='ltr' id='par_1_30' title="bbox 611 3095 2192 3174">
     <span class='ocr_line' id='line_1_30' title="bbox 611 3095 2192 3174; baseline -0.006 -14"><span class='ocrx_word' id='word_1_212' title='bbox 611 3119 754 3174; x_wconf 73' lang='lat' dir='ltr'><strong>srepe</strong></span> <span class='ocrx_word' id='word_1_213' title='bbox 780 3118 882 3158; x_wconf 84' lang='lat' dir='ltr'><strong>una</strong></span> <span class='ocrx_word' id='word_1_214' title='bbox 911 3099 1203 3157; x_wconf 80' lang='lat' dir='ltr'><strong>substantia</strong></span> <span class='ocrx_word' id='word_1_215' title='bbox 1233 3097 1392 3153; x_wconf 82' lang='lat' dir='ltr'><strong>habet</strong></span> <span class='ocrx_word' id='word_1_216' title='bbox 1415 3096 1522 3152; x_wconf 94' lang='lat' dir='ltr'><strong>duo</strong></span> <span class='ocrx_word' id='word_1_217' title='bbox 1551 3097 1637 3149; x_wconf 77' lang='lat' dir='ltr'><strong>vel</strong></span> <span class='ocrx_word' id='word_1_218' title='bbox 1665 3096 1764 3150; x_wconf 91' lang='lat' dir='ltr'><strong>tria</strong></span> <span class='ocrx_word' id='word_1_219' title='bbox 1795 3095 1877 3150; x_wconf 91' lang='lat' dir='ltr'><strong>vel</strong></span> <span class='ocrx_word' id='word_1_220' title='bbox 1901 3095 2192 3165; x_wconf 86' lang='lat' dir='ltr'><strong>quamlibet</strong></span> 
     </span>
    </p>
   </div>
   <div class='ocr_carea' id='block_1_31' title="bbox 599 3183 2192 3270">
    <p class='ocr_par' dir='ltr' id='par_1_31' title="bbox 599 3183 2192 3270">
     <span class='ocr_line' id='line_1_31' title="bbox 599 3183 2192 3270; baseline -0.009 -17"><span class='ocrx_word' id='word_1_221' title='bbox 599 3199 822 3270; x_wconf 86' lang='lat' dir='ltr'><strong>plurima</strong></span> <span class='ocrx_word' id='word_1_222' title='bbox 867 3194 1183 3250; x_wconf 83' lang='lat' dir='ltr'><strong>accidentia.</strong></span> <span class='ocrx_word' id='word_1_223' title='bbox 1239 3193 1296 3248; x_wconf 89' lang='lat' dir='ltr'><strong>Si</strong></span> <span class='ocrx_word' id='word_1_224' title='bbox 1347 3191 1468 3260; x_wconf 90' lang='lat' dir='ltr'><strong>quis</strong></span> <span class='ocrx_word' id='word_1_225' title='bbox 1516 3191 1660 3246; x_wconf 92' lang='lat' dir='ltr'><strong>enim</strong></span> <span class='ocrx_word' id='word_1_226' title='bbox 1709 3190 1778 3244; x_wconf 88' lang='lat' dir='ltr'><strong>sit</strong></span> <span class='ocrx_word' id='word_1_227' title='bbox 1817 3190 2060 3259; x_wconf 84' lang='lat' dir='ltr'><strong>glaucus,</strong></span> <span class='ocrx_word' id='word_1_228' title='bbox 2107 3183 2192 3244; x_wconf 87' lang='lat' dir='ltr'><strong>vel</strong></span> 
     </span>
    </p>
   </div>
   <div class='ocr_carea' id='block_1_32' title="bbox 2281 604 3877 677">
    <p class='ocr_par' dir='ltr' id='par_1_32' title="bbox 2281 604 3877 677">
     <span class='ocr_line' id='line_1_32' title="bbox 2281 604 3877 677; baseline 0.003 -18"><span class='ocrx_word' id='word_1_229' title='bbox 2281 606 2422 676; x_wconf 87' lang='lat' dir='ltr'><strong>quod</strong></span> <span class='ocrx_word' id='word_1_230' title='bbox 2454 607 2520 660; x_wconf 90' lang='lat' dir='ltr'><strong>de</strong></span> <span class='ocrx_word' id='word_1_231' title='bbox 2549 621 2608 661; x_wconf 89' lang='lat' dir='ltr'><strong>se</strong></span> <span class='ocrx_word' id='word_1_232' title='bbox 2638 607 2750 675; x_wconf 91' lang='lat' dir='ltr'><strong>ipsa</strong></span> <span class='ocrx_word' id='word_1_233' title='bbox 2782 607 3011 662; x_wconf 84' lang='lat' dir='ltr'><strong>invicem</strong></span> <span class='ocrx_word' id='word_1_234' title='bbox 3043 604 3423 676; x_wconf 59' lang='lat' dir='ltr'><strong>praedicantur.</strong></span> <span class='ocrx_word' id='word_1_235' title='bbox 3462 605 3594 661; x_wconf 83' lang='lat' dir='ltr'><strong>Nam</strong></span> <span class='ocrx_word' id='word_1_236' title='bbox 3624 609 3877 677; x_wconf 82' lang='lat' dir='ltr'><strong>quoniam</strong></span> 
     </span>
    </p>
   </div>
   <div class='ocr_carea' id='block_1_33' title="bbox 2282 697 3881 770">
    <p class='ocr_par' dir='ltr' id='par_1_33' title="bbox 2282 697 3881 770">
     <span class='ocr_line' id='line_1_33' title="bbox 2282 697 3881 770; baseline 0.002 -17"><span class='ocrx_word' id='word_1_237' title='bbox 2282 713 2431 767; x_wconf 63' lang='lat' dir='ltr'><strong>requa</strong></span> <span class='ocrx_word' id='word_1_238' title='bbox 2474 697 2572 752; x_wconf 87' lang='lat' dir='ltr'><strong>sibi</strong></span> <span class='ocrx_word' id='word_1_239' title='bbox 2613 707 2765 764; x_wconf 89' lang='lat' dir='ltr'><strong>sunt,</strong></span> <span class='ocrx_word' id='word_1_240' title='bbox 2808 713 2982 768; x_wconf 88' lang='lat' dir='ltr'><strong>neque</strong></span> <span class='ocrx_word' id='word_1_241' title='bbox 3016 698 3226 767; x_wconf 86' lang='lat' dir='ltr'><strong>species</strong></span> <span class='ocrx_word' id='word_1_242' title='bbox 3257 699 3494 752; x_wconf 87' lang='lat' dir='ltr'><strong>hominis</strong></span> <span class='ocrx_word' id='word_1_243' title='bbox 3529 698 3618 753; x_wconf 89' lang='lat' dir='ltr'><strong>alii</strong></span> <span class='ocrx_word' id='word_1_244' title='bbox 3655 701 3881 770; x_wconf 89' lang='lat' dir='ltr'><strong>proprio</strong></span> 
     </span>
    </p>
   </div>
   <div class='ocr_carea' id='block_1_34' title="bbox 2283 787 3880 860">
    <p class='ocr_par' dir='ltr' id='par_1_34' title="bbox 2283 787 3880 860">
     <span class='ocr_line' id='line_1_34' title="bbox 2283 787 3880 860; baseline 0.003 -17"><span class='ocrx_word' id='word_1_245' title='bbox 2283 788 2559 858; x_wconf 86' lang='lat' dir='ltr'><strong>convenit,</strong></span> <span class='ocrx_word' id='word_1_246' title='bbox 2585 790 2685 842; x_wconf 89' lang='lat' dir='ltr'><strong>nisi</strong></span> <span class='ocrx_word' id='word_1_247' title='bbox 2711 787 2929 853; x_wconf 85' lang='lat' dir='ltr'><strong>risibili,</strong></span> <span class='ocrx_word' id='word_1_248' title='bbox 2952 803 3124 858; x_wconf 90' lang='lat' dir='ltr'><strong>neque</strong></span> <span class='ocrx_word' id='word_1_249' title='bbox 3153 787 3358 843; x_wconf 88' lang='lat' dir='ltr'><strong>risibile</strong></span> <span class='ocrx_word' id='word_1_250' title='bbox 3374 788 3464 842; x_wconf 90' lang='lat' dir='ltr'><strong>alii</strong></span> <span class='ocrx_word' id='word_1_251' title='bbox 3484 793 3732 846; x_wconf 89' lang='lat' dir='ltr'><strong>convenit</strong></span> <span class='ocrx_word' id='word_1_252' title='bbox 3758 805 3880 860; x_wconf 86' lang='lat' dir='ltr'><strong>spe-</strong></span> 
     </span>
    </p>
   </div>
   <div class='ocr_carea' id='block_1_35' title="bbox 2283 881 3879 951">
    <p class='ocr_par' dir='ltr' id='par_1_35' title="bbox 2283 881 3879 951">
     <span class='ocr_line' id='line_1_35' title="bbox 2283 881 3879 951; baseline 0.002 -16"><span class='ocrx_word' id='word_1_253' title='bbox 2283 882 2408 949; x_wconf 88' lang='lat' dir='ltr'><strong>eiei,</strong></span> <span class='ocrx_word' id='word_1_254' title='bbox 2440 881 2541 935; x_wconf 89' lang='lat' dir='ltr'><strong>nisi</strong></span> <span class='ocrx_word' id='word_1_255' title='bbox 2567 881 2791 945; x_wconf 89' lang='lat' dir='ltr'><strong>homini,</strong></span> <span class='ocrx_word' id='word_1_256' title='bbox 2824 888 2983 950; x_wconf 91' lang='lat' dir='ltr'><strong>atque</strong></span> <span class='ocrx_word' id='word_1_257' title='bbox 3019 881 3141 935; x_wconf 90' lang='lat' dir='ltr'><strong>ideo</strong></span> <span class='ocrx_word' id='word_1_258' title='bbox 3163 881 3380 949; x_wconf 90' lang='lat' dir='ltr'><strong>dicitur,</strong></span> <span class='ocrx_word' id='word_1_259' title='bbox 3414 881 3539 951; x_wconf 91' lang='lat' dir='ltr'><strong>quid</strong></span> <span class='ocrx_word' id='word_1_260' title='bbox 3569 891 3649 936; x_wconf 91' lang='lat' dir='ltr'><strong>est</strong></span> <span class='ocrx_word' id='word_1_261' title='bbox 3682 883 3879 938; x_wconf 72' lang='lat' dir='ltr'><strong>homo?</strong></span> 
     </span>
    </p>
   </div>
   <div class='ocr_carea' id='block_1_36' title="bbox 2284 971 3879 1037">
    <p class='ocr_par' dir='ltr' id='par_1_36' title="bbox 2284 971 3879 1037">
     <span class='ocr_line' id='line_1_36' title="bbox 2284 971 3879 1037; baseline 0.001 -10"><span class='ocrx_word' id='word_1_262' title='bbox 2284 972 2510 1027; x_wconf 89' lang='lat' dir='ltr'><strong>risibile.</strong></span> <span class='ocrx_word' id='word_1_263' title='bbox 2534 972 2672 1037; x_wconf 82' lang='lat' dir='ltr'><strong>Quid</strong></span> <span class='ocrx_word' id='word_1_264' title='bbox 2699 981 2783 1026; x_wconf 89' lang='lat' dir='ltr'><strong>est</strong></span> <span class='ocrx_word' id='word_1_265' title='bbox 2811 971 3054 1026; x_wconf 89' lang='lat' dir='ltr'><strong>risibile?</strong></span> <span class='ocrx_word' id='word_1_266' title='bbox 3076 972 3256 1027; x_wconf 91' lang='lat' dir='ltr'><strong>homo.</strong></span> <span class='ocrx_word' id='word_1_267' title='bbox 3287 973 3584 1027; x_wconf 88' lang='lat' dir='ltr'><strong>Commune</strong></span> <span class='ocrx_word' id='word_1_268' title='bbox 3609 981 3694 1028; x_wconf 92' lang='lat' dir='ltr'><strong>est</strong></span> <span class='ocrx_word' id='word_1_269' title='bbox 3717 975 3879 1029; x_wconf 88' lang='lat' dir='ltr'><strong>etiam</strong></span> 
     </span>
    </p>
   </div>
   <div class='ocr_carea' id='block_1_37' title="bbox 2285 1067 3882 1141">
    <p class='ocr_par' dir='ltr' id='par_1_37' title="bbox 2285 1067 3882 1141">
     <span class='ocr_line' id='line_1_37' title="bbox 2285 1067 3882 1141; baseline -0.001 -15"><span class='ocrx_word' id='word_1_270' title='bbox 2285 1069 2417 1126; x_wconf 91' lang='lat' dir='ltr'><strong>illud</strong></span> <span class='ocrx_word' id='word_1_271' title='bbox 2458 1069 2600 1139; x_wconf 92' lang='lat' dir='ltr'><strong>quod</strong></span> <span class='ocrx_word' id='word_1_272' title='bbox 2639 1082 2798 1123; x_wconf 89' lang='lat' dir='ltr'><strong>omne</strong></span> <span class='ocrx_word' id='word_1_273' title='bbox 2829 1070 3102 1137; x_wconf 89' lang='lat' dir='ltr'><strong>proprium</strong></span> <span class='ocrx_word' id='word_1_274' title='bbox 3140 1067 3416 1138; x_wconf 75' lang='lat' dir='ltr'><strong>aequaliter</strong></span> <span class='ocrx_word' id='word_1_275' title='bbox 3445 1069 3511 1124; x_wconf 90' lang='lat' dir='ltr'><strong>ad</strong></span> <span class='ocrx_word' id='word_1_276' title='bbox 3551 1068 3650 1124; x_wconf 90' lang='lat' dir='ltr'><strong>sub</strong></span> <span class='ocrx_word' id='word_1_277' title='bbox 3687 1085 3747 1125; x_wconf 89' lang='lat' dir='ltr'><strong>se</strong></span> <span class='ocrx_word' id='word_1_278' title='bbox 3784 1085 3882 1141; x_wconf 90' lang='lat' dir='ltr'><strong>po-</strong></span> 
     </span>
    </p>
   </div>
   <div class='ocr_carea' id='block_1_38' title="bbox 2286 1159 3889 1231">
    <p class='ocr_par' dir='ltr' id='par_1_38' title="bbox 2286 1159 3889 1231">
     <span class='ocr_line' id='line_1_38' title="bbox 2286 1159 3889 1231; baseline 0 -14"><span class='ocrx_word' id='word_1_279' title='bbox 2286 1164 2389 1217; x_wconf 89' lang='lat' dir='ltr'><strong>sita</strong></span> <span class='ocrx_word' id='word_1_280' title='bbox 2429 1161 2768 1230; x_wconf 74' lang='lat' dir='ltr'><strong>praedicatur.</strong></span> <span class='ocrx_word' id='word_1_281' title='bbox 2809 1159 3052 1229; x_wconf 83' lang='lat' dir='ltr'><strong>Namque</strong></span> <span class='ocrx_word' id='word_1_282' title='bbox 3089 1174 3279 1215; x_wconf 89' lang='lat' dir='ltr'><strong>omnes</strong></span> <span class='ocrx_word' id='word_1_283' title='bbox 3321 1160 3567 1216; x_wconf 90' lang='lat' dir='ltr'><strong>homines</strong></span> <span class='ocrx_word' id='word_1_284' title='bbox 3605 1162 3889 1231; x_wconf 66' lang='lat' dir='ltr'><strong>:equaliter&#39;</strong></span> 
     </span>
    </p>
   </div>
   <div class='ocr_carea' id='block_1_39' title="bbox 2288 1251 3880 1324">
    <p class='ocr_par' dir='ltr' id='par_1_39' title="bbox 2288 1251 3880 1324">
     <span class='ocr_line' id='line_1_39' title="bbox 2288 1251 3880 1324; baseline -0.001 -15"><span class='ocrx_word' id='word_1_285' title='bbox 2288 1253 2522 1309; x_wconf 86' lang='lat' dir='ltr'><strong>risibiles</strong></span> <span class='ocrx_word' id='word_1_286' title='bbox 2549 1262 2693 1318; x_wconf 88' lang='lat' dir='ltr'><strong>sunt,</strong></span> <span class='ocrx_word' id='word_1_287' title='bbox 2727 1259 2779 1304; x_wconf 89' lang='lat' dir='ltr'><strong>et</strong></span> <span class='ocrx_word' id='word_1_288' title='bbox 2808 1252 3018 1322; x_wconf 88' lang='lat' dir='ltr'><strong>species</strong></span> <span class='ocrx_word' id='word_1_289' title='bbox 3047 1253 3326 1321; x_wconf 72' lang='lat' dir='ltr'><strong>aequaliter</strong></span> <span class='ocrx_word' id='word_1_290' title='bbox 3355 1251 3424 1307; x_wconf 87' lang='lat' dir='ltr'><strong>ad</strong></span> <span class='ocrx_word' id='word_1_291' title='bbox 3463 1253 3562 1308; x_wconf 90' lang='lat' dir='ltr'><strong>sub</strong></span> <span class='ocrx_word' id='word_1_292' title='bbox 3602 1268 3662 1309; x_wconf 93' lang='lat' dir='ltr'><strong>se</strong></span> <span class='ocrx_word' id='word_1_293' title='bbox 3703 1254 3880 1324; x_wconf 83' lang='lat' dir='ltr'><strong>posita</strong></span> 
     </span>
    </p>
   </div>
   <div class='ocr_carea' id='block_1_40' title="bbox 2288 1341 3880 1415">
    <p class='ocr_par' dir='ltr' id='par_1_40' title="bbox 2288 1341 3880 1415">
     <span class='ocr_line' id='line_1_40' title="bbox 2288 1341 3880 1415; baseline 0 -17"><span class='ocrx_word' id='word_1_294' title='bbox 2288 1345 2629 1415; x_wconf 87' lang='lat' dir='ltr'><strong>praedicatur.</strong></span> <span class='ocrx_word' id='word_1_295' title='bbox 2664 1344 2902 1413; x_wconf 77' lang='lat' dir='ltr'><strong>Namque</strong></span> <span class='ocrx_word' id='word_1_296' title='bbox 2924 1358 3111 1398; x_wconf 89' lang='lat' dir='ltr'><strong>omnes</strong></span> <span class='ocrx_word' id='word_1_297' title='bbox 3135 1342 3379 1398; x_wconf 86' lang='lat' dir='ltr'><strong>homines</strong></span> <span class='ocrx_word' id='word_1_298' title='bbox 3405 1341 3665 1399; x_wconf 74' lang='lat' dir='ltr'><strong>individui</strong></span> <span class='ocrx_word' id='word_1_299' title='bbox 3698 1359 3880 1400; x_wconf 71' lang='lat' dir='ltr'><strong>tenua-</strong></span> 
     </span>
    </p>
   </div>
   <div class='ocr_carea' id='block_1_41' title="bbox 2289 1436 3481 1504">
    <p class='ocr_par' dir='ltr' id='par_1_41' title="bbox 2289 1436 3481 1504">
     <span class='ocr_line' id='line_1_41' title="bbox 2289 1436 3481 1504; baseline 0 -12"><span class='ocrx_word' id='word_1_300' title='bbox 2289 1438 2412 1493; x_wconf 90' lang='lat' dir='ltr'><strong>liter</strong></span> <span class='ocrx_word' id='word_1_301' title='bbox 2436 1453 2544 1492; x_wconf 92' lang='lat' dir='ltr'><strong>uno</strong></span> <span class='ocrx_word' id='word_1_302' title='bbox 2574 1437 2790 1490; x_wconf 91' lang='lat' dir='ltr'><strong>nomine</strong></span> <span class='ocrx_word' id='word_1_303' title='bbox 2817 1436 3060 1490; x_wconf 90' lang='lat' dir='ltr'><strong>homines</strong></span> <span class='ocrx_word' id='word_1_304' title='bbox 3086 1449 3481 1504; x_wconf 91' lang='lat' dir='ltr'><strong>nuncupantur.</strong></span> 
     </span>
    </p>
   </div>
   <div class='ocr_carea' id='block_1_42' title="bbox 2740 1564 3430 1605">
    <p class='ocr_par' dir='ltr' id='par_1_42' title="bbox 2740 1564 3430 1605">
     <span class='ocr_line' id='line_1_42' title="bbox 2740 1564 3430 1605; baseline -0.001 -2"><span class='ocrx_word' id='word_1_305' title='bbox 2740 1565 2808 1603; x_wconf 82' lang='lat' dir='ltr'><strong>DE</strong></span> <span class='ocrx_word' id='word_1_306' title='bbox 2846 1564 3082 1603; x_wconf 67' lang='lat' dir='ltr'><strong>PROPRIIS</strong></span> <span class='ocrx_word' id='word_1_307' title='bbox 3121 1565 3430 1605; x_wconf 69' lang='lat' dir='ltr'><strong>EORUIIDEM.</strong></span> 
     </span>
    </p>
   </div>
   <div class='ocr_carea' id='block_1_43' title="bbox 2362 1642 3880 1713">
    <p class='ocr_par' dir='ltr' id='par_1_43' title="bbox 2362 1642 3880 1713">
     <span class='ocr_line' id='line_1_43' title="bbox 2362 1642 3880 1713; baseline 0.002 -17"><span class='ocrx_word' id='word_1_308' title='bbox 2362 1642 2624 1696; x_wconf 76' lang='lat' dir='ltr'><strong>Dilierunt</strong></span> <span class='ocrx_word' id='word_1_309' title='bbox 2651 1658 2681 1696; x_wconf 90' lang='lat' dir='ltr'><strong>a</strong></span> <span class='ocrx_word' id='word_1_310' title='bbox 2705 1657 2785 1708; x_wconf 90' lang='lat' dir='ltr'><strong>se,</strong></span> <span class='ocrx_word' id='word_1_311' title='bbox 2813 1644 3063 1711; x_wconf 88' lang='lat' dir='ltr'><strong>quoniam</strong></span> <span class='ocrx_word' id='word_1_312' title='bbox 3091 1643 3298 1712; x_wconf 90' lang='lat' dir='ltr'><strong>species</strong></span> <span class='ocrx_word' id='word_1_313' title='bbox 3332 1651 3509 1711; x_wconf 89' lang='lat' dir='ltr'><strong>potest</strong></span> <span class='ocrx_word' id='word_1_314' title='bbox 3528 1642 3690 1698; x_wconf 90' lang='lat' dir='ltr'><strong>etiam</strong></span> <span class='ocrx_word' id='word_1_315' title='bbox 3712 1659 3880 1713; x_wconf 81' lang='lat' dir='ltr'><strong>genus</strong></span> 
     </span>
    </p>
   </div>
   <div class='ocr_carea' id='block_1_44' title="bbox 2290 1733 3881 1802">
    <p class='ocr_par' dir='ltr' id='par_1_44' title="bbox 2290 1733 3881 1802">
     <span class='ocr_line' id='line_1_44' title="bbox 2290 1733 3881 1802; baseline 0.003 -15"><span class='ocrx_word' id='word_1_316' title='bbox 2290 1733 2444 1788; x_wconf 87' lang='lat' dir='ltr'><strong>alteri</strong></span> <span class='ocrx_word' id='word_1_317' title='bbox 2471 1749 2625 1799; x_wconf 89' lang='lat' dir='ltr'><strong>esse,</strong></span> <span class='ocrx_word' id='word_1_318' title='bbox 2656 1734 2934 1802; x_wconf 89' lang='lat' dir='ltr'><strong>proprium</strong></span> <span class='ocrx_word' id='word_1_319' title='bbox 2967 1748 3087 1787; x_wconf 91' lang='lat' dir='ltr'><strong>esse</strong></span> <span class='ocrx_word' id='word_1_320' title='bbox 3119 1749 3224 1787; x_wconf 90' lang='lat' dir='ltr'><strong>non</strong></span> <span class='ocrx_word' id='word_1_321' title='bbox 3257 1742 3451 1802; x_wconf 85' lang='lat' dir='ltr'><strong>potest.</strong></span> <span class='ocrx_word' id='word_1_322' title='bbox 3483 1733 3587 1790; x_wconf 86' lang='lat' dir='ltr'><strong>Sed</strong></span> <span class='ocrx_word' id='word_1_323' title='bbox 3621 1736 3709 1789; x_wconf 92' lang='lat' dir='ltr'><strong>hic</strong></span> <span class='ocrx_word' id='word_1_324' title='bbox 3733 1735 3881 1791; x_wconf 86' lang='lat' dir='ltr'><strong>illam</strong></span> 
     </span>
    </p>
   </div>
   <div class='ocr_carea' id='block_1_45' title="bbox 2291 1826 3880 1898">
    <p class='ocr_par' dir='ltr' id='par_1_45' title="bbox 2291 1826 3880 1898">
     <span class='ocr_line' id='line_1_45' title="bbox 2291 1826 3880 1898; baseline 0.002 -16"><span class='ocrx_word' id='word_1_325' title='bbox 2291 1827 2524 1897; x_wconf 89' lang='lat' dir='ltr'><strong>speciem</strong></span> <span class='ocrx_word' id='word_1_326' title='bbox 2566 1827 2922 1896; x_wconf 79' lang='lat' dir='ltr'><strong>intelligamus</strong></span> <span class='ocrx_word' id='word_1_327' title='bbox 2955 1842 3075 1898; x_wconf 76' lang='lat' dir='ltr'><strong>qua:</strong></span> <span class='ocrx_word' id='word_1_328' title='bbox 3109 1826 3416 1881; x_wconf 90' lang='lat' dir='ltr'><strong>subalterna</strong></span> <span class='ocrx_word' id='word_1_329' title='bbox 3449 1837 3551 1893; x_wconf 89' lang='lat' dir='ltr'><strong>est,</strong></span> <span class='ocrx_word' id='word_1_330' title='bbox 3590 1843 3699 1882; x_wconf 91' lang='lat' dir='ltr'><strong>non</strong></span> <span class='ocrx_word' id='word_1_331' title='bbox 3732 1829 3880 1885; x_wconf 91' lang='lat' dir='ltr'><strong>illam</strong></span> 
     </span>
    </p>
   </div>
   <div class='ocr_carea' id='block_1_46' title="bbox 2213 1897 3882 1993">
    <p class='ocr_par' dir='ltr' id='par_1_46' title="bbox 2213 1897 3882 1993">
     <span class='ocr_line' id='line_1_46' title="bbox 2213 1897 3882 1993; baseline 0 -19"><span class='ocrx_word' id='word_1_332' title='bbox 2213 1897 2264 1960; x_wconf 69' lang='grc' dir='ltr'><strong>Β</strong></span> <span class='ocrx_word' id='word_1_333' title='bbox 2289 1937 2409 1990; x_wconf 75' lang='lat' dir='ltr'><strong>quae</strong></span> <span class='ocrx_word' id='word_1_334' title='bbox 2449 1921 2617 1988; x_wconf 79' lang='lat' dir='ltr'><strong>magis</strong></span> <span class='ocrx_word' id='word_1_335' title='bbox 2652 1920 2860 1988; x_wconf 88' lang='lat' dir='ltr'><strong>species</strong></span> <span class='ocrx_word' id='word_1_336' title='bbox 2887 1926 2989 1984; x_wconf 90' lang='lat' dir='ltr'><strong>est,</strong></span> <span class='ocrx_word' id='word_1_337' title='bbox 3023 1930 3077 1973; x_wconf 88' lang='lat' dir='ltr'><strong>et</strong></span> <span class='ocrx_word' id='word_1_338' title='bbox 3115 1934 3284 1988; x_wconf 82' lang='lat' dir='ltr'><strong>genus</strong></span> <span class='ocrx_word' id='word_1_339' title='bbox 3324 1934 3444 1974; x_wconf 91' lang='lat' dir='ltr'><strong>esse</strong></span> <span class='ocrx_word' id='word_1_340' title='bbox 3481 1937 3751 1990; x_wconf 91' lang='lat' dir='ltr'><strong>nunquam</strong></span> <span class='ocrx_word' id='word_1_341' title='bbox 3785 1938 3882 1993; x_wconf 86' lang='lat' dir='ltr'><strong>po-</strong></span> 
     </span>
    </p>
   </div>
   <div class='ocr_carea' id='block_1_47' title="bbox 2287 2010 3881 2082">
    <p class='ocr_par' dir='ltr' id='par_1_47' title="bbox 2287 2010 3881 2082">
     <span class='ocr_line' id='line_1_47' title="bbox 2287 2010 3881 2082; baseline 0 -14"><span class='ocrx_word' id='word_1_342' title='bbox 2287 2022 2411 2068; x_wconf 90' lang='lat' dir='ltr'><strong>test.</strong></span> <span class='ocrx_word' id='word_1_343' title='bbox 2440 2013 2615 2082; x_wconf 81' lang='lat' dir='ltr'><strong>Atque</strong></span> <span class='ocrx_word' id='word_1_344' title='bbox 2644 2011 2766 2067; x_wconf 92' lang='lat' dir='ltr'><strong>ideo</strong></span> <span class='ocrx_word' id='word_1_345' title='bbox 2796 2026 2896 2066; x_wconf 90' lang='lat' dir='ltr'><strong>nos</strong></span> <span class='ocrx_word' id='word_1_346' title='bbox 2926 2011 3070 2065; x_wconf 88' lang='lat' dir='ltr'><strong>illam</strong></span> <span class='ocrx_word' id='word_1_347' title='bbox 3104 2010 3265 2066; x_wconf 92' lang='lat' dir='ltr'><strong>modo</strong></span> <span class='ocrx_word' id='word_1_348' title='bbox 3310 2011 3500 2074; x_wconf 89' lang='lat' dir='ltr'><strong>solam,</strong></span> <span class='ocrx_word' id='word_1_349' title='bbox 3525 2028 3646 2082; x_wconf 64' lang='lat' dir='ltr'><strong>qua:</strong></span> <span class='ocrx_word' id='word_1_350' title='bbox 3692 2015 3881 2068; x_wconf 85' lang='lat' dir='ltr'><strong>subal-</strong></span> 
     </span>
    </p>
   </div>
   <div class='ocr_carea' id='block_1_48' title="bbox 2286 2100 3885 2173">
    <p class='ocr_par' dir='ltr' id='par_1_48' title="bbox 2286 2100 3885 2173">
     <span class='ocr_line' id='line_1_48' title="bbox 2286 2100 3885 2173; baseline 0.004 -17"><span class='ocrx_word' id='word_1_351' title='bbox 2286 2111 2439 2158; x_wconf 86' lang='lat' dir='ltr'><strong>terna</strong></span> <span class='ocrx_word' id='word_1_352' title='bbox 2485 2105 2692 2173; x_wconf 89' lang='lat' dir='ltr'><strong>species</strong></span> <span class='ocrx_word' id='word_1_353' title='bbox 2739 2111 2825 2158; x_wconf 90' lang='lat' dir='ltr'><strong>est</strong></span> <span class='ocrx_word' id='word_1_354' title='bbox 2869 2100 3250 2172; x_wconf 79' lang='lat' dir='ltr'><strong>intelligamus,</strong></span> <span class='ocrx_word' id='word_1_355' title='bbox 3281 2117 3401 2172; x_wconf 86' lang='lat' dir='ltr'><strong>quae</strong></span> <span class='ocrx_word' id='word_1_356' title='bbox 3445 2102 3656 2158; x_wconf 88' lang='lat' dir='ltr'><strong>scilicet</strong></span> <span class='ocrx_word' id='word_1_357' title='bbox 3684 2106 3885 2173; x_wconf 75' lang='lat' dir='ltr'><strong>poterit</strong></span> 
     </span>
    </p>
   </div>
   <div class='ocr_carea' id='block_1_49' title="bbox 2286 2195 3881 2266">
    <p class='ocr_par' dir='ltr' id='par_1_49' title="bbox 2286 2195 3881 2266">
     <span class='ocr_line' id='line_1_49' title="bbox 2286 2195 3881 2266; baseline 0.001 -16"><span class='ocrx_word' id='word_1_358' title='bbox 2286 2212 2408 2252; x_wconf 89' lang='lat' dir='ltr'><strong>esse</strong></span> <span class='ocrx_word' id='word_1_359' title='bbox 2438 2205 2491 2251; x_wconf 90' lang='lat' dir='ltr'><strong>et</strong></span> <span class='ocrx_word' id='word_1_360' title='bbox 2515 2212 2703 2266; x_wconf 80' lang='lat' dir='ltr'><strong>genus.</strong></span> <span class='ocrx_word' id='word_1_361' title='bbox 2732 2196 2973 2265; x_wconf 87' lang='lat' dir='ltr'><strong>Namque</strong></span> <span class='ocrx_word' id='word_1_362' title='bbox 3005 2195 3230 2248; x_wconf 83' lang='lat' dir='ltr'><strong>mortale</strong></span> <span class='ocrx_word' id='word_1_363' title='bbox 3260 2208 3382 2250; x_wconf 88' lang='lat' dir='ltr'><strong>eum</strong></span> <span class='ocrx_word' id='word_1_364' title='bbox 3409 2195 3684 2250; x_wconf 82' lang='lat' dir='ltr'><strong>rationalis</strong></span> <span class='ocrx_word' id='word_1_365' title='bbox 3710 2211 3881 2266; x_wconf 77' lang='lat' dir='ltr'><strong>gene-</strong></span> 
     </span>
    </p>
   </div>
   <div class='ocr_carea' id='block_1_50' title="bbox 2289 2286 3882 2357">
    <p class='ocr_par' dir='ltr' id='par_1_50' title="bbox 2289 2286 3882 2357">
     <span class='ocr_line' id='line_1_50' title="bbox 2289 2286 3882 2357; baseline 0.001 -15"><span class='ocrx_word' id='word_1_366' title='bbox 2289 2288 2364 2342; x_wconf 92' lang='lat' dir='ltr'><strong>ris</strong></span> <span class='ocrx_word' id='word_1_367' title='bbox 2391 2287 2462 2341; x_wconf 89' lang='lat' dir='ltr'><strong>sit</strong></span> <span class='ocrx_word' id='word_1_368' title='bbox 2491 2288 2726 2357; x_wconf 77' lang='lat' dir='ltr'><strong>Species,</strong></span> <span class='ocrx_word' id='word_1_369' title='bbox 2753 2286 2986 2340; x_wconf 91' lang='lat' dir='ltr'><strong>hominis</strong></span> <span class='ocrx_word' id='word_1_370' title='bbox 3007 2301 3176 2355; x_wconf 76' lang='lat' dir='ltr'><strong>genus</strong></span> <span class='ocrx_word' id='word_1_371' title='bbox 3202 2294 3303 2340; x_wconf 90' lang='lat' dir='ltr'><strong>est.</strong></span> <span class='ocrx_word' id='word_1_372' title='bbox 3332 2287 3400 2339; x_wconf 85' lang='lat' dir='ltr'><strong>At</strong></span> <span class='ocrx_word' id='word_1_373' title='bbox 3422 2299 3551 2340; x_wconf 89' lang='lat' dir='ltr'><strong>vero</strong></span> <span class='ocrx_word' id='word_1_374' title='bbox 3575 2286 3780 2342; x_wconf 88' lang='lat' dir='ltr'><strong>risibile</strong></span> <span class='ocrx_word' id='word_1_375' title='bbox 3811 2287 3882 2344; x_wconf 82' lang='lat' dir='ltr'><strong>de</strong></span> 
     </span>
    </p>
   </div>
   <div class='ocr_carea' id='block_1_51' title="bbox 2291 2364 3885 2451">
    <p class='ocr_par' dir='ltr' id='par_1_51' title="bbox 2291 2364 3885 2451">
     <span class='ocr_line' id='line_1_51' title="bbox 2291 2364 3885 2451; baseline 0.003 -18"><span class='ocrx_word' id='word_1_376' title='bbox 2291 2379 2431 2433; x_wconf 91' lang='lat' dir='ltr'><strong>nulla</strong></span> <span class='ocrx_word' id='word_1_377' title='bbox 2483 2396 2712 2449; x_wconf 88' lang='lat' dir='ltr'><strong>unquam</strong></span> <span class='ocrx_word' id='word_1_378' title='bbox 2756 2379 2858 2434; x_wconf 92' lang='lat' dir='ltr'><strong>alia</strong></span> <span class='ocrx_word' id='word_1_379' title='bbox 2901 2380 3084 2447; x_wconf 78' lang='lat' dir='ltr'><strong>specie</strong></span> <span class='ocrx_word' id='word_1_380' title='bbox 3125 2379 3322 2446; x_wconf 90' lang='lat' dir='ltr'><strong>poterit</strong></span> <span class='ocrx_word' id='word_1_381' title='bbox 3358 2379 3661 2448; x_wconf 66' lang='lat' dir='ltr'><strong>praedicari,</strong></span> <span class='ocrx_word' id='word_1_382' title='bbox 3690 2364 3885 2451; x_wconf 81' lang='lat' dir='ltr'><strong>neque</strong></span> 
     </span>
    </p>
   </div>
   <div class='ocr_carea' id='block_1_52' title="bbox 2290 2469 3885 2553">
    <p class='ocr_par' dir='ltr' id='par_1_52' title="bbox 2290 2469 3885 2553">
     <span class='ocr_line' id='line_1_52' title="bbox 2290 2469 3885 2553; baseline 0.004 -29"><span class='ocrx_word' id='word_1_383' title='bbox 2290 2473 2378 2527; x_wconf 91' lang='lat' dir='ltr'><strong>alii</strong></span> <span class='ocrx_word' id='word_1_384' title='bbox 2408 2488 2527 2528; x_wconf 89' lang='lat' dir='ltr'><strong>esse</strong></span> <span class='ocrx_word' id='word_1_385' title='bbox 2557 2473 2849 2542; x_wconf 91' lang='lat' dir='ltr'><strong>proprium,</strong></span> <span class='ocrx_word' id='word_1_386' title='bbox 2880 2469 3131 2553; x_wconf 41' lang='lat' dir='ltr'><strong>sicut‘est</strong></span> <span class='ocrx_word' id='word_1_387' title='bbox 3161 2472 3413 2527; x_wconf 92' lang='lat' dir='ltr'><strong>hominis.</strong></span> <span class='ocrx_word' id='word_1_388' title='bbox 3447 2473 3538 2527; x_wconf 88' lang='lat' dir='ltr'><strong>llla</strong></span> <span class='ocrx_word' id='word_1_389' title='bbox 3571 2471 3714 2528; x_wconf 88' lang='lat' dir='ltr'><strong>enini</strong></span> <span class='ocrx_word' id='word_1_390' title='bbox 3741 2488 3885 2529; x_wconf 90' lang='lat' dir='ltr'><strong>sem-</strong></span> 
     </span>
    </p>
   </div>
   <div class='ocr_carea' id='block_1_53' title="bbox 2294 2565 3884 2636">
    <p class='ocr_par' dir='ltr' id='par_1_53' title="bbox 2294 2565 3884 2636">
     <span class='ocr_line' id='line_1_53' title="bbox 2294 2565 3884 2636; baseline 0.001 -15"><span class='ocrx_word' id='word_1_391' title='bbox 2294 2581 2385 2635; x_wconf 92' lang='lat' dir='ltr'><strong>per</strong></span> <span class='ocrx_word' id='word_1_392' title='bbox 2421 2567 2505 2636; x_wconf 92' lang='lat' dir='ltr'><strong>(ut</strong></span> <span class='ocrx_word' id='word_1_393' title='bbox 2531 2567 2728 2621; x_wconf 88' lang='lat' dir='ltr'><strong>dictum</strong></span> <span class='ocrx_word' id='word_1_394' title='bbox 2754 2567 2856 2635; x_wconf 91' lang='lat' dir='ltr'><strong>est)</strong></span> <span class='ocrx_word' id='word_1_395' title='bbox 2896 2565 3107 2635; x_wconf 88' lang='lat' dir='ltr'><strong>propria</strong></span> <span class='ocrx_word' id='word_1_396' title='bbox 3137 2576 3283 2631; x_wconf 89' lang='lat' dir='ltr'><strong>sunt,</strong></span> <span class='ocrx_word' id='word_1_397' title='bbox 3316 2582 3432 2636; x_wconf 80' lang='lat' dir='ltr'><strong>quae</strong></span> <span class='ocrx_word' id='word_1_398' title='bbox 3472 2567 3604 2622; x_wconf 91' lang='lat' dir='ltr'><strong>nulli</strong></span> <span class='ocrx_word' id='word_1_399' title='bbox 3646 2567 3736 2623; x_wconf 88' lang='lat' dir='ltr'><strong>alii</strong></span> <span class='ocrx_word' id='word_1_400' title='bbox 3778 2569 3884 2624; x_wconf 91' lang='lat' dir='ltr'><strong>nisi</strong></span> 
     </span>
    </p>
   </div>
   <div class='ocr_carea' id='block_1_54' title="bbox 2292 2657 3885 2729">
    <p class='ocr_par' dir='ltr' id='par_1_54' title="bbox 2292 2657 3885 2729">
     <span class='ocr_line' id='line_1_54' title="bbox 2292 2657 3885 2729; baseline 0.003 -17"><span class='ocrx_word' id='word_1_401' title='bbox 2292 2658 2358 2712; x_wconf 85' lang='lat' dir='ltr'><strong>ad</strong></span> <span class='ocrx_word' id='word_1_402' title='bbox 2389 2674 2545 2712; x_wconf 91' lang='lat' dir='ltr'><strong>unam</strong></span> <span class='ocrx_word' id='word_1_403' title='bbox 2579 2659 2811 2728; x_wconf 92' lang='lat' dir='ltr'><strong>speciem</strong></span> <span class='ocrx_word' id='word_1_404' title='bbox 2842 2673 3057 2727; x_wconf 89' lang='lat' dir='ltr'><strong>semper</strong></span> <span class='ocrx_word' id='word_1_405' title='bbox 3086 2667 3355 2726; x_wconf 88' lang='lat' dir='ltr'><strong>aptantur.</strong></span> <span class='ocrx_word' id='word_1_406' title='bbox 3439 2657 3636 2723; x_wconf 84' lang='lat' dir='ltr'><strong>Deinde</strong></span> <span class='ocrx_word' id='word_1_407' title='bbox 3673 2660 3885 2729; x_wconf 86' lang='lat' dir='ltr'><strong>species</strong></span> 
     </span>
    </p>
   </div>
   <div class='ocr_carea' id='block_1_55' title="bbox 2294 2749 3884 2821">
    <p class='ocr_par' dir='ltr' id='par_1_55' title="bbox 2294 2749 3884 2821">
     <span class='ocr_line' id='line_1_55' title="bbox 2294 2749 3884 2821; baseline 0.001 -15"><span class='ocrx_word' id='word_1_408' title='bbox 2294 2752 2570 2821; x_wconf 84' lang='lat' dir='ltr'><strong>praecedit,</strong></span> <span class='ocrx_word' id='word_1_409' title='bbox 2605 2760 2660 2806; x_wconf 90' lang='lat' dir='ltr'><strong>et</strong></span> <span class='ocrx_word' id='word_1_410' title='bbox 2695 2751 2774 2804; x_wconf 76' lang='lat' dir='ltr'><strong>sic</strong></span> <span class='ocrx_word' id='word_1_411' title='bbox 2810 2750 3087 2820; x_wconf 91' lang='lat' dir='ltr'><strong>proprium</strong></span> <span class='ocrx_word' id='word_1_412' title='bbox 3135 2749 3395 2821; x_wconf 79' lang='lat' dir='ltr'><strong>sequitur.</strong></span> <span class='ocrx_word' id='word_1_413' title='bbox 3427 2749 3580 2816; x_wconf 86' lang='lat' dir='ltr'><strong>Quod</strong></span> <span class='ocrx_word' id='word_1_414' title='bbox 3617 2749 3884 2807; x_wconf 79' lang='lat' dir='ltr'><strong>dicit-tale</strong></span> 
     </span>
    </p>
   </div>
   <div class='ocr_carea' id='block_1_56' title="bbox 2197 2841 3886 2913">
    <p class='ocr_par' dir='ltr' id='par_1_56' title="bbox 2197 2841 3886 2913">
     <span class='ocr_line' id='line_1_56' title="bbox 2197 2841 3886 2913; baseline 0.002 -17"><span class='ocrx_word' id='word_1_415' title='bbox 2197 2893 2202 2896; x_wconf 92' lang='lat'><strong><em>_</em></strong></span> <span class='ocrx_word' id='word_1_416' title='bbox 2294 2853 2416 2898; x_wconf 62' lang='lat' dir='ltr'><strong>est:</strong></span> <span class='ocrx_word' id='word_1_417' title='bbox 2447 2844 2634 2898; x_wconf 79' lang='lat' dir='ltr'><strong>Omnis</strong></span> <span class='ocrx_word' id='word_1_418' title='bbox 2664 2844 2874 2912; x_wconf 87' lang='lat' dir='ltr'><strong>species</strong></span> <span class='ocrx_word' id='word_1_419' title='bbox 2913 2857 2967 2896; x_wconf 92' lang='lat' dir='ltr'><strong>ut</strong></span> <span class='ocrx_word' id='word_1_420' title='bbox 3004 2841 3198 2897; x_wconf 87' lang='lat' dir='ltr'><strong>habeat</strong></span> <span class='ocrx_word' id='word_1_421' title='bbox 3237 2843 3532 2912; x_wconf 90' lang='lat' dir='ltr'><strong>proprium,</strong></span> <span class='ocrx_word' id='word_1_422' title='bbox 3564 2843 3737 2913; x_wconf 91' lang='lat' dir='ltr'><strong>primo</strong></span> <span class='ocrx_word' id='word_1_423' title='bbox 3765 2858 3886 2900; x_wconf 76' lang='lat' dir='ltr'><strong>eam</strong></span> 
     </span>
    </p>
   </div>
   <div class='ocr_carea' id='block_1_57' title="bbox 2294 2934 3886 3002">
    <p class='ocr_par' dir='ltr' id='par_1_57' title="bbox 2294 2934 3886 3002">
     <span class='ocr_line' id='line_1_57' title="bbox 2294 2934 3886 3002; baseline -0.001 -11"><span class='ocrx_word' id='word_1_424' title='bbox 2294 2952 2414 2991; x_wconf 91' lang='lat' dir='ltr'><strong>esse</strong></span> <span class='ocrx_word' id='word_1_425' title='bbox 2445 2947 2499 2991; x_wconf 91' lang='lat' dir='ltr'><strong>et</strong></span> <span class='ocrx_word' id='word_1_426' title='bbox 2520 2947 2770 2992; x_wconf 87' lang='lat' dir='ltr'><strong>constare</strong></span> <span class='ocrx_word' id='word_1_427' title='bbox 2800 2950 3019 2989; x_wconf 85' lang='lat' dir='ltr'><strong>necesse</strong></span> <span class='ocrx_word' id='word_1_428' title='bbox 3042 2942 3143 2988; x_wconf 87' lang='lat' dir='ltr'><strong>est.</strong></span> <span class='ocrx_word' id='word_1_429' title='bbox 3167 2935 3386 3002; x_wconf 89' lang='lat' dir='ltr'><strong>Oportet</strong></span> <span class='ocrx_word' id='word_1_430' title='bbox 3419 2934 3562 2988; x_wconf 91' lang='lat' dir='ltr'><strong>enim</strong></span> <span class='ocrx_word' id='word_1_431' title='bbox 3596 2935 3740 3002; x_wconf 82' lang='lat' dir='ltr'><strong>prius</strong></span> <span class='ocrx_word' id='word_1_432' title='bbox 3766 2949 3886 2990; x_wconf 87' lang='lat' dir='ltr'><strong>esse</strong></span> 
     </span>
    </p>
   </div>
   <div class='ocr_carea' id='block_1_58' title="bbox 2297 3023 3888 3094">
    <p class='ocr_par' dir='ltr' id='par_1_58' title="bbox 2297 3023 3888 3094">
     <span class='ocr_line' id='line_1_58' title="bbox 2297 3023 3888 3094; baseline 0.001 -13"><span class='ocrx_word' id='word_1_433' title='bbox 2297 3028 2565 3082; x_wconf 80' lang='lat' dir='ltr'><strong>hominem</strong></span> <span class='ocrx_word' id='word_1_434' title='bbox 2591 3037 2648 3081; x_wconf 89' lang='lat' dir='ltr'><strong>ut</strong></span> <span class='ocrx_word' id='word_1_435' title='bbox 2673 3028 2743 3081; x_wconf 90' lang='lat' dir='ltr'><strong>sit</strong></span> <span class='ocrx_word' id='word_1_436' title='bbox 2774 3026 3014 3092; x_wconf 78' lang='lat' dir='ltr'><strong>risibilis,</strong></span> <span class='ocrx_word' id='word_1_437' title='bbox 3045 3023 3152 3079; x_wconf 91' lang='lat' dir='ltr'><strong>no&#39;n</strong></span> <span class='ocrx_word' id='word_1_438' title='bbox 3183 3027 3326 3094; x_wconf 88' lang='lat' dir='ltr'><strong>prius</strong></span> <span class='ocrx_word' id='word_1_439' title='bbox 3354 3039 3476 3080; x_wconf 91' lang='lat' dir='ltr'><strong>esse</strong></span> <span class='ocrx_word' id='word_1_440' title='bbox 3503 3025 3705 3080; x_wconf 89' lang='lat' dir='ltr'><strong>risibile</strong></span> <span class='ocrx_word' id='word_1_441' title='bbox 3732 3027 3888 3083; x_wconf 70' lang='lat' dir='ltr'><strong>utsit</strong></span> 
     </span>
    </p>
   </div>
   <div class='ocr_carea' id='block_1_59' title="bbox 2298 3116 3888 3187">
    <p class='ocr_par' dir='ltr' id='par_1_59' title="bbox 2298 3116 3888 3187">
     <span class='ocr_line' id='line_1_59' title="bbox 2298 3116 3888 3187; baseline 0 -15"><span class='ocrx_word' id='word_1_442' title='bbox 2298 3120 2476 3172; x_wconf 81' lang='lat' dir='ltr'><strong>homo.</strong></span> <span class='ocrx_word' id='word_1_443' title='bbox 2523 3117 2653 3172; x_wconf 91' lang='lat' dir='ltr'><strong>Nam</strong></span> <span class='ocrx_word' id='word_1_444' title='bbox 2683 3116 2933 3186; x_wconf 88' lang='lat' dir='ltr'><strong>quoniam</strong></span> <span class='ocrx_word' id='word_1_445' title='bbox 2975 3117 3246 3186; x_wconf 88' lang='lat' dir='ltr'><strong>proprium</strong></span> <span class='ocrx_word' id='word_1_446' title='bbox 3283 3116 3497 3182; x_wconf 91' lang='lat' dir='ltr'><strong>dicitur,</strong></span> <span class='ocrx_word' id='word_1_447' title='bbox 3539 3131 3632 3185; x_wconf 88' lang='lat' dir='ltr'><strong>per</strong></span> <span class='ocrx_word' id='word_1_448' title='bbox 3675 3132 3733 3170; x_wconf 90' lang='lat' dir='ltr'><strong>se</strong></span> <span class='ocrx_word' id='word_1_449' title='bbox 3761 3133 3888 3187; x_wconf 89' lang='lat' dir='ltr'><strong>pro-</strong></span> 
     </span>
    </p>
   </div>
   <div class='ocr_carea' id='block_1_60' title="bbox 2298 3207 3887 3284">
    <p class='ocr_par' dir='ltr' id='par_1_60' title="bbox 2298 3207 3887 3284">
     <span class='ocr_line' id='line_1_60' title="bbox 2298 3207 3887 3284; baseline 0.001 -20"><span class='ocrx_word' id='word_1_450' title='bbox 2298 3211 2472 3281; x_wconf 92' lang='lat' dir='ltr'><strong>prium</strong></span> <span class='ocrx_word' id='word_1_451' title='bbox 2504 3218 2874 3284; x_wconf 89' lang='lat' dir='ltr'><strong>non_constat,</strong></span> <span class='ocrx_word' id='word_1_452' title='bbox 2919 3209 3020 3263; x_wconf 92' lang='lat' dir='ltr'><strong>nisi</strong></span> <span class='ocrx_word' id='word_1_453' title='bbox 3055 3208 3280 3276; x_wconf 89' lang='lat' dir='ltr'><strong>alicujus</strong></span> <span class='ocrx_word' id='word_1_454' title='bbox 3319 3207 3528 3277; x_wconf 91' lang='lat' dir='ltr'><strong>species</strong></span> <span class='ocrx_word' id='word_1_455' title='bbox 3568 3207 3657 3262; x_wconf 90' lang='lat' dir='ltr'><strong>sit.</strong></span> <span class='ocrx_word' id='word_1_456' title='bbox 3705 3209 3887 3278; x_wconf 86' lang='lat' dir='ltr'><strong>Atque</strong></span> 
     </span>
    </p>
   </div>
   <div class='ocr_carea' id='block_1_61' title="bbox 600 3274 3887 3372">
    <p class='ocr_par' dir='ltr' id='par_1_61' title="bbox 600 3274 3887 3372">
     <span class='ocr_line' id='line_1_61' title="bbox 600 3274 3887 3372; baseline -0.001 -11"><span class='ocrx_word' id='word_1_457' title='bbox 600 3293 828 3360; x_wconf 53' lang='lat' dir='ltr'><strong>crispus,</strong></span> <span class='ocrx_word' id='word_1_458' title='bbox 855 3287 937 3343; x_wconf 66' lang='lat' dir='ltr'><strong>VCI</strong></span> <span class='ocrx_word' id='word_1_459' title='bbox 965 3285 1244 3349; x_wconf 54' lang='lat' dir='ltr'><strong>candidus,</strong></span> <span class='ocrx_word' id='word_1_460' title='bbox 1269 3283 1351 3338; x_wconf 64' lang='lat' dir='ltr'><strong>&quot;el</strong></span> <span class='ocrx_word' id='word_1_461' title='bbox 1385 3296 1663 3352; x_wconf 54' lang='lat' dir='ltr'><strong>Procerus,</strong></span> <span class='ocrx_word' id='word_1_462' title='bbox 1692 3281 1808 3335; x_wconf 48' lang='lat' dir='ltr'><strong>hac</strong></span> <span class='ocrx_word' id='word_1_463' title='bbox 1834 3282 2016 3334; x_wconf 62' lang='lat' dir='ltr'><strong>omnia</strong></span> <span class='ocrx_word' id='word_1_464' title='bbox 2046 3282 2190 3336; x_wconf 64' lang='lat' dir='ltr'><strong>acc&quot;</strong></span> <span class='ocrx_word' id='word_1_465' title='bbox 2220 3274 2270 3341; x_wconf 66' lang='grc' dir='ltr'>ο</span> <span class='ocrx_word' id='word_1_466' title='bbox 2299 3303 2419 3358; x_wconf 88' lang='lat' dir='ltr'><strong>ideo</strong></span> <span class='ocrx_word' id='word_1_467' title='bbox 2447 3302 2594 3372; x_wconf 89' lang='lat' dir='ltr'><strong>prius</strong></span> <span class='ocrx_word' id='word_1_468' title='bbox 2617 3278 2754 3356; x_wconf 81' lang='lat' dir='ltr'><strong>esse</strong></span> <span class='ocrx_word' id='word_1_469' title='bbox 2783 3313 3004 3356; x_wconf 87' lang='lat' dir='ltr'><strong>necesse</strong></span> <span class='ocrx_word' id='word_1_470' title='bbox 3034 3311 3118 3354; x_wconf 90' lang='lat' dir='ltr'><strong>est</strong></span> <span class='ocrx_word' id='word_1_471' title='bbox 3155 3299 3285 3353; x_wconf 91' lang='lat' dir='ltr'><strong>illud</strong></span> <span class='ocrx_word' id='word_1_472' title='bbox 3317 3299 3469 3369; x_wconf 87' lang='lat' dir='ltr'><strong>cujus</strong></span> <span class='ocrx_word' id='word_1_473' title='bbox 3500 3307 3583 3354; x_wconf 90' lang='lat' dir='ltr'><strong>est</strong></span> <span class='ocrx_word' id='word_1_474' title='bbox 3610 3274 3887 3369; x_wconf 84' lang='lat' dir='ltr'><strong>proprium</strong></span> 
     </span>
    </p>
   </div>
   <div class='ocr_carea' id='block_1_62' title="bbox 600 3374 2186 3442">
    <p class='ocr_par' dir='ltr' id='par_1_62' title="bbox 600 3374 2186 3442">
     <span class='ocr_line' id='line_1_62' title="bbox 600 3374 2186 3442; baseline -0.006 -3"><span class='ocrx_word' id='word_1_475' title='bbox 600 3384 777 3439; x_wconf 90' lang='lat' dir='ltr'><strong>dentia</strong></span> <span class='ocrx_word' id='word_1_476' title='bbox 805 3395 938 3436; x_wconf 93' lang='lat' dir='ltr'><strong>unus</strong></span> <span class='ocrx_word' id='word_1_477' title='bbox 969 3380 1053 3434; x_wconf 91' lang='lat' dir='ltr'><strong>cui</strong></span> <span class='ocrx_word' id='word_1_478' title='bbox 1081 3385 1423 3432; x_wconf 83' lang='lat' dir='ltr'><strong>accesserunt</strong></span> <span class='ocrx_word' id='word_1_479' title='bbox 1451 3374 1825 3442; x_wconf 82' lang='lat' dir='ltr'><strong>complectitur</strong></span> <span class='ocrx_word' id='word_1_480' title='bbox 1851 3381 1904 3428; x_wconf 89' lang='lat' dir='ltr'><strong>et</strong></span> <span class='ocrx_word' id='word_1_481' title='bbox 1927 3377 2186 3429; x_wconf 89' lang='lat' dir='ltr'><strong>continet.</strong></span> 
     </span>
    </p>
   </div>
   <div class='ocr_carea' id='block_1_63' title="bbox 601 3465 2192 3546">
    <p class='ocr_par' dir='ltr' id='par_1_63' title="bbox 601 3465 2192 3546">
     <span class='ocr_line' id='line_1_63' title="bbox 601 3465 2192 3546; baseline -0.006 -16"><span class='ocrx_word' id='word_1_482' title='bbox 601 3482 774 3546; x_wconf 87' lang='lat' dir='ltr'><strong>Atque</strong></span> <span class='ocrx_word' id='word_1_483' title='bbox 811 3474 932 3528; x_wconf 84' lang='lat' dir='ltr'><strong>ideo</strong></span> <span class='ocrx_word' id='word_1_484' title='bbox 961 3471 1166 3540; x_wconf 86' lang='lat' dir='ltr'><strong>species</strong></span> <span class='ocrx_word' id='word_1_485' title='bbox 1207 3470 1298 3523; x_wconf 89' lang='lat' dir='ltr'><strong>illa</strong></span> <span class='ocrx_word' id='word_1_486' title='bbox 1327 3483 1446 3540; x_wconf 89' lang='lat' dir='ltr'><strong>quae</strong></span> <span class='ocrx_word' id='word_1_487' title='bbox 1488 3467 1617 3520; x_wconf 91' lang='lat' dir='ltr'><strong>illud</strong></span> <span class='ocrx_word' id='word_1_488' title='bbox 1658 3465 1990 3520; x_wconf 92' lang='lat' dir='ltr'><strong>individuum</strong></span> <span class='ocrx_word' id='word_1_489' title='bbox 2021 3466 2192 3521; x_wconf 92' lang='lat' dir='ltr'><strong>conti-</strong></span> 
     </span>
    </p>
   </div>
   <div class='ocr_carea' id='block_1_64' title="bbox 602 3559 2189 3635">
    <p class='ocr_par' dir='ltr' id='par_1_64' title="bbox 602 3559 2189 3635">
     <span class='ocr_line' id='line_1_64' title="bbox 602 3559 2189 3635; baseline -0.004 -16"><span class='ocrx_word' id='word_1_490' title='bbox 602 3575 692 3620; x_wconf 90' lang='lat' dir='ltr'><strong>net</strong></span> <span class='ocrx_word' id='word_1_491' title='bbox 712 3563 850 3635; x_wconf 89' lang='lat' dir='ltr'><strong>quod</strong></span> <span class='ocrx_word' id='word_1_492' title='bbox 875 3561 1207 3616; x_wconf 86' lang='lat' dir='ltr'><strong>individuum</strong></span> <span class='ocrx_word' id='word_1_493' title='bbox 1235 3560 1389 3631; x_wconf 91' lang='lat' dir='ltr'><strong>plura</strong></span> <span class='ocrx_word' id='word_1_494' title='bbox 1426 3559 1476 3614; x_wconf 92' lang='lat' dir='ltr'><strong>in</strong></span> <span class='ocrx_word' id='word_1_495' title='bbox 1515 3573 1572 3613; x_wconf 91' lang='lat' dir='ltr'><strong>se</strong></span> <span class='ocrx_word' id='word_1_496' title='bbox 1595 3559 1889 3613; x_wconf 90' lang='lat' dir='ltr'><strong>accidentia</strong></span> <span class='ocrx_word' id='word_1_497' title='bbox 1933 3559 2189 3629; x_wconf 83' lang='lat' dir='ltr'><strong>suscepit,</strong></span> 
     </span>
    </p>
   </div>
   <div class='ocr_carea' id='block_1_65' title="bbox 602 3651 1562 3721">
    <p class='ocr_par' dir='ltr' id='par_1_65' title="bbox 602 3651 1562 3721">
     <span class='ocr_line' id='line_1_65' title="bbox 602 3651 1562 3721; baseline -0.008 -12"><span class='ocrx_word' id='word_1_498' title='bbox 602 3654 893 3711; x_wconf 83' lang='lat' dir='ltr'><strong>accidentis</strong></span> <span class='ocrx_word' id='word_1_499' title='bbox 924 3651 1069 3707; x_wconf 90' lang='lat' dir='ltr'><strong>illius</strong></span> <span class='ocrx_word' id='word_1_500' title='bbox 1096 3651 1428 3721; x_wconf 82' lang='lat' dir='ltr'><strong>complexiva</strong></span> <span class='ocrx_word' id='word_1_501' title='bbox 1460 3657 1562 3707; x_wconf 88' lang='lat' dir='ltr'><strong>est.</strong></span> 
     </span>
    </p>
   </div>
   <div class='ocr_carea' id='block_1_66' title="bbox 675 3739 2194 3811">
    <p class='ocr_par' dir='ltr' id='par_1_66' title="bbox 675 3739 2194 3811">
     <span class='ocr_line' id='line_1_66' title="bbox 675 3739 2194 3811; baseline -0.005 -11"><span class='ocrx_word' id='word_1_502' title='bbox 675 3745 872 3801; x_wconf 86' lang='lat' dir='ltr'><strong>Dehinc</strong></span> <span class='ocrx_word' id='word_1_503' title='bbox 912 3743 1202 3811; x_wconf 72' lang='lat' dir='ltr'><strong>cii/Terentia</strong></span> <span class='ocrx_word' id='word_1_504' title='bbox 1242 3757 1507 3810; x_wconf 83' lang='lat' dir='ltr'><strong>nunquam</strong></span> <span class='ocrx_word' id='word_1_505' title='bbox 1545 3739 1830 3793; x_wconf 79' lang='lat' dir='ltr'><strong>intenditur</strong></span> <span class='ocrx_word' id='word_1_506' title='bbox 1861 3756 2019 3811; x_wconf 82' lang='lat' dir='ltr'><strong>neque</strong></span> <span class='ocrx_word' id='word_1_507' title='bbox 2057 3740 2194 3793; x_wconf 83' lang='lat' dir='ltr'><strong>rela-</strong></span> 
     </span>
    </p>
   </div>
   <div class='ocr_carea' id='block_1_67' title="bbox 601 3843 771 3892">
    <p class='ocr_par' dir='ltr' id='par_1_67' title="bbox 601 3843 771 3892">
     <span class='ocr_line' id='line_1_67' title="bbox 601 3843 771 3892; baseline -0.018 0"><span class='ocrx_word' id='word_1_508' title='bbox 601 3843 771 3892; x_wconf 64' lang='lat' dir='ltr'><strong>aratur.</strong></span> 
     </span>
    </p>
   </div>
   <div class='ocr_carea' id='block_1_68' title="bbox 670 3921 2190 3997">
    <p class='ocr_par' dir='ltr' id='par_1_68' title="bbox 670 3921 2190 3997">
     <span class='ocr_line' id='line_1_68' title="bbox 670 3921 2190 3997; baseline -0.006 -13"><span class='ocrx_word' id='word_1_509' title='bbox 670 3929 822 3997; x_wconf 82' lang='lat' dir='ltr'><strong>Quod</strong></span> <span class='ocrx_word' id='word_1_510' title='bbox 851 3927 979 3984; x_wconf 89' lang='lat' dir='ltr'><strong>dicit</strong></span> <span class='ocrx_word' id='word_1_511' title='bbox 1007 3926 1109 3981; x_wconf 88' lang='lat' dir='ltr'><strong>hoc</strong></span> <span class='ocrx_word' id='word_1_512' title='bbox 1139 3936 1223 3981; x_wconf 88' lang='lat' dir='ltr'><strong>est</strong></span> <span class='ocrx_word' id='word_1_513' title='bbox 1251 3923 1510 3981; x_wconf 78' lang='lat' dir='ltr'><strong>rationale</strong></span> <span class='ocrx_word' id='word_1_514' title='bbox 1553 3924 1605 3976; x_wconf 90' lang='lat' dir='ltr'><strong>in</strong></span> <span class='ocrx_word' id='word_1_515' title='bbox 1642 3935 1961 3992; x_wconf 87' lang='lat' dir='ltr'><strong>unaquaque</strong></span> <span class='ocrx_word' id='word_1_516' title='bbox 1989 3921 2190 3991; x_wconf 91' lang='lat' dir='ltr'><strong>specie,</strong></span> 
     </span>
    </p>
   </div>
   <div class='ocr_carea' id='block_1_69' title="bbox 604 4015 2188 4092">
    <p class='ocr_par' dir='ltr' id='par_1_69' title="bbox 604 4015 2188 4092">
     <span class='ocr_line' id='line_1_69' title="bbox 604 4015 2188 4092; baseline -0.006 -14"><span class='ocrx_word' id='word_1_517' title='bbox 604 4035 775 4092; x_wconf 88' lang='lat' dir='ltr'><strong>neque</strong></span> <span class='ocrx_word' id='word_1_518' title='bbox 806 4018 924 4089; x_wconf 91' lang='lat' dir='ltr'><strong>plus</strong></span> <span class='ocrx_word' id='word_1_519' title='bbox 952 4033 1125 4090; x_wconf 87' lang='lat' dir='ltr'><strong>neque</strong></span> <span class='ocrx_word' id='word_1_520' title='bbox 1155 4019 1331 4072; x_wconf 92' lang='lat' dir='ltr'><strong>minus</strong></span> <span class='ocrx_word' id='word_1_521' title='bbox 1356 4026 1460 4072; x_wconf 89' lang='lat' dir='ltr'><strong>est.</strong></span> <span class='ocrx_word' id='word_1_522' title='bbox 1499 4015 1688 4071; x_wconf 88' lang='lat' dir='ltr'><strong>Nullus</strong></span> <span class='ocrx_word' id='word_1_523' title='bbox 1719 4015 1858 4069; x_wconf 89' lang='lat' dir='ltr'><strong>enim</strong></span> <span class='ocrx_word' id='word_1_524' title='bbox 1891 4015 2051 4068; x_wconf 91' lang='lat' dir='ltr'><strong>homo</strong></span> <span class='ocrx_word' id='word_1_525' title='bbox 2082 4016 2188 4070; x_wconf 84' lang='lat' dir='ltr'><strong>alio</strong></span> 
     </span>
    </p>
   </div>
   <div class='ocr_carea' id='block_1_70' title="bbox 603 4108 2193 4180">
    <p class='ocr_par' dir='ltr' id='par_1_70' title="bbox 603 4108 2193 4180">
     <span class='ocr_line' id='line_1_70' title="bbox 603 4108 2193 4180; baseline -0.004 -10"><span class='ocrx_word' id='word_1_526' title='bbox 603 4115 820 4170; x_wconf 85' lang='lat' dir='ltr'><strong>homine</strong></span> <span class='ocrx_word' id='word_1_527' title='bbox 867 4113 933 4168; x_wconf 86' lang='lat' dir='ltr'><strong>ad</strong></span> <span class='ocrx_word' id='word_1_528' title='bbox 977 4112 1337 4167; x_wconf 85' lang='lat' dir='ltr'><strong>substantiam</strong></span> <span class='ocrx_word' id='word_1_529' title='bbox 1391 4110 1510 4180; x_wconf 90' lang='lat' dir='ltr'><strong>plus</strong></span> <span class='ocrx_word' id='word_1_530' title='bbox 1558 4108 1836 4164; x_wconf 84' lang='lat' dir='ltr'><strong>rationalis</strong></span> <span class='ocrx_word' id='word_1_531' title='bbox 1881 4116 1966 4162; x_wconf 92' lang='lat' dir='ltr'><strong>est</strong></span> <span class='ocrx_word' id='word_1_532' title='bbox 2023 4123 2193 4178; x_wconf 91' lang='lat' dir='ltr'><strong>neque</strong></span> 
     </span>
    </p>
   </div>
   <div class='ocr_carea' id='block_1_71' title="bbox 602 4200 2190 4262">
    <p class='ocr_par' dir='ltr' id='par_1_71' title="bbox 602 4200 2190 4262">
     <span class='ocr_line' id='line_1_71' title="bbox 602 4200 2190 4262; baseline -0.003 0"><span class='ocrx_word' id='word_1_533' title='bbox 602 4208 800 4262; x_wconf 90' lang='lat' dir='ltr'><strong>minus.</strong></span> <span class='ocrx_word' id='word_1_534' title='bbox 838 4205 908 4260; x_wconf 85' lang='lat' dir='ltr'><strong>At</strong></span> <span class='ocrx_word' id='word_1_535' title='bbox 936 4218 1065 4259; x_wconf 90' lang='lat' dir='ltr'><strong>vero</strong></span> <span class='ocrx_word' id='word_1_536' title='bbox 1103 4203 1352 4258; x_wconf 89' lang='lat' dir='ltr'><strong>accidens</strong></span> <span class='ocrx_word' id='word_1_537' title='bbox 1381 4213 1435 4258; x_wconf 91' lang='lat' dir='ltr'><strong>et</strong></span> <span class='ocrx_word' id='word_1_538' title='bbox 1472 4203 1762 4256; x_wconf 87' lang='lat' dir='ltr'><strong>intenditur</strong></span> <span class='ocrx_word' id='word_1_539' title='bbox 1801 4211 1852 4255; x_wconf 90' lang='lat' dir='ltr'><strong>et</strong></span> <span class='ocrx_word' id='word_1_540' title='bbox 1883 4200 2190 4258; x_wconf 88' lang='lat' dir='ltr'><strong>remittitur.</strong></span> 
     </span>
    </p>
   </div>
   <div class='ocr_carea' id='block_1_72' title="bbox 604 4290 2185 4365">
    <p class='ocr_par' dir='ltr' id='par_1_72' title="bbox 604 4290 2185 4365">
     <span class='ocr_line' id='line_1_72' title="bbox 604 4290 2185 4365; baseline -0.004 -12"><span class='ocrx_word' id='word_1_541' title='bbox 604 4297 802 4353; x_wconf 87' lang='lat' dir='ltr'><strong>Dicitur</strong></span> <span class='ocrx_word' id='word_1_542' title='bbox 826 4298 970 4351; x_wconf 92' lang='lat' dir='ltr'><strong>enim</strong></span> <span class='ocrx_word' id='word_1_543' title='bbox 995 4295 1299 4365; x_wconf 82' lang='lat' dir='ltr'><strong>quicunque</strong></span> <span class='ocrx_word' id='word_1_544' title='bbox 1329 4293 1624 4362; x_wconf 89' lang='lat' dir='ltr'><strong>procerior,</strong></span> <span class='ocrx_word' id='word_1_545' title='bbox 1659 4291 1854 4345; x_wconf 88' lang='lat' dir='ltr'><strong>dicitur</strong></span> <span class='ocrx_word' id='word_1_546' title='bbox 1881 4290 2185 4359; x_wconf 86' lang='lat' dir='ltr'><strong>quicunque</strong></span> 
     </span>
    </p>
   </div>
   <div class='ocr_carea' id='block_1_73' title="bbox 606 4380 2195 4455">
    <p class='ocr_par' dir='ltr' id='par_1_73' title="bbox 606 4380 2195 4455">
     <span class='ocr_line' id='line_1_73' title="bbox 606 4380 2195 4455; baseline -0.006 -12"><span class='ocrx_word' id='word_1_547' title='bbox 606 4389 854 4454; x_wconf 78' lang='lat' dir='ltr'><strong>velocior,</strong></span> <span class='ocrx_word' id='word_1_548' title='bbox 878 4387 1071 4441; x_wconf 87' lang='lat' dir='ltr'><strong>dicitur</strong></span> <span class='ocrx_word' id='word_1_549' title='bbox 1093 4385 1403 4455; x_wconf 89' lang='lat' dir='ltr'><strong>quicunque</strong></span> <span class='ocrx_word' id='word_1_550' title='bbox 1428 4384 1678 4450; x_wconf 86' lang='lat' dir='ltr'><strong>crispior,</strong></span> <span class='ocrx_word' id='word_1_551' title='bbox 1701 4396 1820 4451; x_wconf 70' lang='lat' dir='ltr'><strong>qua:</strong></span> <span class='ocrx_word' id='word_1_552' title='bbox 1846 4381 2027 4434; x_wconf 88' lang='lat' dir='ltr'><strong>omnia</strong></span> <span class='ocrx_word' id='word_1_553' title='bbox 2055 4380 2195 4435; x_wconf 87' lang='lat' dir='ltr'><strong>acci-</strong></span> 
     </span>
    </p>
   </div>
   <div class='ocr_carea' id='block_1_74' title="bbox 604 4474 1440 4533">
    <p class='ocr_par' dir='ltr' id='par_1_74' title="bbox 604 4474 1440 4533">
     <span class='ocr_line' id='line_1_74' title="bbox 604 4474 1440 4533; baseline -0.008 0"><span class='ocrx_word' id='word_1_554' title='bbox 604 4478 782 4533; x_wconf 89' lang='lat' dir='ltr'><strong>dentia</strong></span> <span class='ocrx_word' id='word_1_555' title='bbox 811 4492 932 4533; x_wconf 91' lang='lat' dir='ltr'><strong>esse</strong></span> <span class='ocrx_word' id='word_1_556' title='bbox 957 4490 1064 4530; x_wconf 91' lang='lat' dir='ltr'><strong>non</strong></span> <span class='ocrx_word' id='word_1_557' title='bbox 1086 4474 1305 4528; x_wconf 88' lang='lat' dir='ltr'><strong>dubium</strong></span> <span class='ocrx_word' id='word_1_558' title='bbox 1336 4481 1440 4527; x_wconf 91' lang='lat' dir='ltr'><strong>est.</strong></span> 
     </span>
    </p>
   </div>
   <div class='ocr_carea' id='block_1_75' title="bbox 674 4559 2196 4634">
    <p class='ocr_par' dir='ltr' id='par_1_75' title="bbox 674 4559 2196 4634">
     <span class='ocr_line' id='line_1_75' title="bbox 674 4559 2196 4634; baseline -0.005 -12"><span class='ocrx_word' id='word_1_559' title='bbox 674 4567 933 4622; x_wconf 72' lang='lat' dir='ltr'><strong>Prwterea</strong></span> <span class='ocrx_word' id='word_1_560' title='bbox 969 4565 1207 4620; x_wconf 75' lang='lat' dir='ltr'><strong>immistw</strong></span> <span class='ocrx_word' id='word_1_561' title='bbox 1248 4579 1448 4634; x_wconf 81' lang='lat' dir='ltr'><strong>semper</strong></span> <span class='ocrx_word' id='word_1_562' title='bbox 1488 4570 1606 4617; x_wconf 77' lang='lat' dir='ltr'><strong>sunt</strong></span> <span class='ocrx_word' id='word_1_563' title='bbox 1645 4559 1923 4614; x_wconf 69' lang='lat' dir='ltr'><strong>contraria</strong></span> <span class='ocrx_word' id='word_1_564' title='bbox 1952 4559 2196 4626; x_wconf 72' lang='lat' dir='ltr'><strong>differen-</strong></span> 
     </span>
    </p>
   </div>
   <div class='ocr_carea' id='block_1_76' title="bbox 604 4659 708 4716">
    <p class='ocr_par' dir='ltr' id='par_1_76' title="bbox 604 4659 708 4716">
     <span class='ocr_line' id='line_1_76' title="bbox 604 4659 708 4716; baseline 0.019 -2"><span class='ocrx_word' id='word_1_565' title='bbox 604 4659 708 4716; x_wconf 73' lang='lat' dir='ltr'><strong>tite.</strong></span> 
     </span>
    </p>
   </div>
   <div class='ocr_carea' id='block_1_77' title="bbox 673 4745 2190 4814">
    <p class='ocr_par' dir='ltr' id='par_1_77' title="bbox 673 4745 2190 4814">
     <span class='ocr_line' id='line_1_77' title="bbox 673 4745 2190 4814; baseline -0.002 -11"><span class='ocrx_word' id='word_1_566' title='bbox 673 4751 925 4805; x_wconf 73' lang='lat' dir='ltr'><strong>lmmistze</strong></span> <span class='ocrx_word' id='word_1_567' title='bbox 954 4748 1048 4813; x_wconf 87' lang='lat' dir='ltr'><strong>ait,</strong></span> <span class='ocrx_word' id='word_1_568' title='bbox 1084 4749 1134 4803; x_wconf 92' lang='lat' dir='ltr'><strong>id</strong></span> <span class='ocrx_word' id='word_1_569' title='bbox 1169 4755 1274 4814; x_wconf 87' lang='lat' dir='ltr'><strong>est,</strong></span> <span class='ocrx_word' id='word_1_570' title='bbox 1307 4745 1670 4804; x_wconf 88' lang='lat' dir='ltr'><strong>immiscibiles</strong></span> <span class='ocrx_word' id='word_1_571' title='bbox 1700 4760 1818 4814; x_wconf 69' lang='lat' dir='ltr'><strong>qua:</strong></span> <span class='ocrx_word' id='word_1_572' title='bbox 1841 4745 2052 4800; x_wconf 88' lang='lat' dir='ltr'><strong>misceri</strong></span> <span class='ocrx_word' id='word_1_573' title='bbox 2085 4759 2190 4800; x_wconf 88' lang='lat' dir='ltr'><strong>non</strong></span> 
     </span>
    </p>
   </div>
   <div class='ocr_carea' id='block_1_78' title="bbox 603 4836 2192 4910">
    <p class='ocr_par' dir='ltr' id='par_1_78' title="bbox 603 4836 2192 4910">
     <span class='ocr_line' id='line_1_78' title="bbox 603 4836 2192 4910; baseline -0.002 -17"><span class='ocrx_word' id='word_1_574' title='bbox 603 4849 843 4910; x_wconf 83' lang='lat' dir='ltr'><strong>pssunt.</strong></span> <span class='ocrx_word' id='word_1_575' title='bbox 869 4839 1048 4907; x_wconf 89' lang='lat' dir='ltr'><strong>Neque</strong></span> <span class='ocrx_word' id='word_1_576' title='bbox 1068 4841 1209 4892; x_wconf 90' lang='lat' dir='ltr'><strong>enim</strong></span> <span class='ocrx_word' id='word_1_577' title='bbox 1232 4837 1494 4892; x_wconf 87' lang='lat' dir='ltr'><strong>rationale</strong></span> <span class='ocrx_word' id='word_1_578' title='bbox 1514 4853 1635 4892; x_wconf 89' lang='lat' dir='ltr'><strong>cum</strong></span> <span class='ocrx_word' id='word_1_579' title='bbox 1659 4836 1950 4892; x_wconf 88' lang='lat' dir='ltr'><strong>irrationali</strong></span> <span class='ocrx_word' id='word_1_580' title='bbox 1977 4836 2192 4892; x_wconf 89' lang='lat' dir='ltr'><strong>misceri</strong></span> 
     </span>
    </p>
   </div>
   <div class='ocr_carea' id='block_1_79' title="bbox 603 4931 2189 5004">
    <p class='ocr_par' dir='ltr' id='par_1_79' title="bbox 603 4931 2189 5004">
     <span class='ocr_line' id='line_1_79' title="bbox 603 4931 2189 5004; baseline 0 -18"><span class='ocrx_word' id='word_1_581' title='bbox 603 4941 798 5004; x_wconf 84' lang='lat' dir='ltr'><strong>potest,</strong></span> <span class='ocrx_word' id='word_1_582' title='bbox 831 4945 1001 4999; x_wconf 91' lang='lat' dir='ltr'><strong>neque</strong></span> <span class='ocrx_word' id='word_1_583' title='bbox 1030 4931 1082 4984; x_wconf 93' lang='lat' dir='ltr'><strong>in</strong></span> <span class='ocrx_word' id='word_1_584' title='bbox 1112 4945 1214 4984; x_wconf 90' lang='lat' dir='ltr'><strong>una</strong></span> <span class='ocrx_word' id='word_1_585' title='bbox 1245 4931 1426 4999; x_wconf 89' lang='lat' dir='ltr'><strong>specie</strong></span> <span class='ocrx_word' id='word_1_586' title='bbox 1455 4932 1762 4985; x_wconf 87' lang='lat' dir='ltr'><strong>convenire.</strong></span> <span class='ocrx_word' id='word_1_587' title='bbox 1797 4931 1865 4984; x_wconf 89' lang='lat' dir='ltr'><strong>At</strong></span> <span class='ocrx_word' id='word_1_588' title='bbox 1897 4946 2025 4986; x_wconf 89' lang='lat' dir='ltr'><strong>vero</strong></span> <span class='ocrx_word' id='word_1_589' title='bbox 2055 4946 2189 4986; x_wconf 82' lang='lat' dir='ltr'><strong>con-</strong></span> 
     </span>
    </p>
   </div>
   <div class='ocr_carea' id='block_1_80' title="bbox 606 5019 2194 5090">
    <p class='ocr_par' dir='ltr' id='par_1_80' title="bbox 606 5019 2194 5090">
     <span class='ocr_line' id='line_1_80' title="bbox 606 5019 2194 5090; baseline -0.002 -10"><span class='ocrx_word' id='word_1_590' title='bbox 606 5026 766 5080; x_wconf 89' lang='lat' dir='ltr'><strong>traria</strong></span> <span class='ocrx_word' id='word_1_591' title='bbox 797 5021 1089 5077; x_wconf 88' lang='lat' dir='ltr'><strong>accidentia</strong></span> <span class='ocrx_word' id='word_1_592' title='bbox 1119 5019 1460 5073; x_wconf 79' lang='lat' dir='ltr'><strong>manifestum</strong></span> <span class='ocrx_word' id='word_1_593' title='bbox 1494 5031 1574 5075; x_wconf 88' lang='lat' dir='ltr'><strong>est</strong></span> <span class='ocrx_word' id='word_1_594' title='bbox 1606 5020 1660 5074; x_wconf 89' lang='lat' dir='ltr'><strong>in</strong></span> <span class='ocrx_word' id='word_1_595' title='bbox 1693 5036 1796 5074; x_wconf 91' lang='lat' dir='ltr'><strong>una</strong></span> <span class='ocrx_word' id='word_1_596' title='bbox 1828 5023 2007 5088; x_wconf 86' lang='lat' dir='ltr'><strong>specie</strong></span> <span class='ocrx_word' id='word_1_597' title='bbox 2032 5035 2194 5090; x_wconf 85' lang='lat' dir='ltr'><strong>posse</strong></span> 
     </span>
    </p>
   </div>
   <div class='ocr_carea' id='block_1_81' title="bbox 605 5112 2189 5187">
    <p class='ocr_par' dir='ltr' id='par_1_81' title="bbox 605 5112 2189 5187">
     <span class='ocr_line' id='line_1_81' title="bbox 605 5112 2189 5187; baseline -0.003 -15"><span class='ocrx_word' id='word_1_598' title='bbox 605 5130 917 5187; x_wconf 71' lang='lat' dir='ltr'><strong>congruere.</strong></span> <span class='ocrx_word' id='word_1_599' title='bbox 966 5115 1205 5182; x_wconf 87' lang='lat' dir='ltr'><strong>Namque</strong></span> <span class='ocrx_word' id='word_1_600' title='bbox 1237 5113 1444 5183; x_wconf 83' lang='lat' dir='ltr'><strong>nigrum</strong></span> <span class='ocrx_word' id='word_1_601' title='bbox 1490 5122 1541 5167; x_wconf 89' lang='lat' dir='ltr'><strong>et</strong></span> <span class='ocrx_word' id='word_1_602' title='bbox 1573 5112 1750 5166; x_wconf 87' lang='lat' dir='ltr'><strong>album</strong></span> <span class='ocrx_word' id='word_1_603' title='bbox 1783 5123 1958 5181; x_wconf 90' lang='lat' dir='ltr'><strong>potest</strong></span> <span class='ocrx_word' id='word_1_604' title='bbox 1999 5114 2050 5167; x_wconf 92' lang='lat' dir='ltr'><strong>in</strong></span> <span class='ocrx_word' id='word_1_605' title='bbox 2088 5128 2189 5167; x_wconf 91' lang='lat' dir='ltr'><strong>una</strong></span> 
     </span>
    </p>
   </div>
   <div class='ocr_carea' id='block_1_82' title="bbox 606 5205 2194 5276">
    <p class='ocr_par' dir='ltr' id='par_1_82' title="bbox 606 5205 2194 5276">
     <span class='ocr_line' id='line_1_82' title="bbox 606 5205 2194 5276; baseline -0.004 -10"><span class='ocrx_word' id='word_1_606' title='bbox 606 5227 709 5267; x_wconf 92' lang='lat' dir='ltr'><strong>non</strong></span> <span class='ocrx_word' id='word_1_607' title='bbox 738 5207 895 5262; x_wconf 93' lang='lat' dir='ltr'><strong>modo</strong></span> <span class='ocrx_word' id='word_1_608' title='bbox 936 5206 1137 5276; x_wconf 87' lang='lat' dir='ltr'><strong>specie,</strong></span> <span class='ocrx_word' id='word_1_609' title='bbox 1181 5205 1275 5259; x_wconf 91' lang='lat' dir='ltr'><strong>sed</strong></span> <span class='ocrx_word' id='word_1_610' title='bbox 1325 5205 1601 5258; x_wconf 88' lang='lat' dir='ltr'><strong>individuo</strong></span> <span class='ocrx_word' id='word_1_611' title='bbox 1641 5219 1958 5273; x_wconf 80' lang='lat' dir='ltr'><strong>congruere.</strong></span> <span class='ocrx_word' id='word_1_612' title='bbox 2010 5205 2194 5260; x_wconf 87' lang='lat' dir='ltr'><strong>Potest</strong></span> 
     </span>
    </p>
   </div>
   <div class='ocr_carea' id='block_1_83' title="bbox 605 5296 2192 5371">
    <p class='ocr_par' dir='ltr' id='par_1_83' title="bbox 605 5296 2192 5371">
     <span class='ocr_line' id='line_1_83' title="bbox 605 5296 2192 5371; baseline -0.003 -15"><span class='ocrx_word' id='word_1_613' title='bbox 605 5306 747 5357; x_wconf 89' lang='lat' dir='ltr'><strong>enim</strong></span> <span class='ocrx_word' id='word_1_614' title='bbox 773 5302 1078 5371; x_wconf 71' lang='lat' dir='ltr'><strong>quicunque</strong></span> <span class='ocrx_word' id='word_1_615' title='bbox 1108 5303 1291 5362; x_wconf 92' lang='lat' dir='ltr'><strong>homo,</strong></span> <span class='ocrx_word' id='word_1_616' title='bbox 1323 5311 1441 5351; x_wconf 93' lang='lat' dir='ltr'><strong>cum</strong></span> <span class='ocrx_word' id='word_1_617' title='bbox 1464 5297 1580 5366; x_wconf 89' lang='lat' dir='ltr'><strong>ipse</strong></span> <span class='ocrx_word' id='word_1_618' title='bbox 1607 5296 1676 5350; x_wconf 88' lang='lat' dir='ltr'><strong>sit</strong></span> <span class='ocrx_word' id='word_1_619' title='bbox 1696 5297 1977 5361; x_wconf 87' lang='lat' dir='ltr'><strong>candidus,</strong></span> <span class='ocrx_word' id='word_1_620' title='bbox 2012 5298 2192 5366; x_wconf 77' lang='lat' dir='ltr'><strong>nigros</strong></span> 
     </span>
    </p>
   </div>
   <div class='ocr_carea' id='block_1_84' title="bbox 606 5388 2192 5464">
    <p class='ocr_par' dir='ltr' id='par_1_84' title="bbox 606 5388 2192 5464">
     <span class='ocr_line' id='line_1_84' title="bbox 606 5388 2192 5464; baseline -0.002 -16"><span class='ocrx_word' id='word_1_621' title='bbox 606 5406 786 5449; x_wconf 90' lang='lat' dir='ltr'><strong>tamen</strong></span> <span class='ocrx_word' id='word_1_622' title='bbox 815 5394 1039 5464; x_wconf 89' lang='lat' dir='ltr'><strong>capillos</strong></span> <span class='ocrx_word' id='word_1_623' title='bbox 1072 5391 1290 5445; x_wconf 91' lang='lat' dir='ltr'><strong>habere.</strong></span> <span class='ocrx_word' id='word_1_624' title='bbox 1333 5389 1473 5458; x_wconf 82' lang='lat' dir='ltr'><strong>Ergo</strong></span> <span class='ocrx_word' id='word_1_625' title='bbox 1501 5388 1951 5456; x_wconf 84' lang='lat' dir='ltr'><strong>quemadmodum</strong></span> <span class='ocrx_word' id='word_1_626' title='bbox 1982 5389 2192 5459; x_wconf 83' lang='lat' dir='ltr'><strong>species</strong></span> 
     </span>
    </p>
   </div>
   <div class='ocr_carea' id='block_1_85' title="bbox 607 5481 2193 5555">
    <p class='ocr_par' dir='ltr' id='par_1_85' title="bbox 607 5481 2193 5555">
     <span class='ocr_line' id='line_1_85' title="bbox 607 5481 2193 5555; baseline -0.002 -14"><span class='ocrx_word' id='word_1_627' title='bbox 607 5487 815 5541; x_wconf 68' lang='lat' dir='ltr'><strong>differat</strong></span> <span class='ocrx_word' id='word_1_628' title='bbox 842 5501 872 5540; x_wconf 84' lang='lat' dir='ltr'><strong>a</strong></span> <span class='ocrx_word' id='word_1_629' title='bbox 898 5501 1097 5555; x_wconf 75' lang='lat' dir='ltr'><strong>genere</strong></span> <span class='ocrx_word' id='word_1_630' title='bbox 1127 5487 1209 5539; x_wconf 87' lang='lat' dir='ltr'><strong>vel</strong></span> <span class='ocrx_word' id='word_1_631' title='bbox 1240 5483 1539 5538; x_wconf 75' lang='lat' dir='ltr'><strong>diﬂ&#39;erentia</strong></span> <span class='ocrx_word' id='word_1_632' title='bbox 1585 5481 1787 5538; x_wconf 86' lang='lat' dir='ltr'><strong>dictum</strong></span> <span class='ocrx_word' id='word_1_633' title='bbox 1830 5492 1934 5548; x_wconf 87' lang='lat' dir='ltr'><strong>est,</strong></span> <span class='ocrx_word' id='word_1_634' title='bbox 1978 5498 2096 5537; x_wconf 86' lang='lat' dir='ltr'><strong>cum</strong></span> <span class='ocrx_word' id='word_1_635' title='bbox 2123 5483 2193 5538; x_wconf 90' lang='lat' dir='ltr'><strong>de</strong></span> 
     </span>
    </p>
   </div>
   <div class='ocr_carea' id='block_1_86' title="bbox 609 5574 2196 5647">
    <p class='ocr_par' dir='ltr' id='par_1_86' title="bbox 609 5574 2196 5647">
     <span class='ocr_line' id='line_1_86' title="bbox 609 5574 2196 5647; baseline -0.001 -15"><span class='ocrx_word' id='word_1_636' title='bbox 609 5578 822 5647; x_wconf 83' lang='lat' dir='ltr'><strong>generis</strong></span> <span class='ocrx_word' id='word_1_637' title='bbox 863 5578 933 5647; x_wconf 18' lang='lat' dir='ltr'><strong>ad.</strong></span> <span class='ocrx_word' id='word_1_638' title='bbox 971 5578 1242 5647; x_wconf 84' lang='lat' dir='ltr'><strong>speciem,</strong></span> <span class='ocrx_word' id='word_1_639' title='bbox 1287 5585 1342 5634; x_wconf 92' lang='lat' dir='ltr'><strong>et</strong></span> <span class='ocrx_word' id='word_1_640' title='bbox 1377 5575 1691 5632; x_wconf 76' lang='lat' dir='ltr'><strong>dili‘erentize</strong></span> <span class='ocrx_word' id='word_1_641' title='bbox 1728 5574 1795 5630; x_wconf 89' lang='lat' dir='ltr'><strong>ad</strong></span> <span class='ocrx_word' id='word_1_642' title='bbox 1836 5576 2070 5646; x_wconf 87' lang='lat' dir='ltr'><strong>speciem</strong></span> <span class='ocrx_word' id='word_1_643' title='bbox 2111 5575 2196 5630; x_wconf 84' lang='lat' dir='ltr'><strong>di—</strong></span> 
     </span>
    </p>
   </div>
   <div class='ocr_carea' id='block_1_87' title="bbox 618 5667 1170 5726">
    <p class='ocr_par' dir='ltr' id='par_1_87' title="bbox 618 5667 1170 5726">
     <span class='ocr_line' id='line_1_87' title="bbox 618 5667 1170 5726; baseline 0.002 -2"><span class='ocrx_word' id='word_1_644' title='bbox 618 5667 812 5725; x_wconf 84' lang='lat' dir='ltr'><strong>stantia</strong></span> <span class='ocrx_word' id='word_1_645' title='bbox 842 5671 1170 5726; x_wconf 87' lang='lat' dir='ltr'><strong>diceremus.</strong></span> 
     </span>
    </p>
   </div>
   <div class='ocr_carea' id='block_1_88' title="bbox 877 5797 1929 5838">
    <p class='ocr_par' dir='ltr' id='par_1_88' title="bbox 877 5797 1929 5838">
     <span class='ocr_line' id='line_1_88' title="bbox 877 5797 1929 5838; baseline -0.001 -2"><span class='ocrx_word' id='word_1_646' title='bbox 877 5797 943 5836; x_wconf 73' lang='lat' dir='ltr'><strong>DE</strong></span> <span class='ocrx_word' id='word_1_647' title='bbox 979 5797 1312 5838; x_wconf 72' lang='lat' dir='ltr'><strong>COIIUNIBUS</strong></span> <span class='ocrx_word' id='word_1_648' title='bbox 1347 5799 1549 5838; x_wconf 77' lang='lat' dir='ltr'><strong>SPECIEI</strong></span> <span class='ocrx_word' id='word_1_649' title='bbox 1589 5798 1658 5837; x_wconf 81' lang='grc' dir='ltr'><strong>ΕΤ</strong></span> <span class='ocrx_word' id='word_1_650' title='bbox 1699 5797 1929 5837; x_wconf 73' lang='lat' dir='ltr'><strong>PROPR“.</strong></span> 
     </span>
    </p>
   </div>
   <div class='ocr_carea' id='block_1_89' title="bbox 683 5889 2202 5961">
    <p class='ocr_par' dir='ltr' id='par_1_89' title="bbox 683 5889 2202 5961">
     <span class='ocr_line' id='line_1_89' title="bbox 683 5889 2202 5961; baseline -0.001 -13"><span class='ocrx_word' id='word_1_651' title='bbox 683 5891 831 5948; x_wconf 84' lang='lat' dir='ltr'><strong>Nunc</strong></span> <span class='ocrx_word' id='word_1_652' title='bbox 853 5891 1090 5948; x_wconf 85' lang='lat' dir='ltr'><strong>dicemus</strong></span> <span class='ocrx_word' id='word_1_653' title='bbox 1115 5891 1167 5958; x_wconf 82' lang='lat' dir='ltr'><strong>id</strong></span> <span class='ocrx_word' id='word_1_654' title='bbox 1193 5891 1333 5960; x_wconf 91' lang='lat' dir='ltr'><strong>quod</strong></span> <span class='ocrx_word' id='word_1_655' title='bbox 1363 5891 1624 5961; x_wconf 90' lang='lat' dir='ltr'><strong>reliquum</strong></span> <span class='ocrx_word' id='word_1_656' title='bbox 1656 5902 1736 5947; x_wconf 90' lang='lat' dir='ltr'><strong>est</strong></span> <span class='ocrx_word' id='word_1_657' title='bbox 1765 5892 1831 5946; x_wconf 91' lang='lat' dir='ltr'><strong>de</strong></span> <span class='ocrx_word' id='word_1_658' title='bbox 1854 5889 2051 5961; x_wconf 86' lang='lat' dir='ltr'><strong>speciei</strong></span> <span class='ocrx_word' id='word_1_659' title='bbox 2075 5903 2202 5960; x_wconf 82' lang='lat' dir='ltr'><strong>pro-</strong></span> 
     </span>
    </p>
   </div>
   <div class='ocr_carea' id='block_1_90' title="bbox 2295 3391 3887 3464">
    <p class='ocr_par' dir='ltr' id='par_1_90' title="bbox 2295 3391 3887 3464">
     <span class='ocr_line' id='line_1_90' title="bbox 2295 3391 3887 3464; baseline 0.001 -16"><span class='ocrx_word' id='word_1_660' title='bbox 2295 3410 2452 3464; x_wconf 86' lang='lat' dir='ltr'><strong>quam</strong></span> <span class='ocrx_word' id='word_1_661' title='bbox 2477 3393 2546 3449; x_wconf 86' lang='lat' dir='ltr'><strong>sit</strong></span> <span class='ocrx_word' id='word_1_662' title='bbox 2577 3393 2870 3463; x_wconf 90' lang='lat' dir='ltr'><strong>proprium.</strong></span> <span class='ocrx_word' id='word_1_663' title='bbox 2899 3392 3015 3447; x_wconf 84' lang='lat' dir='ltr'><strong>Huc</strong></span> <span class='ocrx_word' id='word_1_664' title='bbox 3040 3392 3248 3446; x_wconf 91' lang='lat' dir='ltr'><strong>accedit</strong></span> <span class='ocrx_word' id='word_1_665' title='bbox 3273 3392 3413 3461; x_wconf 86' lang='lat' dir='ltr'><strong>quod</strong></span> <span class='ocrx_word' id='word_1_666' title='bbox 3441 3391 3647 3460; x_wconf 82' lang='lat' dir='ltr'><strong>Species</strong></span> <span class='ocrx_word' id='word_1_667' title='bbox 3673 3407 3887 3462; x_wconf 89' lang='lat' dir='ltr'><strong>semper</strong></span> 
     </span>
    </p>
   </div>
   <div class='ocr_carea' id='block_1_91' title="bbox 2294 3484 3887 3558">
    <p class='ocr_par' dir='ltr' id='par_1_91' title="bbox 2294 3484 3887 3558">
     <span class='ocr_line' id='line_1_91' title="bbox 2294 3484 3887 3558; baseline 0 -15"><span class='ocrx_word' id='word_1_668' title='bbox 2294 3489 2347 3542; x_wconf 92' lang='lat' dir='ltr'><strong>in</strong></span> <span class='ocrx_word' id='word_1_669' title='bbox 2379 3503 2542 3558; x_wconf 90' lang='lat' dir='ltr'><strong>opere</strong></span> <span class='ocrx_word' id='word_1_670' title='bbox 2589 3487 2902 3556; x_wconf 80' lang='lat' dir='ltr'><strong>intelligitur</strong></span> <span class='ocrx_word' id='word_1_671' title='bbox 2940 3485 3310 3556; x_wconf 88' lang='lat' dir='ltr'><strong>cujuscunque</strong></span> <span class='ocrx_word' id='word_1_672' title='bbox 3359 3484 3608 3554; x_wconf 89' lang='lat' dir='ltr'><strong>subjecti.</strong></span> <span class='ocrx_word' id='word_1_673' title='bbox 3664 3484 3887 3556; x_wconf 86' lang='lat' dir='ltr'><strong>Species</strong></span> 
     </span>
    </p>
   </div>
   <div class='ocr_carea' id='block_1_92' title="bbox 2295 3575 3887 3654">
    <p class='ocr_par' dir='ltr' id='par_1_92' title="bbox 2295 3575 3887 3654">
     <span class='ocr_line' id='line_1_92' title="bbox 2295 3575 3887 3654; baseline 0 -20"><span class='ocrx_word' id='word_1_674' title='bbox 2295 3579 2437 3634; x_wconf 90' lang='lat' dir='ltr'><strong>enim</strong></span> <span class='ocrx_word' id='word_1_675' title='bbox 2477 3592 2689 3647; x_wconf 89' lang='lat' dir='ltr'><strong>semper</strong></span> <span class='ocrx_word' id='word_1_676' title='bbox 2737 3579 2791 3632; x_wconf 92' lang='lat' dir='ltr'><strong>in</strong></span> <span class='ocrx_word' id='word_1_677' title='bbox 2829 3587 2951 3631; x_wconf 87' lang='lat' dir='ltr'><strong>actu</strong></span> <span class='ocrx_word' id='word_1_678' title='bbox 2993 3585 3096 3644; x_wconf 85' lang='lat' dir='ltr'><strong>est,</strong></span> <span class='ocrx_word' id='word_1_679' title='bbox 3137 3591 3242 3630; x_wconf 91' lang='lat' dir='ltr'><strong>non</strong></span> <span class='ocrx_word' id='word_1_680' title='bbox 3273 3575 3446 3631; x_wconf 88' lang='lat' dir='ltr'><strong>solum</strong></span> <span class='ocrx_word' id='word_1_681' title='bbox 3477 3581 3689 3646; x_wconf 87' lang='lat' dir='ltr'><strong>propria</strong></span> <span class='ocrx_word' id='word_1_682' title='bbox 3729 3588 3887 3654; x_wconf 88' lang='lat' dir='ltr'><strong>pote-</strong></span> 
     </span>
    </p>
   </div>
   <div class='ocr_carea' id='block_1_93' title="bbox 2295 3671 3884 3741">
    <p class='ocr_par' dir='ltr' id='par_1_93' title="bbox 2295 3671 3884 3741">
     <span class='ocr_line' id='line_1_93' title="bbox 2295 3671 3884 3741; baseline -0.001 -15"><span class='ocrx_word' id='word_1_683' title='bbox 2295 3682 2453 3727; x_wconf 90' lang='lat' dir='ltr'><strong>state.</strong></span> <span class='ocrx_word' id='word_1_684' title='bbox 2497 3672 2667 3725; x_wconf 86' lang='lat' dir='ltr'><strong>Homo</strong></span> <span class='ocrx_word' id='word_1_685' title='bbox 2699 3671 2843 3726; x_wconf 89' lang='lat' dir='ltr'><strong>enim</strong></span> <span class='ocrx_word' id='word_1_686' title='bbox 2876 3684 3065 3726; x_wconf 88' lang='lat' dir='ltr'><strong>revera</strong></span> <span class='ocrx_word' id='word_1_687' title='bbox 3091 3678 3147 3725; x_wconf 91' lang='lat' dir='ltr'><strong>et</strong></span> <span class='ocrx_word' id='word_1_688' title='bbox 3169 3685 3335 3741; x_wconf 85' lang='lat' dir='ltr'><strong>opere</strong></span> <span class='ocrx_word' id='word_1_689' title='bbox 3362 3679 3418 3725; x_wconf 89' lang='lat' dir='ltr'><strong>et</strong></span> <span class='ocrx_word' id='word_1_690' title='bbox 3442 3679 3566 3724; x_wconf 82' lang='lat' dir='ltr'><strong>actu</strong></span> <span class='ocrx_word' id='word_1_691' title='bbox 3595 3675 3754 3724; x_wconf 90' lang='lat' dir='ltr'><strong>homo</strong></span> <span class='ocrx_word' id='word_1_692' title='bbox 3780 3682 3884 3738; x_wconf 88' lang='lat' dir='ltr'><strong>est,</strong></span> 
     </span>
    </p>
   </div>
   <div class='ocr_carea' id='block_1_94' title="bbox 2296 3754 3890 3834">
    <p class='ocr_par' dir='ltr' id='par_1_94' title="bbox 2296 3754 3890 3834">
     <span class='ocr_line' id='line_1_94' title="bbox 2296 3754 3890 3834; baseline -0.002 -15"><span class='ocrx_word' id='word_1_693' title='bbox 2296 3764 2347 3819; x_wconf 89' lang='lat' dir='ltr'><strong>id</strong></span> <span class='ocrx_word' id='word_1_694' title='bbox 2377 3772 2460 3819; x_wconf 84' lang='lat' dir='ltr'><strong>est</strong></span> <span class='ocrx_word' id='word_1_695' title='bbox 2491 3778 2757 3834; x_wconf 88' lang='lat' dir='ltr'><strong>nunquam</strong></span> <span class='ocrx_word' id='word_1_696' title='bbox 2787 3764 2984 3833; x_wconf 87' lang='lat' dir='ltr'><strong>poterit</strong></span> <span class='ocrx_word' id='word_1_697' title='bbox 3009 3777 3130 3818; x_wconf 87' lang='lat' dir='ltr'><strong>esse</strong></span> <span class='ocrx_word' id='word_1_698' title='bbox 3161 3779 3266 3817; x_wconf 91' lang='lat' dir='ltr'><strong>non</strong></span> <span class='ocrx_word' id='word_1_699' title='bbox 3294 3762 3475 3817; x_wconf 81' lang='lat' dir='ltr'><strong>homo.</strong></span> <span class='ocrx_word' id='word_1_700' title='bbox 3508 3764 3575 3816; x_wconf 70' lang='lat' dir='ltr'><strong>At</strong></span> <span class='ocrx_word' id='word_1_701' title='bbox 3603 3764 3735 3818; x_wconf 81' lang='lat' dir='ltr'><strong>vero</strong></span> <span class='ocrx_word' id='word_1_702' title='bbox 3761 3754 3890 3816; x_wconf 51' lang='lat' dir='ltr'><strong>risi;</strong></span> 
     </span>
    </p>
   </div>
   <div class='ocr_carea' id='block_1_95' title="bbox 2297 3845 3894 3929">
    <p class='ocr_par' dir='ltr' id='par_1_95' title="bbox 2297 3845 3894 3929">
     <span class='ocr_line' id='line_1_95' title="bbox 2297 3845 3894 3929; baseline -0.004 -14"><span class='ocrx_word' id='word_1_703' title='bbox 2297 3860 2402 3915; x_wconf 89' lang='lat' dir='ltr'><strong>bile</strong></span> <span class='ocrx_word' id='word_1_704' title='bbox 2446 3859 2587 3929; x_wconf 85' lang='lat' dir='ltr'><strong>quod</strong></span> <span class='ocrx_word' id='word_1_705' title='bbox 2639 3845 3622 3926; x_wconf 30' lang='lat' dir='ltr'><strong>est!,prop_rium,é.{iotes_tate*tanturn</strong></span> <span class='ocrx_word' id='word_1_706' title='bbox 3658 3845 3894 3923; x_wconf 66' lang='lat' dir='ltr'><strong>dieitur;</strong></span> 
     </span>
    </p>
   </div>
   <div class='ocr_carea' id='block_1_96' title="bbox 2299 3936 3892 4016">
    <p class='ocr_par' dir='ltr' id='par_1_96' title="bbox 2299 3936 3892 4016">
     <span class='ocr_line' id='line_1_96' title="bbox 2299 3936 3892 4016; baseline 0 -12"><span class='ocrx_word' id='word_1_707' title='bbox 2299 3951 2507 4004; x_wconf 89' lang='lat' dir='ltr'><strong>etiamsi</strong></span> <span class='ocrx_word' id='word_1_708' title='bbox 2553 3960 2676 4004; x_wconf 88' lang='lat' dir='ltr'><strong>actu</strong></span> <span class='ocrx_word' id='word_1_709' title='bbox 2709 3937 2958 4002; x_wconf 41' lang='lat' dir='ltr'><strong>nontsitt&#39;</strong></span> <span class='ocrx_word' id='word_1_710' title='bbox 2993 3936 3195 4002; x_wconf 60' lang='lat' dir='ltr'><strong>fotest</strong></span> <span class='ocrx_word' id='word_1_711' title='bbox 3229 3947 3373 4001; x_wconf 75' lang='lat' dir='ltr'><strong>enim</strong></span> <span class='ocrx_word' id='word_1_712' title='bbox 3395 3946 3892 4016; x_wconf 76' lang='lat' dir='ltr'><strong>quilibet&quot;ille“ri0I&#39;</strong></span> 
     </span>
    </p>
   </div>
   <div class='ocr_carea' id='block_1_97' title="bbox 2298 4031 3880 4114">
    <p class='ocr_par' dir='ltr' id='par_1_97' title="bbox 2298 4031 3880 4114">
     <span class='ocr_line' id='line_1_97' title="bbox 2298 4031 3880 4114; baseline 0.001 -20"><span class='ocrx_word' id='word_1_713' title='bbox 2298 4041 2498 4105; x_wconf 82' lang='lat' dir='ltr'><strong>ridere,</strong></span> <span class='ocrx_word' id='word_1_714' title='bbox 2531 4048 2706 4094; x_wconf 85' lang='lat' dir='ltr'><strong>tamen</strong></span> <span class='ocrx_word' id='word_1_715' title='bbox 2735 4039 3060 4114; x_wconf 64' lang='lat' dir='ltr'><strong>gu’ia&#39;ri&#39;dere</strong></span> <span class='ocrx_word' id='word_1_716' title='bbox 3091 4047 3290 4108; x_wconf 87' lang='lat' dir='ltr'><strong>potest,</strong></span> <span class='ocrx_word' id='word_1_717' title='bbox 3320 4031 3524 4093; x_wconf 83' lang='lat' dir='ltr'><strong>risibile</strong></span> <span class='ocrx_word' id='word_1_718' title='bbox 3553 4033 3880 4096; x_wconf 69' lang='lat' dir='ltr'><strong>nominatur.</strong></span> 
     </span>
    </p>
   </div>
   <div class='ocr_carea' id='block_1_98' title="bbox 2300 4129 3886 4202">
    <p class='ocr_par' dir='ltr' id='par_1_98' title="bbox 2300 4129 3886 4202">
     <span class='ocr_line' id='line_1_98' title="bbox 2300 4129 3886 4202; baseline 0.001 -17"><span class='ocrx_word' id='word_1_719' title='bbox 2300 4132 2508 4186; x_wconf 77' lang='lat' dir='ltr'><strong>Distant</strong></span> <span class='ocrx_word' id='word_1_720' title='bbox 2534 4131 2775 4202; x_wconf 79' lang='lat' dir='ltr'><strong>igiturin</strong></span> <span class='ocrx_word' id='word_1_721' title='bbox 2805 4129 2908 4185; x_wconf 89' lang='lat' dir='ltr'><strong>hoc</strong></span> <span class='ocrx_word' id='word_1_722' title='bbox 2931 4132 3074 4198; x_wconf 84' lang='lat' dir='ltr'><strong>quod</strong></span> <span class='ocrx_word' id='word_1_723' title='bbox 3099 4143 3314 4198; x_wconf 87' lang='lat' dir='ltr'><strong>semper</strong></span> <span class='ocrx_word' id='word_1_724' title='bbox 3345 4129 3553 4199; x_wconf 89' lang='lat' dir='ltr'><strong>species</strong></span> <span class='ocrx_word' id='word_1_725' title='bbox 3577 4132 3630 4183; x_wconf 86' lang='lat' dir='ltr'><strong>in</strong></span> <span class='ocrx_word' id='word_1_726' title='bbox 3655 4140 3778 4184; x_wconf 78' lang='lat' dir='ltr'><strong>actu</strong></span> <span class='ocrx_word' id='word_1_727' title='bbox 3799 4139 3886 4186; x_wconf 80' lang='lat' dir='ltr'><strong>est</strong></span> 
     </span>
    </p>
   </div>
   <div class='ocr_carea' id='block_1_99' title="bbox 2299 4222 3887 4294">
    <p class='ocr_par' dir='ltr' id='par_1_99' title="bbox 2299 4222 3887 4294">
     <span class='ocr_line' id='line_1_99' title="bbox 2299 4222 3887 4294; baseline 0.001 -16"><span class='ocrx_word' id='word_1_728' title='bbox 2299 4239 2352 4278; x_wconf 88' lang='lat' dir='ltr'><strong>et</strong></span> <span class='ocrx_word' id='word_1_729' title='bbox 2391 4226 2442 4278; x_wconf 91' lang='lat' dir='ltr'><strong>in</strong></span> <span class='ocrx_word' id='word_1_730' title='bbox 2472 4238 2655 4294; x_wconf 86' lang='lat' dir='ltr'><strong>opere,</strong></span> <span class='ocrx_word' id='word_1_731' title='bbox 2691 4224 2963 4292; x_wconf 81' lang='lat' dir='ltr'><strong>proprium</strong></span> <span class='ocrx_word' id='word_1_732' title='bbox 2997 4237 3127 4278; x_wconf 90' lang='lat' dir='ltr'><strong>vero</strong></span> <span class='ocrx_word' id='word_1_733' title='bbox 3154 4222 3434 4292; x_wconf 71' lang='lat' dir='ltr'><strong>aliquoties</strong></span> <span class='ocrx_word' id='word_1_734' title='bbox 3469 4232 3759 4291; x_wconf 83' lang='lat' dir='ltr'><strong>potestate;</strong></span> <span class='ocrx_word' id='word_1_735' title='bbox 3787 4224 3887 4280; x_wconf 84' lang='lat' dir='ltr'><strong>dc-</strong></span> 
     </span>
    </p>
   </div>
   <div class='ocr_carea' id='block_1_100' title="bbox 2299 4313 3884 4384">
    <p class='ocr_par' dir='ltr' id='par_1_100' title="bbox 2299 4313 3884 4384">
     <span class='ocr_line' id='line_1_100' title="bbox 2299 4313 3884 4384; baseline 0.003 -15"><span class='ocrx_word' id='word_1_736' title='bbox 2299 4315 2425 4369; x_wconf 89' lang='lat' dir='ltr'><strong>inde</strong></span> <span class='ocrx_word' id='word_1_737' title='bbox 2472 4329 2698 4384; x_wconf 84' lang='lat' dir='ltr'><strong>quorum</strong></span> <span class='ocrx_word' id='word_1_738' title='bbox 2739 4313 3079 4370; x_wconf 82' lang='lat' dir='ltr'><strong>deﬁnitiones</strong></span> <span class='ocrx_word' id='word_1_739' title='bbox 3123 4314 3352 4370; x_wconf 74' lang='lat' dir='ltr'><strong>diversa:</strong></span> <span class='ocrx_word' id='word_1_740' title='bbox 3389 4327 3534 4378; x_wconf 87' lang='lat' dir='ltr'><strong>sunt,</strong></span> <span class='ocrx_word' id='word_1_741' title='bbox 3567 4318 3884 4373; x_wconf 84' lang='lat' dir='ltr'><strong>necessario</strong></span> 
     </span>
    </p>
   </div>
   <div class='ocr_carea' id='block_1_101' title="bbox 2299 4407 3887 4477">
    <p class='ocr_par' dir='ltr' id='par_1_101' title="bbox 2299 4407 3887 4477">
     <span class='ocr_line' id='line_1_101' title="bbox 2299 4407 3887 4477; baseline 0.004 -17"><span class='ocrx_word' id='word_1_742' title='bbox 2299 4407 2459 4461; x_wconf 89' lang='lat' dir='ltr'><strong>etiam</strong></span> <span class='ocrx_word' id='word_1_743' title='bbox 2510 4407 2622 4475; x_wconf 89' lang='lat' dir='ltr'><strong>ipsa</strong></span> <span class='ocrx_word' id='word_1_744' title='bbox 2680 4421 2894 4477; x_wconf 89' lang='lat' dir='ltr'><strong>quoque</strong></span> <span class='ocrx_word' id='word_1_745' title='bbox 2941 4407 3152 4462; x_wconf 81' lang='lat' dir='ltr'><strong>diversa</strong></span> <span class='ocrx_word' id='word_1_746' title='bbox 3205 4417 3347 4462; x_wconf 89' lang='lat' dir='ltr'><strong>sunt.</strong></span> <span class='ocrx_word' id='word_1_747' title='bbox 3403 4407 3590 4464; x_wconf 88' lang='lat' dir='ltr'><strong>Omnis</strong></span> <span class='ocrx_word' id='word_1_748' title='bbox 3643 4408 3887 4465; x_wconf 76' lang='lat' dir='ltr'><strong>definitio</strong></span> 
     </span>
    </p>
   </div>
   <div class='ocr_carea' id='block_1_102' title="bbox 2301 4497 3887 4569">
    <p class='ocr_par' dir='ltr' id='par_1_102' title="bbox 2301 4497 3887 4569">
     <span class='ocr_line' id='line_1_102' title="bbox 2301 4497 3887 4569; baseline 0.003 -17"><span class='ocrx_word' id='word_1_749' title='bbox 2301 4499 2650 4553; x_wconf 77' lang='lat' dir='ltr'><strong>subSIantiam</strong></span> <span class='ocrx_word' id='word_1_750' title='bbox 2675 4499 2879 4554; x_wconf 85' lang='lat' dir='ltr'><strong>delinit.</strong></span> <span class='ocrx_word' id='word_1_751' title='bbox 2909 4497 3049 4569; x_wconf 78' lang='lat' dir='ltr'><strong>Ergo</strong></span> <span class='ocrx_word' id='word_1_752' title='bbox 3078 4501 3122 4555; x_wconf 89' lang='lat' dir='ltr'><strong>si</strong></span> <span class='ocrx_word' id='word_1_753' title='bbox 3151 4515 3268 4569; x_wconf 76' lang='lat' dir='ltr'><strong>qua:</strong></span> <span class='ocrx_word' id='word_1_754' title='bbox 3297 4499 3540 4569; x_wconf 89' lang='lat' dir='ltr'><strong>ejusdem</strong></span> <span class='ocrx_word' id='word_1_755' title='bbox 3569 4501 3887 4557; x_wconf 70' lang='lat' dir='ltr'><strong>substantia:</strong></span> 
     </span>
    </p>
   </div>
   <div class='ocr_carea' id='block_1_103' title="bbox 2303 4597 3886 4664">
    <p class='ocr_par' dir='ltr' id='par_1_103' title="bbox 2303 4597 3886 4664">
     <span class='ocr_line' id='line_1_103' title="bbox 2303 4597 3886 4664; baseline 0.005 -14"><span class='ocrx_word' id='word_1_756' title='bbox 2303 4597 2521 4664; x_wconf 76' lang='lat' dir='ltr'><strong>fuerint,</strong></span> <span class='ocrx_word' id='word_1_757' title='bbox 2570 4598 2754 4651; x_wconf 83' lang='lat' dir='ltr'><strong>eadem</strong></span> <span class='ocrx_word' id='word_1_758' title='bbox 2803 4597 2962 4651; x_wconf 88' lang='lat' dir='ltr'><strong>etiam</strong></span> <span class='ocrx_word' id='word_1_759' title='bbox 3005 4597 3320 4654; x_wconf 85' lang='lat' dir='ltr'><strong>deﬁnitione</strong></span> <span class='ocrx_word' id='word_1_760' title='bbox 3365 4611 3757 4656; x_wconf 87' lang='lat' dir='ltr'><strong>monstrantur.</strong></span> <span class='ocrx_word' id='word_1_761' title='bbox 3827 4602 3886 4658; x_wconf 84' lang='lat' dir='ltr'><strong>Si</strong></span> 
     </span>
    </p>
   </div>
   <div class='ocr_carea' id='block_1_104' title="bbox 2220 4658 3892 4758">
    <p class='ocr_par' dir='ltr' id='par_1_104' title="bbox 2220 4658 3892 4758">
     <span class='ocr_line' id='line_1_104' title="bbox 2220 4658 3892 4758; baseline 0.004 -17"><span class='ocrx_word' id='word_1_762' title='bbox 2220 4658 2275 4719; x_wconf 70' lang='grc' dir='ltr'><strong>Β</strong></span> <span class='ocrx_word' id='word_1_763' title='bbox 2301 4705 2417 4758; x_wconf 75' lang='lat' dir='ltr'><strong>qua:</strong></span> <span class='ocrx_word' id='word_1_764' title='bbox 2461 4688 2699 4756; x_wconf 87' lang='lat' dir='ltr'><strong>ejusdem</strong></span> <span class='ocrx_word' id='word_1_765' title='bbox 2745 4686 3073 4743; x_wconf 84' lang='lat' dir='ltr'><strong>deﬁnitionis</strong></span> <span class='ocrx_word' id='word_1_766' title='bbox 3103 4689 3320 4756; x_wconf 82' lang='lat' dir='ltr'><strong>fuerint,</strong></span> <span class='ocrx_word' id='word_1_767' title='bbox 3366 4691 3551 4745; x_wconf 83' lang='lat' dir='ltr'><strong>eadem</strong></span> <span class='ocrx_word' id='word_1_768' title='bbox 3591 4692 3892 4749; x_wconf 82' lang='lat' dir='ltr'><strong>substantia-</strong></span> 
     </span>
    </p>
   </div>
   <div class='ocr_carea' id='block_1_105' title="bbox 2299 4783 3885 4854">
    <p class='ocr_par' dir='ltr' id='par_1_105' title="bbox 2299 4783 3885 4854">
     <span class='ocr_line' id='line_1_105' title="bbox 2299 4783 3885 4854; baseline 0.004 -21"><span class='ocrx_word' id='word_1_769' title='bbox 2299 4783 2682 4851; x_wconf 74' lang='lat' dir='ltr'><strong>prtedicantur.</strong></span> <span class='ocrx_word' id='word_1_770' title='bbox 2717 4785 2782 4835; x_wconf 82' lang='lat' dir='ltr'><strong>At</strong></span> <span class='ocrx_word' id='word_1_771' title='bbox 2813 4797 2941 4837; x_wconf 86' lang='lat' dir='ltr'><strong>vero</strong></span> <span class='ocrx_word' id='word_1_772' title='bbox 2968 4783 3010 4836; x_wconf 90' lang='lat' dir='ltr'><strong>si</strong></span> <span class='ocrx_word' id='word_1_773' title='bbox 3040 4798 3158 4852; x_wconf 68' lang='lat' dir='ltr'><strong>quae</strong></span> <span class='ocrx_word' id='word_1_774' title='bbox 3189 4783 3588 4839; x_wconf 81' lang='lat' dir='ltr'><strong>deﬁnitionibus</strong></span> <span class='ocrx_word' id='word_1_775' title='bbox 3614 4785 3885 4854; x_wconf 69' lang='lat' dir='ltr'><strong>differant,</strong></span> 
     </span>
    </p>
   </div>
   <div class='ocr_carea' id='block_1_106' title="bbox 2296 4874 3886 4944">
    <p class='ocr_par' dir='ltr' id='par_1_106' title="bbox 2296 4874 3886 4944">
     <span class='ocr_line' id='line_1_106' title="bbox 2296 4874 3886 4944; baseline 0.001 -15"><span class='ocrx_word' id='word_1_776' title='bbox 2296 4875 2550 4929; x_wconf 76' lang='lat' dir='ltr'><strong>differunt</strong></span> <span class='ocrx_word' id='word_1_777' title='bbox 2579 4875 2739 4927; x_wconf 87' lang='lat' dir='ltr'><strong>etiam</strong></span> <span class='ocrx_word' id='word_1_778' title='bbox 2765 4874 3097 4929; x_wconf 74' lang='lat' dir='ltr'><strong>substantiis.</strong></span> <span class='ocrx_word' id='word_1_779' title='bbox 3121 4875 3250 4942; x_wconf 64' lang='lat' dir='ltr'><strong>Quae</strong></span> <span class='ocrx_word' id='word_1_780' title='bbox 3277 4875 3588 4932; x_wconf 85' lang='lat' dir='ltr'><strong>substantiis</strong></span> <span class='ocrx_word' id='word_1_781' title='bbox 3615 4876 3886 4944; x_wconf 64' lang='lat' dir='ltr'><strong>diderttnt,</strong></span> 
     </span>
    </p>
   </div>
   <div class='ocr_carea' id='block_1_107' title="bbox 2297 4967 3889 5039">
    <p class='ocr_par' dir='ltr' id='par_1_107' title="bbox 2297 4967 3889 5039">
     <span class='ocr_line' id='line_1_107' title="bbox 2297 4967 3889 5039; baseline 0 -16"><span class='ocrx_word' id='word_1_782' title='bbox 2297 4969 2453 5037; x_wconf 77' lang='lat' dir='ltr'><strong>lange</strong></span> <span class='ocrx_word' id='word_1_783' title='bbox 2483 4983 2510 5019; x_wconf 90' lang='lat' dir='ltr'><strong>a</strong></span> <span class='ocrx_word' id='word_1_784' title='bbox 2541 4967 2730 5034; x_wconf 86' lang='lat' dir='ltr'><strong>seipsis</strong></span> <span class='ocrx_word' id='word_1_785' title='bbox 2761 4969 2858 5020; x_wconf 84' lang='lat' dir='ltr'><strong>alia</strong></span> <span class='ocrx_word' id='word_1_786' title='bbox 2901 4979 3045 5021; x_wconf 90' lang='lat' dir='ltr'><strong>sunt.</strong></span> <span class='ocrx_word' id='word_1_787' title='bbox 3091 4968 3242 5023; x_wconf 83' lang='lat' dir='ltr'><strong>Nunc</strong></span> <span class='ocrx_word' id='word_1_788' title='bbox 3272 4972 3431 5039; x_wconf 85' lang='lat' dir='ltr'><strong>igitur</strong></span> <span class='ocrx_word' id='word_1_789' title='bbox 3458 4970 3707 5039; x_wconf 79' lang='lat' dir='ltr'><strong>quoniam</strong></span> <span class='ocrx_word' id='word_1_790' title='bbox 3750 4969 3889 5024; x_wconf 84' lang='lat' dir='ltr'><strong>deii-</strong></span> 
     </span>
    </p>
   </div>
   <div class='ocr_carea' id='block_1_108' title="bbox 2296 5060 3888 5132">
    <p class='ocr_par' dir='ltr' id='par_1_108' title="bbox 2296 5060 3888 5132">
     <span class='ocr_line' id='line_1_108' title="bbox 2296 5060 3888 5132; baseline 0.004 -20"><span class='ocrx_word' id='word_1_791' title='bbox 2296 5063 2526 5112; x_wconf 83' lang='lat' dir='ltr'><strong>nitiones</strong></span> <span class='ocrx_word' id='word_1_792' title='bbox 2573 5060 2770 5128; x_wconf 86' lang='lat' dir='ltr'><strong>proprii</strong></span> <span class='ocrx_word' id='word_1_793' title='bbox 2826 5069 2880 5114; x_wconf 85' lang='lat' dir='ltr'><strong>et</strong></span> <span class='ocrx_word' id='word_1_794' title='bbox 2940 5061 3135 5130; x_wconf 85' lang='lat' dir='ltr'><strong>speciei</strong></span> <span class='ocrx_word' id='word_1_795' title='bbox 3179 5061 3463 5126; x_wconf 75' lang='lat' dir='ltr'><strong>differunt,</strong></span> <span class='ocrx_word' id='word_1_796' title='bbox 3513 5063 3723 5130; x_wconf 76' lang='lat' dir='ltr'><strong>Species</strong></span> <span class='ocrx_word' id='word_1_797' title='bbox 3773 5063 3888 5132; x_wconf 77' lang='lat' dir='ltr'><strong>ipsa</strong></span> 
     </span>
    </p>
   </div>
   <div class='ocr_carea' id='block_1_109' title="bbox 2297 5152 3892 5222">
    <p class='ocr_par' dir='ltr' id='par_1_109' title="bbox 2297 5152 3892 5222">
     <span class='ocr_line' id='line_1_109' title="bbox 2297 5152 3892 5222; baseline 0.003 -21"><span class='ocrx_word' id='word_1_798' title='bbox 2297 5165 2506 5218; x_wconf 85' lang='lat' dir='ltr'><strong>quoque</strong></span> <span class='ocrx_word' id='word_1_799' title='bbox 2529 5159 2582 5204; x_wconf 82' lang='lat' dir='ltr'><strong>et</strong></span> <span class='ocrx_word' id='word_1_800' title='bbox 2608 5152 2878 5218; x_wconf 83' lang='lat' dir='ltr'><strong>proprium</strong></span> <span class='ocrx_word' id='word_1_801' title='bbox 2909 5167 2936 5203; x_wconf 89' lang='lat' dir='ltr'><strong>a</strong></span> <span class='ocrx_word' id='word_1_802' title='bbox 2967 5167 3026 5206; x_wconf 89' lang='lat' dir='ltr'><strong>se</strong></span> <span class='ocrx_word' id='word_1_803' title='bbox 3051 5152 3320 5207; x_wconf 70' lang='lat' dir='ltr'><strong>differunt.</strong></span> <span class='ocrx_word' id='word_1_804' title='bbox 3360 5154 3451 5206; x_wconf 83' lang='lat' dir='ltr'><strong>Est</strong></span> <span class='ocrx_word' id='word_1_805' title='bbox 3477 5161 3652 5206; x_wconf 87' lang='lat' dir='ltr'><strong>autem</strong></span> <span class='ocrx_word' id='word_1_806' title='bbox 3683 5157 3892 5222; x_wconf 75' lang='lat' dir='ltr'><strong>specie!</strong></span> 
     </span>
    </p>
   </div>
   <div class='ocr_carea' id='block_1_110' title="bbox 2297 5241 3890 5311">
    <p class='ocr_par' dir='ltr' id='par_1_110' title="bbox 2297 5241 3890 5311">
     <span class='ocr_line' id='line_1_110' title="bbox 2297 5241 3890 5311; baseline 0.006 -18"><span class='ocrx_word' id='word_1_807' title='bbox 2297 5241 2536 5294; x_wconf 87' lang='lat' dir='ltr'><strong>delinitio</strong></span> <span class='ocrx_word' id='word_1_808' title='bbox 2582 5241 2682 5294; x_wconf 91' lang='lat' dir='ltr'><strong>sub</strong></span> <span class='ocrx_word' id='word_1_809' title='bbox 2729 5257 2923 5308; x_wconf 71' lang='lat' dir='ltr'><strong>genere</strong></span> <span class='ocrx_word' id='word_1_810' title='bbox 2971 5256 3126 5306; x_wconf 90' lang='lat' dir='ltr'><strong>esse,</strong></span> <span class='ocrx_word' id='word_1_811' title='bbox 3177 5253 3231 5296; x_wconf 90' lang='lat' dir='ltr'><strong>et</strong></span> <span class='ocrx_word' id='word_1_812' title='bbox 3278 5243 3342 5296; x_wconf 87' lang='lat' dir='ltr'><strong>ad</strong></span> <span class='ocrx_word' id='word_1_813' title='bbox 3391 5244 3613 5311; x_wconf 82' lang='lat' dir='ltr'><strong>plurima</strong></span> <span class='ocrx_word' id='word_1_814' title='bbox 3661 5261 3890 5303; x_wconf 80' lang='lat' dir='ltr'><strong>numero</strong></span> 
     </span>
    </p>
   </div>
   <div class='ocr_carea' id='block_1_111' title="bbox 2297 5334 3886 5405">
    <p class='ocr_par' dir='ltr' id='par_1_111' title="bbox 2297 5334 3886 5405">
     <span class='ocr_line' id='line_1_111' title="bbox 2297 5334 3886 5405; baseline 0.006 -18"><span class='ocrx_word' id='word_1_815' title='bbox 2297 5334 2596 5388; x_wconf 71' lang='lat' dir='ltr'><strong>differentia</strong></span> <span class='ocrx_word' id='word_1_816' title='bbox 2644 5337 2692 5388; x_wconf 92' lang='lat' dir='ltr'><strong>in</strong></span> <span class='ocrx_word' id='word_1_817' title='bbox 2737 5352 2802 5388; x_wconf 88' lang='lat' dir='ltr'><strong>eo</strong></span> <span class='ocrx_word' id='word_1_818' title='bbox 2845 5337 2987 5405; x_wconf 87' lang='lat' dir='ltr'><strong>quod</strong></span> <span class='ocrx_word' id='word_1_819' title='bbox 3022 5335 3148 5405; x_wconf 86' lang='lat' dir='ltr'><strong>quid</strong></span> <span class='ocrx_word' id='word_1_820' title='bbox 3187 5337 3254 5390; x_wconf 81' lang='lat' dir='ltr'><strong>sit</strong></span> <span class='ocrx_word' id='word_1_821' title='bbox 3297 5338 3594 5404; x_wconf 50' lang='lat' dir='ltr'><strong>praedicari.</strong></span> <span class='ocrx_word' id='word_1_822' title='bbox 3645 5341 3713 5395; x_wconf 63' lang='lat' dir='ltr'><strong>At</strong></span> <span class='ocrx_word' id='word_1_823' title='bbox 3755 5355 3886 5396; x_wconf 86' lang='lat' dir='ltr'><strong>vero</strong></span> 
     </span>
    </p>
   </div>
   <div class='ocr_carea' id='block_1_112' title="bbox 2297 5425 3886 5503">
    <p class='ocr_par' dir='ltr' id='par_1_112' title="bbox 2297 5425 3886 5503">
     <span class='ocr_line' id='line_1_112' title="bbox 2297 5425 3886 5503; baseline 0.005 -23"><span class='ocrx_word' id='word_1_824' title='bbox 2297 5426 2495 5495; x_wconf 87' lang='lat' dir='ltr'><strong>proprii</strong></span> <span class='ocrx_word' id='word_1_825' title='bbox 2539 5425 2630 5478; x_wconf 81' lang='lat' dir='ltr'><strong>utri</strong></span> <span class='ocrx_word' id='word_1_826' title='bbox 2680 5436 2882 5480; x_wconf 87' lang='lat' dir='ltr'><strong>tantum</strong></span> <span class='ocrx_word' id='word_1_827' title='bbox 2925 5427 3098 5481; x_wconf 88' lang='lat' dir='ltr'><strong>inesse</strong></span> <span class='ocrx_word' id='word_1_828' title='bbox 3147 5428 3364 5493; x_wconf 81' lang='lat' dir='ltr'><strong>speciei,</strong></span> <span class='ocrx_word' id='word_1_829' title='bbox 3414 5440 3468 5484; x_wconf 90' lang='lat' dir='ltr'><strong>et</strong></span> <span class='ocrx_word' id='word_1_830' title='bbox 3513 5431 3612 5486; x_wconf 86' lang='lat' dir='ltr'><strong>sub</strong></span> <span class='ocrx_word' id='word_1_831' title='bbox 3660 5431 3774 5503; x_wconf 74' lang='lat' dir='ltr'><strong>ipsa</strong></span> <span class='ocrx_word' id='word_1_832' title='bbox 3817 5432 3886 5488; x_wconf 80' lang='lat' dir='ltr'><strong>de</strong></span> 
     </span>
    </p>
   </div>
   <div class='ocr_carea' id='block_1_113' title="bbox 2301 5512 3895 5592">
    <p class='ocr_par' dir='ltr' id='par_1_113' title="bbox 2301 5512 3895 5592">
     <span class='ocr_line' id='line_1_113' title="bbox 2301 5512 3895 5592; baseline 0.003 -22"><span class='ocrx_word' id='word_1_833' title='bbox 2301 5515 2550 5571; x_wconf 88' lang='lat' dir='ltr'><strong>omnibus</strong></span> <span class='ocrx_word' id='word_1_834' title='bbox 2593 5517 2877 5572; x_wconf 81' lang='lat' dir='ltr'><strong>individuis</strong></span> <span class='ocrx_word' id='word_1_835' title='bbox 2924 5516 3224 5584; x_wconf 73' lang='lat' dir='ltr'><strong>praedicari.</strong></span> <span class='ocrx_word' id='word_1_836' title='bbox 3273 5519 3379 5574; x_wconf 86' lang='lat' dir='ltr'><strong>Sed</strong></span> <span class='ocrx_word' id='word_1_837' title='bbox 3414 5522 3663 5592; x_wconf 85' lang='lat' dir='ltr'><strong>quoniam</strong></span> <span class='ocrx_word' id='word_1_838' title='bbox 3695 5512 3895 5592; x_wconf 39' lang='lat' dir='ltr'><strong>delini-l</strong></span> 
     </span>
    </p>
   </div>
   <div class='ocr_carea' id='block_1_114' title="bbox 2304 5599 3894 5686">
    <p class='ocr_par' dir='ltr' id='par_1_114' title="bbox 2304 5599 3894 5686">
     <span class='ocr_line' id='line_1_114' title="bbox 2304 5599 3894 5686; baseline 0.004 -22"><span class='ocrx_word' id='word_1_839' title='bbox 2304 5609 2538 5665; x_wconf 87' lang='lat' dir='ltr'><strong>tionibus</strong></span> <span class='ocrx_word' id='word_1_840' title='bbox 2567 5608 2840 5674; x_wconf 70' lang='lat' dir='ltr'><strong>ditiorum,</strong></span> <span class='ocrx_word' id='word_1_841' title='bbox 2874 5609 2996 5679; x_wconf 80' lang='lat' dir='ltr'><strong>ipsa-</strong></span> <span class='ocrx_word' id='word_1_842' title='bbox 3015 5624 3226 5679; x_wconf 88' lang='lat' dir='ltr'><strong>quoque</strong></span> <span class='ocrx_word' id='word_1_843' title='bbox 3252 5612 3461 5683; x_wconf 83' lang='lat' dir='ltr'><strong>species</strong></span> <span class='ocrx_word' id='word_1_844' title='bbox 3493 5630 3521 5669; x_wconf 87' lang='lat' dir='ltr'><strong>a</strong></span> <span class='ocrx_word' id='word_1_845' title='bbox 3555 5616 3772 5686; x_wconf 88' lang='lat' dir='ltr'><strong>proprio</strong></span> <span class='ocrx_word' id='word_1_846' title='bbox 3801 5599 3894 5670; x_wconf 76' lang='lat' dir='ltr'><strong>di-|</strong></span> 
     </span>
    </p>
   </div>
   <div class='ocr_carea' id='block_1_115' title="bbox 2304 5703 2480 5758">
    <p class='ocr_par' dir='ltr' id='par_1_115' title="bbox 2304 5703 2480 5758">
     <span class='ocr_line' id='line_1_115' title="bbox 2304 5703 2480 5758; baseline -0.017 0"><span class='ocrx_word' id='word_1_847' title='bbox 2304 5703 2480 5758; x_wconf 78' lang='lat' dir='ltr'><strong>stabit.</strong></span> 
     </span>
    </p>
   </div>
   <div class='ocr_carea' id='block_1_116' title="bbox 2523 5805 3670 5854">
    <p class='ocr_par' dir='ltr' id='par_1_116' title="bbox 2523 5805 3670 5854">
     <span class='ocr_line' id='line_1_116' title="bbox 2523 5805 3670 5854; baseline 0.003 -7"><span class='ocrx_word' id='word_1_848' title='bbox 2523 5810 2588 5848; x_wconf 76' lang='grc' dir='ltr'><strong>ΒΕ</strong></span> <span class='ocrx_word' id='word_1_849' title='bbox 2628 5808 2958 5849; x_wconf 64' lang='grc' dir='ltr'>εοιηιυηιιιυε</span> <span class='ocrx_word' id='word_1_850' title='bbox 2998 5805 3197 5852; x_wconf 76' lang='lat' dir='ltr'><strong>SPECIEI</strong></span> <span class='ocrx_word' id='word_1_851' title='bbox 3233 5811 3303 5853; x_wconf 72' lang='grc' dir='ltr'><strong>ΒΤ</strong></span> <span class='ocrx_word' id='word_1_852' title='bbox 3345 5811 3670 5854; x_wconf 65' lang='grc' dir='ltr'><strong>Αῦοιυεδττις.</strong></span> 
     </span>
    </p>
   </div>
   <div class='ocr_carea' id='block_1_117' title="bbox 2375 5887 3886 5964">
    <p class='ocr_par' dir='ltr' id='par_1_117' title="bbox 2375 5887 3886 5964">
     <span class='ocr_line' id='line_1_117' title="bbox 2375 5887 3886 5964; baseline 0.006 -23"><span class='ocrx_word' id='word_1_853' title='bbox 2375 5887 2502 5942; x_wconf 85' lang='lat' dir='ltr'><strong>Post</strong></span> <span class='ocrx_word' id='word_1_854' title='bbox 2541 5887 2656 5943; x_wconf 84' lang='lat' dir='ltr'><strong>haec</strong></span> <span class='ocrx_word' id='word_1_855' title='bbox 2697 5887 2764 5942; x_wconf 88' lang='lat' dir='ltr'><strong>ad</strong></span> <span class='ocrx_word' id='word_1_856' title='bbox 2815 5892 3226 5948; x_wconf 81' lang='lat' dir='ltr'><strong>communitates</strong></span> <span class='ocrx_word' id='word_1_857' title='bbox 3264 5893 3461 5964; x_wconf 80' lang='lat' dir='ltr'><strong>speciei</strong></span> <span class='ocrx_word' id='word_1_858' title='bbox 3503 5902 3557 5949; x_wconf 89' lang='lat' dir='ltr'><strong>et</strong></span> <span class='ocrx_word' id='word_1_859' title='bbox 3594 5892 3886 5950; x_wconf 71' lang='lat' dir='ltr'><strong>accidentit</strong></span> 
     </span>
    </p>
   </div>
  </div>
