4244 6254
381 315 449 371 69
1508 312 1572 369 ΙΝ
1610 306 2059 369 PORPHYRIUM
2098 306 2435 365 DIOLOGUS
2472 307 2536 363 Il.
3120 306 3131 317 ’
3578 308 3645 366 70

379 430 803 502 disputationem
845 428 1138 493 transtulit.
1182 437 1237 485 et
1264 428 1393 486 dicit
1430 444 1612 484 eorum
1654 444 1803 483 raras
1833 427 1965 482 alias
1992 426 2043 488 Α
2070 424 2311 478 videatur
2338 423 2436 478 ista
2462 420 2789 475 communio.
2820 419 2913 475 Est
2942 420 3084 476 enim
3115 419 3184 476 ita
3206 419 3505 478 deﬁnitum.
3531 423 3641 478 Ac-

384 536 507 576 esse
539 521 961 587 communitates,
994 519 1093 573 nisi
1128 519 1222 573 has
1254 520 1391 573 solas
1431 519 1573 589 quod
1615 518 1680 573 de
1725 517 1966 587 pluribus

385 612 763 680 praedicantur.
804 610 981 680 Longe
1026 611 1169 664 enim
1215 625 1245 663 a
1272 625 1330 664 se
1366 611 1565 663 distare
1612 609 1878 677 videntur,
1913 608 1967 662 in

389 706 680 758 substantia
711 703 788 758 sui
818 711 871 757 et
901 703 952 757 in
987 711 1247 771 potestate
1274 703 1508 773 paticmli
1549 714 1707 773 atque
1740 700 1969 757 faciendi

391 796 443 849 id
471 796 607 866 quod
634 795 788 849 alicui
817 794 1031 857 accidit,
1056 804 1109 849 et
1134 794 1185 847 id
1209 796 1292 849 cui
1319 794 1532 849 accidit.
1570 794 1805 863 Namque
1838 793 1969 848 iilud

392 889 473 941 cui
514 887 719 951 accidit,
756 888 903 956 quasi
945 888 1208 956 quoddam
1257 887 1654 943 fundamentum
1701 897 1784 942 est
1831 887 1974 941 acci-

392 979 577 1033 dentis.
604 977 735 1031 illud
763 992 892 1032 vero
921 977 1062 1047 quod
1093 978 1303 1045 accidit,
1332 989 1527 1047 printer
1552 979 1602 1032 id
1632 979 1717 1033 cui
1747 979 1964 1045 accidit,

391 1084 505 1125 esse
534 1069 589 1123 in
618 1070 704 1123 sui
731 1069 1027 1123 substantia
1058 1083 1162 1121 non
1197 1077 1389 1136 pote5t.

893 1179 957 1216 DE
998 1177 1234 1215 PROPRHS
1275 1178 1471 1216 EORUM.

457 1255 681 1325 Propria
704 1271 829 1311 vero
852 1256 1179 1325 singulorum
1207 1266 1329 1309 sunt
1352 1256 1486 1322 bzec,
1519 1256 1655 1325 quod
1686 1256 1889 1325 species
1919 1255 1973 1310 in

389 1363 454 1405 eo
475 1348 617 1418 quod
644 1347 770 1418 quid
793 1351 862 1402 sit
889 1348 1226 1415 prmdicatur,
1248 1348 1494 1402 accidens
1513 1363 1639 1401 vero
1666 1350 1717 1402 in
1745 1362 1811 1401 eo
1834 1344 1973 1415 quod

390 1443 548 1511 quale
590 1443 660 1493 sit
702 1450 756 1494 et
791 1439 1183 1507 quodammodo
1229 1454 1287 1491 se
1328 1438 1548 1492 habens.
1599 1439 1728 1492 Nam
1775 1441 1817 1492 si
1860 1440 1976 1507 quis

395 1533 561 1595 dicat,
590 1532 719 1600 quid
746 1531 991 1583 Socrates
1019 1539 1123 1595 est,
1156 1529 1314 1582 homo
1344 1530 1557 1584 dicitur.
1601 1530 1655 1584 Si
1688 1532 1805 1599 quis
1836 1530 1976 1582 dicat

396 1623 569 1693 qualis
594 1623 695 1687 sit,
738 1620 917 1674 calvus
949 1621 1032 1673 vel
1067 1620 1236 1674 simus
1275 1620 1589 1687 appellatur.
1623 1619 1676 1674 Si
1708 1621 1825 1691 quis
1851 1634 1977 1672 vero

395 1713 664 1783 quomodo
692 1726 752 1765 se
781 1710 1014 1775 habens,
1046 1708 1238 1762 sedens
1268 1717 1359 1761 aut
1383 1710 1566 1776 jacens
1597 1708 1975 1778 appellabitur.

2067 516 2253 571 cidens
2281 526 2363 569 est
2396 513 2535 583 quod
2562 512 2787 567 infertur
2818 521 2871 566 et
2902 512 3143 567 aufertur
3180 514 3295 568 sine
3324 514 3440 583 ejus
3462 514 3515 569 in
3536 530 3645 585 quo

2068 616 2151 663 est
2175 607 2413 662 interitu.
2444 605 2594 673 Quod
2622 620 2762 659 nunc
2788 604 2889 659 dici
2912 606 3121 659 videtur
3150 607 3266 661 sine
3296 606 3379 662 his
3398 618 3646 665 constare

2070 714 2173 754 non
2208 714 2379 767 posse,
2434 712 2553 751 cuiu
2586 697 2829 764 superius
2857 696 2973 750 sine
3002 711 3187 750 eorum
3234 690 3453 754 interitu
3489 715 3646 770 posse

2069 792 2338 845 diceretur
2366 788 2583 843 auferri.
2620 788 2726 844 Sed
2775 790 2873 841 hoc
2912 788 3071 841 modo
3100 788 3318 857 dicitur,
3360 806 3466 845 non
3505 791 3648 862 quod

2071 884 2114 939 si
2146 884 2419 938 auferatur
2445 882 2546 936 hoc
2574 880 2823 935 accidens
2855 880 3239 949 inseparabile,
3273 883 3497 938 intereat
3519 885 3648 940 illud

2070 976 2155 1030 cui
2184 974 2397 1040 accidit,
2425 975 2517 1029 sed
2550 973 2798 1042 quoniam
2830 974 3067 1040 separari
3101 988 3203 1027 non
3229 982 3425 1043 potest,
3452 975 3652 1031 idcirco

2073 1068 2189 1122 sine
2216 1066 2302 1121 his
2338 1075 2587 1121 constare
2612 1081 2715 1117 non
2749 1063 2937 1135 possit.
2975 1065 3071 1119 Est
3091 1066 3251 1120 etiam
3278 1065 3652 1135 inseparabilis

2074 1161 2363 1215 accidentis
2412 1170 2466 1214 et
2520 1158 2719 1228 proprii
2774 1159 2877 1212 alia
2924 1160 3260 1226 communio,
3317 1162 3459 1232 quod
3514 1164 3654 1219 sicut

2075 1264 2127 1308 et
2156 1255 2298 1307 omni
2353 1261 2407 1307 et
2436 1267 2648 1321 semper
2699 1250 2839 1305 inest
2870 1252 3141 1319 proprium
3184 1253 3265 1306 cui
3299 1254 3457 1319 inest,
3490 1255 3541 1308 id
3572 1264 3655 1313 est

2076 1342 2278 1399 homini
2318 1344 2553 1416 (semper
2582 1343 2722 1397 enim
2768 1351 2823 1397 et
2873 1345 3048 1397 omnis
3080 1342 3237 1399 homo
3267 1346 3484 1401 risibilis
3523 1348 3652 1417 est),

2077 1440 2154 1493 sic
2184 1443 2339 1491 etiam
2389 1437 2666 1507 quodlibet
2695 1437 2945 1491 accidens
2991 1423 3366 1507 inseparabile,
3412 1447 3467 1494 et
3508 1444 3654 1497 omni

2080 1542 2133 1586 et
2170 1546 2381 1598 semper
2403 1540 2479 1583 est
2508 1528 2752 1583 accidens
2781 1530 3155 1597 inseparabile.
3186 1529 3423 1600 Namque
3453 1542 3506 1587 et
3534 1546 3655 1587 om-

2081 1625 2163 1675 nis
2192 1635 2404 1685 Crvrvus,
2438 1628 2723 1687 etsetuper
2752 1622 2900 1688 niger
2931 1628 3032 1672 est.
3065 1620 3191 1675 Sola
3215 1632 3389 1676 autem
3419 1636 3539 1676 cum
3569 1637 3655 1677 se.

2081 1711 2407 1782 pa‘abi‘libns
2458 1710 2825 1763 accidentibus
2879 1711 2965 1763 illa
3015 1711 3320 1765 communio
3362 1723 3464 1778 est,
3519 1714 3655 1783 quod

392 1806 520 1859 item
558 1805 609 1857 in
651 1804 752 1857 hoc
794 1802 1043 1856 differunt
1084 1801 1224 1872 quod
1289 1815 1622 1871 unaquaeque
1672 1802 1974 1857 substantia
2005 1801 2051 1861 Β
2080 1805 2524 1875 quemadmodum
2558 1804 2623 1857 de
2655 1804 2833 1859 multis
2882 1804 3168 1859 individuis
3216 1809 3485 1877 proprium
3516 1825 3655 1878 pra:-

388 1902 549 1952 unam
594 1896 827 1965 speciem
875 1896 1053 1949 habet.
1109 1895 1348 1965 Namque
1392 1899 1625 1949 hominis
1675 1897 1974 1951 substantia

392 2002 547 2046 unam
579 1990 750 2045 solam
782 1990 1010 2044 hominis
1041 1990 1271 2058 speiiem
1303 1989 1480 2042 habet.
1511 1990 1817 2044 Substantia
1844 2005 1976 2045 vero

389 2099 538 2155 teque
565 2099 731 2138 unam
762 2084 932 2137 solius
955 2084 1081 2152 equi
1118 2085 1351 2153 Speciem
1388 2083 1568 2137 habet.
1617 2088 1686 2138 At
1711 2099 1841 2138 vero
1873 2101 1976 2139 una

391 2179 691 2234 substantia
749 2178 897 2246 plura
937 2176 1241 2245 frequenter
1298 2178 1588 2232 accidentia
1654 2179 1973 2233 continebit.

394 2270 523 2324 Nam
574 2278 628 2324 et
671 2267 725 2322 in
779 2269 965 2321 eodem
1016 2282 1152 2337 equo
1201 2269 1439 2337 quaedam
1499 2285 1621 2337 pars
1666 2269 1978 2339 frequenter

390 2362 537 2431 nigra
567 2361 832 2432 quedam,
869 2360 986 2413 alba
1023 2369 1123 2414 est.
1170 2361 1234 2414 Et
1262 2371 1344 2415 est
1383 2362 1433 2415 in
1454 2376 1523 2414 eo
1554 2365 1863 2428 proceritas,
1894 2370 1978 2416 est

391 2455 632 2516 altitudo,
684 2462 767 2507 est
821 2452 1110 2521 aquilinnm
1160 2463 1342 2521 caput,
1390 2465 1443 2507 et
1488 2455 1587 2507 alia
1648 2454 1971 2523 ltnjusmodi.

391 2544 560 2598 Habet
587 2545 747 2598 etiam
778 2558 886 2596 non
915 2543 1086 2596 solum
1121 2543 1478 2612 inseparabile
1508 2544 1758 2597 accidens
1788 2544 1974 2600 eadem

394 2638 709 2700 substantia,
739 2636 835 2691 sed
867 2638 1027 2691 etiam
1058 2638 1378 2705 separabile.
1432 2637 1563 2690 Nam
1597 2637 1823 2693 fortasse
1852 2644 1973 2708 qni-

393 2728 514 2783 dam
553 2729 707 2783 velox
746 2726 853 2790 est;
894 2736 945 2780 et
986 2727 1122 2780 idem
1160 2726 1321 2781 etiam
1364 2742 1590 2795 corpore
1635 2729 1835 2781 validus
1872 2738 1972 2793 est,

399 2820 539 2873 idem
565 2820 724 2873 etiam
756 2818 1052 2885 sagittatir,
1091 2828 1143 2871 et
1179 2826 1394 2871 caetera.
1446 2818 1557 2870 Huc
1593 2819 1797 2872 accedit
1833 2818 1975 2888 quod

402 2912 602 2977 species
646 2919 1069 2978 praenuscnntnr,
1114 2909 1163 2963 id
1211 2918 1293 2963 est
1334 2910 1832 2979 praeintellignntur,
1875 2912 1976 2965 hoc

400 3011 479 3055 est
520 3009 641 3055 ante
689 3016 809 3055 esse
856 3012 1248 3067 cognoscuntur
1302 3017 1459 3070 quam
1518 3003 1833 3056 accidentia.
1906 3004 1976 3057 Et

394 3095 542 3163 prius
566 3094 669 3147 erit
697 3093 869 3161 aliqua
902 3107 988 3147 res
1018 3094 1102 3146 ubi
1134 3093 1359 3158 accidat,
1384 3109 1543 3163 quam
1576 3095 1663 3147 illa
1686 3109 1805 3163 qua:
1827 3095 1969 3149 acci-

2078 1898 2308 1962 dicatur,
2343 1898 2410 1949 ita
2440 1895 2598 1948 etiam
2632 1896 2880 1950 accidens
2910 1897 2975 1951 de
3026 1898 3208 1952 multis
3238 1899 3523 1955 individuis
3567 1918 3657 1971 po-

2081 2000 2182 2044 test
2228 1988 2523 2055 [ira'dicarL
2573 1988 2760 2041 Plures
2786 1990 2928 2043 enim
2986 1996 3229 2058 currunt,
3272 1990 3451 2059 plures
3496 1994 3656 2051 etiam

2078 2079 2374 2146 ambulant,
2410 2094 2527 2146 quae
2556 2079 2758 2131 scilicet
2805 2078 3100 2134 accidentia
3153 2082 3470 2149 separabilia
3511 2094 3655 2147 sunt,

2079 2172 2526 2243 quemadmodum
2562 2172 2742 2239 plures
2770 2181 2995 2239 possunt
3016 2188 3137 2228 esse
3157 2173 3410 2230 risibiles.

2586 2279 2651 2317 DE
2692 2278 2923 2318 PROPRHS
2962 2280 3160 2319 EORUH.

2152 2353 2411 2407 Differunt
2440 2362 2617 2407 autem
2674 2352 2795 2418 ista,
2828 2354 2966 2421 quod
3002 2358 3271 2424 proprium
3326 2370 3538 2426 semper
3565 2358 3657 2417 uni

2078 2446 2273 2511 srcciei
2304 2447 2459 2511 inest,
2505 2445 2752 2500 accidens
2779 2462 2906 2499 vero
2934 2448 3192 2515 pluribus.
3222 2448 3354 2503 Nam
3410 2452 3657 2507 accidens

2077 2538 2317 2609 pluribus
2344 2537 2621 2606 Speciebus
2679 2548 2736 2592 et
2763 2538 3010 2592 animatis
3042 2550 3094 2594 et
3125 2541 3427 2596 inanimatis
3456 2547 3653 2611 evenit,

2076 2646 2133 2685 ll‘.
2164 2642 2245 2685 est
2272 2630 2440 2685 ebeno
2472 2631 2704 2701 nigrum,
2741 2645 2898 2685 corvo
2929 2634 3159 2700 nigrum,
3194 2633 3395 2689 homini
3418 2636 3657 2707 lEtbiopi

2078 2725 2308 2793 nigrum.
2345 2724 2563 2777 ltisibile
2587 2738 2713 2777 vero
2745 2722 2899 2789 nulli,
2934 2725 3033 2777 nisi
3082 2724 3181 2777 soli
3226 2725 3451 2781 homini.
3484 2732 3656 2800 Atque

2079 2818 2200 2872 ideo
2254 2817 2553 2869 conversim
2616 2817 2887 2884 proprium
2936 2815 3274 2884 prtedicalur,
3331 2820 3451 2889 quia
3501 2823 3656 2877 unius

2078 2910 2274 2979 speciei
2306 2907 2586 2961 continens
2608 2916 2712 2971 est,
2755 2916 2809 2960 et
2851 2908 2923 2960 illi
2952 2910 3146 2975 speciei
3178 2910 3275 2962 soli
3304 2913 3524 2979 aequalis
3552 2923 3656 2967 est.

2078 3003 2145 3055 At
2194 3016 2319 3053 νιτο
2373 2999 2622 3053 accidens
2653 2998 2947 3052 conversim
3000 2999 3273 3065 prmdicari
3307 3013 3411 3053 non
3461 3010 3656 3070 potest,

2079 3095 2201 3167 quia
2229 3096 2405 3164 plures
2436 3093 2534 3147 sub
2564 3108 2621 3145 se
2642 3093 2847 3161 Species
2869 3092 3044 3146 habet.
3078 3091 3189 3146 Non
3211 3092 3351 3147 enim
3376 3103 3549 3163 potest
3578 3095 3660 3150 di-

398 3186 496 3251 dit,
524 3194 579 3239 et
600 3185 844 3253 quoniam
873 3186 1081 3252 species
1120 3193 1201 3237 est
1237 3185 1534 3253 subjectum
1567 3188 1855 3239 accidentis
1887 3187 1975 3241 ubi
2002 3173 2049 3235 C
2080 3205 2203 3245 cere
2234 3190 2284 3244 id
2316 3203 2436 3243 esse
2484 3188 2691 3256 nigrum
2740 3189 2877 3255 quod
2909 3186 3158 3251 ebenum,
3206 3202 3324 3241 cum
3370 3187 3512 3242 dicas
3563 3189 3662 3245 hoc

396 3276 647 3331 accidens
691 3276 925 3341 accidat,
969 3275 1199 3345 ideoque
1241 3286 1364 3330 ante
1408 3277 1617 3346 species
1659 3277 1978 3347 intelligitur

398 3384 518 3425 esse
562 3384 723 3437 quam
767 3368 1039 3422 accidens.
1106 3366 1417 3422 Accidentia
1447 3382 1575 3423 vero
1622 3378 1807 3437 postea
1856 3382 1977 3424 nata

400 3472 546 3525 sunt,
577 3462 625 3515 id
656 3472 741 3517 est
768 3477 799 3515 a
831 3462 958 3516 foris
986 3461 1250 3514 venientia
1292 3472 1347 3516 et
1374 3471 1647 3529 extranea,
1682 3479 1711 3516 a
1741 3465 1983 3532 qualibet

402 3557 489 3610 illa
505 3556 825 3619 substantia,
838 3556 997 3608 etiam
1016 3555 1059 3607 si
1077 3554 1445 3622 inseparabilia
1467 3565 1614 3609 sunt.
1638 3556 1759 3609 Haec
1773 3570 1986 3625 quoque

402 3658 687 3703 esteorum
712 3648 999 3717 separatio,
1022 3646 1169 3716 quod
1183 3663 1399 3716 semper
1426 3632 1602 3701 omnia
1626 3664 1744 3718 qua:
1773 3651 1989 3718 partici-

406 3750 535 3810 pant
554 3741 761 3810 specie,
778 3740 1053 3809 aequaliter
1078 3740 1416 3807 participant.
1442 3741 1740 3810 Athualiter
1762 3742 1907 3796 enim
1935 3749 1990 3796 et

413 3834 664 3889 Socrates
687 3842 742 3887 et
761 3834 941 3887 Cicero
962 3843 1014 3887 et
1036 3832 1185 3887 Plato
1211 3842 1337 3887 sunt
1363 3834 1624 3888 homines.
1655 3838 1721 3887 At
1743 3850 1872 3889 vero
1898 3836 1988 3889 illa

416 3943 537 3997 qua:
568 3928 883 3996 participant
906 3926 1188 3992 accidenti,
1222 3927 1437 3983 etiamsi
1460 3927 1823 3993 inseparabile
1845 3930 1982 3982 acci-

414 4020 549 4071 dens
592 4018 694 4081 sit,
758 4004 933 4071 iumen
979 4033 1088 4071 non
1137 4018 1416 4085 aequaliter
1458 4018 1792 4085 participant.
1859 4019 1990 4072 Nam

416 4112 659 4179 quamvis
692 4110 1045 4177 inseparabile
1073 4111 1144 4163 sit
1170 4109 1421 4163 accidens
1452 4110 1798 4178 Ethiopibus
1828 4112 1994 4180 nigris

414 4216 553 4267 esse,
574 4212 752 4255 tamen
782 4211 864 4255 est
890 4201 1084 4270 aiiquis
1114 4202 1250 4254 inter
1279 4202 1421 4270 ipsos
1447 4202 1668 4269 nigrior,
1688 4217 1785 4256 nec
1808 4218 1996 4259 omnes

418 4292 505 4346 illa
534 4292 813 4362 nigredine
842 4293 1117 4361 aequaliter
1145 4294 1480 4360 participant.

634 4406 703 4445 ns
739 4378 1070 4445 coninurnsus
1106 4407 1308 4445 PROPR"
1348 4407 1416 4446 er
1456 4405 1785 4446 ACCIDENTIS.

492 4481 829 4551 Relinquitur
875 4484 1036 4551 igitur
1080 4483 1150 4537 de
1195 4484 1568 4537 communibus
1618 4484 1813 4551 proprii
1854 4482 1997 4535 acci-

2081 3298 2202 3338 esse
2232 3283 2457 3336 ebenum
2489 3279 2629 3350 quod
2660 3280 2887 3347 nigrum.
2922 3278 3104 3333 Potest
3131 3282 3273 3334 enim
3306 3294 3424 3335 esse
3453 3282 3661 3351 nigrum

2082 3385 2137 3428 et
2165 3386 2273 3427 non
2303 3385 2423 3427 esse
2452 3371 2703 3426 ebenum.
2734 3370 2938 3425 Deinde
2982 3386 3141 3426 omne
3172 3373 3441 3442 propriuin
3489 3389 3665 3444 aequa-

2084 3467 2207 3521 liter
2252 3480 2311 3519 se
2354 3465 2435 3518 his
2466 3466 2624 3517 rebus
2652 3479 2771 3533 quae
2800 3464 2898 3517 sub
2948 3480 3006 3518 se
3044 3463 3240 3519 fuerint
3270 3466 3361 3519 dat
3389 3476 3441 3521 et
3491 3468 3558 3521 ab
3587 3467 3670 3522 his

2088 3559 2362 3627 {equaliter
2406 3556 2775 3625 participatur.
2818 3559 3067 3611 Socrates
3115 3559 3255 3610 enim
3304 3570 3356 3613 et
3400 3558 3589 3614 Cicero
3618 3569 3671 3617 ct

2089 3648 2357 3719 Vergilius
2388 3647 2664 3715 aequaliter
2695 3656 2747 3700 et
2783 3647 2969 3701 risibili
2998 3648 3338 3717 participant,
3371 3658 3425 3704 et
3455 3650 3671 3721 mquali~

2092 3753 2175 3797 ter
2230 3743 2458 3795 risibiles
2518 3749 2662 3793 sunt.
2714 3742 2782 3794 At
2835 3755 2964 3814 vero
3013 3742 3262 3796 accidens
3314 3758 3418 3798 non
3465 3758 3674 3815 semper

2093 3835 2367 3904 aequaliter
2395 3843 2476 3888 est
2518 3834 2786 3885 accidens.
2821 3832 3004 3887 Potest
3045 3835 3185 3888 enim
3220 3835 3518 3905 quicunque
3558 3850 3675 3893 esse

2095 3930 2392 3999 procerior,
2423 3937 2478 3979 et
2518 3928 2657 3979 alius
2684 3940 2803 3979 esse
2832 3926 3091 3993 t'elocior.
3122 3924 3274 3991 Quod
3305 3926 3506 3979 scilicet
3550 3927 3677 3984 illud

2098 4019 2397 4090 separabile
2427 4027 2510 4071 est
2552 4016 2823 4080 accidens,
2877 4014 3009 4069 illud
3058 4014 3433 4085 inseparabile.
3479 4016 3546 4070 Et
3570 4016 3678 4071 for.

2100 4122 2245 4167 tasse
2294 4109 2413 4163 aliae
2463 4123 2647 4162 eorum
2693 4102 2931 4177 quaedam
2964 4106 3318 4177 proprietates
3363 4116 3417 4162 et
3445 4121 3680 4163 comptu.

2101 4206 2292 4259 niones
2321 4216 2441 4257 esse
2490 4201 2787 4256 videantur.
2816 4200 2919 4256 Sed
2950 4215 3112 4266 nunc,
3157 4211 3409 4269 quantum
3447 4201 3680 4255 introdu-

2101 4299 2264 4352 ctioni
2284 4306 2365 4351 sat
2387 4304 2488 4359 est,
2512 4295 2611 4349 ista
2634 4293 2917 4348 sufficiant.
2938 4292 3043 4348 Sed
3064 4294 3169 4363 jam
3186 4293 3305 4360 tibi,
3333 4293 3483 4359 Fabi.
3510 4296 3681 4355 omnia

2103 4402 2438 4459 quaecunque
2488 4390 2553 4441 ad
2604 4388 3052 4442 introductionem
3088 4385 3367 4455 Porphyrii
3396 4387 3683 4454 pertinent,

2108 4484 2319 4552 plenius
2368 4481 2693 4549 uberiusque
2737 4490 2960 4533 tractata
3016 4489 3156 4531 sunt.
3192 4477 3472 4533 Postvero
3499 4480 3544 4531 si
3575 4480 3683 4546 qni-

418 4549 698 4643 dentisque
729 4549 973 4630 tractare.
1012 4574 1141 4629 Nam
1174 4579 1443 4643 proprium
1485 4549 1628 4645 quid
1657 4549 1879 4630 distaret
1910 4578 1992 4631 vel
2023 4549 2077 4610 Ῐ)
2103 4549 2225 4629 dem
2255 4588 2483 4643 unquam
2507 4588 2592 4627 me
2618 4573 2859 4641 egueris,
2891 4570 3079 4625 studiis
3102 4570 3405 4638 praesertim
3436 4572 3539 4623 tuis
3568 4584 3684 4637 qua:

417 4681 447 4719 a
467 4666 668 4734 specie,
694 4666 776 4719 vel
808 4682 833 4717 a
865 4680 1080 4735 genere,
1112 4668 1194 4719 vel
1226 4682 1255 4718 a
1282 4666 1602 4729 diderentia,
1629 4667 1874 4733 superius
1901 4669 1996 4722 de-

419 4766 772 4811 monstratum
827 4767 930 4812 est.
988 4756 1265 4826 Proprium
1317 4766 1492 4811 autem
1543 4768 1595 4811 et
1642 4757 1996 4825 inseparabile

419 4847 673 4903 accidens
697 4862 981 4905 commune
1027 4850 1253 4915 habent,
1285 4849 1427 4919 quod
1457 4850 1573 4903 sine
1615 4850 1697 4902 his
1729 4864 1995 4916 nunquam

419 4940 723 4995 consistunt
750 4955 811 4993 ca
849 4956 971 5010 qua:
997 4956 1184 4995 eorum
1234 4941 1570 5010 participant,
1621 4950 1673 4994 et
1704 4941 1759 4994 in
1804 4941 1999 5010 quibus

429 5031 547 5099 ipsa
568 5029 1004 5085 considerantur.
1032 5031 1164 5087 Nam
1190 5046 1362 5100 neque
1393 5033 1552 5085 homo
1579 5032 1774 5086 amittit
1799 5032 2005 5087 risibile

374 5190 380 5200 λ
426 5136 565 5189 esse,
617 5136 717 5177 nec
758 5122 1007 5193 Etltiops
1034 5134 1125 5179 aut
1159 5140 1373 5187 corvus.
1418 5127 1647 5196 nigrum.
1682 5134 1856 5193 Atque
1885 5125 2006 5181 ideo

382 5266 385 5293 ξ
428 5212 547 5267 sine
575 5214 655 5267 his
683 5215 836 5283 ipsis,
868 5216 919 5270 id
948 5228 1032 5273 est
1084 5218 1313 5286 propriis
1358 5227 1413 5271 et
1464 5218 1853 5280 accidentibus,
1887 5234 2007 5285 quae
2042 5254 2049 5261 .

430 5319 614 5359 eorum
660 5309 1008 5377 participant,
1054 5321 1303 5365 constare
1332 5325 1438 5364 non
1486 5319 1731 5375 possunt,
1779 5326 1847 5364 ne
1876 5312 2009 5366 forte

426 5403 614 5451 contra
664 5398 994 5467 superiorem
1061 5402 1425 5457 deﬁnitionem
1485 5401 1778 5457 accidentis
1828 5403 2011 5458 venire

2104 4668 2247 4722 nulla
2303 4678 2532 4734 unquam
2591 4664 2870 4717 honestate
2930 4669 3237 4724 caruerunt,
3290 4660 3460 4715 libens
3510 4661 3685 4723 animo

2107 4762 2452 4827 hortatorque
2482 4756 2545 4810 ad
2583 4756 2795 4811 easdem
2844 4754 3159 4823 cupiditates
3206 4754 3427 4824 parebo.
3462 4754 3560 4810 Hic
3591 4753 3686 4808 Fa-

2109 4854 2230 4908 bius
2256 4872 2267 4903 :
2293 4852 2395 4917 Tu,
2427 4851 2620 4919 inquit,
2651 4856 2874 4918 paterno
2902 4843 3011 4902 huic
3036 4846 3165 4901 mihi
3191 4848 3367 4901 animo
3393 4849 3687 4917 polliceris;

2109 4962 2297 5001 verum
2330 4956 2428 5016 ego
2455 4960 2721 5014 nunquam
2751 4945 2995 4999 deficiam
3024 4943 3091 4998 ab
3123 4943 3202 4996 his
3234 4942 3445 5007 studiis,
3480 4955 3530 4997 te
3559 4957 3687 5011 pra:-

2110 5040 2296 5094 sertim
2316 5039 2562 5104 docente,
2582 5052 2608 5091 a
2633 5052 2737 5107 quo
2757 5047 2919 5091 totam
2938 5038 3159 5090 fortasse
3178 5036 3357 5105 logicm
3372 5034 3688 5100 Aristotelis,

2111 5134 2274 5186 sivita
2290 5132 2761 5201 suppetit,capiam
2789 5130 3145 5198 disciplinam.
3171 5128 3349 5195 Etego
3366 5125 3581 5187 faciam,
3614 5125 3690 5177 in-

2113 5230 2295 5291 qdam,
2315 5225 2685 5278 libentissime.
2706 5222 2811 5278 Sed
2836 5220 3201 5290 quoniamjam
3222 5216 3509 5270 matutinus
3525 5214 3603 5281 (ut
3624 5216 3689 5268 ait

2114 5316 2422 5381 Petronius)
2452 5317 2532 5371 sol
2566 5316 2718 5368 tectis
2754 5314 2955 5377 arrisit,
2981 5312 3359 5377 snrgnmu‘s,>et
3385 5306 3427 5358 si
3458 5302 3582 5375 quid
3616 5316 3689 5361 est

2114 5404 2280 5471 illud,
2310 5405 2647 5475 diligentiore
2687 5411 2870 5473 postea
2898 5398 3332 5455 consideratione
3361 5396 3689 5455 tractabitur.

1600 5610 2532 5644 ψ-
