4244 6254
619 332 676 390 71
1840 343 1950 398 ΑΝ.
1993 346 2202 402 MANL.

2314 350 2400 404 εν.
2445 351 2668 406 ΒΟΕΤΙ]
3834 363 3862 413 7

884 493 3224 526 ω

3872 362 3903 416 Ξ

1224 665 1484 770 ΑΝ.
1624 668 2104 776 MANL.

2248 670 2606 779 SEV.
2746 681 3221 785 BOETI
3237 680 3288 784 Ι

1589 860 2947 999 COMMENTARIA

1294 1061 1398 1141 IN
1477 1063 2142 1142 PORPHYRIUM
2197 1066 2259 1141 A
2337 1065 2452 1143 SE
2504 1064 3213 1149 TRANSLATUM.

1787 1367 2172 1470 LIBER
2247 1370 2773 1480 PRIMUS.

685 1650 966 1709 Secundus
1019 1649 1105 1705 hic
1154 1657 1388 1719 arreptae
1420 1648 1777 1718 expositionis
1826 1647 1981 1703 labor
2010 1646 2627 1708 nostraeAabsentium
2680 1646 3054 1720 intelligentia,
3106 1651 3191 1708 vel
3242 1652 3296 1708 in
3347 1655 3654 1725 ignotarum
3688 1657 3920 1730 inquisi-

613 1745 808 1800 seriein
840 1742 1207 1798 translationis
1236 1741 1508 1808 expediet,
1541 1741 1594 1795 in
1625 1756 1729 1812 qua
1759 1740 1977 1810 quidem
2013 1755 2211 1797 vereor

613 1853 684 1892 ne
740 1837 991 1892 subierim
1045 1835 1134 1889 fidi
1180 1835 1492 1904 interpretis
1523 1834 1758 1904 culpam,
1815 1849 1938 1888 cum
1978 1834 2207 1890 verbum

615 1929 779 1984 verbo
812 1942 1126 1998 expressum
1160 1935 1632 1995 comparatumque
1660 1925 2010 1981 reddiderim.
2041 1925 2208 1996 Cujus

625 2021 845 2090 incaepti
876 2021 1015 2075 ratio
1064 2029 1166 2085 cst,
1200 2019 1341 2090 quod
1372 2017 1427 2072 in
1457 2017 1539 2072 his
1567 2019 1780 2087 scriptis
1811 2018 1862 2072 in
1892 2018 2086 2088 quibus
2121 2032 2210 2074 re-

617 2130 735 2170 rum
761 2112 994 2183 cognitio
1009 2112 1287 2183 quaeritur,
1313 2125 1419 2165 non
1446 2110 1735 2166 luculenta;
1753 2108 2013 2164 orationis
2033 2108 2205 2178 lepos,

620 2207 717 2263 sed
740 2209 1045 2274 incorrupta
1066 2205 1260 2261 veritas
1285 2204 1638 2276 exprimenda
1658 2211 1759 2259 est.
1787 2200 2048 2271 Quocirca
2071 2202 2208 2258 mul-

623 2312 732 2355 tum
765 2298 1058 2370 profecisse
1104 2297 1348 2364 videbor,
1388 2297 1434 2351 si
1456 2297 1806 2368 philosophia:
1839 2295 1991 2349 libris
2019 2295 2206 2350 Latina

617 2393 860 2448 oratione
881 2393 1191 2462 compositis
1220 2405 1312 2459 per
1333 2391 1690 2461 integerrimm
1715 2389 2078 2445 translationis
2099 2392 2209 2444 sin-

617 2489 918 2554 ceritatem,
953 2487 1084 2541 nihil
1117 2488 1166 2540 in
1195 2487 1502 2541 Graecorum
1533 2486 1724 2540 litteris
1751 2485 1983 2555 amplius
2004 2485 2210 2541 deside-

616 2588 784 2634 retur.
822 2579 886 2631 Et
908 2577 1160 2648 quoniam
1203 2579 1452 2632 humanis
1481 2577 1672 2632 animis
1696 2576 2207 2633 excellentissimum

617 2671 814 2724 bonum
848 2671 1202 2740 philosophia:
1227 2680 1599 2739 comparatum
1628 2680 1712 2727 est
1735 2713 1750 2738 ,
1805 2681 1859 2726 ut
1888 2672 1988 2726 via:
2016 2687 2083 2727 ex
2118 2671 2209 2725 filo

619 2762 848 2832 quodam
886 2762 1144 2831 procedat
1193 2762 1352 2829 ratio,
1384 2777 1449 2817 ex
1479 2765 1673 2818 anima:
1700 2764 1867 2834 ipsius
1903 2763 2210 2819 efﬁcientiis

614 2853 928 2909 ordiendum
943 2853 1266 2924 est.Triplex
1282 2855 1504 2910 omnino
1521 2856 1712 2911 animae
1731 2856 1810 2909 vis
1831 2857 1882 2910 in
1900 2854 2210 2925 vegetandis

615 2949 928 3016 corporibus
954 2945 1396 3016 deprehenditur.
1417 2947 1653 3014 Quarum
1680 2961 1784 3002 una
1804 2947 2022 3019 quidem
2043 2947 2208 3003 vitam

615 3043 854 3112 corporis
884 3040 1272 3106 subministrat,
1304 3049 1363 3094 ut
1395 3042 1667 3096 nascendo
1711 3051 1941 3111 crescat,
1988 3041 2210 3097 alendo-

2311 1738 2462 1793 tione
2501 1746 2768 1794 versatur.
2817 1740 2944 1796 Hmc
2976 1750 3177 1799 tantum
3207 1745 3442 1801 humano
3486 1750 3672 1819 generi
3706 1741 3915 1820 praesto

2312 1840 2416 1895 est,
2462 1846 2581 1900 qum
2633 1846 2738 1887 non
2766 1833 2941 1889 solum
2995 1849 3187 1893 sensus
3217 1839 3480 1910 imagines
3533 1844 3808 1911 perfectas
3864 1855 3920 1902 et

2312 1939 2419 1979 non
2451 1925 2751 1981 inconditas
2781 1928 2956 1997 capit,
3015 1929 3111 1984 sed
3156 1931 3317 1986 etiam
3350 1934 3512 2002 pleno
3554 1945 3684 1991 actu
3715 1937 3920 1994 intelli-

2310 2019 2506 2088 gentia:
2559 2019 2704 2089 quod
2753 2020 3065 2090 imaginatio
3114 2025 3420 2094 suggessit,
3468 2026 3709 2096 explicat
3753 2037 3922 2099 atque

2311 2111 2616 2166 conﬁrmat.
2637 2113 2852 2184 .ltaque,
2889 2121 2946 2168 ut
2974 2114 3174 2169 dictum
3204 2125 3308 2184 est,
3339 2115 3464 2171 huic
3483 2118 3686 2173 divinae
3712 2129 3920 2176 natura:

2311 2219 2416 2259 non
2440 2220 2500 2259 ea
2530 2212 2736 2260 tantum
2769 2207 2820 2260 in
2843 2205 3147 2290 cognitione
3177 2208 3453 2263 sufﬁciunt
3509 2225 3637 2281 quae
3668 2211 3919 2280 subjecta

2311 2302 2563 2356 sensibus
2579 2302 3008 2372 comprehendit,
3028 2317 3216 2358 verum
3241 2303 3404 2359 etiam
3422 2311 3478 2360 et
3501 2299 3918 2361 insensibilibus

2311 2394 2696 2464 imaginatione
2723 2404 3006 2464 concepta,
3050 2404 3105 2450 et
3130 2396 3445 2451 absentibus
3475 2397 3646 2453 rebus
3697 2401 3917 2455 nomina

2313 2490 2500 2545 indere
2523 2499 2728 2560 potest,
2758 2497 2813 2544 et
2837 2490 2982 2560 quod
3006 2491 3373 2562 intelligentia:
3423 2492 3637 2548 ratione
3668 2508 3917 2562 compre-

2315 2582 2520 2648 hendit,
2571 2583 2952 2638 vocabulorum
2981 2596 3197 2655 quoque
3224 2583 3580 2655 positionibus
3603 2585 3805 2655 aperit.
3843 2583 3916 2639 ll-

2314 2673 2405 2728 lud
2437 2685 2652 2744 quoque
2681 2674 2730 2728 ei
2775 2683 2983 2729 naturae
3015 2675 3290 2744 proprium
3321 2683 3426 2740 est,
3453 2684 3514 2728 ut
3562 2683 3661 2744 per
3703 2690 3766 2730 ea
3797 2689 3916 2743 quae

2313 2765 2414 2820 sibi
2447 2772 2571 2819 nota
2615 2773 2743 2819 sunt
2783 2764 2965 2834 ignota
2995 2767 3244 2836 vestiget,
3273 2774 3328 2821 et
3371 2767 3477 2821 non
3508 2766 3686 2820 solum
3716 2779 3914 2820 unum-

2316 2856 2566 2928 quodque
2585 2844 2660 2911 Ian
2695 2857 2785 2925 sit,
2811 2857 2908 2913 sed
2938 2858 3067 2927 quid
3098 2862 3169 2914 sit
3188 2859 3348 2914 etiam
3376 2866 3433 2913 et
3459 2858 3618 2928 quale
3660 2859 3760 2926 sit,
3789 2872 3917 2912 nec-

2319 2967 2425 3006 non
2455 2966 2551 3005 cur
2600 2950 2673 3004 sit
2697 2957 2851 3019 aptet
2891 2963 3205 3020 agnoscere.
3238 2950 3408 3015 Quam
3439 2950 3661 3018 triplicis
3721 2951 3917 3005 anima:

2315 3043 2424 3097 vim
2474 3042 2588 3096 sola
2638 3040 2913 3095 hominum
2945 3042 3030 3110 (ut
3076 3040 3276 3094 dictum
3331 3037 3437 3108 est)
3484 3050 3675 3092 natura
3723 3043 3914 3098 sortita

616 3148 718 3204 que
755 3132 1028 3188 subsistat.
1063 3131 1181 3186 Alia
1214 3145 1341 3186 vero
1377 3131 1644 3186 sentiendi
1688 3133 1950 3201 judicium
1981 3133 2205 3200 praebet.
2238 3132 2288 3194 B
2313 3145 2414 3190 est.
2441 3134 2608 3201 Cujus
2631 3134 2825 3187 animae
2845 3134 2929 3188 vis
2955 3133 3321 3202 intelligentiae
3343 3131 3574 3186 motibus
3596 3145 3707 3185 non
3736 3142 3914 3200 caret,

616 3226 794 3281 Tertia
823 3226 876 3280 vi
909 3223 1102 3279 mentis
1133 3232 1187 3277 et
1208 3222 1418 3277 ratione
1446 3223 1672 3277 subnixa
1704 3234 1805 3278 est.
1836 3227 2068 3290 Quarum
2091 3223 2208 3292 quia

619 3321 741 3376 dein
773 3319 956 3386 prima:
987 3319 1038 3372 id
1065 3316 1301 3370 ofﬁcium
1332 3327 1450 3384 est,
1482 3324 1541 3370 ut
1579 3316 1848 3381 creandis,
1881 3314 2207 3381 nutriendis,

622 3415 929 3482 alendisque
965 3411 1280 3482 corporibus
1304 3419 1498 3480 praesto
1528 3410 1619 3477 sit,
1654 3411 1860 3464 nullum
1889 3425 2019 3464 vero
2046 3409 2211 3465 ratio.

623 3511 704 3565 nis
733 3514 950 3577 praestet
974 3518 1230 3559 sensusve
1268 3503 1550 3572 judicium.
1587 3504 1708 3556 Haec
1737 3513 1914 3558 autem
1953 3512 2038 3558 est
2086 3504 2210 3558 her-

617 3605 806 3660 barum
857 3610 1015 3671 atque
1053 3599 1332 3665 arborum,
1366 3607 1421 3652 et
1451 3597 1708 3668 quidquid
1764 3607 1922 3653 terra:
1952 3597 2211 3653 radicitus

617 3697 833 3752 afﬁxum
869 3704 1102 3750 tenetur.
1128 3693 1378 3748 Secunda
1413 3708 1542 3747 vero
1562 3693 1857 3763 composita
1889 3702 2048 3763 atque
2076 3707 2210 3748 con-

616 3792 796 3861 juncta
835 3798 937 3854 est,
968 3797 1022 3841 et
1047 3786 1273 3854 primam
1305 3787 1406 3840 sibi
1441 3800 1661 3840 sumens
1687 3794 1744 3840 et
1772 3785 1823 3838 in
1847 3794 2053 3853 partem
2084 3800 2214 3841 cou-

618 3883 864 3948 stituens,
906 3879 1111 3934 varium
1159 3893 1223 3931 ac
1267 3876 1601 3933 multiforme
1639 3877 1899 3946 judicium
1946 3879 2107 3947 capit,
2144 3878 2214 3933 de

617 3977 810 4047 quibus
838 3988 1032 4043 capere
1056 3982 1251 4044 potest.
1277 3972 1449 4027 Omne
1475 3972 1618 4026 enim
1649 3973 1845 4027 animal
1877 3973 2018 4042 quod
2051 3988 2214 4029 sensu

617 4071 782 4139 viget,
809 4067 949 4122 idem
981 4074 1035 4120 et
1067 4066 1308 4121 nascitur
1346 4076 1398 4120 et
1439 4067 1674 4120 nutritur
1704 4076 1757 4121 et
1787 4066 1972 4123 alitur.
2007 4067 2214 4122 Sensus

618 4173 748 4218 vero
790 4157 989 4214 diversi
1035 4166 1162 4212 sunt
1189 4168 1243 4212 et
1284 4173 1455 4227 usque
1485 4158 1551 4211 ad
1579 4158 1883 4226 quinarium
1931 4175 2213 4215 numerum

621 4251 869 4308 tendunt.
916 4251 1100 4320 Itaque
1145 4248 1406 4320 quidquid
1439 4259 1643 4302 tantum
1677 4250 1857 4318 alitur,
1894 4265 2001 4305 non
2051 4253 2211 4306 etiam

618 4345 804 4410 sentit,
829 4341 1087 4414 quidquid
1110 4355 1240 4396 vero
1267 4341 1469 4395 sentire
1491 4350 1686 4410 potest,
1720 4342 1767 4394 ei
1799 4341 1972 4410 prima
2001 4358 2213 4412 quoque

619 4439 702 4493 vis
733 4436 949 4502 animat,
983 4433 1240 4501 nascendi
1274 4434 1484 4488 scilicet
1511 4442 1672 4502 atque
1714 4434 1985 4488 nutriendi
2017 4437 2213 4504 proba-

2315 3231 2440 3300 quia
2464 3230 2518 3284 in
2543 3228 2626 3282 his
2643 3234 2871 3298 quatuor
2896 3226 3126 3298 propria:
3155 3226 3261 3280 vim
3288 3224 3511 3280 rationis
3531 3234 3774 3281 exercet.
3808 3226 3914 3284 Aut

2313 3323 2458 3376 enim
2485 3319 2688 3390 aliquid
2716 3335 2783 3373 an
2815 3320 2886 3374 sit
2915 3318 3165 3387 inquirit,
3198 3325 3290 3372 aut
3334 3317 3378 3371 si
3425 3331 3548 3372 esse
3578 3318 3912 3386 constiterit,

2314 3413 2442 3482 quid
2473 3413 2544 3467 sit
2589 3410 2642 3466 id
2675 3410 2907 3466 dubitat.
2939 3410 3095 3477 Quod
3124 3412 3170 3465 si
3201 3410 3361 3465 etiam
3401 3410 3682 3480 utriusque
3733 3413 3912 3466 scien-

2319 3504 2445 3558 tiam
2475 3504 2684 3560 ratione
2731 3503 2995 3574 possidet,
3028 3503 3188 3573 quale
3236 3504 3310 3558 sit
3341 3502 3769 3574 unumquodque
3825 3520 3915 3559 ve-

2316 3598 2496 3669 stigat,
2521 3607 2682 3669 atque
2713 3598 2766 3653 in
2792 3613 2859 3654 eo
2889 3608 3084 3654 caatera
3105 3597 3463 3654 accidentium
3492 3613 3776 3653 momenta
3799 3614 3921 3668 per-

2317 3693 2499 3763 quirit,
2521 3694 2715 3763 quibus
2739 3694 2990 3763 cognitis,
3012 3708 3108 3749 cur
3130 3695 3200 3749 ita
3228 3695 3298 3750 sit
3324 3695 3603 3766 queritur,
3627 3705 3682 3749 et
3700 3694 3923 3751 ratione

2318 3785 2665 3840 nihilominus
2717 3786 2970 3857 vestigat.
3002 3785 3135 3841 Cum
3185 3785 3346 3857 igitur
3399 3785 3542 3841 actio
3591 3787 3661 3842 sit
3690 3786 3920 3846 humani

2317 3879 2508 3948 animi,
2536 3888 2593 3934 ut
2624 3894 2838 3950 semper
2866 3887 2960 3934 aut
2985 3879 3038 3934 in
3066 3881 3408 3950 praesentium
3441 3896 3618 3936 rerum
3661 3896 3916 3954 compre-

2318 3970 2599 4037 hensionc,
2633 3979 2726 4025 aut
2757 3971 2809 4026 in
2835 3971 3136 4026 absentium
3165 3970 3537 4041 intelligentia,
3561 3970 3727 4025 autin
3767 3976 3914 4043 igno-

2319 4072 2492 4117 tarum
2525 4063 2872 4134 inquisitione
2923 4072 3083 4132 atque
3123 4063 3436 4117 inventione
3467 4070 3748 4130 verSetur,
3808 4066 3912 4119 duo

2319 4166 2444 4210 sunt
2468 4156 2519 4209 in
2543 4157 2740 4225 quibus
2771 4169 2984 4210 omnem
3010 4169 3228 4224 operam
3259 4155 3340 4209 vis
3368 4154 3562 4209 animae
3584 4155 3911 4211 ratiocinan-

2320 4247 2386 4300 tis
2418 4247 2698 4315 impendit.
2723 4245 2896 4301 Unum
2921 4245 3161 4316 quidem,
3184 4255 3243 4299 ut
3269 4260 3448 4300 rerum
3480 4255 3703 4301 naturas
3727 4247 3909 4318 inqui-

2320 4340 2528 4394 sitionis
2556 4351 2700 4394 certa
2726 4341 2932 4395 ratione
2958 4351 3280 4412 cognoscat;
3318 4343 3543 4396 alterum
3576 4358 3726 4410 vero,
3755 4354 3816 4397 ut
3842 4343 3908 4398 ad

2319 4430 2595 4485 scientiam
2644 4431 2791 4500 prius
2832 4432 3012 4486 veniat
3059 4431 3202 4501 quod
3249 4443 3368 4502 post
3403 4434 3634 4503 gravitas
3688 4436 3908 4492 moralis

619 4539 705 4585 tur
747 4544 870 4585 esse
923 4527 1182 4598 subjecta.
1227 4525 1430 4592 Quibus
1465 4541 1599 4581 vero
1648 4541 1840 4581 sensus
1894 4529 2068 4593 adest,
2103 4542 2207 4582 non
2241 4534 2286 4596 (ζ
2319 4533 2586 4589 exerceat,
2615 4525 2809 4595 quibus
2860 4523 3194 4595 inquirendis
3224 4528 3491 4595 permulta
3529 4541 3651 4582 esse
3682 4542 3907 4584 necesse

619 4632 826 4678 tantum
855 4636 947 4677 eas
995 4636 1176 4675 rerum
1221 4620 1438 4690 capiunt
1475 4618 1700 4687 formas,
1729 4620 1921 4690 quibus
1967 4622 2206 4676 sensibili

619 4729 846 4785 corpore
891 4713 1159 4769 feriuntur
1203 4720 1510 4783 prazsente,
1553 4712 1645 4768 sed
1695 4713 1919 4769 absente
1975 4730 2211 4785 quoque,

619 4807 1070 4877 sensibilibusque
1099 4806 1351 4875 sepositis
1379 4814 1502 4860 ante
1538 4807 1870 4876 cognitarum
1916 4823 2076 4862 sensu
2109 4808 2215 4862 for-

620 4914 828 4955 marum
853 4898 1113 4967 imagines
1143 4905 1348 4961 tenent,
1373 4899 1796 4966 memoriamque
1819 4898 2134 4965 conficiunt,
2161 4910 2215 4954 et

621 5001 780 5062 prout
817 4989 1067 5062 quodque
1089 4991 1287 5045 animal
1319 4990 1484 5058 valet,
1522 4991 1730 5061 longius
1762 4992 2086 5062 breviusque
2119 5008 2212 5047 cu-

623 5085 805 5142 stodit.
839 5083 944 5140 Sed
975 5094 1069 5138 eas
1111 5084 1522 5154 imaginationes
1551 5083 1804 5140 confusas
1842 5095 2002 5154 atque
2042 5087 2214 5141 inevi-

625 5181 809 5236 dentes
833 5179 913 5236 sic
931 5187 1172 5246 sumunt,
1205 5187 1268 5233 ut
1298 5178 1432 5233 nihil
1460 5194 1525 5234 ex
1548 5194 1732 5234 earnm
1752 5179 2130 5249 conjunctione
2152 5195 2215 5235 ac

622 5271 1012 5344 compositione
1040 5270 1258 5327 efﬁcere
1307 5273 1535 5341 possint.
1570 5274 1744 5343 Atque
1789 5272 1991 5327 idcirco
2022 5273 2240 5327 memi-.

623 5367 769 5421 nisse
796 5364 1012 5436 quidem
1043 5371 1288 5434 possunt,
1319 5378 1418 5418 nec
1449 5378 1601 5434 reque
1625 5364 1826 5419 omnia.
1856 5364 2065 5419 Amissa
2083 5378 2210 5418 vero

625 5460 920 5524 oblivione,
975 5458 1237 5515 memoria
1311 5457 1628 5527 recolligere
1679 5473 1742 5512 ac
1792 5472 2048 5514 revocare
2103 5471 2208 5513 non

623 5562 867 5622 possunt.
891 5551 1080 5606 Futuri
1095 5566 1224 5606 vero
1247 5550 1330 5606 his
1352 5550 1496 5605 nulla
1517 5551 1754 5621 cognitio
1773 5561 1874 5606 est.
1895 5550 1999 5607 Sed
2018 5552 2210 5606 animae

623 5648 707 5702 vis
735 5647 889 5701 tertia
907 5662 1028 5716 quae
1049 5661 1232 5702 secum
1263 5647 1470 5716 priores
1492 5646 1670 5702 alendi
1696 5663 1756 5701 ac
1775 5646 2046 5702 sentiendi
2072 5647 2212 5702 vires

626 5739 809 5804 trahit,
828 5739 1016 5808 hisque
1043 5739 1189 5794 velut
1210 5738 1421 5793 famulis
1444 5747 1604 5809 atque
1626 5739 2000 5795 obedientibus
2022 5739 2207 5806 utitur,

626 5833 814 5889 eadem
847 5840 955 5885 tota
982 5830 1034 5884 in
1067 5833 1275 5888 ratione
1328 5835 1621 5888 constituta
1673 5840 1774 5898 est,
1825 5849 1994 5905 eaque
2045 5833 2129 5890 vel
2157 5834 2208 5889 in

633 5940 808 5984 rerum
837 5923 1179 5987 praesentium
1214 5926 1519 5983 ﬁrmissima
1542 5927 2015 5998 contemplatione,
2050 5929 2130 5985 vel
2155 5929 2207 5986 in

2317 4628 2420 4683 est,
2452 4633 2570 4688 quae
2610 4618 2962 4689 vestigantem
3009 4619 3246 4673 animum
3278 4635 3307 4673 a
3353 4621 3485 4675 recti
3539 4620 3749 4675 itineris
3795 4636 3902 4677 non

2321 4711 2598 4766 minimum
2630 4712 3002 4782 progressione
3025 4711 3314 4777 deducant,
3345 4713 3478 4767 utin
3511 4715 3694 4769 multis
3725 4715 3905 4771 evenit

2323 4806 2585 4873 Epicuro,
2618 4806 2707 4875 qni
2739 4805 2930 4862 atomis
2956 4806 3211 4861 mundum
3238 4815 3484 4862 constare
3516 4817 3697 4878 putat,
3726 4818 3780 4864 et
3807 4809 3906 4864 ho-

2321 4907 2528 4951 nestum
2580 4899 2821 4968 corporis
2867 4899 3139 4968 voluptate
3179 4899 3416 4955 metitur.
3453 4901 3578 4955 Haec
3604 4910 3781 4955 autem
3819 4901 3904 4955 id-

2317 4990 2462 5045 circo
2485 4990 2607 5045 huic
2636 5002 2796 5061 atque
2824 4991 2942 5044 aliis
2967 4992 3229 5046 accidisse
3257 4991 3595 5047 manifestum
3621 5000 3732 5058 est,
3765 5006 3900 5061 quo-

2318 5084 2460 5136 niam
2502 5099 2597 5153 per
2624 5084 2946 5151 imperitiam
2991 5085 3295 5155 disputandi
3323 5085 3576 5155 quidquid
3608 5085 3901 5141 ratiocina-

2318 5174 2461 5228 tione
2507 5175 3032 5246 comprehenderar‘it
3086 5177 3200 5231 haec
3255 5177 3306 5230 in
3356 5188 3444 5230 res
3494 5192 3709 5247 quoque
3755 5177 3899 5251 ipsas

2315 5274 2533 5328 evenire
2577 5273 2991 5329 arbitrabantur.
3023 5273 3118 5327 Hic
3149 5286 3279 5326 vero
3317 5279 3540 5342 m‘agnus
3571 5283 3654 5328 est
3692 5288 3848 5329 error
3882 5293 3896 5328 :

2316 5381 2490 5435 neque
2511 5366 2651 5421 cnim
2678 5381 2796 5422 sese
2825 5382 2912 5424 res
2933 5375 2990 5423 ut
3013 5368 3062 5422 in
3093 5365 3354 5428 numeris,
3382 5365 3450 5418 ita
3473 5366 3634 5420 etiam
3665 5368 3715 5422 in
3744 5370 3898 5424 ratio-

2314 5461 2671 5517 cinationibus
2700 5463 2902 5518 -‘habet.
2954 5461 3008 5511 In
3055 5462 3296 5516 numeris
3350 5463 3491 5517 enim
3533 5462 3792 5533 quidquid
3838 5464 3892 5519 in

2316 5556 2497 5628 digitis
2526 5565 2667 5613 recte
2697 5557 3057 5628 computanlis
3078 5556 3280 5624 evenit,
3313 5557 3366 5613 id
3389 5557 3508 5614 sine
3533 5557 3697 5613 dubio
3727 5558 3781 5613 iu
3809 5571 3894 5612 res

2315 5664 2524 5720 quoque
2556 5650 2697 5721 ipsas
2747 5665 2969 5705 necesse
2998 5658 3080 5704 est
3127 5649 3384 5705 evenire:
3415 5658 3470 5704 ut
3499 5650 3544 5705 si
3594 5664 3659 5705 ex
3688 5650 3894 5706 calculo

2315 5753 2528 5797 centum
2575 5759 2695 5799 esse
2723 5743 3029 5814 contigerit,
3058 5753 3270 5807 centum
3293 5759 3506 5816 quoque
3550 5760 3634 5798 res
3680 5745 3756 5798 illi
3790 5762 3892 5802 nu-

2316 5851 2465 5891 tnero
2511 5838 2778 5907 subjectas
2832 5851 2951 5892 esse
3001 5853 3222 5894 necesse
3276 5848 3357 5901 est
3395 5858 3408 5893 :
3453 5840 3551 5894 hoc
3596 5854 3728 5895 vero
3786 5857 3890 5896 non

2316 5946 2465 6001 atque
2495 5932 2547 5985 in
2578 5931 2935 6003 disputatione
2982 5943 3190 6000 servat;
3234 5947 3409 6003 neque
3457 5934 3600 5989 enim
3631 5935 3888 6006 quidquid
