4244 6254
288 360 363 415 ’15
1240 352 1308 409 IN
1345 349 1785 410 PORPHYBIUM
1826 347 2475 407 COMMENTARIORUM
2518 350 2645 408 LIB.
2692 352 2729 405 Ι.
3524 356 3597 410 Ὶι

292 488 625 534 sermonum
693 472 951 530 decursus
997 465 1308 537 invenerit,
1360 466 1413 521 id
1456 477 1644 520 natura
1692 479 1905 535 quoque
1930 466 1983 525 Α
2008 470 2191 533 partes
2221 471 2367 529 sunt,
2399 464 2521 533 quia
2551 464 2617 518 de
2647 464 2731 520 his
2762 464 3112 540 pliilosOphiae
3137 470 3247 525 sola
3280 477 3601 540 pertractat,

296 569 473 624 ﬁxum
505 577 741 623 tenetur.
768 566 940 634 Quare
964 576 1191 619 necesse
1210 570 1435 616 erateos
1462 558 1597 623 falli,
1629 556 1720 627 qui
1746 556 1895 625 abje«

300 672 389 715 cta
420 660 650 716 scientia
670 656 970 729 disputandi
996 655 1065 711 de
1086 669 1266 710 rerum
1285 664 1476 708 natura
1501 651 1898 721 perquirerent.

303 755 429 812 Nisi
458 756 601 810 enim
630 753 773 825 prius
801 752 865 805 ad
896 750 1177 807 scientiam
1204 747 1434 810 venerit,
1460 760 1581 816 quae
1609 743 1903 799 ratiocina-

311 848 392 904 tio
417 862 596 902 veram
623 853 801 900 teneat
825 840 1139 913 disputandi
1166 841 1435 906 semitam,
1475 853 1595 908 qua;
1634 835 1901 891 verisimi-

313 941 457 996 lem?
493 948 545 995 et
572 938 670 992 nisi
704 936 987 1007 agnoverit
1011 950 1129 1004 quae
1172 932 1273 986 ﬁda
1302 931 1474 1001 possit
1520 944 1664 996 esse,
1712 941 1901 999 quaeve

311 1042 578 1102 suspecta,
624 1045 805 1084 rerum
839 1029 1149 1096 incorrupta
1179 1025 1373 1079 veritas
1405 1040 1469 1077 ex
1493 1022 1902 1077 ratiocinatione

309 1142 414 1180 non
451 1131 629 1192 potest
656 1120 917 1177 inveniri.
938 1119 1070 1175 Cum
1113 1119 1274 1187 igitur
1301 1126 1513 1171 veteres
1542 1129 1687 1184 saepe
1718 1114 1903 1167 multis

304 1216 438 1285 lapsi
484 1212 784 1279 erroribus,
819 1212 950 1266 falsa
1008 1208 1251 1280 quaedam
1300 1218 1355 1263 et
1391 1206 1496 1261 sibi
1524 1206 1789 1261 contraria
1846 1206 1901 1260 in

306 1305 678 1376 disputatione
705 1303 1059 1375 colligerent,
1114 1311 1273 1369 atque
1303 1298 1355 1353 id
1403 1297 1516 1352 ﬁeri
1569 1294 1903 1366 impossibile

303 1402 602 1466 videretur,
648 1411 711 1455 ut
740 1400 808 1456 de
836 1399 1024 1455 eadem
1054 1412 1114 1452 re
1143 1394 1415 1451 contraria
1445 1393 1795 1451 conclusione
1826 1392 1905 1445 fa-

302 1506 415 1565 cta,
446 1505 677 1566 utraque
705 1502 888 1550 essent
914 1506 1041 1546 vera
1086 1505 1203 1560 quae
1233 1488 1338 1544 sibi
1382 1486 1710 1542 dissentiens
1741 1484 1900 1539 ratioo

304 1590 513 1646 cinatio
542 1586 917 1649 conclusisset,
958 1584 1110 1641 cuive
1137 1581 1536 1639 ratiocinationi
1564 1578 1711 1635 credi
1744 1592 1906 1649 opor-

307 1694 455 1740 teret
483 1696 627 1739 esset
654 1681 979 1752 ambiguum,
1015 1679 1186 1734 visum
1219 1686 1303 1732 est
1343 1675 1491 1745 prius
1519 1671 1904 1743 disputationis

309 1779 486 1847 ipsius
516 1790 806 1843 veramque
834 1774 1095 1844 integram
1127 1769 1476 1825 considerare
1504 1776 1774 1832 naturam,
1797 1779 1901 1837 qua

2005 566 2226 628 propter,
2245 558 2489 614 eamdem
2509 574 2725 614 causam
2748 563 2850 615 erit
2878 563 3051 633 lngiea
3071 565 3428 633 pliilosOphiae
3452 579 3598 634 pars,

2004 652 2258 719 quoniam
2306 652 2661 721 philoSOphite
2704 654 2807 708 soli
2860 654 2977 710 haec
3020 657 3325 726 disputandi
3377 657 3600 711 materia

2003 743 2247 810 subjecta
2294 752 2397 798 est.
2434 744 2508 798 Ita
2536 760 2665 799 vero
2694 744 3140 814 inquiunt:Cum
3191 749 3243 802 in
3298 748 3381 802 his
3432 748 3604 802 tribus

2006 834 2346 903 philosophia
2373 850 2623 891 versetur
2654 855 2666 891 :
2709 853 2938 908 cumque
2965 840 3193 893 activam
3223 851 3278 895 et
3306 842 3595 909 speculati-

2005 940 2127 980 vam
2159 926 2647 983 considerationem
2699 930 2941 999 subjecta
2975 930 3302 994 discernant,
3338 934 3479 1000 quod
3513 933 3600 987 illa

2006 1018 2075 1073 de
2122 1034 2302 1077 rerum
2336 1021 2562 1090 naturis,
2595 1022 2711 1077 hzec
2750 1024 2817 1076 de
2865 1022 3106 1077 moribus
3135 1022 3349 1091 qumrit,
3381 1024 3601 1079 dubium

2008 1126 2114 1167 non
2142 1121 2224 1167 est
2250 1114 2377 1182 quin
2406 1113 2576 1183 logica
2608 1113 2895 1183 disciplina
2919 1130 2947 1167 a
2979 1115 3203 1168 naturali
3230 1122 3390 1184 atque
3412 1116 3602 1168 morali

2007 1220 2119 1259 suae
2142 1208 2380 1261 materia:
2413 1207 2740 1276 proprietate
2782 1207 3031 1262 distineta
3060 1212 3149 1263 sit.
3180 1207 3391 1262 Etenim
3418 1206 3605 1275 logica:

2008 1305 2267 1352 tractatus
2322 1308 2404 1352 est
2448 1298 2515 1354 de
2571 1300 3030 1369 propositionibus
3072 1311 3231 1369 atque
3277 1299 3605 1371 syllogismis

2008 1401 2063 1446 et
2106 1392 2319 1446 caeteris
2350 1391 2678 1460 huiusmodi,
2711 1392 2853 1461 quod
2901 1407 3077 1462 neque
3108 1408 3170 1447 ea
3200 1408 3319 1462 quae
3373 1406 3478 1446 non
3536 1390 3606 1445 de

2007 1484 2288 1542 oratione.
2343 1482 2439 1537 sed
2491 1482 2558 1537 de
2610 1482 2773 1538 rebus
2818 1484 3147 1553 speculatur,
3206 1498 3381 1552 neque
3430 1482 3604 1537 activa

2008 1590 2153 1646 pars,
2177 1591 2297 1646 qua:
2315 1575 2379 1630 de
2403 1576 2643 1631 moribus
2672 1577 2930 1647 invigilat,
2955 1592 3111 1648 atque
3131 1586 3383 1647 praestare
3405 1586 3602 1645 potest.

2007 1669 2160 1737 Quod
2187 1670 2233 1725 si
2262 1670 2313 1724 in
2338 1669 2421 1725 his
2444 1670 2637 1736 tribus,
2662 1670 2714 1726 id
2742 1680 2825 1727 est
2870 1672 3221 1740 speculativa.
3243 1672 3413 1727 activa
3446 1680 3607 1742 atque

2011 1762 2263 1817 rationali
2294 1761 2630 1834 philosophia
2658 1763 2931 1833 consistit,
2983 1780 3102 1836 quae
3134 1767 3353 1836 proprio
3385 1767 3605 1836 triplici-

302 1840 517 1939 cisgnita
550 1878 660 1922 tum
694 1840 824 1921 illud
855 1840 1065 1936 quoque
1086 1863 1228 1934 quod
1259 1878 1353 1932 per
1378 1862 1798 1931 disputationem
1822 1861 1902 1914 in-
1933 1840 1981 1903 Β
2009 1872 2117 1927 que
2142 1872 2171 1909 a
2207 1871 2267 1912 se
2298 1858 2403 1913 ﬁne
2430 1856 2698 1927 dis-juncta
2748 1867 2907 1924 sunt,
2939 1874 3168 1929 cumque
3196 1861 3525 1929 speculativa
3553 1870 3606 1916 et

302 1962 603 2023 veniretur,
635 1974 702 2013 an
732 1974 919 2013 verum
946 1955 1395 2025 comprehensum
1417 1963 1582 2020 esset,
1614 1961 1797 2023 posset
1821 1953 1902 2006 in-

304 2054 492 2122 telligi.
532 2051 669 2121 Hinc
710 2048 951 2118 proiecta
985 2059 1064 2103 est
1093 2048 1254 2117 igitur
1285 2047 1473 2117 logicte
1503 2046 1694 2115 peritia
1736 2044 1904 2100 disci-

314 2148 475 2215 plina:
503 2159 623 2214 qua:
650 2142 958 2212 disputandi
997 2140 1187 2195 modos
1213 2149 1375 2209 atque
1414 2140 1561 2209 ipsas
1612 2139 1904 2193 ratiocina-

302 2240 477 2291 tiones
500 2246 556 2291 et
586 2234 988 2289 internoscendi
1016 2233 1130 2287 vias
1157 2241 1339 2302 parat,
1376 2239 1433 2285 ut
1462 2246 1582 2300 quae
1610 2230 1901 2284 ratiocina-

300 2332 378 2384 tio
404 2343 548 2383 nunc
572 2327 789 2396 quidem
816 2325 970 2392 falsa,
1005 2339 1148 2380 nunc
1169 2334 1345 2378 autem
1369 2338 1495 2378 vera
1529 2322 1606 2391 ﬁt,
1635 2338 1753 2393 qua:
1776 2337 1904 2378 vero

302 2438 517 2491 semper
549 2420 709 2485 falsa,
760 2435 880 2488 quae
928 2432 1200 2487 nunquam
1254 2416 1409 2478 falsa,
1442 2416 1611 2485 possit
1663 2414 1899 2486 agnosci.

304 2516 473 2583 Hujus
496 2523 680 2567 autem
701 2516 779 2567 vis
801 2511 993 2582 duplex
1018 2525 1139 2566 esse
1167 2509 1534 2581 perpenditur,
1558 2524 1663 2563 una
1686 2509 1901 2579 quidem

302 2610 358 2663 in
391 2605 767 2671 -inveniendo,
827 2605 993 2659 altera
1026 2604 1083 2658 in
1133 2603 1442 2673 iudicando,
1494 2603 1639 2672 quod
1694 2603 1904 2658 Marcus

304 2707 464 2760 etiam
489 2704 698 2758 Tullius
728 2702 782 2755 in
812 2716 878 2756 eo
907 2700 1050 2755 libro
1081 2700 1167 2755 cui
1192 2699 1391 2769 Topica
1423 2699 1612 2754 titulus
1652 2709 1757 2763 est,
1792 2698 1905 2754 evi-

306 2812 492 2855 uenter
526 2795 821 2868 expressit,
855 2795 1046 2851 dicens
1076 2811 1091 2849 :
1116 2793 1251 2849 Cum
1283 2792 1460 2848 omnis
1506 2794 1645 2847 ratio
1674 2792 1903 2864 diligens

310 2890 605 2947 disserendi
638 2890 776 2945 duas
802 2888 1000 2943 habeat
1029 2897 1231 2956 partes,
1267 2900 1425 2940 unam
1458 2885 1786 2954 inveniendi,
1826 2886 1904 2940 al-

312 2995 481 3040 teram
500 2982 798 3053 iudicandi,
824 2982 1102 3050 utriusque
1135 2984 1386 3050 princeps
1418 2981 1498 3050 (ut
1525 2979 1656 3034 mihi
1684 2979 1903 3050 quidem

308 3076 538 3147 videtur)
579 3073 905 3130 Arismtelcs
934 3072 1046 3126 fuit.
1084 3070 1256 3126 Stoici
1288 3081 1468 3126 autem
1492 3071 1544 3124 in
1588 3070 1756 3125 altera
1797 3070 1906 3124 ela-

301 3168 668 3231 boraverunt,
705 3164 979 3235 iudicandi
1018 3163 1161 3218 enim
1211 3163 1351 3218 viam
1383 3162 1669 3233 diligenter
1712 3179 1900 3233 perse-

300 3261 417 3314 cuti
449 3268 596 3323 sunt,
626 3223 744 3312 eam
769 3256 1048 3311 scientiam
1069 3269 1228 3324 quam
1246 3254 1568 3310 dialecticen
1596 3256 1902 3325 appellant:
1932 3223 1979 3288 c

302 3350 611 3408 inveniendi
636 3366 764 3405 vero
786 3356 957 3403 artem
984 3348 1311 3418 quretopice
1341 3347 1556 3415 dicitur,
1584 3349 1811 3420 quaeque
1836 3350 1901 3404 ad

303 3461 458 3501 usum
482 3448 662 3516 potior
683 3454 816 3505 erat,
848 3452 901 3497 et
930 3442 1120 3497 ordine
1148 3451 1352 3497 naturae
1380 3451 1531 3497 certe
1563 3443 1709 3511 prior
1737 3453 1903 3499 totam

303 3538 663 3609 reliquerunt.
693 3537 802 3591 Nos
824 3546 1001 3591 autem
1045 3535 1298 3606 quoniam
1325 3535 1380 3590 in
1425 3546 1651 3605 utraque
1695 3552 1906 3593 summa

302 3633 509 3687 utilitas
537 3640 651 3696 est,
683 3640 736 3685 et
765 3639 1043 3698 utramque
1069 3628 1115 3683 si
1137 3628 1243 3682 erit
1269 3626 1436 3682 otium
1473 3627 1724 3698 persequi
1755 3627 1905 3697 cogi-

302 3735 501 3790 tamus,
534 3723 603 3777 ab
650 3737 713 3777 ea
747 3736 863 3790 qua:
912 3721 1059 3791 prior
1087 3728 1190 3786 est,
1224 3718 1522 3773 ordiemur.
1556 3718 1688 3773 Cum
1741 3719 1905 3789 igitur

302 3829 487 3873 tantus
520 3818 677 3887 hujus
705 3815 1156 3871 considerationis
1210 3812 1419 3869 fructus
1464 3812 1557 3878 sit,
1603 3812 1779 3867 danda
1819 3822 1904 3869 est

304 3912 438 3965 huic
468 3921 573 3963 tam
609 3908 977 3964 solertissima:
1006 3906 1305 3977 disciplina:
1360 3914 1467 3961 tota
1499 3905 1698 3960 mentis
1728 3905 1905 3961 inten-

302 4003 413 4063 tio,
440 4010 500 4055 ut
519 4001 700 4068 primis
724 4000 947 4054 ﬁrmatis
972 4000 1026 4052 in
1055 3996 1364 4064 disputandi
1386 3997 1611 4052 veritate
1638 3997 1899 4066 vestigiis,

302 4093 468 4149 facile
500 4093 566 4145 ad
622 4107 799 4146 rerum
832 4091 1068 4161 ipsarum
1126 4098 1328 4144 certam
1360 4088 1904 4158 comprehensionem

302 4185 492 4239 venire
534 4185 822 4254 possimus.
878 4184 943 4236 Et
979 4180 1232 4252 quoniam
1281 4182 1368 4251 qui
1406 4180 1478 4236 sit
1519 4190 1672 4236 ortus
1715 4181 1903 4252 logica

301 4277 604 4347 disciplina:
638 4276 1004 4346 prazdiximus,
1040 4289 1162 4329 esse
1190 4274 1458 4343 reliquum
1481 4273 1693 4329 videtur
1713 4275 1904 4345 adjun-

302 4386 453 4440 gerc,
507 4386 574 4423 an
603 4368 824 4422 omnino
866 4367 1108 4438 quaedam
1140 4368 1210 4421 sit
1255 4382 1378 4437 pars
1422 4366 1799 4437 philosophia},
1833 4385 1900 4424 an

306 4462 726 4533 (utquibnsdam
752 4460 947 4531 placet)
985 4460 1226 4529 supellex
1270 4468 1431 4530 atque
1450 4460 1896 4529 instrumentum,

305 4572 403 4626 per
422 4555 563 4625 quod
589 4555 927 4624 philosophia
956 4555 1313 4624 cognitionem
1336 4569 1517 4609 rerum
1543 4564 1898 4626 naturamque

304 4650 699 4720 deprehendat.
733 4648 896 4716 Cujus
924 4648 1137 4719 quidem
1165 4649 1245 4705 rei
1273 4652 1367 4704 bas
1406 4651 1710 4706 eeontrario
1740 4652 1899 4708 video

303 4758 424 4798 esse
457 4743 777 4797 sententias.
812 4743 871 4796 ili
899 4742 1042 4796 enim
1067 4743 1154 4810 qui
1183 4751 1393 4811 partem
1420 4741 1780 4811 philosoxihite
1810 4760 1900 4815 pu-

305 4846 418 4890 tant
473 4836 699 4906 logicam
749 4834 1237 4890 considerationem
1287 4834 1371 4888 his
1415 4834 1527 4890 fere
1571 4837 1899 4906 argumentis

306 4926 806 4993 utuntur,dicentes
860 4925 1253 4996 phil050phiam
1298 4925 1665 4983 indubitanter
1699 4928 1898 4985 habere

304 5032 505 5090 partes,
562 5017 954 5089 speculativam
996 5026 1157 5089 atque
1190 5016 1437 5073 activam.
1473 5019 1548 5076 De
1598 5020 1698 5075 hac
1740 5022 1897 5077 tertia

303 5115 573 5182 rationali,
606 5113 661 5169 id
691 5123 773 5170 est
801 5114 995 5185 logica,
1027 5112 1283 5183 quaeritur
1310 5129 1377 5167 an
1420 5115 1487 5168 sit
1530 5116 1581 5169 in
1616 5126 1767 5184 parte
1799 5132 1895 5187 po-

305 5208 505 5273 nenda,
527 5205 620 5263 sed
649 5221 768 5263 eam
790 5221 1005 5277 quoque
1034 5216 1237 5277 partem
1269 5221 1389 5262 esse
1410 5207 1767 5278 ριιίιοδοριιίτε
1789 5224 1896 5265 non

305 5310 487 5370 potest
511 5302 761 5357 dubitari.
795 5300 930 5356 Nam
985 5302 1127 5356 sicut
1156 5300 1224 5356 de
1276 5303 1615 5358 naturalibus
1658 5304 1899 5360 caeteris-

305 5408 414 5463 que
443 5394 538 5448 sub
563 5392 892 5464 speculativa
926 5392 1119 5462 positis
1149 5392 1318 5449 solius
1352 5393 1706 5463 philoSOphiae
1734 5395 1896 5449 vesti-

302 5488 451 5556 gatio
477 5497 578 5555 est,
618 5486 856 5555 itemque
882 5484 949 5538 de
980 5484 1276 5539 moralibus
1319 5499 1381 5539 ac
1412 5484 1482 5539 de
1521 5486 1739 5555 reliquis
1777 5501 1896 5555 quae

303 5580 403 5635 sub
423 5580 656 5636 activam
685 5589 892 5649 partem
925 5577 1125 5632 cadunt
1153 5577 1268 5632 sola
1295 5576 1632 5646 philosophia
1661 5591 1897 5647 perpen-

303 5674 402 5741 dit,
449 5676 519 5730 ita
550 5690 767 5746 quoque
795 5674 862 5729 de
892 5674 995 5731 hac
1017 5683 1171 5745 parte
1203 5682 1417 5743 tractat,
1473 5673 1527 5728 id
1568 5683 1651 5728 est
1701 5673 1768 5728 de
1815 5673 1899 5729 his

302 5785 419 5840 qua:
446 5771 637 5842 logica:
682 5769 928 5838 subjecta
972 5779 1099 5823 sunt
1138 5769 1251 5824 sola
1282 5768 1620 5839 philosophia
1669 5767 1892 5839 judicat.

303 5864 452 5932 Quod
476 5867 521 5922 si
541 5863 871 5938 speculativa
903 5871 1062 5932 atque
1091 5866 1262 5918 activa
1306 5866 1506 5923 idcirco
1543 5863 1896 5936 philosophia:

760 5980 1028 6042 Panos.
1062 5980 1287 6043 LXIV.

2008 1950 2179 2004 activa
2214 1949 2566 2021 philosophia:
2594 1960 2775 2021 partes
2800 1967 2923 2008 esse
2952 1952 3222 2018 videntur,
3250 1968 3357 2007 non
3386 1953 3607 2007 dubium

2006 2051 2091 2097 est
2132 2042 2261 2112 quin
2310 2043 2591 2099 rationalis
2636 2060 2853 2115 quoque
2902 2044 3259 2115 philosomiiac
3312 2060 3438 2113 pars
3485 2059 3607 2099 esse

2008 2136 2381 2191 convincatur.
2409 2139 2510 2205 Qui
2542 2153 2670 2192 vero
2701 2153 2809 2192 non
2854 2148 3061 2208 partem
3081 2181 3096 2206 ,
3124 2139 3218 2192 sed
3252 2138 3608 2208 philosophia:

2006 2228 2425 2284 instrumentum
2455 2238 2665 2299 putant,
2700 2231 2816 2284 hare
2842 2229 2957 2284 fere
2987 2229 3221 2285 aﬁ‘erunt
3265 2241 3604 2299 argumenta.

2007 2321 2123 2377 Non
2156 2338 2278 2378 esse
2322 2323 2568 2393 inquiunt
2596 2324 2828 2378 similem
2855 2323 3042 2392 logica:
3070 2323 3229 2377 ﬁnem
3262 2324 3605 2393 spcculativm

2009 2426 2171 2486 atque
2196 2417 2386 2471 activa:
2440 2419 2606 2487 partis
2633 2427 2877 2472 extremo
2903 2434 2918 2471 :
2948 2428 3173 2488 utraque
3217 2417 3361 2472 enim
3395 2418 3607 2475 illarum

2011 2508 2076 2563 ad
2107 2524 2261 2564 suum
2291 2510 2564 2581 proprium
2598 2511 2886 2567 terminum
2911 2520 3141 2582 spectat,
3171 2511 3242 2566 ita
3285 2522 3339 2567 ut
3364 2513 3607 2584 specula-

2006 2602 2113 2656 tiva
2151 2603 2367 2671 quidem
2396 2619 2579 2660 rerum
2625 2605 3012 2676 cognitionem,
3044 2608 3217 2660 activa
3248 2622 3382 2661 vero
3426 2622 3607 2664 mores

2006 2704 2167 2764 atque
2196 2697 2436 2751 instituta
2464 2696 2726 2768 perﬁciat,
2767 2714 2938 2769 neque
2970 2698 3136 2754 altera
3161 2698 3396 2754 refertur
3436 2702 3499 2754 ad
3525 2701 3605 2755 al-

2007 2797 2204 2855 teram;
2237 2791 2426 2862 logicae
2466 2808 2594 2848 vero
2627 2792 2751 2847 ﬁnis
2783 2808 2905 2848 esse
2935 2808 3044 2847 non
3090 2802 3269 2863 potest
3295 2794 3607 2864 absolutus,

2005 2883 2100 2937 sed
2123 2884 2525 2954 quodammodo
2550 2901 2671 2939 cum
2705 2886 2927 2953 reliquis
2943 2886 3154 2941 duabus
3190 2888 3427 2956 partibus
3456 2889 3609 2943 colli-

2007 2984 2161 3044 gatus
2187 2988 2348 3045 atque
2389 2976 2713 3031 constrictus
2745 2984 2846 3031 est.
2874 2976 3010 3043 Quid
3038 2976 3182 3031 enim
3226 2987 3308 3032 est
3347 2979 3400 3031 in
3437 2981 3605 3049 logica

2006 3066 2286 3134 disciplina
2334 3068 2475 3138 quod
2522 3083 2621 3122 suo
2652 3068 2845 3123 merito
2874 3068 3070 3123 debeat
3100 3070 3296 3139 optari,
3330 3068 3431 3124 nisi
3463 3071 3607 3140 quod

2013 3170 2233 3230 propter
2279 3162 2743 3231 investigationem
2792 3178 2973 3217 rerum
3026 3162 3186 3234 hujus
3232 3163 3444 3220 ell’ectio
3473 3166 3607 3223 artis

2011 3250 2229 3307 inventa
2251 3253 2374 3308 est!
2396 3255 2549 3310 Scire
2570 3256 2712 3311 enim
2737 3257 3191 3327 quemadmodum
3212 3261 3607 3328 argumentatio

2011 3344 2384 3412 concludatur,
2406 3349 2489 3403 vel
2512 3364 2633 3419 qua:
2657 3363 2778 3403 vera
2799 3348 2886 3415 sit,
2911 3365 3033 3420 qua:
3052 3349 3382 3419 verisimilis,
3412 3351 3477 3407 ad
3507 3352 3608 3409 hoc

2012 3440 2214 3496 scilicet
2240 3443 2431 3512 tendit,
2457 3452 2517 3497 ut
2539 3443 2624 3498 vel
2646 3443 2713 3498 ad
2731 3443 3095 3514 cognitionem
3128 3460 3308 3501 rerum
3341 3446 3607 3504 referatur

2013 3533 2129 3588 haec
2161 3534 2427 3590 rationum
2459 3536 2704 3606 scientia,
2737 3539 2822 3593 vel
2849 3537 2917 3593 ad
2952 3538 3273 3594 invenienda
3310 3554 3370 3595 ea
3402 3556 3522 3612 qua:
3550 3542 3607 3598 in

2012 3628 2326 3683 exercitium
2348 3631 2688 3688 mortalitatis
2704 3631 2933 3687 adducta
2953 3633 3337 3688 beatitudinem
3367 3637 3605 3705 pariunt.

2010 3722 2184 3789 Atque
2212 3721 2331 3777 ideo
2372 3724 2624 3792 quoniam
2657 3724 3003 3795 speculativze
3029 3740 3190 3797 atque
3243 3726 3432 3784 activae
3475 3745 3606 3788 suus

2011 3822 2295 3885 certusque
2346 3814 2470 3870 ﬁnis
2500 3826 2583 3873 est
2611 3834 2625 3871 :
2660 3818 2848 3890 logica:
2896 3834 3077 3874 autem
3105 3820 3172 3876 ad
3200 3822 3334 3876 duas
3362 3823 3605 3895 reliquas

2012 3915 2191 3973 partes
2221 3907 2452 3963 refertur
2482 3916 2809 3977 extremum,
2846 3912 3184 3968 manifestum
3216 3926 3299 3968 est
3337 3931 3443 3971 non
3482 3932 3606 3974 eam

2008 4011 2130 4053 esse
2162 3998 2515 4069 philosophiae
2560 4010 2791 4074 partem,
2826 4005 2918 4057 sed
2948 4003 3127 4072 potius
3158 4006 3600 4065 instrumentum.

2010 4091 2147 4148 Sunt
2194 4109 2322 4148 vero
2360 4093 2515 4165 plura
2563 4110 2683 4165 qua:
2730 4112 2796 4150 ex
2841 4096 3099 4151 alterutra
3146 4105 3294 4164 parte
3326 4098 3600 4169 dicantur,

2005 4201 2235 4256 quorum
2262 4202 2359 4242 nos
2379 4203 2441 4243 ea
2471 4203 2591 4259 quae
2617 4190 2757 4245 dicta
2788 4198 2914 4246 sunt
2941 4190 3170 4247 Strictim
3217 4203 3434 4250 notasse
3456 4194 3604 4252 suill-

2004 4278 2133 4336 ciat.
2167 4282 2315 4338 Hanc
2344 4284 2490 4339 litem
2534 4299 2658 4341 vero
2689 4285 2779 4340 tali
2808 4286 3019 4342 ratione
3043 4287 3426 4343 discernimus.
3456 4288 3604 4346 Nihil

2004 4374 2199 4444 quippe
2225 4376 2455 4433 dicimus
2484 4377 2748 4448 impedire
2774 4390 2832 4434 ut
2862 4380 3050 4435 eadem
3086 4381 3252 4452 logica
3285 4383 3450 4452 partis
3480 4384 3600 4441 vice

2004 4465 2163 4520 simul
2190 4468 2641 4541 instrumentique
2669 4471 2920 4540 fungatur
2945 4473 3147 4529 ofﬁcio.
3172 4474 3433 4542 Quoniam
3454 4479 3601 4535 enim
3648 4485 3660 4498 ‘

2005 4560 2119 4629 ipsa
2147 4576 2301 4615 suum
2328 4566 2519 4619 retinet
2537 4564 2720 4630 ﬁnem,
2746 4565 2899 4632 isque
2922 4566 3042 4621 ﬁnis
3063 4582 3090 4618 a
3122 4567 3233 4619 sola
3260 4568 3601 4637 phil050phia

2004 4656 2396 4721 consideratur,
2432 4672 2552 4725 pars
2575 4657 2790 4725 quidem
2824 4657 3180 4724 philosophiae
3208 4672 3330 4712 esse
3353 4662 3601 4727 ponenda

2005 4758 2120 4813 est;
2165 4748 2416 4817 quoniam
2468 4763 2597 4802 vero
2623 4748 2743 4803 ﬁnis
2786 4748 2875 4803 ille
2919 4749 3104 4818 logica:
3134 4766 3293 4822 quem
3332 4753 3442 4808 sola
3474 4764 3601 4826 spe-

2004 4838 2213 4894 culatur
2244 4839 2603 4908 philosophia,
2635 4840 2700 4894 ad
2732 4839 2864 4895 alias
2896 4840 3013 4913 cjus
3042 4854 3221 4913 partes
3270 4860 3423 4902 suam
3465 4847 3606 4920 ope.’

2005 4951 2119 4990 ram
2154 4936 2456 5005 pollicetur,
2492 4937 2911 4994 instrumentum
2958 4955 3081 4997 esse
3106 4943 3460 5015 phil050phiac
3489 4960 3603 5002 non

2007 5047 2264 5102 negamus
2294 5050 2307 5087 :
2338 5044 2421 5088 est
2451 5044 2629 5089 autem
2660 5033 2780 5089 ﬁnis
2811 5034 2996 5106 logicte
3028 5036 3266 5093 inventio
3304 5039 3601 5107 judicium-

2003 5143 2106 5197 que
2134 5129 2433 5196 rationum;
2465 5129 2611 5201 quod
2634 5131 2852 5200 quidem
2882 5147 2989 5187 non
3012 5149 3134 5189 esse
3163 5135 3353 5188 mirum
3388 5133 3600 5188 videbi-

2004 5228 2110 5287 tur,
2152 5222 2295 5290 quod
2348 5220 2536 5278 eadem
2580 5236 2705 5292 pars
2744 5222 2931 5280 eadem
2964 5225 3230 5295 quoddam
3257 5223 3474 5294 ponitur
3514 5222 3602 5279 in-

2002 5323 2393 5379 strumentum,
2427 5314 2473 5368 si
2518 5314 2585 5369 ad
2613 5323 2794 5386 partes
2823 5317 3067 5387 corporis
3100 5316 3337 5371 animum
3368 5314 3596 5372 reduca-

2005 5419 2144 5469 mus,
2194 5406 2387 5474 quibus
2413 5415 2467 5459 et
2520 5404 2581 5459 ﬁt
2632 5406 2833 5477 aliquid
2871 5416 2928 5460 ut
2960 5406 3043 5461 his
3071 5407 3225 5476 quasi
3271 5406 3597 5478 quibusdam

2000 5497 2375 5553 instrumentis
2403 5506 2635 5564 utamur,
2678 5507 2735 5553 et
2763 5499 2816 5552 in
2847 5507 2962 5553 toto
3003 5510 3177 5554 tamen
3207 5514 3437 5571 corpore
3468 5516 3595 5571 par-
3678 5537 3681 5539 ›

2003 5590 2133 5644 tium
2165 5589 2410 5643 obtinent
2442 5589 2639 5645 locum.
2690 5589 2877 5644 Manus
2923 5591 3067 5646 enim
3111 5592 3177 5646 ad
3231 5594 3593 5666 tractandum,

2001 5682 2140 5735 oculi
2175 5682 2236 5734 ad
2275 5680 2584 5747 videndum,
2638 5690 2954 5751 czeteraaque
2983 5686 3224 5755 corporis
3255 5697 3437 5758 partes
3466 5704 3592 5758 pro-

2002 5773 2173 5840 prium
2215 5770 2483 5842 quoddam
2510 5772 2761 5830 videntur
2787 5774 3018 5833 ofﬁcium
3053 5778 3276 5836 habere.
3321 5780 3471 5849 Quod
3512 5789 3592 5835 ta-

2002 5879 2123 5919 men
2181 5864 2222 5918 si
2275 5863 2338 5918 ad
2374 5863 2533 5920 totius
2563 5866 2845 5925 utilitatem
2895 5871 3138 5943 corporis
3169 5872 3449 5938 referatur,
3504 5871 3589 5950 in:

3070 5984 3108 6045 3
