4244 6254
615 375 684 444 ‘75
1831 389 1940 445 AN.
1982 387 2188 444 MANL.
2233 387 2381 445 sev.
2425 388 2653 446 BOETll
3820 402 3889 460 7o

558 528 562 534 -
615 505 906 555 strnmenta
964 498 1204 569 quietiam
1251 499 1490 569 corporis
1538 511 1655 552 esse
1713 497 2190 568 deprehenduntur
2219 503 2271 562 Α
2297 507 2482 554 natura
2513 501 2710 569 speciei
2743 509 2868 558 ante
2889 501 3222 560 noscendum
3252 513 3352 562 est.
3385 506 3493 562 Nec
3522 523 3653 566 vero
3697 513 3749 567 in
3785 513 3890 572 hoc

613 607 733 661 qute
777 593 935 645 etiam
970 602 1147 659 partes
1191 607 1309 646 esse
1340 592 1514 644 nullus
1543 591 1810 644 abnuerit.
1849 592 1921 644 fta
1974 606 2188 661 quoque

612 681 781 748 logica
812 680 1090 748 disciplina
1123 695 1242 749 pars
1273 679 1514 748 quaedam
1544 681 1898 750 philosophiae
1917 691 2022 747 est,
2051 697 2188 750 quo-

613 770 753 823 niam
795 768 911 839 ejus
959 769 1292 840 philosophia
1335 771 1446 824 sola
1481 770 1729 840 magistra
1775 781 1876 826 est.
1933 774 2188 842 Supellex

610 876 740 915 vero
759 869 860 927 est,
890 861 1029 930 quod
1062 876 1154 928 per
1181 876 1296 916 eam
1320 862 1570 931 inquisita
1601 865 1796 916 veritas
1829 864 2188 934 philosophia:

610 951 918 1019 ves-ligatur.
945 951 1050 1006 Sed
1080 951 1348 1021 quoniam,
1368 962 1618 1022 quantum
1647 953 1775 1007 mihi
1807 955 2020 1023 quidem
2053 957 2188 1011 bre-

607 1042 745 1097 vitas
767 1043 1029 1097 succincta
1063 1042 1245 1112 largita
1273 1054 1376 1109 est,
1407 1056 1583 1098 ortum
1609 1045 1792 1114 logica:
1821 1055 1875 1100 et
1905 1047 2029 1116 quid
2073 1049 2188 1117 ipsa

609 1137 775 1201 logica
806 1143 949 1188 esset
977 1134 1268 1202 explicavi,
1310 1135 1546 1189 nunc'de
1585 1151 1650 1190 eo
1673 1137 1830 1190 nobis
1861 1137 1996 1192 libro
2019 1154 2184 1207 pauca

614 1228 837 1282 dicenda
861 1236 986 1280 sunt
1015 1242 1173 1294 quem
1203 1227 1253 1279 in
1298 1241 1535 1295 praesens
1559 1228 1883 1295 sumpsimus
1907 1242 1972 1283 ex
1986 1245 2188 1296 ponen-

606 1320 754 1373 dum.
785 1315 964 1370 Titulo
1004 1317 1143 1369 enim
1189 1316 1431 1384 proponit
1461 1317 1789 1386 Porphyrius
1831 1319 2186 1372 introducun-

606 1423 726 1463 nem
745 1423 803 1461 se
825 1409 876 1462 in
903 1406 1637 1474 Aristotelisfpraadicamenta
1662 1407 2024 1462 conscribere.
2049 1409 2187 1474 Quid
2214 1460 2218 1464 .

604 1514 735 1556 vero
756 1501 934 1554 valeat
961 1500 1075 1553 hac
1099 1496 1441 1562 introductio,
1474 1499 1557 1551 vel
1581 1497 1648 1551 ad
1674 1497 1796 1566 quid
1831 1498 2042 1552 lectoris
2075 1499 2190 1552 ani-

604 1607 748 1646 mum
780 1599 930 1659 paret
973 1589 1204 1652 breviter
1231 1588 1532 1656 explicabo.
1578 1588 1894 1642 Aristoteles
1923 1590 2065 1643 enim
2094 1590 2187 1659 qui

603 1684 675 1738 de
713 1683 899 1738 decem
931 1679 1358 1749 prmdicamentis
1404 1679 1715 1732 inscribitur
1743 1679 1934 1734 librum
1979 1681 2078 1734 hac
2105 1681 2187 1734 in-

569 1812 571 1814 -
605 1775 847 1828 tentione
895 1771 1218 1840 composuit,
1253 1779 1313 1828 ut
1365 1769 1599 1828 infinitas
1627 1785 1806 1824 rerum
1847 1769 2187 1826 diversitates

2292 602 2492 646 tantum
2527 596 2746 663 prodest
2773 599 2968 664 speciei
3001 603 3372 669 cognoscenda
3401 612 3607 668 natura,
3645 622 3711 662 ne
3740 608 3888 675 prio-

2291 699 2406 737 rum
2439 700 2692 754 generum
2722 688 2931 756 species
2962 690 3190 746 invicem
3245 704 3635 764 permutemus,
3669 713 3888 753 verum-

2290 775 2449 828 eliam
2483 787 2537 830 ut
2567 777 2619 830 in
2648 777 2834 832 eodem
2865 783 3105 848 quolibet
3131 797 3330 851 genere
3374 788 3645 852 proximas
3675 792 3887 856 species

2289 866 2510 922 cuilibet
2539 871 2721 936 generi
2752 875 3060 927 noverimus
3099 875 3319 944 eligere,
3360 888 3411 930 ut
3460 895 3524 933 ne
3572 881 3886 940 substantia:

2291 975 2413 1014 mox
2440 961 2634 1016 animal
2666 964 2904 1020 dicamus
2935 982 3056 1021 esse
3097 971 3329 1037 speciem
3371 974 3545 1039 potius
3575 990 3732 1043 quam
3765 990 3885 1030 cor-

2292 1073 2411 1126 pus,
2446 1069 2536 1113 aut
2585 1064 2829 1131 corporis
2859 1064 3130 1120 hominem
3175 1067 3352 1136 potius
3380 1086 3538 1139 quam
3587 1076 3878 1129 animatum

2290 1166 2503 1220 corpus.
2535 1152 2603 1206 At
2635 1171 2764 1209 vero
2795 1155 3214 1213 differentiarum
3248 1161 3468 1217 scientia
3515 1166 3564 1218 in
3595 1165 3677 1220 his
3708 1171 3885 1223 maxi-

2291 1260 2434 1298 mum
2478 1247 2674 1300 retinet
2723 1249 2919 1304 locum.
2952 1250 3050 1318 Qui
3085 1254 3227 1307 enim
3260 1257 3478 1310 omnino
3511 1259 3822 1323 qualitatem
3853 1277 3884 1317 a

2290 1333 2585 1389 Subslantia
2621 1338 2702 1393 vel
2730 1351 2923 1394 czetera
2967 1357 2994 1394 a
3027 1357 3084 1397 se
3130 1360 3327 1414 genera
3369 1347 3568 1402 distare
3600 1353 3885 1418 cognosci-

2291 1440 2430 1491 mus,
2462 1428 2563 1481 nisi
2612 1443 2797 1483 eorum
2848 1431 3180 1488 differentias
3211 1440 3557 1494 noverimus?
3605 1442 3886 1506 Quomodo

2291 1526 2468 1570 autem
2517 1517 2827 1575 discernere
2882 1537 3067 1577 eorum
3119 1523 3449 1581 differentias
3495 1544 3795 1598 possumus,
3839 1531 3886 1590 si

2291 1608 2417 1677 quid
2452 1611 2562 1676 ipsa
2595 1611 2668 1664 sit
2701 1611 3005 1667 differentia
3031 1618 3371 1672 nesciamus?
3399 1619 3506 1674 Nec
3539 1623 3679 1677 hunc
3708 1626 3882 1678 solum

2291 1702 2444 1754 nobis
2471 1702 2745 1757 inscientia
2775 1703 3091 1760 differentia:
3123 1707 3349 1761 infundit
3401 1725 3661 1777 errorem,
3696 1729 3884 1768 verum

2292 1793 2451 1848 etiam
2494 1795 2790 1863 specierum
2834 1811 3044 1864 quoque
3075 1799 3398 1854 tollitomne
3439 1803 3722 1869 judicium.
3749 1804 3885 1862 Nam

603 1879 724 1934 quae
748 1863 851 1919 sub
877 1861 1368 1961 scientiam-cadere
1398 1877 1504 1916 11οη
1526 1874 1774 1961 lpos-{emi
1806 1864 2072 1961 ῐξθυείίξηθ
2091 1878 2182 1933 Βθ·
2212 1869 2262 1934 Β
2289 1898 2476 1939 omnes
2507 1861 2710 1952 species
2742 1861 3033 1941 informant
3063 1888 3402 1945 differenlirc.
3439 1861 3683 1961 ignorata
3727 1861 3886 1949 diffee

603 1970 789 2011 nerum
816 1953 1316 2023 comprehenderet,
1341 1964 1498 2023 atque
1525 1953 1597 2009 ita
1624 1953 1676 2008 id
1705 1955 1843 2024 quod
1869 1970 1963 2024 per
1982 1956 2184 2009 incom-

605 2046 1022 2118 prehensibiletn
1053 2045 1444 2099 multitudinem
1491 2045 1589 2099 sub
1638 2045 1973 2116 disciplinam
1999 2047 2184 2101 venire

603 2155 709 2193 non
729 2146 956 2206 poterat,
983 2151 1074 2204 per
1098 2151 1353 2205 generum
1381 2136 1462 2206 (ut
1483 2135 1680 2190 dictum
1703 2141 1806 2207 est)
1837 2139 2180 2206 paucitatem,

602 2233 786 2288 animo
815 2232 967 2286 fieret
989 2230 1336 2298 scientiaeque
1357 2230 1679 2298 subjectum.
1701 2231 1894 2284 Decem
1917 2232 2072 2299 igitur
2093 2247 2184 2300 ge-

602 2339 730 2381 nera
761 2338 938 2379 rerum
970 2336 1093 2377 esse
1119 2321 1357 2375 omnium
1381 2319 1744 2374 consideravit
1769 2323 2106 2381 Aristoteles.
2131 2320 2182 2374 id

601 2425 680 2474 est
701 2429 861 2471 unam
892 2413 1245 2468 substantiam
1266 2421 1324 2465 et
1349 2409 1645 2466 accidentia
1676 2425 1890 2476 novem,
1917 2426 2036 2480 qua:
2059 2419 2186 2464 sunt

601 2508 851 2578 qualitas,
882 2506 1174 2574 quantitas,
1207 2503 1420 2568 relatio,
1449 2501 1563 2568 ubi,
1609 2502 1844 2570 quando,
1879 2504 2038 2567 situs,
2085 2503 2183 2556 ha-

602 2598 749 2665 bere,
791 2595 998 2661 facere,
1030 2605 1083 2649 et
1115 2595 1219 2663 pati
1251 2611 1264 2646 :
1300 2607 1420 2662 quae.
1465 2593 1718 2662 quoniam
1761 2608 1957 2662 genera
2002 2601 2184 2648 essent

602 2703 877 2759 suprema,
923 2694 980 2741 et
1020 2685 1210 2754 quibus
1254 2683 1456 2738 nullum
1489 2681 1633 2735 aliud
1677 2683 1964 2751 superponi
2015 2697 2183 2750 genus

602 2790 806 2852 posset,
836 2793 1048 2834 omnem
1081 2792 1302 2834 necesse
1329 2784 1415 2831 est
1456 2773 1854 2831 multitudinem
1883 2788 2063 2828 rerum
2089 2789 2184 2841 per

602 2875 793 2931 borum
816 2873 999 2926 decem
1031 2886 1288 2942 generum
1318 2871 1524 2938 species
1555 2867 1805 2923 inveniri.
1824 2868 1952 2935 Quae
1969 2866 2208 2936 quidem-

603 2981 798 3039 genera
824 2964 1072 3020 omnibus
1104 2977 1135 3017 a
1163 2977 1221 3018 se
1243 2961 1559 3017 differentiis
1582 2960 1866 3016 distributa
1905 2966 2050 3014 sunt.
2077 2960 2185 3012 Nec

603 3065 890 3136 quidquam
919 3062 1166 3118 videntur
1195 3061 1390 3115 habere
1415 3074 1700 3114 commune
1730 3061 1829 3115 nisi
1863 3069 2065 3114 tantum
2089 3072 2185 3112 no-

605 3172 750 3222 men,
783 3155 1035 3225 quoniam
1060 3151 1240 3206 omnia
1270 3165 1388 3206 esse
1417 3149 1794 3219 praedicantur.
1825 3151 2032 3218 Quippe
2059 3151 2184 3203 sub—

610 3247 806 3302 stantia
827 3254 930 3309 est,
957 3243 1186 3313 qualitas
1205 3252 1310 3307 est,
1337 3242 1606 3309 quantitas
1627 3249 1741 3306 est,
1769 3251 1823 3296 et
1849 3243 1913 3294 de
1929 3242 2050 3294 aliis
2070 3255 2184 3292 om-

607 3342 782 3394 nibus.
819 3336 910 3390 Est
931 3334 1154 3390 verbum
1185 3333 1540 3388 communiter
1568 3334 1911 3402 przedicatur,
1942 3334 2034 3388 sed
2083 3347 2186 3387 non

607 3449 900 3494 esteorum
933 3435 1232 3491 communis
1261 3450 1365 3489 una
1392 3435 1687 3489 substantia
1717 3433 1802 3488 vel
1850 3441 2060 3498 natura,
2093 3435 2186 3487 sed

608 3539 810 3585 tantum
843 3542 1038 3583 nomen
1067 3543 1084 3580 :
1116 3527 1295 3596 itaque
1339 3525 1525 3580 decem
1565 3541 1760 3595 genera
1791 3525 1859 3578 ab
1901 3524 2188 3579 Aristotele

609 3632 816 3690 reperta
847 3621 1093 3674 omnibus
1117 3633 1145 3672 a
1177 3633 1235 3673 se
1261 3617 1578 3672 differentiis
1601 3616 1884 3670 distributa
1917 3625 2062 3668 sunt.
2084 3616 2188 3668 Sed

609 3731 724 3786 qute
771 3712 1039 3783 aliquibus
1064 3712 1376 3766 differentiis
1405 3709 1808 3779 disiunguntur,
1863 3721 2084 3763 necesse
2108 3717 2193 3763 est

609 3816 665 3862 ut
686 3806 918 3861 habeant
944 3805 1211 3873 proprium
1237 3801 1509 3872 quiddam,
1539 3802 1678 3870 quod
1701 3816 1764 3856 ea
1791 3802 1842 3855 in
1866 3800 2188 3880 singularem

611 3899 1010 3968 solitariamque
1038 3896 1271 3952 vindicet
1300 3896 1548 3949 formam.
1583 3894 1701 3948 Non
1727 3905 1807 3948 est
1840 3902 2016 3947 autem
2049 3893 2190 3948 idem

610 3994 884 4062 proprium
917 3991 1056 4061 quod
1088 3991 1360 4046 accidens.
1395 3988 1704 4042 Accidentia
1733 3987 1876 4042 enim
1906 3995 1964 4040 et
2009 3986 2192 4040 venire

613 4101 666 4142 et
709 4087 899 4142 abesse
929 4094 1170 4153 possunt,
1200 4080 1414 4152 propria
1451 4094 1582 4134 vero
1612 4080 1683 4134 ita
1734 4090 1855 4134 sunt
1903 4079 2079 4142 insita,
2137 4087 2195 4132 ut

613 4183 816 4250 absque
848 4180 930 4232 his
975 4192 1200 4246 quorum
1246 4175 1458 4244 propria
1505 4182 1632 4227 sunt
1678 4187 1798 4227 esse
1829 4187 1932 4227 non
1963 4172 2189 4241 possim.

615 4275 743 4340 Quae
781 4285 902 4324 cum
945 4271 1016 4323 ita
1045 4269 1171 4332 sint,
1200 4281 1429 4335 cumque
1458 4265 1775 4318 Aristoteles
1801 4265 1986 4318 decem
2015 4277 2194 4320 rerum

615 4377 809 4433 genera
839 4362 1143 4427 reperisset,
1163 4371 1282 4427 qua;
1301 4357 1381 4410 vel
1412 4355 1759 4424 intelligendo
1782 4369 1932 4408 mens
1954 4365 2191 4423 caperet,

618 4457 704 4509 vel
745 4453 1012 4522 loquendo
1048 4450 1350 4518 disputator
1376 4446 1596 4502 efferret
1629 4446 1910 4518 (quidquid
1938 4446 2080 4500 enim
2111 4447 2194 4500 in-

615 4547 834 4602 tellectu
859 4542 1123 4612 capimus,
1155 4541 1204 4595 id
1235 4541 1302 4594 ad
1329 4540 1552 4593 alterum
1584 4553 1835 4594 sermone
1867 4537 2190 4608 vulgamus),

2289 1983 2459 2037 rentia
2487 1984 2692 2052 species
2715 2001 2928 2056 quoque
2957 2002 3177 2042 necesse
3203 1998 3282 2042 est
3312 1990 3568 2058 ignorari.
3601 1990 3886 2057 Quomodo

2287 2092 2414 2146 ergo
2443 2076 2560 2131 fieri
2586 2087 2762 2147 potest
2801 2088 2858 2132 ut
2909 2079 3203 2148 quamlibet
3230 2080 3585 2136 differentiam
3612 2084 3880 2151 possimus

2287 2184 2598 2238 agnoscere,
2626 2172 2670 2224 si
2699 2173 2919 2228 omnino
2942 2188 3060 2241 qua:
3087 2175 3159 2228 sit
3185 2175 3418 2228 nominis
3444 2176 3598 2244 hujus
3623 2177 3885 2246 significa-

2288 2263 2362 2317 tio
2391 2263 2736 2317 neseiamus?
2767 2262 2882 2316 Jam
2932 2280 3059 2318 vero
3085 2265 3286 2334 proprii
3319 2275 3496 2320 tantus
3529 2283 3656 2321 usus
3685 2276 3788 2333 est,
3825 2277 3885 2323 ut

2287 2354 2605 2409 Aristoteles
2673 2368 2888 2423 quoque
2942 2355 3273 2425 singulorum
3342 2356 3884 2424 praedicamentorum

2289 2444 2500 2514 propria
2547 2444 2912 2514 perquisierit,
2946 2459 3067 2514 qua;
3122 2447 3334 2514 prapria
3382 2463 3504 2502 esse
3530 2449 3651 2518 quis
3693 2450 3884 2520 depre-

2295 2535 2546 2590 henderit
2573 2545 2856 2604 antequam
2883 2536 3005 2604 quid
3031 2536 3251 2590 omnino
3278 2537 3348 2590 sit
3373 2541 3648 2607 proprium
3691 2541 3882 2598 discat.

2288 2628 2397 2684 Nec
2427 2629 2480 2682 in
2530 2629 2614 2682 his
2644 2637 2850 2681 tantum
2895 2630 3093 2696 proprii
3142 2629 3257 2684 haec
3309 2631 3541 2700 cognitio
3571 2633 3713 2686 valet
3757 2650 3876 2703 qua:

2287 2722 2510 2790 singulis
2561 2720 2864 2774 nominibus
2917 2719 3233 2788 efferuntur,
3269 2731 3324 2775 ut
3377 2722 3608 2778 hominis
3656 2726 3878 2793 risihile,

2287 2827 2473 2865 verum
2499 2813 2661 2866 etiam
2695 2812 2747 2866 in
2797 2813 2880 2866 his
2929 2829 3048 2882 qua
3083 2815 3134 2867 in
3165 2815 3339 2869 locum
3363 2815 3701 2872 diffinitioiiis
3730 2818 3882 2876 adlii-
3914 2879 3919 2889 ,

2279 2903 2503 2958 ‘bentnr.
2526 2902 2714 2956 Omnia
2741 2904 2881 2957 enim
2909 2907 3121 2972 propria
3153 2921 3265 2958 rem
3315 2908 3609 2970 subiectam
3644 2910 3881 2978 quodam
3973 2956 3980 2962 .

2290 2992 2521 3045 termino
2555 2990 2930 3060 descriptionis
2960 2991 3260 3058 includunt,
3294 2996 3436 3064 quod
3469 3011 3566 3050 suo
3591 2999 3713 3052 loci»
3740 3015 3876 3068 quo-

2289 3101 2393 3154 que
2446 3078 2802 3155 opportunius
2827 3086 3281 3139 commemorabo.
3316 3087 3620 3142 Accidentis
3671 3105 3884 3160 quoque

2289 3179 2520 3245 cognitio
2550 3188 2803 3246 quantum
2838 3175 3043 3242 afferat,
3094 3177 3210 3246 quis
3240 3178 3487 3234 dubitare
3523 3189 3704 3248 queat,
3759 3197 3882 3236 eum

2211 3251 2258 3314 ο
2292 3274 2464 3350 videat
2491 3275 2630 3327 inter
2654 3272 2840 3327 decem
2872 3270 3280 3340 prmdieamenta
3310 3286 3501 3325 novem
3539 3281 3722 3327 tenere
3749 3275 3884 3330 acci-

2293 3366 2468 3420 dentis
2497 3375 2710 3418 naturas
2735 3363 2757 3416 ?
2788 3363 2919 3431 Quae
2949 3363 3218 3433 quomodo
3253 3363 3545 3417 accidentia
3576 3378 3695 3417 esse
3721 3375 3877 3431 puta-

2294 3459 2486 3518 bimus,
2521 3458 2564 3511 si
2595 3458 2814 3512 omnino
2845 3455 2974 3523 quid
3001 3454 3073 3510 sit
3114 3454 3360 3509 accidens
3385 3456 3694 3525 ignoremus
3723 3457 3882 3512 ?eum

2299 3549 2595 3620 przcsertim
2629 3561 2730 3602 nec
2770 3545 3227 3613 differentiarum,
3269 3559 3367 3600 nec
3409 3546 3614 3616 proprii
3657 3548 3882 3627 scientia

2292 3640 2505 3710 cognita
2546 3639 2644 3706 sit,
2671 3639 2771 3693 nisi
2813 3637 3108 3693 accidentis
3141 3646 3382 3691 naturam
3420 3638 3724 3692 firmissima
3755 3653 3883 3694 conv

2293 3730 2616 3784 sidcratione
2648 3740 2930 3784 teneamus
2962 3744 2978 3795 ;
3013 3727 3126 3782 fieri
3159 3729 3297 3782 enim
3329 3737 3503 3797 potest
3548 3737 3606 3782 ut
3631 3728 3882 3784 differen-

2295 3822 2382 3875 tiae
2413 3821 2531 3875 loco
2561 3821 2646 3874 vel
2674 3821 2876 3890 proprii
2924 3835 3019 3887 per
3049 3819 3382 3873 inscientiam
3425 3820 3677 3875 accidens
3719 3835 3877 3890 appo-

2296 3923 2473 3978 natur,
2498 3913 2640 3984 quod
2668 3913 3052 3967 esscvitiosum
3081 3911 3240 3967 etiam
3265 3911 3613 3966 diffinitiones
3632 3914 3879 3981 probant,

2295 4019 2418 4074 qum
2445 4021 2566 4060 cum
2601 4006 2727 4074 ipsae
2745 4019 2808 4058 ex
2839 4004 3157 4059 differentiis
3184 4012 3520 4070 conStcnt,et
3539 4003 3668 4057 fiant
3694 4007 3877 4060 unius-

2293 4097 2556 4166 cujusque
2583 4095 2925 4150 diflinitioncs
2957 4097 3186 4164 propria:
3209 4135 3223 4159 ,
3271 4096 3521 4149 accidens
3557 4103 3734 4149 tamen
3769 4098 3878 4152 nOn

2296 4189 2544 4242 videntur
2571 4188 2874 4241 admittere.
2908 4187 3039 4240 Cum
3073 4187 3232 4255 igitur
3254 4186 3569 4240 Aristoteles
3596 4186 3778 4240 decem
3797 4201 3881 4240 re-

2296 4296 2414 4334 rum
2444 4294 2637 4349 genera
2666 4281 3004 4348 collegisset,
3048 4295 3165 4347 qua:
3196 4294 3477 4334 numerum
3512 4280 3749 4333 diversas
3778 4281 3878 4332 sub

2296 4385 2358 4425 se
2378 4370 2586 4438 species
2607 4371 2966 4444 continerent,
3011 4385 3128 4438 quae
3164 4369 3372 4438 species
3402 4384 3670 4438 nunquam
3701 4371 3880 4424 direr-

2298 4476 2372 4515 ste
2420 4460 2594 4514 forent
2639 4461 2740 4514 nisi
2791 4459 3110 4514 differentiis
3155 4469 3603 4529 segregarentnr;
3653 4478 3880 4532 cumque

2302 4555 2486 4609 omnia
2511 4555 2566 4608 in
2595 4555 2947 4607 substantiam
2991 4563 3151 4622 atque
3178 4554 3449 4615 accidens,
3477 4555 3722 4606 accidens
3756 4571 3878 4606 ter.)

614 4641 793 4697 evenit
814 4648 874 4693 ut
892 4637 957 4692 ad
982 4636 1172 4690 horum
1199 4634 1385 4690 decem
1431 4632 1967 4702 prmdieamentorur‘n
1992 4630 2191 4686 intelli-

2301 4645 2359 4699 in
2385 4644 2485 4698 alia
2526 4644 2938 4713 prmdicamenta
2994 4617 3282 4708 solvisset;
3315 4659 3542 4713 cumque
3578 4645 3876 4713 aliquorum

615 4733 848 4804 gentiam
876 4731 1113 4800 quinque
1142 4727 1332 4783 harum
1378 4741 1554 4789 rerum
1586 4735 1841 4782 tractatus
1873 4728 2191 4793 incurreret,

589 4822 821 4877 scilicet
842 4821 1079 4891 generis,
1117 4820 1340 4886 speciei.
1372 4817 1709 4884 differentiae,
1742 4818 1940 4886 proprii
1970 4827 2025 4871 ct
2047 4818 2188 4872 acci-

615 4913 812 4969 dentis.
846 4912 1072 4967 Generis
1099 4910 1337 4980 quidem,
1367 4909 1617 4977 quoniam
1649 4915 1862 4976 oportet
1888 4919 2012 4960 ante
2055 4922 2189 4975 pra:-

613 5010 823 5064 discere
842 5003 968 5074 quid
995 5005 1066 5056 sit
1091 5016 1279 5070 genus,
1316 5010 1370 5052 ut
1396 4999 1580 5053 decem
1613 4998 1699 5052 illa
1730 5014 1847 5066 qua:
1873 4999 2189 5053 Aristoteles

616 5099 829 5159 caeteris
855 5095 1157 5164 anteposuit
1187 5093 1347 5147 rebus
1380 5105 1576 5159 genera
1601 5104 1720 5144 esse
1742 5089 2006 5158 possimus
2027 5103 2194 5157 agno-

616 5208 790 5249 scere.
823 5188 1033 5260 Spcciei
1059 5200 1187 5241 vero
1223 5185 1454 5253 cognitio
1486 5183 1773 5252 plurimum
1797 5182 1967 5247 valet,
1997 5190 2053 5235 ut
2075 5196 2193 5250 qua:

616 5289 876 5357 cujusque
902 5281 1117 5354 generis
1161 5279 1232 5334 sit
1256 5279 1465 5348 species
1498 5277 1666 5345 possit
1694 5277 1931 5345 agnosci.
1962 5276 2018 5331 Si
2049 5277 2192 5330 enim

618 5387 746 5458 quid
773 5387 842 5440 sit
862 5383 1071 5453 species
1099 5381 1424 5450 ignoramus,
1454 5377 1586 5432 nihil
1627 5375 1848 5444 impedit
1872 5390 2057 5431 errore
2083 5385 2192 5431 tur-

614 5483 769 5548 bari;
801 5479 915 5537 fieri
961 5477 1104 5534 enim
1152 5483 1328 5546 potest
1370 5481 1428 5528 ut
1477 5488 1571 5541 per
1623 5472 1816 5540 speciei
1859 5471 2193 5525 inscientiam

620 5591 761 5643 sane
788 5573 1100 5645 quantitatis
1143 5569 1349 5639 species
1409 5570 1462 5622 in
1505 5567 1760 5621 relatione
1811 5578 2100 5633 ponamus,
2139 5575 2196 5618 et

619 5666 908 5736 cujuslibet
935 5663 1089 5733 primi
1131 5661 1343 5733 generis
1397 5660 1639 5730 species,
1706 5658 1860 5714 alteri
1905 5655 2193 5728 cujuslibet

616 5759 800 5828 generi
857 5759 1181 5822 subdamus,
1225 5762 1386 5822 atque
1447 5755 1518 5808 ita
1570 5753 1660 5806 flat
1710 5754 1961 5821 permista
2015 5763 2192 5803 rerum

615 5861 776 5920 atque
807 5847 1091 5903 indiscreta
1118 5843 1360 5899 confusio
1391 5863 1405 5897 :
1438 5844 1578 5912 quod
1617 5858 1684 5897 ne
1721 5843 1944 5908 accidat,
1976 5857 2094 5911 quae
2127 5842 2202 5896 sit

2301 4736 2843 4806 praedicamentorum
2885 4737 2954 4791 sit
2988 4737 3200 4804 propria
3235 4749 3564 4801 persecutus,
3598 4738 3664 4791 de
3695 4738 3776 4789 his
3799 4739 3880 4805 ip-

2299 4830 2378 4884 sis
2418 4830 2632 4901 quidem
2663 4832 3093 4900 przedicamemis
3137 4829 3318 4882 docuit
3350 4846 3362 4880 :
3397 4831 3523 4899 quid
3564 4846 3693 4885 vero
3733 4841 3877 4885 esset

2297 4938 2486 4993 genus,
2510 4924 2636 4993 quid
2666 4926 2894 4992 species,
2943 4923 3068 4991 quid
3091 4922 3411 4985 differentia,
3449 4923 3574 4992 quid
3605 4924 3732 4977 iliud
3782 4940 3877 4977 ac-
3917 4999 3936 5004 _

2300 5016 2503 5081 eidens,
2521 5018 2589 5070 de
2616 5033 2721 5084 quo
2748 5032 2889 5071 nunc
2907 5017 3188 5072 dicendum
3210 5024 3312 5081 est,
3331 5016 3412 5069 vel
3430 5017 3554 5086 quid
3576 5015 3872 5084 proprium,

2301 5108 2446 5162 velut
2473 5117 2595 5161 nota
2629 5109 2902 5175 praeteriit.
2934 5108 3010 5164 Ne
3041 5111 3203 5179 igitur
3231 5109 3294 5163 ad
3320 5109 3727 5178 prtedicamenta
3746 5108 3872 5161 Ari-

2301 5199 2511 5252 stotelis
2554 5202 2869 5267 venientes,
2918 5201 3045 5270 quid
3083 5200 3406 5270 signiﬁcaret
3453 5199 3873 5270 unumquodque

2300 5305 2486 5345 eorum
2534 5304 2652 5359 qua:
2689 5295 2933 5358 superius
2969 5292 3112 5345 dicta
3158 5302 3283 5346 sunt
3334 5293 3669 5362 ignorarent,
3731 5293 3875 5348 hunc

2300 5383 2493 5438 librum
2533 5382 2858 5451 Porphyrius
2885 5383 2952 5438 de
2986 5398 3169 5436 earum
3199 5384 3436 5454 quinque
3477 5398 3654 5440 rerum
3695 5388 3878 5454 εοεηὶ-

2302 5479 2450 5528 tione
2472 5476 2799 5541 perscripsit,
2835 5491 2940 5543 quo
2963 5483 3265 5543 perspecto,
3292 5485 3349 5532 et
3370 5477 3712 5533 considerato
3745 5477 3870 5547 quid

2304 5565 2720 5634 unumquodque
2774 5581 2954 5618 eorum
2993 5579 3112 5633 qua:
3153 5570 3499 5638 supraposuit
3539 5568 3870 5637 designaret,

2304 5658 2511 5712 facilior
2541 5659 2837 5713 intellectus
2857 5672 2917 5708 ea
2945 5672 3063 5724 qua:
3089 5659 3158 5712 ab
3175 5661 3464 5714 Aristotele
3495 5673 3874 5729 praeponeren-

2302 5760 2388 5804 tur
2415 5749 2735 5802 addisceret.
2788 5749 2908 5802 llaec
2952 5750 3165 5819 quidem
3200 5752 3425 5807 intentio
3445 5762 3526 5806 est
3564 5752 3720 5821 hujus
3751 5753 3871 5810 libri

2301 5854 2457 5909 quem
2483 5839 2810 5909 Porphyrius
2846 5842 2910 5896 ad
2943 5844 3387 5900 introductionem
3429 5845 3872 5912 praedicnmento-
