4244 6254
247 1055 309 1090 ολ*

376 365 445 419 77

379 578 688 647 scriptione
727 586 966 653 signavit.
996 587 1099 642 Sed
1143 590 1268 646 licet
1287 593 1351 645 ad
1376 594 1476 650 hoc
1508 578 1668 653 unum
1718 603 1873 673 hujus
1900 607 1965 661 Ii-

377 667 466 725 hri
504 672 771 729 referatur
799 679 1057 746 inti-min,
1103 698 1205 735 n0u
1256 694 1429 741 tamen
1471 690 1696 761 simplex
1738 710 1820 751 est
1851 702 1969 766 ejus

377 762 601 831 utilitas,
632 772 721 818 sed
741 771 1042 836 multiplex,
1077 783 1130 828 et
1162 774 1213 829 in
1248 780 1476 834 maxima
1493 799 1723 855 quaeque
1744 789 1962 857 diil'usa,

376 869 537 921 quam
571 859 705 913 idem
738 861 1069 935 Porphyrius
1095 869 1143 920 iit
1176 870 1439 940 principio
1462 875 1619 946 hujus
1654 880 1770 935 libri
1814 899 1966 939 com-

376 960 639 1002 memorat
669 950 874 1006 dicens.

440 1035 561 1089 Cum
589 1041 655 1091 sit
682 1047 1046 1112 necessarium,
1090 1047 1386 1122 Chrysaori,
1425 1066 1472 1109 et
1500 1060 1570 1111 ad
1596 1077 1706 1114 eam
1742 1081 1858 1132 quis
1888 1075 1993 1121 est.

361 1131 503 1192 apud
551 1131 876 1189 Aristotelem
921 1142 1428 1209 prmdicamcntorum
1475 1149 1759 1206 doctrinam
1810 1172 1960 1211 nosse

358 1220 482 1287 quid
510 1223 576 1274 sit
601 1241 782 1293 genus,
806 1229 931 1296 quid
962 1230 1271 1298 dilferentia,
1290 1238 1417 1307 quid
1440 1242 1652 1306 species,
1686 1246 1809 1312 quid
1839 1264 1959 1311 pro-

358 1311 550 1376 prium,
582 1325 628 1366 et
667 1317 796 1385 quid
833 1321 1090 1385 accidens,
1121 1333 1167 1374 et
1208 1327 1277 1377 ad
1325 1328 1685 1395 diﬁinitiouum
1727 1336 1959 1405 assigna-

358 1404 569 1468 tionem,
594 1418 640 1458 et
671 1413 875 1463 omnino
902 1414 969 1464 ad
998 1430 1057 1467 ea
1084 1431 1197 1483 qua!
1223 1419 1278 1470 in
1315 1421 1567 1477 divisione
1588 1437 1632 1479 et
1662 1428 1715 1480 in
1745 1431 1956 1486 demon-

355 1496 607 1550 stratione
646 1512 792 1561 sunt,
823 1504 936 1556 utili
968 1506 1180 1559 istarum
1224 1525 1393 1564 rerum
1440 1519 1786 1583 speculatione
1813 1538 1953 1576 com-

354 1588 661 1652 pendiosam
700 1593 791 1644 tibi
830 1597 1155 1651 traditionem
1202 1604 1418 1669 faciens,
1466 1609 1666 1661 tentabo
1717 1614 1949 1683 breuiter,

353 1678 495 1732 ralut
523 1682 917 1741 introductionis
951 1694 1134 1752 modo,
1176 1710 1234 1746 ea
1277 1711 1393 1764 qua:
1438 1700 1500 1750 ab
1541 1704 1767 1772 antiquis
1811 1708 1950 1762 dicta

1294 385 1361 444 IN
1394 387 1839 457 PORPHYRIUM
1879 403 2527 473 COMMENTARIORUM
2566 419 2692 477 LIB.
2737 424 2775 482 Ι.

375 496 499 536 rum
546 493 1004 562 seconscripsisse
1049 495 1161 564 ipsa
1200 498 1292 571 (ut
1324 501 1519 557 dictum
1549 508 1674 579 est)
1718 512 1854 567 tituli
1886 516 1965 570 in-
1994 523 2041 579 Δ
2071 518 2298 575 dicimus
2327 526 2390 578 ad
2430 526 2599 584 forum
2632 532 2698 586 de

348 1778 491 1830 sunt,
516 1778 727 1843 aggredi
742 1816 758 1837 ,
790 1780 857 1829 ab
879 1780 1147 1836 altioribus
1173 1788 1378 1854 quidem
1399 1792 1759 1857 questionibus
1784 1799 1945 1852 absti-

346 1873 493 1923 nens,
525 1864 861 1930 simplicia-res
890 1885 1008 1924 vero
1038 1876 1360 1930 mediocriter
1390 1884 1701 1951 conjectum.

416 1947 629 2007 Utilitas
656 1954 813 2024 hujus
837 1959 957 2013 libri
986 1966 1364 2031 quadrifariam
1390 1947 1659 2044 spargitur
1681 1997 1691 2029 :
1713 1994 1945 2053 namque

340 2052 390 2091 et
430 2043 494 2094 ad
535 2044 667 2099 illud
704 2051 770 2102 ad
826 2056 965 2118 quod
1007 2056 1127 2123 ejus
1169 2059 1417 2130 dirigitur
1462 2043 1690 2121 intentio
1745 2043 1942 2142 magno

338 2137 457 2189 usui
493 2138 792 2207 legentibus
816 2156 916 2207 est,
946 2158 1001 2201 et
1032 2150 1097 2202 ad
1128 2164 1321 2207 caetera
1356 2170 1473 2225 quae
1508 2174 1629 2213 cum
1660 2174 1807 2217 extra
1849 2167 1937 2220 in-

334 2232 629 2287 tentionem
658 2237 789 2299 sint,
824 2256 931 2295 nun
981 2253 1156 2298 tamen
1198 2249 1375 2304 minor
1410 2269 1472 2306 ex
1513 2255 1596 2309 his
1638 2259 1935 2325 legentibus

334 2323 539 2378 utilitas
564 2343 927 2397 comparatur.
980 2337 1071 2390 Est
1100 2340 1242 2394 enim
1270 2358 1366 2407 per
1399 2345 1501 2400 hoc
1528 2354 1844 2415 opusculum
1876 2367 1933 2411 et

330 2416 875 2483 praedicamentonim
924 2427 1090 2482 facilis
1138 2435 1395 2501 cognitio,
1440 2450 1494 2491 et
1542 2442 1925 2503 diftinitionum

331 2509 532 2579 integra
562 2515 876 2583 assignatio,
904 2530 956 2573 et
986 2522 1309 2581 divisionum
1342 2540 1483 2583 recta
1513 2538 1840 2604 perspectio,
1874 2550 1931 2595 et

328 2599 852 2663 demonstrationum
913 2614 1253 2668 veracissima
1306 2621 1604 2676 conclusio.
1664 2628 1792 2693 Quae
1839 2646 1931 2686 res

330 2704 526 2760 quanto
570 2699 821 2755 difﬁciles
869 2715 1031 2773 atque
1074 2708 1251 2761 arduae
1292 2720 1436 2780 sunt,
1474 2726 1622 2769 tanto
1649 2722 1923 2791 perspica-

327 2783 531 2837 ciorem
559 2790 1050 2863 studiosioremque
1074 2800 1310 2855 animum
1344 2804 1559 2859 lectoris
1584 2823 1919 2877 exspectant.

331 2875 615 2934 Dicendum
636 2899 765 2937 vero
788 2897 869 2939 est
892 2890 1031 2953 quod
1053 2891 1103 2943 in
1129 2894 1377 2947 omnibus
1401 2897 1551 2951 libris
1569 2902 1767 2956 evenit.
1786 2905 1918 2960 Nam

328 2969 551 3035 primum
581 2976 624 3027 si
652 2992 773 3042 quae
798 2980 862 3030 sit
897 2980 1125 3035 intentio
1151 3000 1530 3054 cogtht-atur,
1557 2968 1751 3061 quanta
1783 3014 1917 3067 quo-

322 3079 425 3129 que
472 3068 672 3122 utilitas
717 3072 845 3125 inde
893 3079 1175 3142 provenire
1229 3084 1396 3149 pOSsit
1446 3090 1817 3156 perpenditur,
1859 3101 1913 3147 et

315 3156 449 3209 licet
468 3171 619 3214 extra
643 3165 811 3217 multa
832 3167 915 3232 (ut
940 3168 1016 3237 tit)
1044 3169 1346 3239 lmjusmodi
1374 3177 1567 3231 librum
1594 3193 1911 3254 sequantur,

311 3258 498 3305 tamen
544 3256 684 3308 itlam
731 3261 975 3326 proxime
1011 3264 1292 3318 utilitatem
1346 3270 1557 3324 videtur
1587 3272 1803 3341 habere,
1839 3276 1907 3331 ad
1933 3271 1981 3332 C
2014 3294 2121 3353 tur,

309 3343 459 3408 quod
489 3344 609 3412 ejus
637 3347 1137 3419 referturintentio,
1176 3360 1290 3425 ipso
1314 3360 1449 3413 libro
1478 3379 1633 3432 quem
1666 3368 1905 3434 sumpsi-

312 3450 435 3488 mus
466 3449 803 3504 exponentis;
836 3455 956 3496 cum
998 3444 1116 3513 ejus
1147 3448 1369 3503 intentio
1418 3454 1480 3503 sit
1533 3454 1597 3507 ad
1645 3459 1904 3523 prmdica-

305 3539 489 3583 menta
523 3531 853 3588 inteilecmm
900 3538 1105 3592 facilem
1145 3546 1511 3612 comparandi,
1541 3564 1649 3601 non
1681 3552 1901 3607 dubium

304 3628 391 3671 est
419 3623 547 3691 quin
579 3625 695 3679 haec
739 3628 857 3690 ejus
904 3632 1211 3701 principalis
1244 3638 1497 3701 probetur
1528 3641 1747 3703 utilitas,
1778 3643 1904 3699 licet

305 3727 413 3764 nou
466 3715 703 3770 minores
750 3720 865 3773 sint
899 3723 1125 3777 comites
1172 3726 1440 3791 diliinitio,
1473 3730 1666 3785 divisio
1703 3750 1766 3787 ac
1808 3736 1900 3791 de-

306 3807 645 3861 monstratio.
722 3810 961 3876 Quorum
1012 3815 1167 3869 nobis
1210 3820 1453 3885 quadam
1506 3823 1591 3876 hic
1640 3826 1901 3895 principia

301 3908 682 3965 suggeruntur,
717 3917 910 3957 sensus
959 3922 1086 3961 vero
1134 3909 1438 3979 hujusmodi
1486 3917 1763 3973 est.:Cum
1791 3920 1893 3987 sit,

301 3986 497 4055 inquit,
546 3992 690 4045 utilis
731 3997 975 4062 generis,
1012 4002 1230 4063 speciei,
1281 4003 1615 4076 dill’erentire,
1664 3986 1891 4080 proprii,

297 4079 697 4151 accidentisque
731 4089 968 4152 cognitio
1002 4089 1065 4141 ad
1124 4093 1537 4160 prmdicamenta
1589 4079 1893 4158 Aristotelis

296 4171 521 4242 ejusque
543 4173 863 4240 doctrinam,
884 4180 950 4232 ad
980 4181 1360 4239 difﬁnittonum
1390 4187 1550 4241 etiam
1574 4191 1893 4261 assignatio.

297 4276 439 4323 nem,
474 4265 540 4317 ad
568 4266 891 4321 divisionem
925 4282 981 4323 et
1008 4273 1072 4323 ad
1100 4273 1631 4342 demonstrationem,
1666 4286 1785 4351 quia
1818 4287 1891 4340 sit

296 4353 483 4409 harum
524 4372 706 4411 rerum
747 4362 891 4415 utilis
935 4364 1313 4434 uberrimaque
1351 4370 1606 4435 cognitio,
1632 4388 1888 4443 compen-

294 4448 523 4515 diosam,
555 4453 747 4521 inquit,
784 4458 1129 4511 traditionem
1158 4460 1377 4525 faciens,
1410 4477 1473 4516 ea
1506 4481 1624 4532 qum
1652 4468 1719 4521 ab
1747 4471 1887 4523 auti-

293 4541 409 4609 qttis
458 4542 605 4610 large
652 4560 717 4598 ac
761 4546 954 4601 diffuse
1012 4550 1152 4604 dicta
1206 4561 1333 4606 sunt
1380 4559 1598 4610 tentabo
1651 4559 1885 4616 breviter

292 4636 521 4702 aperire.
555 4637 737 4705 Neque
768 4639 911 4693 enim
956 4652 1101 4697 esset
1129 4648 1531 4712 compendiosa,
1575 4651 1674 4703 nisi
1711 4663 1877 4709 totum
1904 4651 1958 4712 D

291 4740 422 4794 opus
453 4727 713 4783 brevitate
755 4733 1166 4802 constringeret.
1222 4738 1289 4791 Et
1331 4741 1584 4806 quoniam
1626 4746 1873 4800 introdu-

290 4820 517 4872 ctiooem
539 4822 831 4889 scribebat,
856 4823 1101 4889 altiores,
1124 4830 1317 4897 inquit,
1336 4835 1661 4900 qumstiones
1683 4847 1876 4903 sponte

289 4914 564 4981 reiagiam,
595 4920 954 4986 simpliciores
997 4938 1125 4977 vero
1155 4926 1497 4983 mediocriter
1535 4931 1869 5001 conjectabo,

290 5008 335 5061 id
362 5022 442 5062 est
471 5013 863 5079 simpliciorttm
890 5018 1246 5083 quastionum
1275 5022 1652 5081 obscuritatem
1689 5026 1871 5086 habita

290 5098 334 5149 in
373 5101 453 5153 eis
490 5104 723 5170 quadam
783 5109 1113 5176 conjectum
1156 5115 1561 5171 ratiocinatione
1608 5122 1867 5177 tractabo.

287 5197 416 5251 Tota
458 5204 670 5271 quidem
723 5209 992 5262 sententia
1044 5210 1417 5279 hujuscemodi
1471 5222 1716 5284 prooemii
1749 5224 1870 5279 talis

286 5300 520 5361 est,qu12
545 5307 592 5349 et
629 5298 864 5353 utilitate
889 5300 1157 5356 uberrima
1188 5312 1245 5359 et
1275 5306 1529 5363 facilitate
1563 5310 1869 5379 incipientis

284 5382 459 5435 animo
499 5386 821 5444 blandiatur.
857 5390 965 5447 Sed
995 5393 1284 5450 dicendum
1327 5408 1411 5453 est
1440 5402 1697 5469 quidnam
1728 5407 1868 5464 celet

284 5478 503 5546 amplius
531 5480 760 5533 altitudo
802 5498 1132 5540 sermonum.
1186 5490 1557 5545 Necessarium
1590 5494 1642 5547 iu
1675 5494 1865 5552 Latino

286 5580 541 5635 sermone,
572 5573 712 5625 sicut
742 5575 805 5627 in
829 5574 1018 5632 Greco
1047 5581 1339 5651 ἀναγκαῖον,
1388 5583 1537 5649 plura
1580 5587 1862 5654 signiﬁcat.

289 5659 488 5716 Diversa
521 5666 667 5719 enim
693 5667 1087 5738 signiﬁcatione
1132 5674 1340 5729 Marcus
1369 5676 1574 5730 Tullios
1616 5679 1741 5734 dicit
1772 5698 1865 5738 ne-

284 5756 558 5809 cessarium
603 5771 758 5812 suum
807 5774 925 5815 esse
965 5763 1197 5833 aliquem
1237 5776 1395 5837 atque
1437 5779 1695 5824 nostrum.
1732 5772 1860 5829 Item

284 5850 631 5903 necessarium
657 5850 908 5920 dicimus,
940 5863 997 5909 ut
1016 5870 1139 5913 cum
1167 5861 1526 5915 necessarium
1554 5878 1675 5919 esse
1708 5866 1861 5924 nobis

3594 447 3663 501 78

2703 538 2984 607 scandere,
3032 562 3131 614 qua
3166 550 3217 603 in
3250 567 3378 609 roce
3415 560 3660 628 quaedam

2074 612 2273 667 utilitas
2300 619 2651 685 signiﬁcatur.
2708 629 2823 684 Alia
2855 612 3067 705 quoque
3098 612 3524 711 signiﬁcatiolest
3554 671 3660 724 qua

2076 703 2245 724 A.,-,___
2405 712 2418 724 .

2983 703 2989 705 ν
3148 703 3174 711 υ
3558 703 3660 724 ,ν-

2070 703 2297 760 dicimus
2339 712 2506 766 solem
2551 731 2911 778 necessarium
2952 744 3069 782 esse
3113 740 3337 803 moveri,
3368 743 3416 795 id
3448 755 3529 798 est
3564 763 3661 803 ue-

2065 888 2320 946 mittenda
2366 907 2469 965 est,
2517 904 2737 957 omnino
2783 911 2925 963 enim
2964 914 3035 965 ab
3061 929 3128 968 eo
3166 926 3470 978 necessario
3512 931 3655 997 quod
3722 954 3727 959 λ

1964 990 1971 999 '
2064 979 2150 1033 hic
2190 980 2523 1056 Porphyrius
2564 998 2714 1062 ponit
2758 1000 2931 1055 aliena
2966 1014 3068 1059 est.
3116 1008 3207 1062 ila:
3246 1027 3375 1067 vero
3405 1017 3524 1072 dua:
3557 1020 3657 1074 Ιιυ-

2059 1068 2293 1137 jusmodi
2316 1089 2460 1146 sunt,
2479 1091 2537 1136 ut
2561 1085 2705 1142 inter
2725 1104 2785 1145 se
2805 1103 3014 1150 certare
3036 1098 3319 1158 videantur
3355 1122 3477 1176 quae
3499 1111 3655 1177 hujus

2060 1162 2161 1218 loci
2210 1168 2446 1227 obtineat
2491 1177 2960 1252 signiﬁcationem,
2990 1188 3042 1242 in
3091 1208 3198 1261 quo
3242 1196 3365 1251 dicit
3409 1197 3654 1277 Porphy-

3110 1256 3121 1261 -
3520 1256 3529 1271 Ι
3576 1256 3611 1277 ⁷δ

2060 1256 2170 1309 rius
2197 1276 2211 1310 :
2238 1259 2370 1316 Cum
2421 1267 2491 1322 sit
2536 1278 2923 1345 necessarium,
2956 1279 3275 1353 Chrysaori,
3303 1305 3531 1361 namque
3561 1298 3655 1366 (ut

2065 1346 2108 1366 Δΐ
2125 1358 2180 1366 -.γ
2376 1363 2384 1366 -
2407 1354 2419 1366 ‘

3070 1346 3085 1353 -
3265 1346 3273 1353 .
3448 1346 3481 1361 .7
3563 1346 3653 1366 ι--

2058 1346 2258 1404 dictum
2307 1354 2425 1425 est)
2474 1368 2834 1421 necessarium
2877 1382 2929 1425 et
2958 1375 3238 1432 utilitatem
3290 1382 3554 1450 signiﬁcat
3596 1398 3653 1442 et

2058 1446 2455 1502 necessitatem.
2480 1451 2744 1512 Videntur
2774 1471 2949 1517 autem
2977 1466 3101 1523 huic
3128 1472 3247 1525 loco
3273 1484 3501 1545 utraque
3520 1493 3651 1533 con-

2054 1548 2265 1599 gruere.
2296 1539 2425 1595 Nam
2458 1553 2512 1599 et
2540 1561 2751 1605 summe
2780 1555 2907 1610 utile
2944 1569 3027 1613 est
3057 1562 3121 1615 ad
3152 1578 3216 1617 ea
3247 1582 3367 1634 qum
3398 1575 3648 1637 superius

2055 1624 2192 1678 dicta
2219 1638 2344 1683 sunt
2375 1632 2441 1688 de
2476 1651 2673 1705 genere
2705 1653 2758 1697 et
2793 1650 2973 1715 specie
3007 1662 3063 1705 et
3102 1658 3312 1711 caeteris
3344 1660 3643 1729 disputare.

2052 1728 2105 1772 et
2141 1736 2346 1780 summa
2393 1739 2476 1783 est
2525 1737 2843 1806 necessitas,
2890 1744 3011 1811 quia
3060 1748 3160 1803 nisi
3208 1753 3314 1807 sint
3364 1756 3479 1812 haec
3516 1768 3644 1814 ante

2052 1820 2370 1887 praecognita
2394 1863 2407 1884 ,
2440 1822 2525 1878 illa
2558 1827 2624 1880 ad
2653 1844 2771 1899 qua:
2802 1834 2901 1889 ista
2935 1852 3332 1909 prmparantur,
3369 1861 3472 1903 nco
3513 1866 3644 1920 pos-

2670 1894 2683 1899 _
2937 1894 2949 1905 _
3052 1894 3063 1909 ,
3203 1894 3332 1909 πη,
3369 1894 3472 1903 -,,,,
3514 1894 3642 1920 γη-

1972 1894 2021 1955 Β
2047 1917 2169 1959 ⁸¹¹ηῑ
2186 1915 2432 1979 σοὲηοεεί
2456 1930 2573 1985 quae
2592 1920 2842 1980 dicuntur
2860 1931 3291 1996 rrmdicamenta.
3316 1938 3643 2011 Nam'nequo

2046 2008 2238 2065 prmter
2262 2007 2618 2075 cognitionem
2651 2021 2864 2083 generis
2893 2031 2947 2075 ct
2991 2027 3187 2093 speciei
3221 2007 3637 2096 prtcdicameuta

2043 2091 2336 2151 discuntur.
2370 2100 2477 2155 Nec
2513 2103 2761 2162 diﬂinitio
2810 2126 2977 2180 genus
3023 2091 3275 2188 relinquit
3301 2134 3355 2176 et
3385 2126 3636 2183 diﬂ‘erenc

2042 2180 2189 2249 tiam,
2217 2196 2273 2240 et
2304 2188 2355 2241 in
2387 2196 2595 2248 iacteris
2625 2213 2785 2265 quam
2820 2203 2888 2255 sit
2913 2205 3056 2259 utilis
3097 2208 3199 2262 iste
3227 2221 3482 2269 tractatus
3508 2232 3631 2276 cum

2036 2272 2104 2326 de
2129 2274 2391 2335 divisione
2418 2292 2470 2336 et
2501 2285 2965 2349 demonstratione
3013 2298 3370 2367 disputabitur
3403 2320 3631 2376 appare-

2037 2366 2131 2419 bit.
2179 2370 2283 2424 Sed
2332 2388 2631 2446 quanquam
2678 2397 2902 2441 necesse
2950 2390 3053 2443 erit
3108 2366 3221 2447 hac
3276 2366 3512 2468 quinque
3558 2404 3628 2459 de

2032 2460 2226 2526 quibus
2278 2464 2363 2519 hic
2412 2468 2795 2539 disputandum
2841 2490 2923 2533 est
2971 2484 3117 2551 prius
3157 2488 3221 2540 ad
3263 2460 3626 2559 cognitionem

2026 2836 2155 2894 tem,
2202 2833 2311 2899 ipsa
2363 2836 2502 2889 enim
2550 2843 2723 2893 oratio
2776 2856 3166 2918 contextusque
3209 2869 3516 2912 sermonum
3560 2862 3616 2919 id

2021 2918 2317 2976 chrissima
2357 2924 2725 2996 intelligentiae
2752 2938 2963 2992 ratione
2995 2941 3277 3006 signiﬁcat.
3322 2950 3431 3003 Nec
3466 2957 3613 3010 enim

2020 3012 2298 3080 quisquam
2328 3018 2395 3068 ita
2430 3020 2599 3074 utitur
2627 3027 2860 3092 ratione,
2891 3039 2949 3083 ut
2976 3032 3204 3101 aliquam
3234 3044 3610 3103 necessitatem

2019 3100 2207 3156 referri
2239 3106 2378 3160 dicat
2404 3111 2469 3162 ad
2497 3113 2662 3167 aliud.
2694 3116 2996 3176 Necessitas
3023 3124 3165 3179 enim
3196 3144 3288 3193 per
3311 3146 3370 3186 se
3390 3100 3607 3203 quidem

2019 3203 2135 3256 est;
2161 3199 2364 3255 utilitas
2391 3218 2518 3258 vero
2545 3222 2759 3277 semper
2802 3215 2869 3269 ad
2911 3217 2960 3269 id
3004 3220 3144 3288 quod
3175 3224 3304 3279 utile
3331 3199 3420 3282 est
3441 3233 3607 3287 refer-

2152 3301 2211 3346 ut
2250 3294 2340 3347 hic
2366 3312 2599 3369 quoque.
2636 3306 2721 3357 Ait
2748 3307 2890 3361 enim
2917 3327 2931 3361 :
2957 3310 3087 3366 Cum
3118 3316 3192 3369 sit
3217 3325 3602 3393 necessarium,

2011 3378 2323 3451 Chrysaori,
2343 3396 2397 3441 et
2425 3390 2489 3443 ad
2514 3408 2630 3447 eam
2659 3411 2776 3465 quae
2804 3409 2891 3454 est
2918 3404 3059 3469 apud
3092 3408 3434 3468 Aristotelem
3468 3378 3603 3483 prta:

2010 3472 2433 3535 dicamentorum
2480 3484 2801 3546 doctrinam.
2834 3492 2890 3547 Si
2924 3493 3010 3549 hic
3050 3497 3211 3566 igitur
3236 3510 3602 3570 necessarium

2009 3566 2368 3638 intelligamus
2395 3574 2547 3641 utile,
2578 3590 2631 3634 et
2675 3583 2727 3635 id
2775 3587 2989 3643 nomine
3047 3596 3165 3663 ipso
3212 3608 3478 3656 vertamus
3517 3605 3601 3660 di-
3652 3635 3657 3647 ν

2005 3668 2228 3714 centes:
2255 3661 2391 3718 Cum
2420 3669 2490 3722 sit
2522 3673 2594 3724 uti
2606 3674 2674 3735 le,
2697 3674 3004 3753 Cbrysaori,
3038 3661 3085 3739 et
3117 3690 3183 3743 ad
3208 3706 3325 3746 eam
3370 3710 3488 3763 qua:
3514 3707 3598 3755 es:

2005 3752 2143 3820 apud
2166 3754 2509 3817 Aristotelem
2534 3752 3068 3834 prtedicamentorum
3092 3781 3410 3853 doctrinam,
3434 3806 3599 3851 nosse

2005 3846 2130 3911 quid
2160 3848 2231 3902 sit
2255 3864 2423 3918 genus
2452 3863 2509 3909 et
2534 3869 2749 3925 cmtera,
2780 3876 2940 3921 rectae
2987 3870 3350 3943 intelligentiae
3387 3896 3596 3938 sermo~

2006 3951 2132 3990 num
2170 3942 2303 3996 ordo
2346 3947 2630 4013 convenit;
2659 3953 2743 4005 sin
2778 3969 2907 4009 vero
2935 3958 2985 4010 id
3014 3964 3079 4016 ad
3113 3942 3333 4022 necesse
3373 3986 3590 4038 permu-

2001 4036 2169 4099 tctur,
2198 4040 2255 4087 ut
2298 4033 2571 4103 dicamus,
2595 4038 2726 4096 Cum
2752 4044 2823 4099 sit
2852 4053 3212 4108 necessarium
3231 4098 3245 4121 ,
3275 4033 3590 4130 Clirysaori.

2001 4129 2054 4174 et
2077 4121 2144 4175 ad
2171 4137 2287 4177 eam
2315 4140 2434 4192 qua:
2460 4138 2544 4184 est
2572 4133 2709 4202 apud
2757 4136 3097 4197 Aristotelem
3144 4121 3589 4212 praedicainento-

1995 4226 2113 4266 rum
2133 4213 2434 4274 doctrinam
2463 4237 2622 4279 nosse
2644 4228 2769 4296 quid
2790 4247 2958 4301 genus
2980 4236 3073 4303 sit,
3097 4249 3149 4293 et
3174 4254 3389 4306 cetera.
3416 4259 3580 4305 recta

1996 4302 2361 4375 intelligentiae
2387 4323 2697 4372 sermonum
2724 4321 2858 4376 ordo
2885 4338 2989 4380 non
3017 4333 3285 4388 convenit.
3320 4335 3585 4403 Quocirca,

1995 4392 2080 4449 hic
2118 4397 2317 4454 diutius
2362 4402 2755 4465 immorandum
2798 4429 2904 4470 non
2943 4426 3044 4474 est.
3088 4420 3401 4495 Quanquam
3434 4432 3579 4489 enim

1994 4485 2061 4539 sit
2089 4502 2293 4543 summa
2341 4498 2635 4553 necessitas
2676 4500 2760 4557 his
2804 4504 3061 4573 ignoratis
3105 4530 3210 4569 non
3242 4533 3399 4588 posse
3425 4524 3490 4576 ad
3514 4540 3585 4581 ea

1989 4575 2058 4628 ad
2087 4592 2207 4645 qua:
2247 4580 2332 4635 hic
2365 4590 2621 4642 tractatus
2667 4592 2894 4650 intendit
2940 4575 3367 4672 perveniriinon
3397 4622 3583 4678 tamen
3630 4624 3639 4633 ‘

1984 4666 2070 4722 hic
2098 4671 2164 4724 de
2192 4676 2512 4734 necessitate
2553 4682 2752 4737 dictum
2796 4699 2900 4755 est,
2931 4700 3325 4768 necessarium,
3352 4708 3444 4761 sed
3477 4726 3572 4776 po-

1984 4760 2089 4814 tius
2120 4762 2187 4816 de
2217 4764 2463 4824 utilitate.
2506 4770 2659 4827 Nunc
2686 4791 2815 4833 vero
2855 4781 2979 4839 licet
3010 4786 3149 4842 idem
3198 4798 3445 4864 superius
3478 4760 3571 4858 'di:

1981 4861 2125 4909 ctum
2154 4858 2243 4923 sit,
2269 4868 2445 4917 tamen
2470 4864 2704 4924 breviter
2724 4874 2850 4941 quid
2873 4876 2938 4932 ad
2972 4858 3381 4948 prtedicamenta
3409 4910 3573 4963 gene-

1981 4946 2082 5017 ris,
2132 4951 2365 5019 speciei,
2417 4956 2766 5031 ditl'ereutiae,
2812 4973 3009 5042 proprii
3060 4986 3221 5047 atque
3277 4985 3572 5045 accidentis

1980 5041 2146 5107 prosit
2174 5047 2408 5115 cognitio
2434 5050 2797 5123 diSputemus.
2820 5041 3146 5124 Aristoteles
3182 5074 3321 5127 enim
3351 5078 3401 5129 in
3432 5095 3568 5145 prte-

1976 5131 2296 5194 dicamentis
2324 5139 2511 5198 decem
2558 5162 2755 5217 genera
2800 5161 3076 5215 constituit
3114 5179 3292 5219 rerum
3336 5183 3455 5235 qua:
3494 5172 3567 5228 de

1974 5228 2181 5282 cunctis
2208 5229 2325 5286 aliis
2354 5238 2796 5310 prmdicarentur,
2829 5260 2884 5302 ut
2910 5252 3164 5320 quidquid
3194 5258 3258 5308 ad
3292 5261 3561 5327 signiﬁca-

1973 5317 2170 5375 tionem
2201 5325 2387 5381 venire
2418 5343 2619 5399 posset,
2649 5334 2704 5388 id
2731 5339 2775 5389 si
2810 5339 3070 5410 integram
3113 5348 3559 5415 signiﬁcationem

1970 5419 2201 5480 teneret,
2233 5417 2453 5474 cuilibet
2492 5438 2676 5479 eorum
2722 5429 3080 5497 subjiceretur
3108 5442 3289 5505 generi
3330 5443 3397 5499 de
3435 5450 3559 5515 qui-

1971 5501 2070 5557 bus
2113 5507 2433 5565 Aristoteles
2482 5522 2673 5569 tractat
2727 5519 2777 5571 in
2827 5536 2892 5575 eo
2935 5523 3070 5579 libro
3112 5501 3212 5599 uni
3256 5532 3322 5587 de
3366 5501 3555 5599 dedam

1971 5593 2402 5661 prmdicamentis
2430 5600 2755 5661 inscribitur.
2805 5610 2915 5665 Hoc
2948 5616 3116 5681 ipsum
3150 5625 3337 5680 referri
3365 5630 3429 5685 ad
3458 5634 3557 5689 ali-

1969 5685 2094 5751 quid
2126 5685 2269 5740 velut
2308 5690 2371 5742 ad
2413 5705 2582 5760 genus
2615 5699 2719 5752 tale
2766 5711 2845 5755 est
2883 5706 3040 5773 quale
3081 5712 3121 5763 si
3173 5716 3291 5780 quis
3319 5724 3553 5786 Speciem

1967 5792 2228 5851 supponat
2258 5786 2460 5854 generi.
2489 5788 2598 5845 Hoc
2623 5809 2748 5849 vero
2778 5813 2948 5869 neque
2981 5816 3170 5873 praeter
3193 5816 3550 5878 cognitionem

1968 5873 2164 5940 speciei
2196 5877 2305 5931 ullo
2335 5881 2493 5935 modo
2528 5885 2639 5940 ﬁeri
2673 5899 2869 5958 potest,
2897 5908 2996 5951 nec
3026 5915 3151 5954 vero
3192 5902 3320 5971 ipsa:
3347 5908 3549 5975 specie!

3686 4760 3761 4860 ’ἐς
