4244 6254
517 384 586 447 79
888 372 889 375 ‘
931 336 939 349 ’
1010 371 1023 382 ’
1232 380 1241 403 ·“
1508 426 1520 447 ,
1757 382 1868 441 an.
1911 381 2126 443 MANL.
2164 380 2323 440 sev.
2366 379 2590 438 BOETll
3264 434 3300 446 ι,
3740 378 3816 443 ‘so

512 503 643 576 quid
668 503 796 581 sint,
821 503 907 561 vel
944 502 1099 574 cujus
1125 504 1300 575 magis
1328 501 1436 558 sint
1464 514 1751 572 possumus
1777 515 2109 571 agnoscere,
2139 504 2195 563 Α
2221 499 2422 554 dictum
2447 498 2553 569 est)
2581 496 2722 553 hanc
2749 499 3143 569 exposltlonem
3173 503 3361 554 nostro
3387 510 3695 557 reservasse
3720 500 3810 571 ju-

510 596 619 653 nisi
666 612 852 653 eorum
899 596 1216 653 differentias
1255 604 1668 666 cognoscantur.
1701 594 1807 650 Sed
1854 593 2110 649 diﬁ‘eren-

514 691 711 747 tiarum
755 698 945 746 natura
978 691 1272 762 incognita,
1294 705 1415 760 quae
1454 689 1876 758 uniuscujusque
1910 686 2108 755 speciei

512 783 625 838 sint
653 783 994 849 differentiae,
1027 785 1201 839 modis
1252 782 1503 837 omnibus
1530 782 1885 852 ignorabitur.
1933 779 2111 847 Quare

513 877 793 933 sciendum
842 887 925 933 est
970 877 1223 948 quoniam
1265 876 1311 931 si
1351 876 1419 931 de
1458 876 1746 946 generibus
1788 874 2111 930 Aristoteles

515 976 714 1027 tractat
741 971 793 1024 in
824 970 1274 1040 przedicamentis,
1306 979 1363 1024 et
1389 984 1650 1037 generum
1694 976 1885 1023 natura
1910 981 2113 1037 cogno-

514 1063 715 1121 scenda
743 1075 843 1129 est,
873 1063 1027 1134 cujus
1057 1063 1411 1133 cognitionem
1454 1062 1656 1134 speciei
1684 1075 1899 1132 quoque
1938 1061 2111 1115 comi-

513 1163 660 1211 tatur
690 1156 910 1225 agnitio.
954 1154 1065 1211 Sed
1094 1154 1198 1211 hoc
1232 1156 1472 1225 cognito,
1526 1154 1653 1225 quid
1692 1153 1763 1209 sit
1809 1151 2113 1208 diﬁerentia

513 1263 628 1308 non
654 1257 829 1319 potest
857 1250 1115 1320 ignorari,
1142 1264 1449 1320 quanquam
1482 1248 1537 1303 in
1566 1247 1759 1303 eodem
1789 1247 1927 1302 libro
1960 1246 2112 1315 plura

515 1350 645 1399 sunt
685 1341 753 1397 ad
798 1357 920 1414 quae
965 1342 1069 1397 nisi
1110 1342 1399 1399 maximam
1431 1341 1679 1410 peritiam
1711 1348 1765 1395 et
1795 1340 2027 1410 generis,
2061 1346 2117 1393 et

515 1436 739 1508 Speciei,
767 1445 822 1492 et
850 1435 1162 1492 diﬁ‘erentiaa
1191 1437 1365 1492 lector
1390 1434 1651 1500 attulerit,
1685 1433 1866 1489 nullus
1895 1432 2115 1487 omnino

513 1530 819 1588 intellectus
846 1540 1044 1600 pateat,
1068 1539 1125 1584 ut
1153 1544 1273 1585 cum
1317 1528 1434 1598 ipse
1466 1527 1790 1583 Aristoteles
1818 1526 1963 1581 dicat
1988 1543 2002 1580 :
2027 1525 2115 1580 Di-

514 1636 795 1682 versarum
824 1638 1083 1695 generum
1110 1632 1167 1679 et
1210 1638 1317 1677 non
1357 1619 1767 1677 subalternatim
1815 1618 2115 1689 positorum

517 1719 746 1775 diversae
792 1717 1086 1773 secundum
1130 1731 1192 1772 se
1221 1716 1455 1785 species
1497 1722 1551 1769 et
1598 1713 1917 1769 differentiae
1968 1719 2116 1777 sunt,

515 1812 659 1884 quod
683 1811 767 1866 his
794 1809 1055 1881 ignoratis
1086 1807 1310 1875 intelligi
1340 1805 1669 1877 impossibile
1698 1814 1821 1870 est;
1851 1803 1943 1858 sed
1975 1802 2119 1857 idem

2219 594 2391 663 dicio,
2436 602 2495 647 ut
2545 592 2611 648 ad
2660 592 3071 664 intelligentiam
3128 594 3429 666 simplicem
3482 594 3641 665 hujus
3692 595 3814 651 libri

2219 689 2389 744 editio
2434 688 2605 757 prima
2652 687 2916 753 sufficiat;
2946 688 3013 742 ad
3058 688 3369 745 interiorem
3414 704 3545 744 vero
3575 690 3790 759 specula

2221 783 2444 851 tionem,
2470 782 2803 837 conﬁrmatis
2827 782 2936 852 jam
2968 798 3105 853 pene
3125 783 3371 848 scientia,
3393 798 3492 839 nec
3516 784 3567 839 in
3596 785 3819 855 singulis

2217 878 2495 933 vocabulis
2544 894 2725 935 rerum
2777 878 3139 943 haerentibus,
3187 878 3302 933 hzec
3350 881 3616 950 posterior
3657 879 3821 935 editio

2218 973 2533 1029 collocatur.
2583 973 2663 1028 Ad
2713 972 3034 1028 divisionem
3083 988 3212 1028 vero
3262 972 3559 1027 faciendam
3593 984 3700 1027 tam
3734 975 3821 1030 hic
3891 972 3899 985 ⁵

2217 1066 2359 1123 liber
2378 1078 2460 1122 est
2488 1067 2654 1135 utilis,
2689 1076 2746 1122 ut
2776 1075 2970 1136 praeter
3000 1082 3184 1121 earum
3212 1066 3494 1121 scientiam
3523 1081 3726 1131 rerum,
3751 1052 3819 1122 de

2219 1161 2414 1230 quibus
2440 1152 2492 1214 in
2526 1160 2625 1214 hac
2658 1159 2783 1213 libri
2817 1159 2962 1214 serie
2991 1158 3320 1229 disputatur,
3355 1172 3482 1213 casu
3514 1156 3607 1211 ﬁat
3642 1157 3821 1228 potius
3896 1216 3901 1223 ,

2219 1268 2378 1324 quam
2410 1252 2619 1308 ratione
2665 1252 2904 1323 partitio.
2954 1251 3070 1306 Hoc
3114 1261 3294 1307 autem
3342 1251 3687 1305 manifestum
3718 1250 3822 1306 erit

2218 1346 2266 1401 si
2287 1346 2606 1401 divisionem
2635 1347 2804 1415 ipsam
2829 1345 3153 1411 dividamus,
3177 1344 3228 1399 id
3251 1352 3334 1399 est
3354 1345 3399 1400 si
3424 1360 3619 1400 nomen
3646 1344 3820 1413 ipsum

2221 1438 2502 1493 divisionis
2532 1439 2584 1493 in
2625 1454 2688 1493 ea
2717 1453 2839 1510 quae
2868 1438 3139 1509 signiﬁcat
3173 1438 3491 1508 partiamur.
3533 1436 3640 1511 'Est
3667 1452 3820 1491 nam-

2222 1547 2329 1602 que
2369 1530 2564 1586 divisio
2607 1537 2822 1599 generis
2856 1532 2909 1585 in
2939 1532 3173 1600 species,
3204 1539 3263 1585 ut
3294 1544 3417 1586 cum
3454 1530 3706 1600 dicimus,
3731 1546 3819 1586 co-

2219 1623 2353 1679 loris
2382 1624 2527 1678 aliud
2566 1633 2671 1679 est.
2692 1625 2899 1691 album,
2926 1624 3072 1680 aliud
3113 1624 3346 1694 nigrum,
3377 1623 3520 1679 aliud
3550 1638 3681 1679 vero
3710 1639 3819 1681 me~

2222 1716 2391 1773 dium.
2420 1718 2622 1772 Rursus
2645 1717 2838 1773 divisio
2865 1729 2948 1773 est
2970 1718 3182 1787 quoties
3209 1732 3316 1773 vox
3340 1717 3492 1787 plura
3515 1717 3822 1788 signiﬁcant

2224 1812 2554 1877 aperitur,ct
2587 1826 2746 1881 quam
2778 1812 2948 1866 multa
2981 1812 3089 1866 sint
3110 1827 3229 1881 quae
3258 1811 3325 1866 ab
3354 1826 3418 1867 ea
3448 1826 3580 1867 voce
3606 1813 3822 1882 signan-

517 1907 836 1965 Aristoteles
890 1903 1167 1975 proprium
1226 1901 1649 1971 uniuscujusque
1706 1896 2114 1969 ριέθᾱὶοιιωθηιὶ
2145 1898 2195 1961 Β
2221 1911 2310 1958 tur
2338 1904 2660 1972 ostenditur,
2686 1905 2818 1960 utsi
2861 1906 2983 1975 quis
3022 1905 3205 1960 dicat:
3247 1920 3443 1960 nomen
3482 1906 3633 1959 canis
3671 1906 3821 1975 plura

518 1998 929 2070 diligentissima
961 1996 1310 2068 inquisitione
1342 1981 1591 2065 vestigat,
1619 2004 1675 2048 ut
1712 2008 1834 2047 cum
1866 1992 2119 2047 substan-

519 2092 609 2146 tiae
637 2090 913 2161 pr0prium
958 2098 1083 2161 post
1128 2089 1292 2143 multa
1339 2086 1472 2141 dicit
1525 2100 1646 2142 esse
1674 2084 1818 2157 quod
1851 2085 1992 2140 idem
2022 2100 2123 2139 nu-

518 2197 672 2241 mero
698 2183 1092 2241 contrariorum
1121 2179 1469 2249 susceptibile
1494 2179 1588 2245 sit,
1618 2179 1705 2234 vel
1737 2193 1926 2234 rursus
1953 2192 2124 2248 quan-

518 2278 689 2333 titatis
745 2274 891 2346 quod
957 2274 1015 2331 in
1065 2288 1128 2330 ea
1187 2272 1300 2328 sola
1364 2286 1578 2340 :equum
1638 2280 1798 2339 atque
1856 2269 2122 2337 inarquale

521 2370 751 2435 dicatur,
792 2367 1067 2438 qualitatis
1095 2366 1257 2421 etiam
1295 2364 1440 2437 quod
1481 2379 1579 2434 per
1618 2378 1736 2419 eam
1768 2362 1944 2416 simile
1972 2359 2120 2416 aliud

521 2462 643 2516 aliis
677 2473 767 2515 aut
797 2459 1060 2515 dissimile
1090 2456 1477 2529 preponimus;
1505 2466 1561 2512 et
1588 2455 1640 2510 in
1670 2459 1881 2512 caeteris
1929 2454 2120 2510 eodem

523 2553 708 2618 modo,
729 2562 787 2608 ut
815 2569 933 2622 qua:
954 2552 1021 2607 sit
1042 2551 1304 2607 contrarii
1334 2551 1655 2621 proprietas,
1674 2565 1795 2619 qua:
1825 2549 2120 2605 secundum

526 2647 844 2703 relationem
873 2644 1252 2715 appositionis,
1284 2658 1407 2715 qua:
1449 2642 1767 2713 privationis
1795 2653 1849 2697 et
1879 2641 2119 2711 habitus,

525 2754 646 2809 qua:
668 2738 1045 2794 afﬁrmationis
1074 2747 1130 2793 et
1158 2735 1483 2807 negationis,
1509 2735 1565 2791 in
1593 2735 1787 2805 quibus
1821 2735 1893 2789 ita
1926 2744 2124 2792 tractat

525 2839 779 2900 tauquam
807 2831 917 2902 jam
951 2830 1137 2901 peritis
1183 2829 1586 2900 scientibusque
1629 2845 1748 2899 quae
1776 2830 1848 2883 sit
1873 2830 2121 2900 proprie-

525 2928 653 2982 tatis
682 2937 893 2995 natura,
918 2943 1079 2998 quam
1104 2927 1150 2981 si
1180 2926 1303 2998 quis
1331 2926 1564 2997 ignorat,
1588 2926 1785 2981 frustra
1813 2941 1876 2981 ea
1906 2941 2026 2997 quae
2052 2927 2123 2984 de

526 3020 614 3076 his
642 3023 988 3093 disputantur
1028 3021 1357 3094 aggreditur.
1385 3023 1506 3079 Jam
1553 3038 1681 3078 vero
1726 3022 1859 3077 illud
1890 3023 2121 3079 manife-

526 3123 668 3173 stum
692 3126 793 3183 est,
817 3116 960 3187 quod
983 3115 1234 3172 accidens
1254 3117 1554 3171 maximum
1582 3114 2122 3184 prtedicatuentorum

528 3213 768 3268 obtineat
792 3214 990 3277 locum,
1027 3213 1171 3283 quod
1201 3214 1420 3284 proprio
1452 3214 1670 3269 nomine
1700 3229 1892 3269 novem
1927 3214 2123 3284 praedi-

528 3318 773 3360 eatnenta
825 3307 1157 3373 circumdat,
1208 3316 1263 3362 et
1308 3306 1377 3361 ad
1424 3308 1842 3378 prtedicamenta
1899 3309 2119 3377 quidem
2147 3274 2195 3339 Ο

529 3409 727 3467 quanta
754 3396 827 3451 sit
853 3398 1009 3468 hujus
1040 3397 1160 3454 libri
1192 3399 1393 3454 utilitas
1422 3414 1489 3455 ex
1518 3398 1602 3454 his
1642 3400 1987 3457 manifestum
2014 3411 2119 3461 est.

529 3493 680 3560 Quod
716 3508 840 3548 vero
870 3495 966 3559 ait,
998 3503 1055 3549 et
1083 3494 1150 3549 ad
1180 3495 1600 3565 assignationem
1630 3495 2009 3553 diftinitionum
2038 3498 2122 3552 fa-

530 3586 634 3641 cile
674 3586 926 3655 cognosci
974 3597 1168 3656 potest,
1212 3587 1256 3642 si
1304 3590 1454 3657 prius
1506 3590 1822 3644 substantiae
1854 3592 2122 3648 rationum

530 3681 725 3735 divisio
756 3681 845 3734 liat
870 3700 881 3732 :
907 3681 1225 3737 substantia:
1257 3683 1416 3746 ratio,
1448 3682 1552 3736 alia
1579 3682 1797 3753 quidem
1830 3684 1883 3738 in
1915 3683 2123 3740 descri-

531 3775 713 3845 ptione
743 3775 978 3845 ponitur,
1012 3775 1115 3830 alia
1146 3791 1276 3831 vero
1302 3776 1355 3830 itt
1394 3775 1746 3843 diftinitione;
1776 3778 1871 3833 sed
1913 3792 1977 3834 ea
2007 3795 2126 3850 qua:

532 3876 618 3923 est
644 3868 695 3921 in
749 3867 1112 3937 descriptione
1153 3869 1539 3938 proprietatem
1583 3871 1871 3938 quamdam
1920 3872 2128 3944 colligit

531 3964 653 4033 ejus
690 3962 769 4019 rei
804 3962 956 4033 cujus
1000 3963 1318 4019 substantia:
1363 3964 1628 4020 rationem
1668 3965 1876 4035 prodit,
1913 3981 1978 4022 ac
2019 3982 2126 4021 non

533 4053 695 4111 modo
722 4056 1048 4125 proprietate
1075 4054 1126 4110 id
1156 4056 1300 4125 quod
1328 4066 1593 4112 monstrat
1630 4057 1905 4124 informat,
1941 4074 2127 4115 verum

534 4153 695 4205 etiam
723 4149 837 4218 ipsa
862 4148 919 4202 ﬁt
947 4151 1245 4218 proprium,
1274 4150 1414 4219 quod
1443 4153 1492 4203 in
1516 4150 1889 4207 difﬁnitionem
1916 4168 2135 4224 quoque

535 4241 724 4297 venire
752 4253 975 4294 necesse
1001 4249 1105 4294 est.
1132 4240 1187 4294 Si
1217 4242 1338 4311 quis
1362 4242 1506 4295 enim
1529 4244 1844 4311 quantitatis
1867 4247 2129 4299 rationem

535 4334 768 4392 reddere
781 4333 932 4404 velit,
946 4342 1005 4388 ttt
1033 4333 1374 4389 dicatlicebit
1400 4351 1415 4389 :
1444 4335 1715 4403 quantitas
1730 4344 1813 4389 est
1834 4336 2129 4391 secundum

536 4443 699 4501 quam
722 4427 928 4499 aequale
948 4436 1109 4496 atque
1131 4427 1392 4497 inaequale
1415 4427 1631 4483 dicitur.
1652 4428 1799 4483 Sicut
1823 4430 1986 4499 igitur
2006 4446 2132 4500 pro-

489 4590 511 4609 .
538 4524 823 4593 prietatem
854 4520 1239 4592 quantitatisiu
1262 4521 1470 4576 ratione
1502 4522 1681 4589 posuit
1703 4522 2051 4590 quantitatis,
2080 4531 2135 4577 et

538 4618 656 4688 ipsa
672 4625 780 4672 tota
796 4616 932 4671 ratio
948 4614 1114 4685 ipsius
1136 4614 1455 4683 quantitatis
1481 4615 1699 4683 prapria
1714 4625 1816 4678 est,
1837 4616 1908 4669 ita
1924 4614 2131 4670 descri-

2228 1996 2514 2067 signiﬁcat,
2564 2006 2619 2053 et
2662 1998 2804 2052 hunc
2848 1997 3152 2051 latrabilem
3199 1996 3730 2067 quadrupedemque,
3768 2006 3823 2054 et

2229 2091 2456 2147 cmleSIe
2496 2090 2666 2157 sidus,
2694 2101 2748 2146 et
2778 2090 3039 2145 marinam
3072 2089 3318 2155 bestiam,
3349 2104 3469 2155 quae
3497 2090 3675 2143 omnia
3702 2104 3732 2143 a
3762 2099 3822 2146 se

2226 2184 2544 2240 difﬁnitione
2576 2184 2843 2255 disjuucta
2890 2193 3040 2239 sunt.
3086 2182 3261 2239 Dividi
3308 2192 3484 2237 autem
3532 2182 3727 2237 dicitur
3768 2191 3822 2240 et

2224 2278 2435 2349 quoties
2462 2286 2631 2332 totum
2664 2280 2716 2331 in
2761 2288 2943 2348 partes
2989 2276 3240 2346 proprias
3279 2284 3585 2345 separatur,
3616 2287 3672 2329 ut
3697 2290 3820 2351 cum

2222 2372 2452 2428 dicimus
2477 2391 2490 2426 :
2519 2372 2711 2427 domus
2740 2372 2883 2426 aliud
2916 2380 3041 2426 sunt
3069 2369 3447 2437 fundamenta,
3478 2368 3623 2425 aliud
3649 2370 3821 2437 parie-

2226 2473 2329 2532 tes,
2363 2464 2504 2519 aliud
2536 2474 2755 2520 tectnm.
2793 2464 2858 2519 Et
2886 2463 3003 2519 haec
3044 2463 3263 2534 quidem
3294 2462 3490 2534 triplex
3516 2462 3710 2518 divisio
3736 2476 3821 2518 se-

2224 2556 2457 2611 cundum
2490 2571 2549 2611 se
2577 2556 2793 2623 partitio
2824 2565 3188 2625 nuncupatur.
3223 2554 3320 2609 Est
3348 2564 3528 2627 autem
3559 2554 3661 2609 alia
3701 2571 3822 2625 qua:

2224 2650 2523 2706 secundum
2552 2650 2802 2706 accidens
2829 2650 3049 2706 dicitur.
3078 2649 3153 2705 Ea
3182 2664 3403 2721 quoque
3433 2649 3491 2705 ﬁt
3516 2649 3819 2720 tripliciter,

2225 2754 2318 2798 aut
2366 2758 2486 2798 cum
2531 2744 2781 2798 accidens
2831 2742 2886 2798 in
2937 2742 3181 2813 subjecta
3231 2741 3546 2811 dividimus,
3596 2755 3653 2797 ut
3696 2758 3819 2800 cum

2226 2837 2369 2903 dico,
2400 2837 2663 2891 bonorum
2708 2838 2814 2891 alia
2843 2846 2971 2892 sunt
3015 2837 3069 2891 in
3097 2835 3296 2903 anima,
3324 2837 3426 2891 alia
3469 2836 3525 2892 in
3568 2851 3817 2906 corpore.

2225 2931 2327 2984 alia
2374 2931 2736 2998 extrinsecus,
2775 2940 2868 2984 aut
2911 2944 3031 2985 cum
3081 2929 3383 2999 subjectum
3429 2930 3484 2984 itt
3520 2930 3818 2987 accidentia

2225 3024 3023 3093 distinguimus,ut:corporum
3052 3023 3154 3078 alia
3177 3031 3302 3078 Sunt
3331 3024 3473 3091 alba,
3504 3024 3607 3079 alia
3635 3026 3810 3095 nigra,

2227 3119 2331 3173 alia
2373 3118 2534 3172 mctlii
2581 3118 2779 3173 coloris
2805 3134 2819 3182 ;
2845 3126 2937 3171 aut
2979 3132 3100 3171 cum
3140 3116 3391 3172 accidens
3429 3116 3482 3171 in
3521 3117 3817 3174 accidentia

2227 3226 2562 3283 separamus,
2597 3222 2655 3267 ut
2682 3228 2803 3266 cum
2833 3211 3063 3265 dicimus
3089 3209 3375 3278 :liquentia
3406 3210 3509 3265 alia
3535 3210 3680 3276 alba,
3711 3210 3817 3267 alia

2227 3306 2402 3375 nigra,
2426 3305 2527 3359 alia
2556 3303 2716 3358 medii
2744 3302 2960 3359 coloris.
2992 3302 3061 3357 Et
3090 3316 3280 3358 rursus
3303 3302 3548 3357 alborum
3569 3301 3673 3356 alia
3695 3311 3819 3359 sunt

2227 3397 2384 3460 dura,
2415 3396 2520 3450 alia
2552 3396 2833 3462 liquentia,
2863 3394 3110 3464 quaedam
3156 3394 3359 3449 mollia.
3397 3392 3527 3448 Cum
3558 3394 3718 3464 igitur
3745 3395 3817 3453 ita

2227 3489 2405 3543 omnis
2436 3490 2525 3542 ttat
2549 3488 2741 3544 divisio
2765 3498 2856 3541 aut
2883 3486 3173 3541 secundum
3202 3502 3282 3551 se,
3306 3496 3399 3540 aut
3424 3501 3520 3556 per
3546 3487 3817 3554 accidens,

2226 3572 2283 3638 et
2314 3591 2538 3649 utraque
2580 3582 2799 3651 partitio
2838 3580 3159 3649 tripliciter,
3190 3594 3418 3650 cumque
3455 3579 3508 3634 in
3546 3580 3821 3649 superiore

2228 3674 2523 3731 secundum
2571 3689 2633 3729 se
2679 3673 2879 3744 triplici
2930 3673 3220 3742 partitione
3268 3672 3339 3727 sit
3395 3687 3498 3726 una
3543 3671 3822 3727 divisionis

2229 3767 2400 3823 forma
2439 3780 2610 3836 genus
2659 3765 2712 3820 in
2763 3765 2973 3835 species
3017 3779 3302 3834 separare,
3330 3763 3384 3819 id
3426 3780 3599 3833 neque
3629 3775 3821 3835 prater

2229 3862 2444 3932 generis
2472 3860 2751 3917 scientiam
2783 3863 2898 3917 ﬁeri
2928 3863 3036 3916 ullo
3066 3863 3225 3917 modo
3253 3871 3460 3932 potest,
3492 3877 3666 3931 neque
3695 3876 3823 3918 vero

2231 3964 2427 4026 praeter
2466 3955 2741 4009 scientiam
2771 3955 3191 4012 differentiarum
3223 3970 3355 4025 quas
3401 3971 3623 4011 necesse
3656 3966 3739 4011 est
3770 3957 3821 4011 in

2232 4049 2535 4117 specierum
2598 4046 2862 4101 divisione
2926 4048 3083 4102 sumi.
3150 4048 3483 4102 Manifestum
3533 4057 3616 4104 est
3667 4048 3823 4119 igitur

2231 4148 2428 4207 quanta
2452 4137 2654 4191 utilitas
2676 4137 2833 4206 hujus
2857 4136 2974 4193 libri
2998 4137 3064 4192 ad
3088 4139 3224 4192 hanc
3251 4138 3567 4194 divisionem
3597 4140 3685 4201 sit,
3705 4154 3823 4208 qua:

2233 4230 2408 4299 primo
2450 4229 2596 4282 aditu
2626 4243 2795 4296 genus
2820 4243 2882 4283 ac
2915 4230 3124 4296 species
3153 4240 3208 4284 et
3236 4228 3565 4285 differentias
3612 4239 3823 4284 tractat.

2237 4320 2484 4376 Secun‘da
2532 4334 2661 4375 vero
2710 4335 2771 4375 ea
2820 4320 3033 4386 divisio,
3068 4337 3187 4391 qua:
3232 4331 3317 4378 est
3357 4322 3649 4377 secundum
3680 4324 3825 4377 vocis

2235 4414 2647 4483 significantius,
2673 4428 2770 4469 nec
2796 4414 2909 4480 ipsa
2938 4413 3150 4482 quidem
3177 4415 3244 4470 ab
3269 4414 3427 4485 hujus
3454 4415 3570 4469 libri
3600 4416 3826 4470 utilitate

2236 4509 2469 4564 discreta
2498 4518 2598 4562 est.
2633 4507 2751 4564 Uno
2780 4508 2923 4562 enim
2948 4508 3108 4562 modo
3128 4509 3379 4579 cognosci
3408 4508 3621 4577 poterit,
3645 4517 3825 4563 utrum

2236 4617 2338 4657 vox
2366 4601 2518 4672 cujus
2546 4602 2860 4657 divisionem
2885 4601 3059 4657 facere
3077 4604 3368 4672 quaerimus
3398 4603 3671 4673 aequivoca
3705 4616 3827 4657 esse

539 4676 656 4777 ptio
682 4717 736 4764 et
766 4676 1458 4778 proprietatem-conigium
1474 4676 1687 4777 propria
1711 4710 1771 4761 lit
1792 4676 1905 4777 ipsa
1932 4708 2134 4765 descri-
2159 4676 2214 4738 D
2239 4700 2501 4765 videatur,
2535 4714 2603 4752 an
2633 4712 2822 4769 genus,
2851 4700 2894 4752 si
2922 4713 2985 4753 ea
3024 4713 3143 4766 quae
3173 4697 3437 4769 signiﬁcat
3465 4697 3828 4762 difﬁniantur;

462 4838 465 4841 ι
540 4798 677 4870 ptio.
716 4797 965 4853 Definitio
990 4814 1120 4852 vero
1148 4798 1262 4867 ipsa
1294 4798 1508 4867 quidem
1540 4801 1752 4869 propria
1776 4817 1881 4855 non
1906 4802 2131 4872 colligit,

544 4889 642 4945 sed
661 4893 777 4959 ipsa
796 4903 1009 4959 quoque
1025 4889 1081 4942 ﬁt
1097 4891 1330 4958 propria.
1346 4888 1479 4943 Nam
1502 4892 1593 4958 qui
1616 4891 1968 4946 substantiam
1986 4908 2137 4946 mon-

448 4966 460 4985 ’
544 4990 700 5045 strat,
721 4995 890 5051 genus
919 4979 1237 5034 differentiis
1260 4979 1453 5050 jungit,
1486 4989 1541 5035 et
1570 4995 1632 5036 ea
1660 4997 1783 5053 qua:
1811 4998 1907 5052 per
1932 4998 1992 5037 se
2015 4994 2140 5039 sunt

453 5145 457 5151 _
545 5072 851 5128 communia
878 5082 1038 5141 atque
1079 5071 1370 5127 multorum
1422 5072 1673 5141 redigens
1714 5074 1766 5128 in
1808 5090 1995 5140 unum,
2047 5078 2137 5131 uni

448 5186 461 5195 -
546 5163 751 5234 speciei
794 5178 953 5233 quam
989 5160 1185 5217 difﬁnit
1227 5164 1407 5219 reddit
1446 5165 1691 5235 aequalia.
1746 5166 1819 5219 lta
1868 5167 2025 5237 igitur
2068 5168 2136 5223 ad

549 5256 965 5326 descriptionem
1014 5256 1159 5310 utilis
1206 5265 1289 5310 est
1330 5258 1536 5327 proprii
1583 5258 1839 5328 cognitio,
1881 5261 2135 5329 quoniam

454 5396 455 5399 η
550 5348 667 5403 sola
698 5349 996 5419 proprietas
1025 5348 1078 5403 in
1108 5348 1473 5419 descriptione
1517 5349 1807 5420 colligitur,
1837 5361 1891 5405 et
1934 5350 2048 5422 ipsa
2080 5353 2138 5406 tit

551 5444 768 5516 propria
798 5445 936 5499 sicut
963 5442 1210 5499 dilfinitio
1238 5458 1486 5514 quoque:
1514 5442 1580 5497 ad
1603 5442 1973 5499 dilﬁnitionem
2004 5460 2137 5501 vero

551 5557 722 5613 genus
765 5541 978 5611 quidem
1026 5540 1254 5610 primum
1286 5542 1519 5610 ponitur,
1548 5549 1603 5595 et
1631 5540 1839 5609 species
1876 5540 1941 5594 ad
1973 5556 2135 5610 quam

552 5651 722 5707 genus
771 5635 903 5692 illud
946 5646 1178 5705 aptatur,
1226 5643 1281 5688 et
1323 5633 1657 5698 differentiae,
1701 5633 1894 5701 quibus
1938 5632 2138 5701 junctis

553 5745 675 5783 cum
702 5744 917 5799 genere,
944 5731 1150 5797 species
1188 5726 1469 5783 difﬁnitur.
1503 5728 1610 5784 Sed
1637 5730 1681 5783 si
1712 5731 1794 5782 cui
1842 5727 1957 5781 hzec
1984 5741 2136 5795 pres-

552 5821 701 5877 siora
728 5833 887 5890 quam
916 5819 1267 5888 expositionis
1311 5821 1501 5874 modus
1539 5821 1842 5890 expostulat
1881 5819 2138 5874 videbun-

550 5906 666 5984 tur,
685 5913 787 5970 hoc
810 5926 932 5968 eunt
955 5910 1094 5967 scire
1115 5910 1386 5980 convenit,
1406 5926 1503 5967 nos
1525 5909 1681 5982 (utin
1711 5911 1878 5980 prima
1904 5909 2139 5967 editione

2240 4803 2296 4847 et
2324 4793 2369 4845 si
2403 4808 2463 4847 ea
2492 4807 2608 4862 qua:
2638 4791 2738 4845 sub
2768 4790 3145 4845 communione
3188 4798 3314 4845 sunt
3353 4805 3455 4845 una
3510 4788 3830 4849 difiinitiono

2243 4887 2577 4949 claudantur,
2608 4885 2815 4955 species
2852 4899 2973 4940 esse
3016 4899 3239 4941 necesse
3284 4894 3387 4951 est,
3422 4892 3475 4939 et
3511 4883 3640 4940 illud
3681 4898 3831 4939 com-

2244 4995 2405 5033 mune
2433 4995 2602 5047 genus
2632 4992 2836 5053 earum.
2874 4975 3032 5045 Quod
3057 4978 3101 5031 si
3132 4978 3221 5033 illa
3262 4992 3381 5047 qua:
3413 4976 3686 5047 proposita
3723 4988 3828 5031 vox

2245 5072 2489 5140 designat
2534 5087 2638 5124 non
2670 5082 2892 5137 possunt
2913 5086 3015 5125 una
3037 5069 3353 5128 diffinitione
3381 5065 3645 5132 concludi,
3669 5081 3829 5121 nemo

2245 5163 2453 5218 dubitat
2488 5164 2612 5232 quin
2657 5163 2747 5217 illa
2791 5179 2893 5217 vox
2942 5163 3015 5218 sit
3056 5161 3347 5232 tequivow,
3381 5173 3481 5213 nec
3525 5158 3828 5213 communis

2246 5256 2326 5310 his
2366 5257 2432 5310 de
2467 5256 2659 5326 quibus
2706 5256 3047 5326 praedicatur,
3080 5263 3135 5306 ut
3170 5266 3360 5323 genus,
3391 5249 3825 5320 quandoquidem

2241 5365 2303 5404 ea
2332 5365 2452 5422 quae
2480 5350 2578 5404 sub
2610 5365 2668 5403 se
2695 5350 2867 5420 posita
2910 5346 3194 5417 signiﬁcat,
3216 5343 3509 5400 secundum
3540 5358 3828 5399 commune

2244 5460 2439 5499 nomen
2491 5459 2594 5497 non
2639 5450 2863 5512 possunt
2908 5453 3013 5495 una
3056 5436 3373 5495 difﬁttitione
3418 5435 3825 5506 comprehendi.

2242 5538 2298 5595 Si
2340 5540 2498 5608 igitur
2534 5552 2600 5592 ex
2644 5537 2963 5591 difﬁnitione
3000 5532 3340 5588 manifestum
3380 5543 3460 5587 est
3496 5531 3622 5603 quid
3658 5545 3826 5599 genus

2242 5631 2329 5697 sit,
2362 5630 2593 5701 quidque
2636 5645 2825 5684 nomen
2856 5626 3225 5696 ‘arqttivocum.
3252 5624 3506 5681 diffinitio
3553 5638 3685 5679 vero
3728 5638 3826 5694 per

2242 5741 2436 5796 genera
2482 5723 2912 5791 ditl'erentiasque
2952 5719 3228 5783 discurrit,
3268 5718 3618 5788 quisquamne
3673 5715 3827 5771 dubi~

2243 5828 2357 5873 tare
2407 5827 2579 5886 potest
2630 5827 2685 5871 et
2734 5818 2784 5871 in
2831 5815 2930 5871 hac
2995 5814 3271 5869 divisionis
3320 5812 3485 5867 forma
3539 5809 3826 5879 plurimum

2243 5909 2400 5981 hujus
2431 5910 2551 5966 libri
2597 5908 2966 5965 auctoritatem
3012 5905 3227 5960 valere?
3258 5904 3343 5963 Illa
3376 5918 3504 5957 vero
3533 5902 3826 5960 secundum

4236 544 4244 580 ἐ

4236 626 4244 673 l

4239 731 4244 765 ι
