4244 6254
350 346 407 399 8l
1266 343 1328 399 IN
1369 341 1806 399 POBPHYRIUM
1847 336 2490 402 COMMENTARIORUM
2533 344 2655 396 LIB.
2697 343 2735 396 Ι.
3559 340 3625 392 8:2

350 476 412 514 se
454 460 654 516 divisio
694 475 811 530 quae
846 469 923 515 est
963 460 1126 514 totius
1181 460 1231 513 in
1277 470 1457 529 partes
1499 461 1943 530 quemadmodum
1974 463 2102 524 Ain
2163 461 2262 515 hoc
2320 461 2454 515 libro
2505 460 2879 540 disputabitur,
2933 475 3103 528 neque
3158 458 3399 528 intelligi,
3452 472 3625 528 neque

351 552 708 616 discernitur,
740 567 801 606 ac
828 567 932 608 non
965 553 1141 621 potius
1186 554 1396 622 generis
1429 555 1481 606 in
1511 555 1717 620 Species
1746 554 1938 610 divisio

353 658 479 698 esse
526 644 808 713 putabitur,
838 643 938 698 nisi
983 645 1093 698 sint
1128 659 1316 714 genus,
1348 655 1401 699 et
1429 647 1656 714 Species,
1691 655 1745 701 et
1789 647 1937 704 diffe—

353 737 541 791 rentiae
576 751 784 800 earum,
813 737 998 806 quavis
1055 748 1180 790 ante
1229 737 1435 790 ratione
1483 737 1777 806 disciplina:
1830 748 1936 793 tra-

351 843 492 888 ctata
513 835 535 886 ?
557 832 667 888 Cur
693 835 838 890 enim
870 849 977 889 non
1018 833 1296 906 quisquam
1328 831 1470 887 dicat
1512 832 1702 888 domus
1731 835 1937 903 species

352 928 524 995 potius
563 941 685 980 esse
751 941 908 998 quam
957 933 1136 996 partes
1180 924 1550 991 fundamenta,
1605 927 1834 996 parietes
1883 936 1940 980 et

348 1021 580 1074 tectum?
612 1019 723 1075 Sed
754 1035 874 1074 cum
906 1019 1203 1074 occurrerit
1242 1019 1454 1086 generis
1483 1034 1677 1075 nomen
1710 1022 1761 1073 in
1809 1036 1938 1074 una-

339 1127 548 1182 quaque
572 1112 762 1182 specie
793 1121 960 1167 totum
1004 1126 1162 1181 posse
1189 1126 1511 1182 congruere,
1544 1114 1706 1168 totius
1732 1127 1858 1166 vero
1883 1113 1935 1167 in

339 1218 660 1274 unaquaque
704 1216 853 1274 parte
897 1219 994 1258 sua
1036 1220 1232 1260 nomen
1273 1205 1562 1261 convenire
1601 1221 1705 1262 non
1748 1221 1935 1274 posse,

336 1295 685 1351 manifestum
739 1298 830 1351 ﬁet
873 1299 1029 1351 aliam
1080 1299 1395 1352 divisionem
1453 1313 1573 1352 esse
1623 1299 1836 1368 generis
1883 1298 1937 1352 in

335 1386 572 1453 species,
608 1388 767 1441 aliam
797 1390 958 1441 totius
986 1389 1036 1442 in
1067 1397 1269 1458 partes.
1301 1389 1602 1444 Convenire
1626 1399 1804 1443 autem
1838 1404 1937 1443 no-

338 1493 464 1533 men
516 1483 734 1548 generis
782 1481 997 1551 singulis
1047 1481 1331 1549 speciebus
1392 1482 1694 1536 ostenditur
1743 1498 1836 1549 per
1884 1481 1937 1534 id

339 1570 482 1636 quod
511 1581 567 1624 et
599 1572 759 1626 homo
789 1581 840 1625 et
869 1587 1036 1641 equus
1077 1572 1282 1640 singula
1327 1572 1574 1626 animalia
1620 1587 1936 1642 nuncupan-

340 1662 442 1716 lur.
475 1662 663 1733 Neque
707 1673 901 1720 tectum
940 1680 1091 1732 vero,
1125 1681 1297 1735 neque
1343 1667 1577 1734 parietes
1605 1679 1694 1721 aut
1741 1668 1934 1721 funda-

335 1764 511 1808 menta
545 1757 818 1822 sigillatim
848 1757 1039 1811 domus
1068 1759 1284 1812 nomine
1315 1758 1572 1827 appellari
1599 1760 1794 1815 solent.
1829 1759 1932 1815 Sed

2042 556 2278 610 exerceri
2309 556 2541 618 valeant,
2594 555 2716 623 quis
2743 568 2973 622 unquam
3007 554 3201 621 poterit
3227 553 3469 608 dubitare
3497 554 3626 622 quin

2042 648 2127 702 hic
2171 648 2308 703 liber
2335 647 2624 702 maximum
2672 647 2832 701 totius
2879 646 3062 715 logica:
3106 647 3474 714 adiumentum
3521 644 3624 711 sit,

2042 749 2235 809 praeter
2267 755 2424 810 quem
2455 749 2652 793 caetera
2681 753 2804 808 quas
2832 738 2884 791 in
2916 751 2979 791 ea
3010 752 3252 806 magnam
3280 737 3387 792 vim
3442 747 3628 791 tenent

2041 836 2244 890 nullum
2275 835 2533 890 doctrinm
2559 835 2760 888 aditum
2790 832 3064 902 praebent?
3094 832 3200 888 Sed
3223 832 3468 888 meminit
3497 831 3629 886 Por-

2040 927 2264 998 phyrius
2331 927 2780 981 iutroductionem
2847 939 2968 980 sese
3030 924 3404 990 conscribere,
3454 937 3630 993 neque

2041 1019 2182 1072 ultra
2213 1033 2368 1088 quam
2403 1017 2754 1071 institutionis
2785 1015 2977 1070 modus
3006 1026 3090 1070 est
3120 1015 3344 1071 formam
3372 1023 3631 1068 tractatus

2043 1109 2244 1178 egredi.
2304 1110 2391 1162 Ait
2443 1114 2585 1164 enim
2639 1124 2698 1164 se
2748 1108 2996 1163 altiorum
3049 1107 3400 1178 qutestionum
3454 1106 3630 1161 modis

2044 1202 2345 1266 absunere,
2395 1201 2747 1269 simpliciores
2809 1216 2936 1255 vero
3001 1198 3257 1255 mediocri
3318 1197 3630 1268 conjectura

2045 1294 2422 1362 perstringere.
2454 1295 2583 1359 Qum
2608 1308 2738 1348 vero
2768 1293 2874 1347 sint
2901 1293 3118 1347 altiores
3144 1292 3468 1364 qumstiooes
3495 1305 3630 1362 quas

2041 1399 2104 1439 se
2133 1384 2347 1438 differre
2379 1385 2638 1451 promittit
2671 1385 2743 1437 ita
2777 1385 3056 1453 proponit:

2117 1475 2171 1528 11
2176 1493 2241 1529 aa:
2265 1477 2326 1529 de
2346 1478 2603 1546 generibus
2620 1487 2666 1530 et
2687 1478 2945 1546 speciebus
2979 1478 3112 1530 illud
3127 1477 3353 1549 quidem,
3383 1478 3486 1531 sive
3506 1478 3628 1531 sub-

2010 1607 2013 1610 -
2042 1571 2244 1636 sistant,
2277 1573 2380 1623 sive
2407 1572 2459 1623 in
2483 1570 2606 1624 solis
2642 1572 2794 1624 nudis
2821 1571 3159 1628 intellectibus
3190 1577 3354 1642 posita
3383 1573 3505 1637 sint,
3530 1572 3633 1626 sive

2041 1663 2369 1717 subsistentia
2395 1664 2682 1735 corporalia
2724 1665 2824 1718 sint
2865 1681 2932 1718 an
2969 1665 3339 1735 incorporalia,
3387 1675 3434 1719 et
3456 1673 3633 1718 utrum

2040 1767 2278 1828 separata
2297 1775 2326 1809 a
2345 1758 2663 1811 sensibilibus
2686 1775 2751 1811 an
2781 1759 2834 1811 in
2862 1757 3182 1814 sensibilibus
3201 1762 3366 1830 posita
3384 1774 3404 1815 :
3423 1769 3470 1814 et
3492 1761 3632 1813 circa

333 1861 451 1899 cum
485 1846 692 1901 fuerint
732 1849 931 1917 juncta
961 1858 1140 1918 partes
1162 1892 1177 1917 ,
1209 1859 1336 1903 tunc
1367 1859 1510 1904 recte
1543 1849 1706 1904 totius
1736 1866 1927 1904 nomen
1962 1851 2012 1913 B
2043 1847 2154 1902 hazc
2190 1849 2513 1902 consistentia
2544 1851 2709 1904 dicere
2738 1850 3001 1904 recusabo.
3031 1850 3345 1903 Altissimum
3377 1849 3511 1904 enim
3542 1863 3632 1902 ne‘

333 1940 628 2009 excipiunt.
668 1940 742 1995 De
773 1957 834 1996 ea
865 1957 992 1996 vero
1019 1942 1282 1996 divisione
1310 1957 1428 2010 quae
1459 1942 1746 1996 secundum
1793 1944 1933 1998 acci-

335 2030 462 2085 dens
489 2035 569 2097 lit,
597 2033 779 2086 nullus
805 2034 1034 2102 ignorat,
1067 2034 1192 2102 quin
1223 2035 1494 2102 incognito
1535 2034 1820 2102 accidenti,
1853 2038 1935 2091 in~

335 2127 659 2195 cognitaque
686 2125 734 2179 vi
757 2128 966 2196 generis
989 2143 1050 2181 ac
1070 2125 1514 2193 differentiarum,
1541 2128 1694 2182 facile
1717 2129 1934 2185 evenire

332 2219 499 2287 possit
551 2227 612 2273 ut
671 2220 916 2274 accidens
968 2221 1037 2274 ita
1098 2222 1148 2273 in
1201 2219 1446 2288 subjecta
1495 2220 1735 2275 solvatur
1782 2222 1935 2290 quasi

332 2323 492 2379 genus
523 2311 578 2365 in
610 2311 847 2380 species,
893 2321 946 2366 et
975 2322 1246 2380 postremo
1275 2327 1486 2366 omnem
1516 2311 1654 2367 hunc
1684 2313 1932 2368 ordinem

332 2406 640 2473 partitionis
709 2405 1005 2461 ftedissime
1082 2405 1422 2475 permiscebit
1496 2405 1812 2461 inseientia.‘
1871 2406 1936 2459 Et

335 2503 585 2568 quoniam
617 2500 747 2570 quid
777 2500 842 2553 ad
868 2499 1182 2554 divisionem
1217 2499 1300 2553 hic
1326 2499 1460 2553 liber
1484 2501 1656 2570 prosit
1693 2498 1936 2554 ostendi-

335 2608 475 2655 mus,
508 2608 658 2647 nunc
685 2594 751 2646 de
777 2593 1234 2647 demonstratione
1263 2593 1523 2656 dicemus.
1550 2611 1616 2648 ne
1646 2608 1740 2663 per
1770 2593 1935 2647 ardua

336 2697 493 2756 atque
538 2687 783 2741 difficilia
833 2687 1054 2754 haereat,
1089 2687 1179 2757 qui
1217 2685 1272 2740 in
1320 2695 1465 2742 tanta
1511 2687 1610 2741 hac
1657 2687 1936 2755 disciplina

339 2781 749 2849 vigilantissimo
799 2781 1010 2849 ingenio
1068 2791 1120 2836 et
1153 2782 1505 2836 solertissimo
1554 2780 1738 2834 labore
1781 2781 1939 2834 suda-

343 2873 473 2926 verit
503 2889 515 2925 :
546 2875 609 2926 lit
639 2873 783 2928 enim
813 2873 1218 2938 demonstratio,
1250 2873 1301 2927 id
1330 2883 1412 2928 est
1438 2873 1663 2939 alicujus
1694 2869 1937 2940 quzesitte

345 2963 420 3018 rei
447 2975 590 3019 certa
627 2963 850 3018 rationis
880 2964 1146 3032 collectio,
1179 2982 1244 3019 ex
1271 2976 1393 3018 ante
1421 2964 1648 3035 cognitis
1680 2963 1938 3018 naturali-

347 3065 445 3117 ter,
473 3073 535 3111 ex
577 3056 1042 3120 convenientibus,
1075 3073 1141 3111 ex
1179 3057 1384 3125 primis,
1414 3072 1480 3111 ex
1526 3071 1708 3120 causa,
1737 3071 1804 3110 ex
1847 3070 1941 3110 ne-

344 3150 618 3212 cessariis,
654 3164 718 3203 ex
769 3164 864 3217 per
905 3165 963 3203 se
1011 3148 1416 3204 inhterentibus.
1456 3148 1562 3204 Sed
1593 3164 1786 3218 genera
1820 3162 1941 3217 spe-

2039 1943 2234 2012 gotium
2261 1952 2331 1995 est
2362 1943 2681 2012 hujusmodi,
2701 1953 2750 1995 et
2779 1944 2992 2013 majoris
3022 1959 3169 2014 egens
3189 1943 3557 2011 inquisitionis.

2114 2033 2367 2095 Altiores,
2394 2033 2585 2102 inquit,
2614 2034 2938 2102 quresliones
2962 2045 3219 2103 praetereo
3241 2050 3308 2087 ne
3336 2034 3413 2088 eis
3437 2035 3633 2088 intem-

2041 2125 2252 2193 pestive
2296 2125 2510 2179 lectoris
2552 2126 2732 2179 animo
2764 2127 2988 2194 ingestis
3023 2126 3170 2180 initia
3198 2126 3312 2194 ejus
3345 2124 3632 2194 primitias-

2042 2235 2150 2288 que
2177 2220 2506 2288 perturbem.
2534 2219 2638 2273 Sed
2671 2233 2737 2273 ne
2768 2219 2987 2272 omnino
3021 2218 3220 2284 faceret
3251 2218 3632 2287 negligentem,

2043 2320 2105 2364 ut
2149 2310 2277 2364 nihil
2311 2318 2666 2380 praeterquam
2708 2309 2848 2379 quod
2894 2315 3006 2379 ipse
3034 2310 3258 2365 dixisset
3303 2311 3473 2365 lector
3511 2324 3627 2364 am-

2045 2403 2184 2472 plius
2221 2414 2430 2474 putaret
2457 2404 2746 2472 occultum,
2774 2404 3006 2473 idipsum
3042 2405 3195 2473 cujus
3231 2404 3635 2461 exsecutionem

2041 2510 2165 2550 sese
2208 2495 2424 2550 differre
2463 2497 2741 2566 promisit,
2796 2497 3022 2568 addidit,
3075 2513 3143 2554 ne
3189 2497 3258 2554 de
3290 2498 3372 2553 bis
3411 2498 3634 2553 minime

2042 2588 2272 2644 obscure
2304 2592 2618 2661 penitusque
2665 2592 2946 2647 tractando
2973 2592 3165 2648 lectori
3205 2592 3492 2664 quidquam
3533 2593 3636 2647 ob-

2042 2683 2318 2736 scuritatis
2367 2683 2696 2750 effunderet,
2741 2693 2796 2740 et
2843 2695 3020 2740 tamen
3074 2685 3297 2741 scientia
3351 2688 3637 2740 roboratus

2043 2775 2170 2844 quid
2222 2778 2389 2844 quzeri
2448 2775 2568 2845 jure
2626 2779 2793 2845 possit
2849 2788 3188 2848 agnosceret.
3257 2778 3394 2834 Sunt
3455 2787 3634 2832 autem

2043 2870 2535 2942 quaestionesquas
2571 2883 2691 2924 sese
2722 2870 2951 2926 reticere
2979 2871 3240 2940 promittit
3267 2881 3321 2926 et
3349 2870 3629 2940 perutiles,

2043 2967 2102 3014 et
2143 2971 2394 3025 secretae;
2454 2969 2507 3015 et
2550 2968 2766 3017 tentatae
2803 2962 3019 3032 quidem
3058 2979 3088 3017 a
3129 2961 3301 3017 doctis
3349 2961 3504 3029 viris,
3535 2975 3638 3016 nec

2045 3068 2077 3106 ι
2102 3053 2342 3122 pluribus
2363 3053 2659 3119 dissolutae,
2689 3070 2916 3125 quarum
2950 3055 3120 3126 prima
3163 3065 3246 3110 est
3281 3053 3588 3124 bujusmodi
3618 3069 3638 3108 :

2048 3146 2220 3199 Omne
2249 3144 2392 3216 quod
2422 3145 2672 3216 intelligit
2706 3150 2939 3214 animus,
2968 3157 3061 3202 aut
3103 3147 3157 3202 id
3188 3133 3440 3218 quodest
3469 3145 3522 3200 in
3552 3160 3638 3202 re-

343 3240 545 3300 ciebus.
582 3240 792 3308 species
839 3240 1071 3310 propriis
1102 3241 1280 3309 priora
1320 3249 1443 3294 sunt
1488 3240 1821 3294 naturaliter.
1857 3240 1933 3294 Ex
1960 3239 2012 3304 ο
2047 3253 2167 3292 rum
2199 3248 2388 3291 natura
2420 3238 2793 3307 constitutum,
2824 3240 3104 3296 intellectu
3140 3242 3398 3309 concipit,
3425 3249 3479 3294 et
3513 3235 3639 3294 sibi.

343 3333 626 3399 generibus
663 3333 803 3386 enim
845 3333 1050 3401 species
1095 3331 1285 3386 ﬂuunt.
1339 3331 1467 3386 Item
1500 3333 1705 3401 species
1748 3332 1846 3386 sub
1871 3347 1932 3386 se

345 3425 530 3490 positis
555 3424 843 3479 individuis
866 3427 1074 3492 priores
1100 3424 1416 3480 naturaliter
1443 3440 1564 3480 esse
1589 3424 1932 3479 manifestum

343 3526 444 3570 est.
498 3516 628 3584 Qua:
669 3533 798 3571 vero
834 3518 1010 3586 priora
1051 3527 1195 3584 sunt,
1226 3532 1290 3571 ea
1334 3526 1388 3570 et
1435 3527 1844 3586 prtenoscuntur
1881 3523 1937 3571 et

346 3606 554 3661 notiora
578 3617 702 3663 sunt
722 3609 1166 3679 subsequentibus
1191 3609 1527 3666 naturaliter.
1545 3609 1763 3664 Duobus
1789 3610 1934 3663 enim

351 3698 528 3752 modis
574 3699 800 3764 primum
849 3700 1045 3769 aliquid
1075 3709 1130 3754 et
1155 3709 1339 3754 notum
1391 3700 1607 3765 dicitur,
1642 3699 1934 3755 secundum

351 3803 456 3844 nos
501 3790 726 3855 scilicet,
752 3801 805 3845 et
845 3791 1134 3846 secundum
1167 3800 1431 3845 naturam.
1483 3792 1646 3846 Nobis
1676 3793 1815 3846 enim
1849 3791 1936 3844 illa

351 3881 524 3949 magis
557 3883 761 3951 cognita
787 3892 930 3947 sunt,
962 3900 1081 3953 qua:
1110 3893 1236 3938 sunt
1261 3883 1526 3952 proxima,
1561 3892 1618 3937 ut
1647 3883 1938 3947 individua,

351 3972 555 4027 dehinc
603 3976 839 4042 species,
888 3986 1164 4044 postremo
1213 3993 1408 4047 genera
1440 3985 1533 4029 :at
1577 3990 1705 4029 vero
1754 3985 1939 4028 natura

349 4080 614 4122 converso
657 4069 813 4122 modo
856 4083 919 4124 ea
966 4080 1089 4124 sunt
1139 4072 1310 4141 magis
1358 4072 1590 4141 cognita,
1625 4085 1740 4139 qua!
1787 4070 1942 4126 nobis

347 4158 570 4213 minime
612 4161 854 4227 proxima
903 4173 1047 4215 sunt.
1090 4164 1262 4233 Atque
1294 4164 1416 4219 ideo
1456 4162 1850 4232 quantumlibet
1879 4176 1940 4216 se

349 4251 560 4323 longius
581 4268 609 4307 a
634 4254 788 4308 nobis
816 4270 1006 4323 genera
1030 4258 1393 4326 protulerunt,
1425 4266 1574 4312 tanto
1595 4258 1764 4327 magis
1786 4265 1946 4311 erunt

350 4344 523 4400 lucida
550 4355 604 4400 et
631 4346 946 4403 naturaliter
976 4358 1121 4404 nota.
1165 4349 1484 4406 Dill‘erentitn
1523 4365 1652 4406 vero
1698 4351 1945 4404 substan-

351 4438 505 4492 tiales
550 4437 656 4493 illae
695 4448 819 4494 sunt
864 4456 997 4510 quas
1035 4457 1130 4512 per
1174 4457 1230 4496 se
1273 4442 1356 4498 his
1403 4444 1561 4498 rebus
1607 4443 1785 4497 inesse
1827 4458 1945 4511 qua:

352 4529 789 4586 demonstrantur
827 4535 1186 4603 agnoscimus.
1235 4534 1547 4592 Prmcedere
1575 4548 1753 4591 autem
1782 4535 1944 4590 debet

2039 3338 2153 3383 met
2195 3329 2403 3384 ratione
2442 3330 2727 3396 describit,
2775 3341 2868 3386 aut
2910 3331 2964 3386 id
3009 3331 3150 3402 quod
3201 3347 3309 3386 non
3348 3341 3430 3387 est
3467 3345 3639 3386 vacua

2039 3421 2142 3476 sibi
2179 3423 2555 3490 imaginatione
2588 3423 2851 3495 depingit.
2885 3423 3029 3494 Ergo
3079 3423 3382 3480 intellectus
3427 3421 3640 3495 generis

2037 3524 2092 3568 et
2139 3523 2456 3569 cmterorum
2504 3516 2809 3593 cujusmodi
2848 3517 2920 3571 sit
2951 3517 3210 3586 quaeritur
3232 3558 3248 3584 ,
3281 3526 3533 3572 utrumne
3563 3517 3639 3572 ita

2041 3606 2402 3676 intelligamus
2431 3608 2641 3677 species
2682 3619 2735 3663 et
2765 3624 2957 3679 genera
2985 3618 3042 3663 ut
3070 3623 3134 3664 ea
3167 3626 3287 3680 qua:
3325 3619 3449 3664 sunt
3488 3621 3541 3664 et
3569 3624 3640 3664 ex

2043 3700 2240 3768 quibus
2266 3715 2450 3755 verum
2482 3701 2724 3770 capimus
2763 3701 3131 3768 intellectum,
3172 3717 3240 3756 an
3282 3701 3641 3770 nosmetipsos

2039 3791 2308 3847 eludimus
2346 3809 2468 3848 cum
2503 3809 2572 3848 ea
2613 3809 2733 3864 qua:
2765 3809 2871 3848 non
2904 3803 3029 3848 sunt
3068 3794 3224 3850 nobis
3261 3809 3409 3850 cassa
3443 3793 3638 3862 imagi-

2043 3883 2610 3938 nationeformamus.
2636 3884 2787 3951 Quod
2824 3885 2868 3937 si
2900 3899 3023 3938 esse
3053 3884 3270 3952 quidem
3314 3885 3642 3950 constiterit,

2046 3984 2102 4030 et
2129 3975 2195 4028 ab
2228 3976 2310 4030 his
2356 3991 2474 4044 qua:
2517 3985 2642 4029 sunt
2683 3976 3014 4029 intellectum
3065 3975 3276 4045 concipi
3323 3975 3640 4040 dixerimus,

2048 4075 2176 4121 tunc
2208 4068 2304 4120 alia
2355 4068 2526 4136 major
2556 4083 2620 4122 ac
2664 4067 2940 4123 difficilior
2986 4070 3212 4138 quaestio
3256 4068 3643 4124 dubitationem

2045 4169 2232 4229 parat,
2273 4175 2393 4214 cum
2442 4160 2781 4216 discernendi
2837 4172 3004 4231 atque
3055 4162 3383 4232 intelligendi
3430 4162 3643 4232 generis

2048 4251 2214 4321 ipsius
2264 4263 2509 4307 naturam
2552 4269 2760 4308 summa
2803 4253 3094 4309 difﬁcultas
3142 4255 3462 4310 ostenditur.
3507 4253 3642 4308 Nam

2049 4344 2299 4415 quoniam
2329 4361 2488 4399 omne
2513 4346 2655 4415 quod
2676 4356 2779 4412 est,
2811 4356 2900 4400 aut
2927 4361 3245 4417 corporeum
3277 4357 3367 4401 aut
3395 4348 3643 4416 incorpo-

2047 4453 2198 4492 reum
2239 4452 2358 4493 esse
2396 4453 2621 4493 necesse
2654 4448 2760 4504 est,
2798 4454 2971 4509 genus
3013 4449 3068 4495 et
3115 4440 3327 4509 species
3377 4439 3430 4494 in
3462 4440 3645 4506 aliquo

2051 4529 2241 4584 horum
2303 4545 2423 4583 esse
2465 4531 2755 4599 oportebit.
2805 4531 2979 4598 Quale
3030 4532 3134 4586 erit
3183 4532 3346 4602 igitur
3394 4531 3447 4585 id
3498 4530 3644 4599 quod

350 4637 604 4691 generum
636 4640 698 4678 ac
726 4623 1144 4681 differentiarum
1175 4629 1425 4698 cognitio,
1451 4639 1508 4683 ιιι
1539 4631 1589 4682 in
1615 4643 1934 4700 unaquaque
1962 4624 2017 4685 D
2041 4637 2209 4691 genus
2239 4621 2465 4687 dicitur;
2499 4634 2748 4676 utrumne
2776 4638 3095 4691 corporeum
3119 4639 3183 4678 an
3215 4623 3637 4691 incorporeum?

352 4715 634 4784 disciplina
665 4731 784 4784 quae
814 4719 920 4771 sint
948 4718 1064 4788 ejus
1107 4721 1185 4774 rei
1235 4735 1352 4790 quse
1383 4721 1781 4776 demonstratur
1806 4737 1940 4777 con-

354 4807 618 4861 venientia
660 4807 920 4877 principia
965 4816 1134 4878 possit
1177 4808 1422 4881 intelligi.
1472 4813 1779 4868 Necessaria
1813 4829 1943 4870 vero

354 4914 475 4953 esse
519 4915 580 4953 ea
630 4901 764 4970 ipsa,
808 4917 926 4970 qua:
976 4918 1173 4972 genera
1217 4916 1272 4960 et
1314 4905 1646 4961 dill'erentias
1690 4907 1941 4975 dicimus,

356 4992 530 5045 nullus
560 4991 766 5047 dubitat
795 4995 884 5064 qui
914 4997 1148 5064 speciem
1177 4998 1292 5052 sine
1320 5014 1517 5068 genere
1546 5009 1600 5054 et
1638 5000 1938 5054 differentia

355 5085 603 5153 intelligit
630 5101 751 5142 esse
782 5103 885 5140 non
917 5103 1096 5156 posse.
1150 5086 1354 5144 Genera
1380 5106 1513 5146 vero
1543 5100 1596 5146 et
1625 5091 1945 5146 differentia:

355 5185 485 5230 sunt
528 5190 701 5232 causa:
749 5179 1069 5248 specierum.
1123 5181 1328 5237 Idcirco
1372 5186 1515 5237 enim
1563 5186 1768 5251 species
1821 5192 1948 5237 sunt

358 5267 485 5334 quia
516 5282 708 5334 genera
741 5286 920 5326 earum
949 5282 1005 5327 et
1031 5273 1350 5328 differentias
1391 5285 1516 5328 sunt
1546 5291 1664 5342 quae
1700 5275 1751 5328 in
1784 5276 1948 5344 syllo-

356 5358 550 5427 gismis
573 5359 739 5424 posita
768 5362 1259 5418 demonstrantibus
1290 5379 1395 5418 non
1428 5365 1505 5418 rei
1537 5365 1730 5426 solum,
1761 5380 1946 5419 verum

357 5453 528 5505 etiam
572 5452 927 5507 conclusionis
955 5471 1131 5510 causa:
1160 5464 1312 5520 sunt,
1343 5455 1482 5524 quod
1516 5454 1769 5522 postremi
1801 5469 1948 5510 reso-

360 5540 542 5594 lutorii
574 5540 890 5609 locupletius
920 5547 1113 5600 dicent.
1146 5545 1280 5600 Cum
1325 5547 1487 5614 igitur
1517 5546 1744 5613 perutile
1775 5547 1861 5609 sit,
1893 5555 1947 5600 et

358 5631 674 5688 dilllnitione
712 5634 986 5702 quodlibet
1034 5636 1162 5690 illud
1215 5639 1675 5705 circumscribere,
1713 5649 1766 5694 et
1814 5640 1945 5693 divi-

359 5727 509 5781 sione
552 5724 882 5791 dissolvere,
926 5737 979 5779 et
1025 5727 1512 5786 demonstrantibus
1561 5734 1940 5800 comprobare,

363 5822 478 5878 haec
503 5828 681 5877 autem
712 5829 910 5894 prater
929 5835 1112 5878 carum
1145 5837 1322 5882 rerum
1347 5823 1619 5883 scientiam
1649 5825 1718 5883 de
1744 5823 1941 5896 quibus

2053 4729 2226 4783 neque
2256 4716 2395 4768 enim
2426 4714 2549 4784 quid
2577 4716 2646 4768 sit
2673 4714 2958 4785 diligenter
2984 4716 3304 4782 intenditur,
3330 4715 3430 4771 nisi
3454 4717 3504 4771 in
3533 4731 3644 4786 quo

2053 4812 2242 4866 horum
2270 4812 2393 4881 poni
2419 4811 2614 4865 debeat
2644 4823 2988 4881 agnoscatur.
3021 4813 3130 4869 Sed
3173 4828 3347 4883 neque
3378 4828 3496 4867 cum
3531 4812 3644 4866 haec

2050 4906 2224 4960 soluta
2261 4905 2419 4959 fuerit
2458 4904 2704 4974 quaestio,
2742 4921 2906 4961 omne
2950 4907 3256 4961 excluditur
3283 4906 3633 4975 ambiguum:

2050 5002 2234 5056 subest
2263 5001 2404 5056 enim
2437 5001 2661 5071 aliquid,
2692 5001 2832 5072 quod
2861 5004 2906 5056 si
2941 5002 3300 5071 incorporalia
3331 5017 3449 5054 esse
3471 5014 3640 5070 genus

2051 5110 2114 5148 ac
2157 5093 2364 5162 Species
2415 5093 2681 5157 dicantur,
2723 5093 2970 5148 obsideat
3024 5093 3644 5162 intelligentiam'atque

2053 5185 2323 5250 detineat,
2386 5186 2590 5238 cxsolvi
2649 5187 2925 5253 postulans
2993 5194 3168 5237 utrum
3221 5182 3362 5235 circa
3415 5195 3642 5248 corpora

2055 5276 2170 5344 ipsa
2219 5275 2532 5339 subsistant,
2562 5291 2627 5327 an
2657 5275 2814 5328 etiam
2859 5283 3056 5341 prteter
3084 5286 3310 5340 corpora
3341 5272 3640 5324 subsisten-

2054 5369 2124 5422 tia
2158 5369 2522 5437 incorporales
2561 5382 2680 5421 esse
2712 5369 3014 5419 videantur.
3050 5365 3175 5418 Dum-
3211 5367 3408 5434 quippe
3456 5366 3637 5419 incor-

2057 5476 2336 5532 poreorum
2387 5460 2569 5513 forma:
2605 5468 2745 5521 sunt,
2782 5466 2838 5509 ut
2868 5460 2971 5510 alia
3005 5468 3197 5525 praeter
3238 5473 3464 5527 corpora
3524 5472 3645 5515 esse

2064 5553 2282 5619 possint,
2316 5561 2369 5605 et
2396 5559 2639 5618 separata
2668 5565 2697 5602 a
2727 5549 3046 5616 corporibus
3071 5550 3122 5603 in
3153 5565 3244 5604 sua
3269 5549 3646 5619 corporalitate

2057 5645 2380 5713 perdurent,
2415 5655 2472 5696 ut
2515 5644 2677 5706 Deus,
2723 5657 2907 5706 mens,
2949 5643 3145 5695 anima.
3188 5642 3306 5697 Alia
3347 5659 3475 5698 vero
3523 5659 3646 5698 cum

2055 5737 2158 5787 sint
2184 5737 2517 5802 incorporea,
2537 5743 2714 5787 tamen
2749 5742 2946 5800 prmter
2976 5748 3199 5802 corpora
3234 5750 3354 5789 esse
3384 5750 3489 5787 non
3521 5747 3644 5801 pos-

2055 5836 2200 5896 sunt,
2229 5836 2286 5884 ut
2307 5825 2469 5897 linea,
2498 5824 2836 5901 superﬁcies,
2862 5842 3118 5884 numerus
3147 5838 3201 5883 et
3248 5827 3472 5896 singulm
3509 5839 3638 5891 qua-
