4244 6254
548 302 620 378 .83
1098 334 1111 365 .

1771 318 1882 373 ΑΝ.
1924 314 2127 372 ΜΑΝι.

2260 314 2323 370 v.
2366 313 2588 370 socru
3739 308 3808 363 δι

553 428 749 495 litates,
774 445 904 499 quas
927 430 1137 484 tametsi
1180 431 1519 498 incorporeas
1545 443 1664 483 esse
1697 428 2120 495 pronuntiamus,
2152 426 2203 483 Α
2227 435 2394 491 genus
2437 426 2576 478 aliud
2630 426 2999 492 iuqoiremluui
3046 435 3147 489 est,
3181 423 3448 478 videbitur
3486 437 3652 492 genus
3685 436 3807 476 om-

553 519 694 586 quod
724 520 891 575 tribus
917 522 1104 587 spatiis
1144 520 1364 574 minime
1392 519 1799 584 distendantur,
1830 519 1905 571 ita
1949 531 2124 571 tamen

555 611 608 662 io
657 611 971 680 corporibus
997 624 1142 677 sunt,
1176 621 1231 665 ut
1277 612 1342 665 ab
1376 612 1458 666 his
1499 611 1681 666 divelli
1723 620 1992 678 nequeant
2039 621 2127 664 aut

553 705 825 770 separari,
866 714 957 757 aut
999 706 1041 758 si
1083 719 1112 758 a
1154 704 1469 773 cerporibus
1519 716 1762 772 separata
1806 704 1935 768 sint,
1988 703 2130 755 nullae

555 792 713 847 modo
741 793 1407 861 permaneant.QuasliCet
1436 794 1757 861 quaistiones
1787 792 2009 846 arduum
2038 792 2127 857 sit,

554 885 672 951 ipso
719 885 931 939 interim
966 884 1261 954 Perpliyrio
1283 894 1565 951 renuente,
1609 885 1923 949 dissolvere,
1954 891 2133 937 tamen

558 978 833 1047 aggrediar
876 978 945 1031 ita
978 987 1033 1031 ut
1069 993 1167 1031 nec
1197 978 1412 1035 anxium
1460 977 1672 1033 lectoris
1697 976 1933 1030 animum
1960 975 2133 1029 relin-

555 1084 737 1137 quam,
769 1083 867 1124 nec
906 1070 1019 1138 ipse
1052 1070 1103 1123 iu
1139 1070 1221 1125 his
1248 1085 1368 1137 qua:
1400 1080 1593 1137 praeter
1618 1068 1854 1121 muneris
1901 1065 2135 1132 suscepti

556 1164 749 1217 seriem
783 1171 906 1215 sunt
939 1169 1146 1230 tempus
1185 1177 1507 1229 operamque
1537 1176 1866 1215 consumam.
1902 1159 2136 1211 Primum

557 1254 769 1319 quidem
804 1270 964 1321 pauc.»
993 1256 1092 1309 sub
1114 1255 1422 1325 quaestionis
1448 1254 1793 1321 ambiguitate
1822 1268 2135 1320 proponam,

558 1356 677 1416 post
706 1347 1108 1402 veroeumdem
1154 1346 1500 1401 dubitationis
1530 1347 1725 1400 nodum
1757 1346 2036 1400 exsolveie
2062 1354 2141 1395 at-

560 1454 662 1504 que
694 1439 968 1507 explicare
1010 1440 1245 1493 tentaho.
1317 1439 1527 1493 Genera
1572 1449 1626 1493 et
1646 1428 1867 1507 species
1895 1448 1986 1491 aut
2021 1446 2145 1490 sunt

558 1540 613 1582 et
651 1531 970 1596 subsistunt,
1004 1541 1096 1584 aut
1123 1531 1395 1586 intellectu
1435 1538 1489 1584 et
1529 1531 1641 1583 sola
1680 1528 2004 1598 cogitatione
2037 1525 2145 1579 for-

560 1634 790 1685 mantur,
818 1624 908 1676 sed
936 1639 1129 1689 genera
1155 1631 1209 1678 et
1237 1624 1444 1691 species
1465 1637 1584 1676 esse
1613 1635 1713 1675 non
1752 1628 1992 1687 possunt.
2030 1619 2139 1671 lloc

560 1723 736 1769 autem
768 1731 831 1767 ex
866 1716 947 1767 his
973 1714 1493 1783 intelligitur.0mne
1524 1714 1667 1768 enim
1694 1714 1833 1783 quod
1863 1725 2148 1765 commune

2231 520 2356 571 nino
2380 533 2484 571 non
2506 534 2644 581 esse,
2667 520 2912 586 idemque
2936 518 3001 571 de
3026 517 3237 572 caneris
3267 516 3674 584 intelligendum
3705 523 3808 569 est.

2228 612 2383 677 Quod
2415 612 2458 665 si
2493 623 2695 666 tantum
2738 612 3099 665 intellectibus
3140 626 3335 678 genera
3364 619 3419 664 et
3459 609 3670 679 species
3710 623 3815 662 oze-

2236 712 2454 767 teraque
2484 703 2781 770 capiuntur,
2815 718 2934 758 cum
2968 705 3145 758 omnis
3175 703 3478 757 intellectus
3518 714 3605 755 aut
3649 716 3713 755 ex
3760 716 3818 755 re

2234 795 2475 862 subjecta
2507 796 2617 858 liat,
2654 806 2707 847 nt
2749 810 2869 850 sese
2900 813 2987 849 res
3020 796 3199 854 habet.
3231 804 3324 847 aut
3352 804 3407 847 ut
3437 808 3525 846 res
3554 807 3674 846 sese
3712 807 3819 845 non

2237 886 2416 948 habet,
2449 903 2614 941 vanus
2658 900 2741 943 est
2771 888 2857 957 qui
2896 889 2962 942 de
2982 889 3130 942 nullo
3161 888 3405 955 subiecto
3433 886 3662 956 capitur,
3698 901 3817 937 nam

2238 994 2303 1032 ex
2338 980 2484 1033 nullo
2509 981 2750 1047 subiecto
2782 981 2900 1034 ﬁeri
2939 980 3239 1034 intellectus
3269 994 3375 1031 non
3412 986 3605 1046 potest.
3639 976 3694 1032 Si
3734 990 3826 1043 ge-

2242 1072 2387 1123 neris
2409 1079 2463 1123 et
2487 1071 2689 1139 speciei
2718 1079 3147 1139 cmterorumque
3180 1069 3481 1123 intellectus
3510 1084 3574 1121 ex
3605 1084 3666 1120 re
3699 1078 3825 1118 suu-

2237 1161 2379 1229 jecta
2407 1162 2605 1229 veniat,
2638 1164 2708 1216 ita
2735 1173 2932 1217 utsese
2952 1178 3046 1217 res
3064 1163 3181 1231 ipsa
3214 1161 3379 1214 habet
3407 1176 3528 1230 quae
3573 1159 3825 1225 intelligi-

2250 1268 2353 1315 tur,
2383 1253 2494 1322 iam
2525 1268 2628 1307 non
2676 1264 2877 1308 tantum
2924 1255 3198 1309 intellectu
3248 1254 3417 1318 posita
3463 1261 3610 1316 sant,
3643 1252 3735 1303 sed
3769 1252 3823 1304 in

2244 1360 2425 1399 rerum
2470 1346 2629 1400 etiam
2661 1346 2887 1400 veritate
2904 1346 3227 1401 consistunt.
3264 1346 3328 1399 Et
3355 1359 3542 1397 rursus
3568 1357 3823 1411 quaeren-

2248 1437 2374 1490 dum
2403 1445 2488 1491 est
2511 1452 2626 1503 qua:
2656 1438 2727 1492 sit
2754 1451 2941 1493 eorum
2971 1449 3178 1503 natura,
3210 1436 3352 1506 quod
3383 1438 3629 1505 superior
3679 1451 3826 1505 qua-

2250 1533 2356 1586 stio
2387 1533 2688 1601 vestigabat
2720 1550 2731 1583 :
2762 1532 2900 1601 quod
2925 1532 2970 1587 si
3014 1548 3075 1586 ex
3109 1547 3169 1586 re
3187 1531 3397 1597 quEdem
3428 1531 3636 1599 generis
3669 1540 3826 1583 crete-

2251 1640 2540 1695 rorumque
2585 1626 2810 1679 sumitur
2837 1626 3158 1689 intellectus,
3187 1640 3361 1694 neque
3392 1624 3460 1677 ita
3492 1634 3549 1677 ut
3578 1637 3697 1678 sese
3738 1637 3825 1676 res

2254 1718 2414 1772 habet
2459 1735 2578 1788 qua:
2628 1718 2923 1773 intellectui
2953 1717 3192 1786 subiecta
3232 1726 3334 1777 est,
3362 1730 3555 1769 vanum
3602 1728 3826 1769 necesse

559 1816 641 1861 est
678 1821 781 1860 uno
810 1816 1053 1875 tempore
1080 1806 1346 1875 pluribus,
1392 1807 1441 1857 id
1474 1808 1525 1859 in
1571 1820 1630 1858 se
1659 1820 1819 1857 unum
1869 1816 1990 1856 esse
2034 1817 2143 1853 non
2172 1803 2221 1865 Β
2246 1819 2330 1864 εει
2358 1825 2476 1865 esse
2503 1811 2865 1878 intellectum,
2899 1810 2989 1878 qui
3010 1826 3079 1863 ex
3113 1825 3171 1863 re
3198 1808 3415 1877 quidem
3444 1807 3693 1869 sumitur,
3717 1822 3825 1859 nnn

562 1893 1080 1966 poterit.l\lultorum
1112 1899 1253 1951 enim
1280 1908 1361 1952 est
1389 1896 1530 1966 quod
1558 1910 1840 1949 commune
1868 1903 1973 1959 est,
1999 1908 2140 1962 pra:-

563 1992 744 2047 sertim
777 2008 897 2047 cum
925 2008 1025 2045 una
1055 2001 1213 2059 atque
1240 1990 1427 2046 eadem
1463 2005 1552 2045 res
1583 1991 1635 2043 in
1664 1990 1846 2043 multis
1874 2006 1979 2042 uno
2014 2003 2147 2041 teni-

562 2098 691 2153 pore
723 2094 829 2137 tota
874 2085 972 2151 sit;
1018 2093 1443 2154 quantmcunque
1474 2088 1614 2140 enim
1657 2092 1782 2138 sunt
1825 2084 2060 2150 species,
2094 2082 2145 2134 iu

561 2178 812 2229 omnibus
853 2192 1021 2244 genus
1072 2193 1232 2232 unum
1262 2188 1368 2243 εει,
1400 2193 1507 2232 non
1540 2177 1680 2245 quod
1724 2176 1791 2230 de
1829 2190 1896 2229 eo
1925 2174 2149 2240 singula:

561 2268 770 2336 species
810 2267 961 2337 quasi
1009 2278 1189 2337 partes
1232 2268 1440 2338 aliquas
1487 2278 1731 2336 carpant,
1778 2265 1872 2319 sed
1923 2265 2147 2333 singula:

563 2372 669 2409 uno
701 2367 941 2426 tempore
968 2366 1135 2412 totum
1163 2374 1330 2426 genus
1362 2360 1634 2412 habeant:
1668 2372 1775 2426 quo
1805 2358 1862 2410 lit
1885 2365 1944 2411 ut
1980 2364 2146 2409 totum

564 2464 732 2518 genus
779 2452 833 2503 in
893 2450 1133 2517 pluribus
1183 2450 1412 2521 singulis
1461 2465 1569 2504 uno
1625 2460 1865 2518 tempore
1914 2448 2149 2519 positum

564 2556 726 2596 unum
755 2556 874 2595 esse
914 2557 1019 2595 non
1075 2544 1283 2610 possit;
1321 2558 1493 2610 neque
1534 2542 1676 2595 enim
1720 2543 1831 2596 lieri
1874 2549 2052 2609 potest
2095 2548 2152 2594 ut

562 2648 684 2687 cum
719 2633 769 2685 in
806 2634 1044 2698 pluribus
1073 2644 1240 2687 totum
1270 2650 1377 2687 uno
1398 2636 1469 2689 sit
1491 2646 1751 2704 tempore,
1784 2635 1834 2688 in
1856 2633 2151 2702 semetipso

564 2722 635 2776 sit
669 2739 831 2776 unum
870 2739 1115 2778 numero.
1160 2726 1310 2790 Quod
1360 2726 1404 2779 si
1439 2729 1505 2779 ita
1549 2736 1653 2790 est,
1686 2740 1845 2778 unum
1895 2725 2148 2794 quiddam

560 2829 731 2883 genus
761 2807 889 2869 esse
932 2830 1032 2867 nou
1072 2817 1285 2883 poterit,
1326 2831 1433 2886 quo
1470 2817 1528 2869 lit
1557 2826 1618 2870 ut
1647 2817 1866 2870 omnino
1898 2816 2029 2871 nihil
2058 2817 2149 2871 sit.

560 2908 731 2963 Omne
762 2910 902 2962 enim
948 2910 1087 2977 quod
1120 2919 1225 2973 est,
1258 2911 1456 2963 idcirco
1483 2921 1565 2965 cst
1593 2913 1715 2979 quia
1762 2926 1925 2966 unum
1953 2918 2057 2973 est,
2097 2918 2151 2965 et

562 3000 631 3054 de
660 3002 837 3068 specie
888 3000 1027 3055 idem
1068 3002 1319 3056 convenit
1358 3001 1483 3055 dici.
1517 3003 1669 3068 Quod
1717 3004 1760 3056 si
1807 3014 1889 3057 est
1935 3003 2148 3072 quidem

560 3108 735 3161 genus
780 3108 843 3144 ac
882 3095 1118 3160 Species,
1167 3093 1258 3147 sed
1298 3094 1603 3161 multiplex,
1629 3109 1802 3165 neque
1846 3110 2011 3149 unum
2050 3109 2150 3146 nu-

2253 1914 2429 1957 tamen
2460 1902 2531 1957 ita
2566 1909 2623 1954 ut
2647 1917 2767 1956 sese
2797 1915 2883 1955 res
2913 1900 3094 1964 habet,
3116 1900 3167 1953 id
3194 1910 3276 1954 est
3302 1899 3443 1954 enim
3473 1898 3657 1953 falsum
3684 1899 3825 1967 quod

2251 1995 2406 2048 aliter
2444 2005 2605 2063 atque
2644 2007 2732 2047 res
2776 2002 2859 2046 est
2898 1992 3230 2059 intelligitur.
3270 1992 3324 2044 Si
3372 1990 3533 2059 igitur
3575 1988 3826 2058 quoniam

2248 2101 2421 2154 genus
2446 2095 2498 2139 et
2525 2085 2735 2153 species
2763 2099 2861 2137 nec
2890 2093 3037 2148 sunt,
3070 2097 3169 2137 nec
3196 2097 3314 2135 cum
3346 2080 3721 2148 intelliguntur
3740 2094 3829 2133 ve-

2250 2192 2341 2229 rus
2367 2186 2451 2229 est
2489 2190 2676 2231 eorum
2719 2175 3055 2241 intellectus,
3099 2188 3206 2227 non
3235 2180 3319 2227 cst
3356 2172 3662 2240 ambiguum
3703 2171 3828 2241 quin

2252 2270 2427 2323 omnis
2463 2268 2533 2322 sit
2576 2266 2891 2336 deponenda
2921 2266 2990 2320 de
3016 2266 3099 2320 his
3124 2266 3359 2336 quinque
3388 2265 3680 2333 propositis
3726 2263 3830 2319 dis-

2255 2361 2474 2426 putandi
2502 2376 2651 2427 cura,
2706 2359 3135 2430 quandoquidem
3179 2374 3352 2428 neque
3382 2359 3457 2411 de
3493 2372 3553 2412 ea
3599 2372 3659 2411 re
3709 2371 3828 2426 qua

2242 2456 2342 2520 sit,
2361 2471 2533 2523 neque
2557 2455 2627 2510 de
2657 2470 2720 2510 ea
2748 2456 2815 2509 de
2831 2470 2932 2524 qua
2949 2469 3130 2507 verum
3162 2452 3359 2521 aliquid
3388 2452 3604 2521 intelligi
3628 2450 3829 2520 profer-

2254 2549 2369 2603 rive
2392 2547 2559 2615 possit
2585 2548 2905 2617 inquiritur:
2954 2547 3067 2599 lucc
3086 2545 3298 2614 quidem
3319 2554 3401 2598 est
3424 2544 3490 2597 ad
3510 2558 3746 2613 prtesens
3764 2544 3829 2597 de

2254 2641 2544 2710 prepositis
2573 2640 2821 2709 quaestio,
2843 2655 3002 2708 quam
3026 2654 3123 2693 nos
3145 2637 3449 2692 Alexandro
3464 2636 3830 2692 consentiente

2255 2733 2355 2786 hac
2386 2732 2790 2786 ratiocinatione
2808 2732 3098 2786 solvemus.
3132 2730 3244 2785 Non
3273 2731 3418 2785 enim
3460 2744 3684 2785 necesse
3713 2743 3830 2784 esse

2255 2824 2479 2878 dicimus
2515 2838 2731 2878 omnem
2769 2824 3096 2879 intellectum
3128 2826 3213 2893 qui
3240 2838 3311 2877 ει
3340 2823 3581 2892 subiecto
3605 2822 3821 2891 quidem

2254 2915 2345 2980 sit,
2372 2929 2479 2971 non
2504 2923 2678 2969 tamen
2698 2924 2755 2970 ut
2770 2929 2892 2971 sese
2921 2916 3091 2983 ipsum
3110 2914 3415 2981 subjectum
3437 2913 3615 2982 habet,
3631 2913 3822 2969 falsum

2255 3017 2312 3062 et
2344 3023 2567 3062 vacuum
2596 3006 2788 3063 videri.
2816 3005 2872 3060 in
2902 3006 2985 3060 his
3018 3005 3161 3062 enim
3207 3005 3335 3060 solis
3375 3005 3503 3061 falsa
3542 3005 3726 3073 opinio
3765 3020 3827 3057 ac

2259 3112 2365 3152 non
2401 3099 2575 3166 potius
2602 3096 2953 3167 intelligentia
2996 3106 3100 3161 est,
3130 3111 3250 3166 qua:
3276 3111 3372 3165 per
3399 3094 3830 3166 coniunctionem

564 3199 735 3247 mero,
770 3202 872 3237 nou
902 3185 1003 3237 erit
1032 3185 1277 3237 ultimum
1298 3199 1489 3252 genus,
1511 3185 1606 3239 sed
1639 3185 1856 3240 habebit
1885 3185 2029 3238 aliud
2060 3201 2151 3238 su-
2175 3178 2224 3241 C
2258 3190 2409 3242 liunt.
2439 3187 2496 3242 Si
2524 3188 2666 3243 enim
2690 3189 2811 3255 quis
2837 3196 3126 3256 componat
3163 3197 3324 3257 atque
3360 3186 3647 3256 coniungat
3677 3188 3831 3241 intel-

564 3290 660 3344 per
705 3290 764 3328 se
808 3275 1041 3343 positum
1089 3289 1278 3343 genus,
1324 3276 1466 3344 quod
1512 3275 1653 3329 illam
1698 3276 2149 3345 multiplicitatem

564 3366 722 3420 unius
748 3368 827 3418 sui
859 3368 1091 3419 nominis
1122 3365 1380 3420 vocabulo
1407 3367 1696 3421 concludat
1720 3386 1731 3421 :
1754 3378 1810 3421 ιιι
1834 3368 1975 3422 enim
2001 3368 2151 3436 plura

563 3458 812 3511 animalia
841 3459 1092 3527 quoniam
1122 3457 1321 3513 habent
1347 3459 1603 3528 quiddam
1626 3462 1826 3528 simile,
1855 3462 2043 3517 eadem
2071 3472 2150 3518 ta-

563 3565 687 3603 men
720 3564 821 3602 nou
845 3561 989 3613 sunt,
1021 3561 1074 3605 et
1103 3551 1301 3607 ideirco
1326 3566 1512 3607 eorum
1554 3569 1753 3623 genera
1793 3557 2148 3625 perquirunt,

564 3642 635 3695 ita
663 3657 874 3711 quoque
895 3644 1145 3713 quoniam
1172 3660 1340 3711 genus
1369 3645 1509 3714 quod
1535 3646 1587 3700 ln
1611 3647 1850 3711 pluribus
1873 3657 2153 3717 est,atque

565 3733 689 3789 ideo
720 3736 1021 3805 multiplex,
1057 3737 1215 3790 habet
1255 3736 1338 3791 sui
1368 3737 1777 3793 similitudinem
1816 3738 1956 3807 quod
1982 3753 2154 3808 genus

565 3838 669 3890 est,
713 3838 932 3882 nonest
973 3844 1106 3883 vero
1152 3846 1337 3895 unum,
1379 3834 1635 3898 quoniam
1690 3832 1742 3886 in
1774 3831 2015 3901 pluribus
2045 3840 2150 3896 est,

565 3918 683 3986 ejus
723 3920 936 3987 generis
987 3936 1200 3989 quoque
1246 3937 1416 3990 genus
1463 3922 1603 3976 aliud
1647 3922 1998 3993 quaerendum
2046 3933 2150 3986 est,

567 4028 795 4085 cumque
825 4014 983 4067 fuerit
1012 4014 1284 4069 inventum
1312 4016 1498 4071 eadem
1523 4018 1733 4071 ratione
1763 4032 1880 4084 qua:
1902 4016 2153 4085 Superius

548 4105 707 4159 dicta
738 4114 840 4174 εει,
873 4122 1057 4161 rursus
1080 4124 1248 4176 genus
1277 4110 1490 4163 tertium
1525 4111 1852 4179 vestigator;
1884 4111 2061 4180 itaque
2100 4110 2153 4163 in

568 4199 831 4253 inﬁnitum
862 4200 998 4253 ratio
1024 4203 1273 4267 procedat
1300 4217 1522 4257 necesse
1552 4213 1654 4264 est.
1682 4220 1803 4257 cttm
1836 4202 2012 4257 nullus
2044 4203 2156 4259 dis-

569 4291 778 4360 ciplina:
812 4292 1073 4345 terminus
1118 4304 1382 4347 occurrat.
1417 4294 1565 4359 Quod
1596 4296 1637 4346 si
1682 4309 1845 4347 unum
1885 4294 2151 4363 quoddam

569 4398 793 4436 numero
815 4398 981 4450 genus
1007 4392 1111 4450 est,
1146 4399 1429 4438 commune
1453 4386 1740 4438 multorum
1773 4402 1895 4439 esse
1927 4402 2028 4438 non
2054 4401 2153 4453 po-

569 4474 729 4527 terit:
762 4490 863 4527 una
901 4478 1044 4528 enim
1094 4491 1178 4530 res
1212 4476 1256 4529 si
1297 4477 1597 4530 conmmnis
1638 4488 1754 4542 est,
1785 4488 1876 4530 aut
1917 4478 2155 4545 partibus

2259 3280 2401 3333 lectu
2429 3277 2483 3332 id
2512 3278 2656 3347 quod
2686 3290 2872 3334 natura
2888 3278 3038 3348 iungi
3068 3292 3175 3333 non
3204 3280 3452 3343 patiatur,
3482 3277 3612 3332 illud
3642 3270 3851 3332 falsum

2257 3384 2381 3425 esse
2409 3370 2586 3424 nullus
2615 3370 2865 3440 ignorat:
2894 3369 3023 3425 utsi
3061 3368 3180 3436 quis
3210 3384 3404 3438 equum
3446 3378 3607 3438 atque
3655 3368 3831 3424 homi-

2258 3476 2382 3515 nem
2409 3459 2602 3531 jungat
2639 3460 3043 3530 imaginatione,
3068 3471 3229 3530 atque
3255 3460 3455 3529 efﬁgiet
3496 3468 3833 3516 centaurum.

2258 3552 2411 3618 Quod
2441 3551 2487 3607 si
2529 3550 2631 3606 hoc
2677 3566 2772 3619 per
2815 3549 3134 3607 divisionem
3174 3562 3229 3607 et
3257 3550 3670 3606 abstractionem
3722 3551 3830 3612 ﬁat.

2259 3660 2365 3700 non
2397 3647 2468 3700 ita
2490 3645 2706 3717 quidem
2737 3660 2823 3700 res
2852 3659 2971 3700 sese
2994 3644 3173 3701 habet.
3210 3653 3267 3698 ut
3290 3644 3595 3700 intellectus
3622 3656 3724 3699 est.
3745 3644 3833 3698 lu—

2259 3736 2507 3791 tellectus
2553 3746 2728 3790 tamen
2763 3736 2852 3791 ille
2898 3735 3114 3791 minime
3158 3735 3324 3792 falsus
3364 3745 3446 3790 est
3480 3754 3494 3791 ;
3526 3745 3650 3791 sunt
3689 3739 3833 3791 enim

2261 3830 2410 3897 plura
2444 3844 2562 3897 quae
2590 3827 2646 3883 in
2676 3827 2798 3884 aliis
2826 3837 2980 3883 Suum
3014 3831 3137 3882 es‘se
3164 3827 3368 3882 habent
3388 3868 3402 3892 ,
3431 3844 3495 3881 ex
3520 3827 3716 3898 quibus
3744 3837 3835 3881 aut

2259 3923 2479 3978 Omnino
2504 3924 2737 3992 separari
2773 3938 2879 3977 non
2911 3925 3259 3991 poséunt,aut
3279 3921 3327 3977 si
3349 3933 3595 3990 separata
3618 3921 3835 3989 fuerint,

2260 4016 2401 4070 nulla
2432 4015 2641 4071 ratione
2667 4015 2989 4071 subsistunt.
3015 4016 3190 4083 Atque
3228 4025 3285 4067 ut
3314 4013 3414 4069 hoe
3453 4014 3604 4069 nobis
3629 4014 3683 4068 in
3714 4028 3837 4081 per-

2260 4117 2448 4176 vagato
2473 4106 2720 4175 exemplo
2748 4105 3085 4172 manifestum
3120 4104 3212 4170 sit,
3237 4105 3375 4160 linea
3409 4104 3464 4163 in
3503 4120 3730 4173 corpore
3754 4114 3837 4160 est

2259 4196 2481 4265 aliquid,
2507 4206 2562 4251 et
2591 4196 2644 4251 id
2670 4195 2813 4264 quod
2857 4204 2943 4250 est
2983 4195 3199 4263 corpoii
3250 4196 3429 4259 debet,
3460 4196 3567 4250 hoc
3609 4205 3692 4250 est
3715 4209 3838 4253 esse

2259 4305 2410 4343 suum
2453 4302 2548 4358 per
2576 4303 2774 4356 corpus
2805 4287 3020 4349 retinet,
3049 4285 3189 4355 quod
3219 4285 3442 4340 docetur
3472 4286 3546 4342 ita
3572 4304 3586 4340 :
3612 4288 3656 4341 si
3695 4288 3838 4344 enim

2259 4388 2503 4449 separata
2534 4379 2605 4434 sit
2638 4395 2666 4432 a
2694 4393 2919 4448 corpore
2960 4392 3063 4435 non
3093 4377 3365 4444 subsistit;
3406 4380 3526 4448 quis
3548 4378 3701 4435 enim
3739 4394 3839 4433 un-

2257 4486 2418 4540 quam
2450 4484 2613 4524 scnsu
2648 4470 2755 4523 ullo
2781 4480 3078 4538 separatam
3109 4485 3141 4524 a
3170 4484 3392 4538 corpore
3418 4470 3614 4527 lineam
3645 4472 3839 4540 cepit?

571 4570 868 4622 communis
897 4580 1071 4635 est,et
1099 4584 1202 4624 neu
1227 4570 1337 4639 iam
1370 4578 1477 4623 tota
1514 4586 1832 4631 communzs,
1852 4572 1946 4625 sed
1977 4582 2155 4640 partes
2180 4562 2238 4626 Β
2272 4564 2377 4618 Sed
2392 4563 2602 4618 animus
2624 4578 2744 4618 Cllm
2763 4562 3012 4618 confusas
3030 4578 3116 4617 res
3129 4562 3839 4633 permistasquecorporibus

570 4665 683 4732 eius
717 4665 929 4733 proprie
958 4666 1285 4735 singulorum
1313 4674 1458 4729 sunt,
1488 4676 1577 4717 aut
1608 4667 1658 4719 in
1682 4680 1810 4718 usus
1830 4665 2154 4719 habentium

571 4762 732 4811 etiam
765 4776 856 4827 per
881 4771 1119 4825 tempora
1152 4760 1347 4815 transit
1369 4770 1425 4814 ut
1445 4760 1514 4812 sit
1536 4774 1840 4821 commune,
1873 4769 1929 4812 ut
1959 4770 2153 4828 puteus

572 4862 629 4904 et
676 4852 816 4913 fons,
866 4863 920 4903 ut
965 4866 1153 4905 servus
1203 4852 1506 4906 communis
1544 4852 1629 4905 vel
1674 4865 1863 4919 equus,
1914 4866 2003 4903 aut
2047 4865 2153 4905 uno

572 4952 814 5010 tempore
843 4942 1090 4994 omnibus
1121 4954 1404 4994 commune
1431 4943 1510 5001 lit,
1537 4957 1640 4993 non
1672 4950 1845 4994 tamen
1875 4948 1933 4993 ιιι
1960 4954 2148 4995 eorum

570 5034 766 5103 quibus
797 5048 1080 5086 commune
1128 5042 1211 5085 est
1249 5034 1601 5086 substantiam
1635 5032 1949 5091 constituat.
1984 5041 2040 5085 ut
2068 5044 2151 5086 est

572 5128 862 5188 tlteatrutn,
881 5126 965 5180 vel
985 5125 1344 5193 spectaculum
1374 5125 1587 5194 aliquod
1618 5124 1756 5194 quod
1781 5125 2150 5192 spectantibus

572 5221 822 5276 omnibus
845 5235 1126 5276 commune
1152 5233 1254 5274 εει.
1274 5219 1453 5273 Genus
1478 5234 1603 5272 vero
1627 5219 1918 5273 secundum
1941 5218 2147 5273 nullum

575 5314 763 5367 horum
795 5315 1008 5367 modum
1037 5327 1320 5366 commune
1348 5327 1467 5365 esse
1490 5310 1770 5379 speciebus
1796 5319 2001 5379 potest:
2027 5327 2148 5365 nam

575 5410 645 5460 ita
675 5422 959 5461 Commune
988 5422 1109 5459 esse
1150 5404 1329 5463 debet.
1364 5413 1419 5457 ut
1448 5414 1499 5457 et
1527 5411 1694 5456 totum
1722 5404 1789 5455 sit
1822 5404 1869 5455 in
1902 5401 2147 5472 singulis,

576 5506 631 5550 et
665 5514 773 5551 uno
833 5508 1110 5563 tempore,
1154 5508 1206 5549 et
1251 5510 1701 5564 eorumquorum
1740 5508 2024 5548 commune
2069 5502 2152 5549 est

570 5589 901 5643 constituere
936 5589 1107 5642 valeat
1151 5604 1197 5642 ει
1224 5589 1559 5645 conformare
1601 5586 1981 5642 substantiam.
2010 5587 2153 5651 Quo-

578 5682 716 5732 circa
747 5680 789 5731 si
815 5695 985 5746 neque
1017 5696 1175 5730 unum
1206 5690 1305 5740 est,
1331 5680 1575 5748 qumiam
1611 5694 1893 5733 commune
1924 5687 2023 5735 cst,
2060 5693 2151 5729 oe—

570 5786 678 5845 que
725 5772 1002 5840 multiplex
1030 5814 1043 5837 ,
1076 5773 1324 5841 quoniam
1372 5771 1485 5839 eius
1534 5786 1743 5841 quoque
1793 5768 2152 5826 multitudinis

2264 4656 2317 4710 in
2344 4671 2403 4710 se
2424 4670 2453 4709 a
2481 4655 2729 4711 sensibus
2758 4659 2942 4723 cepit,
2979 4668 3071 4708 eas
3106 4654 3319 4723 propria
3347 4657 3396 4709 vi
3424 4664 3479 4711 et
3517 4655 3840 4727 cogitatione

2263 4749 2559 4820 distinguit.
2607 4747 2807 4803 Omnes
2844 4750 2985 4802 cnim
3027 4746 3333 4819 huiusmodi
3379 4763 3466 4804 res
3512 4749 3839 4812 incorporea)

2263 4846 2318 4897 in
2342 4858 2567 4914 corpore
2596 4857 2748 4897 suum
2780 4855 2901 4897 esse
2930 4840 3187 4897 habentes
3211 4856 3399 4897 sensus
3427 4856 3548 4896 cum
3580 4840 3715 4909 ipsis
3744 4856 3838 4896 no-

2263 4936 2347 4990 bis
2387 4935 2702 5003 corporibus
2732 4934 2936 4988 tradit:
2968 4943 3022 4987 at
3048 4946 3178 4989 vero
3218 4936 3447 5002 animus,
3477 4935 3565 4990 cui
3604 4944 3837 5002 μοινειειε

2263 5040 2344 5082 εδι
2373 5037 2428 5081 ει
2451 5026 2716 5093 disiuncta
2745 5040 3070 5094 componere
3107 5038 3161 5082 et
3196 5028 3485 5095 composita
3516 5025 3828 5090 dissolvere,

2263 5134 2382 5187 qua:
2408 5133 2437 5171 a
2467 5116 2713 5172 sensibus
2740 5116 2963 5174 confusa
2994 5127 3049 5174 et
3075 5118 3390 5187 corporibus
3418 5117 3701 5186 conjuncta
3726 5126 3835 5171 tra-

2259 5213 2480 5275 duntur,
2509 5209 2580 5265 ita
2606 5209 2888 5280 distinguit
2914 5220 2974 5266 ut
2993 5213 3044 5265 in
3071 5209 3440 5281 incorporeatn
3468 5216 3708 5264 naturam
3740 5225 3827 5279 pet

2260 5320 2321 5359 se
2343 5318 2407 5359 ac
2430 5304 2549 5359 sine
2586 5304 2817 5372 corporil
2842 5319 2904 5357 us
2924 5303 2977 5358 in
3007 5302 3199 5372 quibus
3224 5310 3596 5367 estconcreta,
3620 5312 3675 5355 et
3711 5317 3836 5371 spe-

2260 5395 2472 5451 culetur
2492 5406 2546 5450 et
2572 5394 2768 5449 videat.
2804 5395 3032 5450 Diversa:
3052 5393 3194 5448 enim
3219 5393 3572 5461 proprietates
3600 5403 3725 5450 sunt
3753 5394 3835 5449 in-

2260 5504 2640 5556 corporeorum
2679 5487 2992 5557 corporibus
3017 5485 3413 5556 pcrtnistorum,
3444 5488 3652 5544 etiamsi
3681 5503 3833 5558 sepa-

2260 5593 2447 5635 rentur
2468 5597 2494 5633 a
2523 5596 2768 5643 corpore.
2812 5577 3018 5632 Genera
3049 5592 3178 5646 ergo
3205 5589 3259 5633 et
3290 5579 3496 5646 Species
3533 5594 3833 5650 eniteraque

2262 5672 2345 5725 wl
2376 5673 2425 5724 in
2459 5671 2728 5739 carporeis
2758 5670 2934 5735 rebus,
2963 5670 3039 5721 vel
3072 5670 3123 5724 in
3158 5669 3238 5723 his
3262 5687 3375 5739 quze
3398 5682 3521 5726 sunt
3550 5688 3829 5741 corporea,

2266 5769 2642 5836 i-epeiiuutur:
2680 5775 2731 5816 et
2777 5766 2817 5818 si
2846 5780 2904 5819 ea
2956 5764 3006 5819 in
3059 5763 3217 5819 rebus
3248 5765 3576 5837 incorporeis
3621 5768 3833 5829 invenit
