4244 6254
331 234 404 290 85
1305 224 1372 280 ιΝ
1409 219 1856 280 PORPHYRIUM
1896 217 2450 278 COMMENTARIUM
2491 221 2617 276 LIB.
2661 221 2724 276 ll.
3558 214 3624 271 86

326 348 570 411 animus.
593 347 756 404 habet
770 345 911 403 illico
929 345 1308 414 incorporeum
1335 342 1546 412 generis
1571 341 1930 396 intellectum.
1961 335 2359 407 A'telli‘guntur
2387 354 2513 395 vero
2551 340 2658 394 alio
2688 339 2870 407 modo,
2897 345 2952 393 et
2977 346 3102 393 sunt
3130 333 3626 403 incorporalia.'sed

331 443 396 498 Si
428 457 562 496 vero
589 440 938 512 corporalium
983 454 1160 494 rerum
1190 452 1386 506 genera
1440 436 1753 504 speciesque
1787 447 1924 504 pro-
2040 431 2382 486 sensibilihus
2424 432 2603 501 juncta
2636 431 2934 486 subsistunt
2964 429 3392 485 insensibilibus.
3431 427 3630 480 Intelli-

344 536 618 605 spexerit,
675 535 847 591 aufert
873 535 956 606 (ut
984 533 1154 599 solet)
1191 548 1220 586 a
1243 531 1559 601 corporibus
1588 531 1936 598 incorporeo-
2037 535 2237 594 guntur
2265 540 2392 580 vero
2425 534 2620 593 prmter
2661 539 2912 594 corpora,
2944 535 3002 579 ut
3054 539 3149 593 per
3192 521 3481 590 semetipsa
3513 519 3631 573 sub-

334 643 460 681 rum
490 638 748 692 naturam,
779 637 832 681 et
859 627 1031 682 solam
1069 638 1363 694 puramque
1388 632 1444 676 ut
1466 624 1517 676 in
1546 622 1724 690 si-ipsa
1757 621 1930 676 forma
2039 616 2280 672 sistentia
2307 658 2322 683 ,
2373 633 2436 672 ac
2475 633 2581 672 non
2611 617 2666 674 in
2694 617 2812 671 aliis
2852 632 2973 672 esse
3016 631 3170 670 suum
3203 615 3492 679 habentia;
3533 611 3630 666 sed

336 730 424 774 est
454 730 750 775 contuetur.
776 719 853 772 Ita
884 718 1004 773 haec
1040 732 1161 772 cum
1197 715 1394 783 accipit
1418 715 1629 769 animus
1675 712 1930 780 permiSIa
2041 711 2192 767 Plato
2213 725 2411 780 genera
2438 725 2492 766 et
2518 709 2727 780 Species
2757 717 3061 780 cmteraque
3088 723 3196 763 non
3220 708 3381 762 modo
3404 705 3634 775 intelligi

336 814 679 882 corporibus,
735 811 1092 880 incorporalia
1135 808 1379 863 dividens
1422 808 1730 873 Speculator
1773 814 1931 875 atque
2039 805 2388 871 universalia,
2409 821 2594 860 verum
2619 807 2779 860 etiam
2811 819 2932 859 esse
2961 812 3122 873 atque
3153 813 3374 872 propter
3402 816 3634 869 corpora

336 902 662 958 considerat.
693 903 864 958 Nemo
892 918 1020 972 ergo
1049 901 1196 956 dicat
1231 899 1418 954 falsam
1464 915 1560 953 nos
1611 900 1805 952 lineam
1838 913 1933 952 co-
2039 900 2337 954 subsistere
2375 907 2561 966 putat;
2613 897 2933 954 Aristoteles
2985 911 3114 949 vero
3145 894 3368 964 intelligi
3411 893 3628 964 quidem

333 994 520 1065 gitare,
554 997 809 1067 quoniam
849 996 924 1050 ita
969 1009 1088 1049 eam
1135 1005 1314 1049 mente
1344 993 1584 1061 capimus
1615 991 1769 1061 quasi
1797 1007 1934 1057 βίω·
2038 991 2399 1060 incorporalia
2432 1001 2590 1060 atque
2620 989 2963 1053 universalia,
2989 989 3081 1043 sed
3104 987 3402 1042 subsistere
3433 988 3483 1040 iu
3508 1002 3629 1040 sen-

332 1096 416 1141 ter
442 1103 669 1156 c0tpora
698 1090 793 1152 sit,
828 1104 949 1142 cum
983 1097 1177 1156 prmter
1208 1101 1433 1154 corpora
1457 1100 1575 1139 esse
1602 1103 1708 1138 non
1741 1084 1928 1151 possit.
2037 1083 2284 1140 sibilibus
2318 1091 2486 1153 putat,
2511 1098 2740 1152 quorum
2773 1080 3069 1151 dijudicare
3106 1079 3406 1134 sententias
3445 1087 3630 1145 aptum

327 1174 446 1232 Non
473 1179 617 1232 enim
655 1178 836 1232 omnis
859 1178 947 1248 qui
979 1193 1042 1232 ex
1075 1176 1333 1246 subjectis
1363 1176 1522 1230 rebus
1540 1177 1747 1241 capitur
1772 1176 1932 1229 intel-
2037 1191 2160 1231 esse
2193 1189 2298 1228 non
2330 1174 2475 1228 duxi.
2513 1173 2730 1226 [altioris
2757 1174 2900 1226 enim
2927 1181 3010 1226 est
3038 1170 3412 1240 philosophiae,
3434 1168 3637 1224 idcirco

328 1269 1126 1338 lcetusa’titerquamseseipsa:
1145 1283 1233 1320 res
1258 1267 1477 1332 habent,
1502 1267 1664 1320 falsus
1686 1283 1805 1320 esse
1832 1283 1929 1332 pu-
2036 1284 2168 1323 vero
2206 1267 2499 1322 studiosius
2544 1267 2850 1321 Aristotelis
2902 1267 3220 1319 sententiam
3275 1263 3511 1318 exsecuti
3548 1277 3641 1316 su-

328 1362 526 1412 taudus
562 1368 668 1425 est,
699 1360 790 1412 sed
824 1366 918 1422 (ut
943 1356 1190 1426 superius
1213 1358 1413 1411 dictum
1444 1359 1560 1426 est)
1595 1357 1681 1410 ille
1714 1356 1932 1426 quidem
2039 1379 2180 1429 mus,
2217 1377 2324 1416 non
2355 1360 2495 1429 quod
2526 1375 2642 1413 eam
2687 1360 2917 1413 maxime
2957 1357 3327 1426 probaremus,
3367 1353 3460 1410 sed
3491 1353 3636 1424 quod

329 1452 426 1520 qui
458 1453 560 1507 hoc
593 1453 647 1506 in
677 1454 1066 1520 compositione
1099 1450 1223 1504 facit
1247 1453 1417 1504 falsos
1447 1461 1561 1518 est,
1610 1459 1666 1504 ut
1689 1465 1808 1505 cum
1844 1451 1934 1502 lto-
2038 1456 2125 1509 hic
2169 1456 2306 1509 liber
2335 1453 2400 1507 ad
2435 1452 2852 1522 praedicamenta
2886 1449 3225 1518 conscriptus
3256 1456 3362 1514 est,
3403 1460 3638 1519 quorum
3717 1491 3749 1552 Ι
3784 1485 3802 1550 )

331 1545 538 1599 minem
578 1552 737 1612 atque
779 1543 1225 1611 equumjungens
1265 1551 1565 1616 putatlesse
1591 1557 1928 1596 centaurum.
2037 1549 2358 1601 Aristoteles
2389 1557 2577 1599 auctor
2601 1555 2702 1598 est.
3591 1604 3674 1614 ν,
3699 1543 3812 1604 ,Ῐκηζ
3872 1568 3912 1575 ν-

334 1637 443 1704 Qui
481 1651 608 1689 vero
636 1635 688 1688 id
722 1635 772 1688 in
815 1634 1167 1688 divisionibus
1198 1644 1250 1689 et
1279 1634 1733 1689 abstractionibus
1771 1645 1931 1702 atque
2110 1639 2230 1693 Hoc
2256 1655 2394 1701 vero,
2422 1637 2855 1708 quemadmodum
2905 1636 2968 1689 de
3013 1633 3094 1689 his
3135 1650 3197 1688 ac
3246 1634 3310 1688 de
3356 1633 3639 1702 propositio
3716 1626 3734 1686 Ι
3780 1635 3848 1683 ἓν

317 1728 702 1803 assumptibus
731 1728 798 1782 ab
828 1727 911 1782 Itis
941 1729 1102 1783 rebus
1145 1731 1195 1782 in
1225 1729 1420 1798 quibus
1449 1740 1574 1782 sunt
1609 1729 1791 1794 efficit,
1824 1746 1929 1783 non
1959 1718 2009 1780 Β
2038 1732 2369 1798 probabiliter
2410 1730 2609 1800 antiqui
2659 1735 3046 1794 tractaverunt,
3093 1737 3142 1781 et
3189 1725 3375 1781 horum
3419 1726 3641 1780 maxime

329 1821 498 1875 modo
549 1823 713 1876 falsus
765 1837 871 1875 non
938 1830 1056 1886 est,
1091 1837 1278 1876 verum
1327 1822 1486 1876 etiam
1538 1823 1683 1874 solus
1735 1821 1934 1876 iutelle-
2043 1821 2395 1892 Peripatetici,
2425 1822 2516 1874 tibi
2545 1821 2912 1874 uunctentabo
2945 1830 3253 1876 monstrare.

329 1926 457 1968 ctus
488 1913 538 1966 id
564 1913 710 1982 quod
754 1914 804 1964 in
838 1913 1166 1982 proprietate
1211 1929 1394 1968 verum
1436 1923 1519 1968 est
1558 1915 1800 1968 invenire
1834 1929 1934 1983 po-
2109 1915 2497 1969 Pra-termissis
2533 1915 2620 1968 his
2647 1915 3054 1984 quaestionibus,
3097 1928 3229 1983 quas
3262 1913 3482 1970 altiores
3519 1928 3643 1969 esse

331 2015 462 2063 test.
498 2007 636 2062 Sunt
665 2007 830 2076 igitur
851 2008 1157 2076 huiusmodi
1184 2022 1269 2063 res
1297 2009 1348 2062 in
1373 2009 1743 2076 corporalibus
1771 2018 1933 2076 atque
2041 2008 2281 2076 prredicit
2305 2050 2320 2073 ,
2352 2017 2572 2076 exoptat
2632 2007 2961 2062 mediocrem
3021 2007 3400 2062 introductorii
3462 2009 3643 2076 operis

332 2101 391 2155 in
419 2100 766 2156 sensibilibus
789 2100 1362 2169 rebus.lutelliguutur
1389 2112 1568 2156 autem
1595 2111 1791 2170 prazter
1815 2116 1932 2156 sen-
2037 2113 2361 2168 tractatum;
2409 2101 2502 2158 sed
2544 2118 2610 2156 ne
2657 2103 2771 2171 ipsa
2814 2103 3001 2156 harum
3033 2102 3388 2172 quaestionum
3420 2099 3643 2153 amissio

329 2192 540 2261 sibilia,
583 2203 640 2246 ut
669 2208 854 2246 eorum
897 2203 1083 2247 natura
1134 2193 1366 2263 perspici
1414 2205 1467 2248 et
1509 2195 1806 2264 prapriutas
1836 2211 1929 2248 va-
2037 2198 2169 2252 vitio
2197 2198 2436 2262 daretur,
2470 2195 2720 2265 apposuit
2779 2194 3232 2265 quemadmodum
3286 2193 3353 2247 de
3392 2189 3642 2263 proposi-

330 2285 868 2354 leatcomprehendi.
892 2287 1154 2353 Quocirca
1185 2303 1308 2342 cum
1339 2299 1390 2342 et
1414 2304 1608 2358 genera
1642 2300 1695 2342 et
1719 2290 1931 2358 species
2039 2289 2111 2343 tis
2149 2297 2478 2343 tractaturus
2505 2297 2609 2355 est,
2641 2302 2706 2342 ex
2735 2301 3073 2357 quorumque
3117 2285 3218 2339 hoc
3243 2301 3378 2353 opus
3403 2283 3642 2339 auctori-

331 2378 673 2447 cogitantur,
709 2388 835 2433 tunc
862 2393 928 2432 ex
969 2379 1196 2449 singulis
1247 2381 1296 2433 in
1343 2381 1536 2449 quibus
1578 2392 1704 2434 sunt
1743 2396 1930 2436 eorum
2039 2394 2150 2438 tate
2181 2382 2444 2437 subnixus
2481 2379 2788 2451 aggreditur
2834 2391 2961 2434 ante
3011 2378 3314 2434 denuntiat.
3351 2375 3486 2431 Cum
3529 2390 3642 2429 me-

333 2470 632 2525 similitudo
663 2471 951 2539 colligitur,
987 2480 1045 2524 ut
1080 2486 1145 2524 ex
1187 2470 1414 2538 singulis
1450 2471 1759 2526 hominibus
1792 2471 1932 2528 inter
2040 2475 2374 2531 diocritatem
2405 2473 2620 2543 quidem
2657 2480 2980 2528 tractaturus
3005 2471 3267 2541 promittit
3289 2470 3526 2524 detracta
3548 2470 3644 2521 oh-

333 2576 399 2615 se
442 2559 796 2616 dissimilibds
838 2560 1183 2618 humanitatis
1229 2564 1548 2627 similitudo,
1576 2580 1694 2633 quae
1741 2565 1933 2618 simili-
2040 2570 2314 2624 scuritatis
2373 2565 2733 2630 difﬁcultate,
2774 2567 3010 2622 animum
3059 2564 3279 2620 lectoris
3329 2564 3516 2616 invitat
3579 2571 3639 2614 ut

335 2653 470 2707 tudo
507 2655 735 2722 cogitata
768 2656 951 2708 animo
980 2655 1352 2725 veraciterque
1383 2667 1664 2726 perspecta
1705 2656 1763 2710 ﬁt
1808 2672 1932 2725 spe-
2038 2677 2171 2714 vero
2211 2659 2519 2730 acquiescat
2567 2673 2628 2712 ac
2677 2659 2833 2713 sileat
2881 2659 2945 2712 ad
2978 2657 3030 2711 id
3062 2656 3203 2727 quod
3254 2655 3491 2724 picturus
3537 2662 3644 2720 est,

336 2745 475 2810 cies,
503 2760 726 2814 quarum
764 2746 1064 2812 specierum
1099 2762 1285 2803 rursus
1316 2750 1650 2804 diversarum
1681 2749 1930 2805 conside—
2040 2751 2521 2820 Peripateticorum
2573 2752 2892 2804 auctoritate
2935 2749 3241 2803 confirmat.
3294 2751 3469 2816 Atque
3520 2746 3643 2800 ideo

341 2847 460 2892 rata
506 2837 819 2900 similitudo,
856 2854 974 2907 quae
1025 2839 1126 2893 nisi
1176 2841 1224 2893 iu
1253 2840 1383 2909 ipsis
1422 2842 1708 2909 speciebus
1737 2851 1832 2897 aut
1876 2843 1928 2897 in
2041 2845 2135 2908 ait,
2169 2844 2236 2898 de
2267 2845 2368 2904 his,
2400 2845 2454 2898 id
2475 2853 2558 2896 est
2589 2844 2658 2897 de
2697 2843 2988 2912 generibus
3010 2851 3063 2896 et
3107 2841 3390 2912 speciebus
3428 2843 3496 2894 de
3522 2841 3643 2920 qui.-

344 2944 529 2983 earum
564 2929 849 2984 individuis
880 2945 1000 2986 esse
1033 2946 1139 2986 non
1177 2941 1373 3000 potest,
1405 2932 1571 2987 eflicit
1599 2949 1790 3003 genus,
1827 2937 1928 2989 ita-
2040 2936 2140 2990 bus
2167 2936 2474 3004 superiores
2503 2934 2758 2988 intulerat
2789 2934 3141 3003 quaestiones,
3198 2948 3262 2987 ac
3301 2931 3367 2986 de
3400 2931 3643 2999 proposi-

345 3036 449 3088 que
501 3022 614 3076 hinc
660 3032 786 3076 sunt
827 3023 1043 3092 quidem
1087 3025 1138 3077 in
1186 3024 1569 3094 singularibus.
1612 3027 1932 3096 Cogitantur
2042 3032 2111 3085 tis
2151 3031 2201 3082 id
2229 3037 2314 3082 est
2346 3027 2412 3080 de
2437 3025 3032 3094 dill'erentiis,pr0priis
3062 3036 3222 3092 atque
3252 3020 3640 3088 accidentibus,

342 3130 474 3170 vero
498 3116 839 3180 universalia,
866 3115 1106 3184 nihilque
1135 3117 1278 3172 aliud
1311 3120 1522 3186 species
1551 3133 1671 3173 esse
1701 3123 1940 3188 putanda
1971 3102 2019 3166 ο
2050 3137 2172 3178 sese
2218 3119 2566 3190 probabiliter
2602 3119 2996 3187 disputaturum
3027 3134 3041 3170 :
3079 3117 3428 3186 probabiliter
3462 3124 3642 3168 autem

345 3216 448 3270 est,
483 3207 580 3260 nisi
620 3209 872 3276 Cogitatio
902 3207 1129 3262 collecta
1159 3223 1225 3263 ex
1271 3209 1668 3266 individuorum
1700 3213 1940 3268 dissimi-
2047 3217 2140 3280 ait,
2177 3214 2227 3267 id
2258 3224 2342 3268 est
2390 3212 2786 3278 verisimilitcr,
2820 3211 2960 3280 quod
3003 3210 3175 3265 Graeci
3214 3211 3424 3280 λογικῶς
3456 3210 3535 3261 vel
3570 3209 3645 3261 ἐν-

347 3299 472 3355 lium
517 3315 744 3356 numero
789 3301 1128 3356 substantiali
1177 3302 1558 3369 similitudine,
1607 3321 1777 3376 genus
1808 3323 1937 3362 vero
2047 3308 2206 3372 δόξως
2235 3305 2438 3360 dicunt.
2459 3305 2614 3373 Saepe
2640 3306 2779 3358 enim
2813 3314 2870 3357 et
2899 3304 3037 3372 apttd
3059 3303 3399 3356 Aristmelem
3426 3304 3643 3373 λογικῶς

344 3391 599 3461 cogitatio
627 3394 852 3448 collecta
880 3409 946 3448 ex
965 3394 1269 3462 Specierum
1293 3396 1666 3453 similitudine.
1694 3399 1800 3454 Sed
1821 3401 1938 3455 haec
2051 3401 2414 3456 verisimiliter
2457 3414 2518 3452 ac
2573 3397 2924 3469 probabiliter
2973 3398 3174 3450 dictum
3229 3396 3549 3456 invenimus.
3593 3403 3648 3450 et

346 3484 644 3540 similitudo
683 3500 806 3540 cum
853 3485 908 3540 in
960 3487 1322 3557 singularibus
1364 3499 1479 3556 est,
1514 3489 1571 3544 fit
1617 3493 1886 3547 sensibilis
1923 3510 1934 3544 :
2051 3492 2190 3562 apud
2243 3493 2484 3546 Boetinm
2530 3499 2585 3545 et
2615 3491 2755 3559 apud
2801 3493 3025 3545 Alexau.
3063 3489 3392 3559 Porphyrius
3437 3503 3647 3556 quoque

347 3589 466 3628 cum
525 3575 580 3628 in
627 3575 1039 3644 universalibus,
1101 3580 1160 3632 fit
1210 3579 1604 3647 intelligibilis;
1639 3583 1938 3652 eodemque
2051 3587 2166 3654 ipse
2197 3585 2247 3637 in
2281 3583 2461 3638 multis
2490 3584 2589 3637 hac
2613 3584 3004 3652 significatione
3049 3581 3152 3634 hoc
3183 3579 3348 3634 verbo
3377 3596 3504 3634 usus
3535 3587 3638 3643 est,

347 3666 509 3720 modo
539 3681 660 3720 cum
702 3668 975 3723 sensibilis
1000 3680 1106 3737 est,
1137 3670 1190 3724 in
1223 3671 1586 3739 singularibus
1615 3687 1893 3741 permanet
1919 3717 1936 3741 ,
2048 3677 2193 3746 quod
2228 3691 2326 3730 nos
2347 3676 2623 3730 seilicetin
2656 3675 3027 3737 translatione,
3047 3674 3189 3743 quod
3214 3675 3289 3729 ait
3311 3675 3649 3752 λογικώτερον

347 3774 474 3812 cum
507 3759 834 3829 intelligitur,
865 3763 924 3814 fit
945 3762 1286 3818 universalis.
1319 3763 1626 3818 Subsistunt
1647 3781 1774 3835 ergo
1796 3768 1940 3821 circa
2051 3772 2123 3824 ita
2163 3769 2522 3838 interpretari,
2555 3781 2612 3823 ut
2651 3771 3039 3825 rationabiliter
3073 3767 3409 3834 diceremu~,
3453 3771 3642 3822 omisi-

353 3848 653 3914 sensibilia,
699 3851 1068 3922 intelliguntur
1105 3861 1283 3908 autem
1324 3866 1519 3922 printer
1562 3871 1811 3923 corpora,
1843 3873 1938 3910 ne-
2052 3878 2194 3917 mus.
2247 3862 2430 3931 Longe
2466 3863 2609 3916 enim
2661 3863 2854 3916 melior
2893 3878 2954 3914 ac
3002 3863 3177 3915 verior
3215 3862 3533 3926 signiﬁcatio
3580 3875 3646 3915 ea

352 3955 464 4010 qqe
491 3943 630 3996 enim
665 3944 1006 4000 interclusum
1037 3957 1120 4002 est
1149 3957 1205 4001 ut
1233 3947 1353 4002 dua:
1383 3963 1471 4002 res
1504 3951 1692 4003 eodem
1727 3952 1777 4002 in
1816 3950 1936 4004 sub-
2051 3956 2168 4010 visa
2197 3965 2299 4019 35!,
2336 3963 2394 4007 ut
2423 3953 2773 4020 probabiliter
2819 3969 2938 4006 sese
2982 3953 3162 4005 dicere
3196 3954 3552 4019 promitteret,
3588 3950 3642 4004 id

349 4033 499 4102 jecto
527 4049 631 4089 non
663 4035 768 4091 sint
808 4039 1015 4093 ratione
1045 4040 1294 4105 diversm,
1331 4050 1387 4094 ιιι
1421 4043 1559 4095 linea
1591 4057 1750 4097 curva
1781 4054 1942 4111 atque
2051 4057 2136 4103 est
2175 4063 2280 4100 non
2313 4055 2508 4116 praeter
2549 4045 2858 4113 Opinionem
2890 4044 3304 4114 ingredientium
3347 4052 3436 4112 atq
3475 4059 3505 4096 e
3565 4043 3645 4095 le-

348 4141 482 4181 cava
514 4144 526 4179 :
553 4143 671 4196 qua:
694 4143 780 4184 res
800 4144 921 4184 cum
949 4132 1177 4187 diversis
1207 4133 1621 4188 diffiuitionibus
1654 4137 1944 4193 termiuen-
2051 4156 2284 4207 ctorum,
2315 4142 2455 4210 quod
2489 4140 2902 4195 introductionis
2925 4149 3010 4194 est
3033 4139 3329 4209 prpprium.
3366 4137 3495 4191 Nam
3521 4151 3645 4190 cum

353 4231 462 4286 tur,
482 4218 830 4292 diversusque
855 4239 1041 4278 carum
1075 4225 1378 4281 intellectus
1409 4228 1499 4291 sit,
1527 4245 1742 4295 semper
1765 4239 1943 4284 tamen
2053 4235 2122 4288 ab
2150 4234 2529 4303 imperitorum
2563 4232 2840 4286 hominum
2873 4233 3141 4286 mentibus
3171 4231 3427 4284 doctrin-ie
3467 4244 3649 4283 secre-
3675 4221 3682 4226 ’

353 4311 410 4365 in
447 4312 634 4367 €30de
682 4316 930 4384 SUthCIO
976 4316 1346 4385 reperiuntur;
1388 4318 1575 4372 eadem
1625 4323 1767 4374 enim
1815 4337 1943 4374 (τινα
2054 4337 2165 4381 tum
2203 4327 2411 4382 altioris
2451 4327 2762 4389 abhorreat,
2799 4328 2916 4378 talis
2947 4341 3066 4380 esse
3100 4325 3421 4378 introductio
3464 4323 3645 4389 debet,

352 4404 497 4460 linea
526 4407 824 4478 eademque
853 4424 1014 4464 curva
1055 4421 1156 4466 est.
1203 4412 1278 4466 Ita
1308 4428 1519 4482 quoque
1560 4415 1846 4484 generibus
1891 4425 1946 4470 et
2052 4431 2113 4473 ut
2155 4431 2346 4486 praeter
2391 4421 2700 4486 opinionem
2754 4418 3162 4486 ingredientium
3216 4433 3320 4468 non
3371 4417 3456 4469 sit.
3505 4415 3652 4481 Ergo

356 4499 668 4566 speciebus,
710 4500 761 4554 id
789 4511 868 4556 est
897 4503 1252 4572 singularitati
1278 4514 1332 4558 et
1362 4507 1750 4559 universalitati
1777 4523 1941 4559 unum
1975 4487 2032 4548 D
2061 4512 2249 4566 melius
2288 4511 2634 4580 probabiliter
2660 4527 2818 4579 quam
2859 4509 3258 4567 ratinttabililet‘,
3289 4517 3343 4559 ιιι
3385 4508 3536 4560 nobis
3570 4509 3649 4557 vi-

358 4592 570 4659 Quidem
599 4593 900 4663 subjectum
945 4605 1046 4662 est,
1075 4596 1168 4650 sed
1201 4597 1307 4651 alio
1341 4597 1500 4652 modo
1531 4599 1838 4653 universale
1864 4610 1950 4653 est
2061 4606 2239 4669 detur,
2293 4604 2630 4670 interpretati
2680 4618 2886 4655 sumus.
2923 4602 3185 4664 Antiquos
3229 4611 3404 4651 autem
3456 4599 3530 4650 ait
3577 4599 3648 4652 de

358 4700 480 4739 cum
511 4691 808 4755 cogitatur,
836 4689 942 4741 alio
971 4690 1244 4759 singulare
1271 4706 1390 4744 cum
1433 4693 1662 4746 sentitur
1695 4695 1746 4746 in
1787 4696 1951 4748 rebus
2061 4697 2263 4750 eisdem
2291 4695 2594 4764 disputasse
2624 4694 2912 4752 rebus.sel
2943 4707 3128 4744 eorum
3152 4691 3298 4744 illum
3327 4706 3386 4742 se
3419 4690 3651 4744 maxime

364 4777 446 4831 his
488 4780 537 4830 in
569 4780 763 4846 quibus
793 4781 953 4834 habet
981 4796 1101 4835 esse
1123 4797 1297 4837 suum.
1335 4782 1427 4837 His
1458 4785 1615 4852 igitur
1643 4788 1948 4840 terminatis
2065 4799 2347 4843 tractatum
2379 4785 2585 4853 insequi
2614 4803 2772 4856 quem
2802 4784 3138 4851 Peripatetici
3177 4782 3469 4838 Aristotele
3511 4782 3652 4837 duce

361 4872 536 4923 omnis
565 4869 660 4941 (ut
689 4871 954 4943 arbitror)
986 4877 1210 4943 qumstio
1232 4876 1486 4932 dissoluta
1519 4888 1621 4934 est.
1662 4882 1773 4948 Ipsa
1807 4884 1950 4937 enim
2065 4883 2422 4953 reliquerunt,
2447 4893 2502 4936 ut
2536 4892 2641 4935 tota
2673 4880 2966 4949 disputatio
2994 4878 3061 4932 ad
3093 4879 3508 4935 medicamenta
3529 4890 3656 4932 con-

358 4977 558 5031 geucra
589 4975 639 5016 et
669 4965 878 5032 species
924 4967 1226 5020 subsistunt
1267 4970 1481 5036 quidem
1516 4973 1620 5026 alio
1654 4975 1835 5038 modo,
1871 4976 1955 5027 in-
2065 4978 2282 5030 veniat-

1425 5168 1807 5270 LIBER
1873 5170 2588 5275 SECUNDUS.

440 5387 622 5454 Quaeri
655 5392 787 5444 solet
817 5393 867 5445 itt
897 5396 1288 5460 ettpositionum
1319 5393 1598 5464 principiis
1642 5411 1736 5448 cur
1761 5413 1953 5450 ununt-
2070 5402 2264 5455 factum
2291 5403 2456 5453 videri
2488 5419 2500 5453 :
2536 5418 2691 5453 Ullllle
2718 5402 2857 5456 enim
2889 5401 3032 5471 quod
3055 5403 3357 5458 universale
3381 5412 3483 5468 est,
3515 5406 3656 5463 intra

367 5479 622 5549 quodque
647 5485 850 5537 ca'teris
881 5485 931 5538 in
962 5486 1329 5551 dispositionis
1370 5483 1560 5539 ordine
1591 5498 1948 5556 prapouatur,
2069 5493 2416 5559 semetipsum
2450 5503 2642 5545 cmtera
2676 5493 2966 5563 concludit,
2999 5495 3172 5564 ipsum
3209 5510 3337 5548 vero
3364 5511 3472 5554 nou
3505 5498 3655 5553 clau-

368 5573 516 5628 VeIut
549 5588 692 5626 nunc
724 5575 772 5625 in
801 5589 993 5642 genere
1019 5577 1247 5632 dubitari
1281 5588 1458 5645 patest
1494 5593 1588 5629 cur
1636 5593 1806 5642 genus
1834 5595 1955 5647 Spe-
2068 5586 2233 5640 ditur.
2261 5584 2476 5649 Majoris
2503 5588 2679 5652 itaque
2700 5583 2878 5637 meriti
2903 5596 2983 5637 est
3004 5601 3066 5640 ac
3089 5589 3400 5657 principalis
3421 5604 3652 5654 naturas,

370 5666 493 5730 ciei,
524 5666 862 5732 dillereutiae,
889 5669 1119 5736 proprio.
1153 5671 1518 5735 accidentique
1550 5670 1858 5736 prtetulerit,
1886 5673 1954 5728 de
2069 5677 2209 5743 quod
2262 5677 2328 5728 ita
2379 5685 2569 5727 cantem
2613 5683 2845 5735 coercet.
2876 5685 2933 5729 ut
2964 5678 3135 5746 ipsum
3173 5690 3376 5736 naturae
3405 5699 3514 5735 sua:
3547 5702 3660 5736 ma-

373 5773 440 5816 eo
467 5760 611 5815 enim
637 5760 884 5829 primitus
909 5767 1120 5813 tractat.
1150 5758 1606 5831 Respondebimus
1629 5761 1804 5832 itaque
1825 5764 1953 5833 jure
1993 5841 2009 5844 Δ
2067 5770 2352 5834 εηίιυαίιιε
2381 5776 2609 5833 nequeat
2637 5769 2702 5826 ab
2733 5767 2851 5825 aliis
2889 5771 3174 5830 contineri.
3208 5773 3387 5831 Genus
3419 5776 3577 5844 igitur
3599 5785 3654 5831 et

1978 5841 2012 5864 η
