4244 6254
538 431 603 490 εγ
1782 432 1882 489 ΔΝ.
1924 428 2104 485 ΜΑΝΙ.

2194 431 2321 486 SEV.
2368 430 2586 486 BOETll
3741 426 3806 480 88

536 573 746 643 species
769 574 908 628 intra
939 587 999 628 se
1032 574 1232 643 positas
1268 573 1448 640 habet,
1481 582 1535 629 et
1560 586 1744 629 earum
1787 572 2119 629 differentias

535 669 855 736 propriaque
876 708 888 729 .
922 666 1265 722 nihilominus
1294 667 1454 721 etiam
1488 666 1784 722 accidentia
1807 708 1823 734 ,
1854 676 2015 738 atque
2045 668 2118 722 ita

531 762 598 817 de
636 776 834 830 genere
860 761 1219 817 inchoandum
1252 764 1347 817 fuit
1369 762 1510 831 quod
1536 774 1731 820 cretera
1762 773 1967 819 natura:
2006 780 2117 819 sua:

529 854 894 924 magnitudine
931 864 1143 910 coercet
1182 867 1237 911 et
1269 857 1529 916 continet.
1563 858 1827 913 Praeterea
1859 859 1947 912 illa
1974 874 2118 913 sem-

529 961 627 1015 per
657 948 866 1016 propria
901 949 1129 1016 putanda
1169 960 1328 1017 sunt,
1355 966 1476 1019 quae
1522 951 1567 1004 si
1608 952 1816 1006 auferat
1860 952 1983 1022 quis
2012 967 2117 1006 cae-

528 1050 641 1095 tera
696 1045 1045 1112 perimuntur,
1100 1043 1186 1098 illa
1234 1045 1530 1113 posteriora
1574 1046 1766 1114 quibus
1812 1047 2004 1115 positis
2049 1061 2113 1102 ea

526 1148 643 1202 qua:
675 1144 991 1189 czrterorum
1030 1137 1383 1191 substantiam
1444 1137 1727 1206 perficiunt
1764 1152 2111 1206 consequun-

525 1234 632 1292 tur,
668 1238 722 1281 ut
752 1228 805 1283 in
834 1245 1030 1298 genere
1061 1238 1115 1284 et
1151 1232 1383 1286 cretetis.
1413 1231 1545 1285 Nam
1570 1232 1613 1285 si
1641 1233 1841 1286 animal
1873 1232 2108 1300 auferas,

524 1322 665 1389 quod
697 1335 775 1377 eSt
810 1323 1039 1379 hominis
1066 1339 1251 1394 genus,
1300 1324 1461 1378 homo
1504 1339 1717 1394 quoque
1745 1326 1832 1393 qui
1879 1332 1962 1377 est
1990 1338 2114 1393 spe-

523 1412 636 1470 cies
656 1459 669 1477 ,
724 1426 777 1469 et
805 1417 1064 1470 rationale
1109 1416 1251 1485 quod
1282 1416 1605 1482 differentia,
1638 1426 1692 1471 et
1735 1416 1940 1471 risibile
1970 1416 2110 1486 quod

521 1508 817 1576 proprimn,
849 1520 902 1564 et
948 1512 1353 1579 grammaticum
1395 1510 1538 1582 quod
1585 1511 1835 1565 accidens
1864 1520 1968 1577 est,
2002 1528 2110 1565 non

524 1604 777 1674 manebit,
813 1614 866 1660 et
899 1605 1275 1675 interemptum
1306 1622 1473 1675 genus
1500 1617 1688 1662 cuncta
1732 1609 2019 1663 consumit.
2051 1607 2109 1663 Si

522 1711 649 1750 vero
682 1696 951 1751 hominem
983 1713 1103 1753 esse
1127 1699 1421 1753 constituas
1451 1700 1533 1755 vel
1558 1704 1991 1769 grammaticum,
2022 1702 2109 1757 vel

520 1792 800 1857 rationale,
824 1794 905 1846 vel
929 1792 1149 1861 risibile,
1172 1795 1370 1848 animal
1392 1809 1602 1865 quoque
1618 1810 1740 1851 esse
1765 1811 1987 1851 necesse
2003 1807 2105 1851 est.

520 1884 650 1938 Sive
680 1884 819 1939 enim
845 1894 928 1940 est
955 1886 1138 1951 homo,
1170 1887 1368 1941 animal
1394 1897 1479 1942 est
1506 1905 1522 1943 :
1548 1888 1664 1945 sive
1683 1890 1969 1956 rationale,
1994 1889 2108 1945 sive

520 1976 726 2031 risibile
747 2022 762 2047 ,
805 1979 923 2032 sive
952 1979 1359 2048 grammaticum
1381 2023 1396 2047 ,
1430 1980 1498 2036 ab
1530 1982 1779 2037 animalis
1805 1982 2105 2038 substantia

518 2084 627 2122 non
676 2070 897 2123 recedit.
932 2070 1152 2126 Sublato
1177 2087 1305 2141 ergo
1332 2086 1535 2142 genere
1580 2085 1633 2128 et
1672 2084 1867 2129 caztcra
1909 2090 2108 2129 consu-

520 2173 760 2228 muntur,
790 2164 985 2234 positis
1024 2182 1153 2220 vero
1192 2168 1403 2222 ceteris
1431 2169 1673 2239 sequitur
1699 2184 1868 2239 genus
1902 2187 1916 2223 :
1961 2170 2108 2239 prior

518 2268 600 2310 est
625 2257 786 2329 igitur
814 2270 1001 2313 natura
1027 2261 1259 2329 generis,
1298 2265 1563 2331 posterior
1604 2272 1943 2320 eteterorum.
1976 2264 2107 2321 Jure

517 2351 680 2420 igitur
724 2350 779 2408 in
825 2353 1184 2424 disputatione
1237 2357 1580 2425 prtepositum
1639 2367 1722 2413 est
1774 2373 1977 2428 genus,
2010 2356 2107 2414 sed

519 2445 767 2513 quoniam
813 2448 1026 2516 generis
1085 2464 1278 2504 nomen
1330 2450 1497 2505 multa
1542 2451 1827 2521 significat,
1880 2452 1980 2508 hoc
2024 2459 2108 2507 est

520 2538 661 2593 enim
692 2541 834 2609 quod
864 2542 938 2596 ait
970 2560 984 2594 :

1090 2639 1177 2691 DE
1230 2638 1524 2693 GENERE.

599 2724 810 2780 Videtur
837 2738 1005 2782 autem
1034 2745 1192 2799 neque
1213 2746 1371 2801 genus
1397 2747 1559 2801 neque
1581 2732 1773 2801 species
1808 2733 2107 2802 simpliciter

522 2819 642 2873 dici.

544 2986 547 2989 _
598 2913 697 2970 Ubi
737 2916 879 2971 enim
925 2932 1033 2971 non
1074 2928 1155 2973 est
1201 2920 1427 2990 simplex
1469 2920 1663 2988 dictio,
1696 2920 1804 2977 illic
1831 2919 2106 2989 multiplex

514 3008 843 3078 significatio
887 3021 1004 3075 est;
1038 3012 1186 3081 prius
1230 3014 1387 3081 hujus
1418 3016 1651 3069 nominis
1691 3016 2107 3086 significationes

523 3100 785 3156 discernit
814 3117 876 3157 ac
904 3114 1138 3170 separat,
1175 3116 1229 3158 ut
1256 3105 1323 3160 de
1346 3123 1445 3176 qua
1478 3105 1867 3174 significatione
1892 3108 2108 3177 generis

503 3203 848 3249 .tractaturus
874 3204 955 3249 est
986 3198 1086 3251 sub
1116 3197 1285 3251 oculis
1318 3208 1493 3265 ponat.
1530 3200 1636 3254 Sed
1665 3216 1783 3254 cum
1819 3216 1990 3270 neque
2015 3215 2107 3269 ge-

523 3302 644 3354 nus,
668 3304 842 3358 neque
871 3290 1100 3358 species,
1131 3307 1302 3359 neque
1326 3292 1647 3358 differentia,

524 3394 623 3433 nec
653 3380 902 3435 accidens
924 3381 1312 3453 significatione
1340 3386 1601 3454 simplicia
1637 3388 1743 3442 sint
1763 3431 1777 3454 ,
1811 3403 1906 3442 cur
1936 3388 2001 3442 de
2025 3387 2108 3443 his

522 3481 729 3528 tantum
760 3476 991 3542 duobus,
1020 3492 1237 3546 genere,
1269 3478 1583 3549 inquam,ac
1610 3483 1809 3550 specie,
1834 3483 1973 3539 dixit
2000 3498 2106 3538 non

522 3567 837 3637 simpliciter
888 3570 1017 3635 dici,
1065 3586 1184 3625 cum
1240 3576 1537 3641 proiirium,
1594 3576 1914 3647 differentia,
1951 3591 2110 3652 atque

522 3662 770 3718 accidens
798 3665 914 3733 ipsa
944 3680 1157 3737 quoque
1195 3669 1302 3720 sint
1344 3668 1732 3738 significatione
1761 3672 2109 3743 multiplicia?

524 3755 818 3813 Dicendum
871 3770 955 3816 est
1010 3762 1262 3830 quoniam
1315 3762 1700 3831 longitudinem
1751 3766 1922 3821 vitans
1990 3778 2110 3823 tan-

522 3860 635 3906 turn
679 3854 913 3921 Speciem
963 3857 1294 3919 nominavit,
1347 3872 1572 3927 eamque
1642 3860 1846 3914 idcirco
1905 3877 1971 3916 ne
2021 3878 2110 3916 so-

523 3942 632 3997 lum
664 3959 832 4014 genus
875 3960 996 4001 esse
1025 3946 1432 4017 significationis
1462 3951 1771 4020 multiplicis
1809 3962 2105 4021 putaretur.

523 4034 818 4094 Enumerat
869 4050 1047 4097 autem
1103 4042 1327 4112 primam
1381 4045 1597 4114 generis
1659 4046 2107 4117 significationem

522 4128 626 4185 hoc
650 4133 808 4187 modo
834 4152 846 4186 :

593 4223 766 4280 Genus
790 4229 927 4282 enim
973 4230 1165 4283 dicitur
1209 4241 1259 4284 et
1295 4233 1585 4303 aliquorum
1630 4236 2012 4305 quodammodo
2056 4254 2111 4291 se

460 4322 469 4330 '
523 4319 815 4373 nabentium
841 4322 909 4375 ad
934 4338 1091 4375 unum
1112 4323 1331 4401 aiiquod
1348 4336 1393 4378 et
1428 4327 1494 4379 ad
1524 4343 1578 4380 se
1612 4327 1827 4381 invicem
1849 4328 2106 4395 collectio,

523 4416 800 4465 secundum
842 4431 997 4483 quam
1041 4416 1467 4487 signi/irationem
1519 4422 1866 4475 Romanorum
1920 4425 2108 4476 dicitur

522 4519 681 4572 genus
709 4506 773 4558 ab
800 4507 954 4561 unius
983 4508 1175 4562 scilicet
1200 4511 1514 4566 habitudine.
1552 4511 1682 4567 Dico
1703 4526 1874 4569 autent
1899 4516 2109 4570 Romuli

522 4607 573 4649 et
601 4596 944 4653 multitudinis
975 4598 1268 4654 habentium
1314 4603 1491 4674 aliqua
1520 4606 1672 4659 modo
1692 4607 1760 4660 ad
1788 4623 1841 4659 se
1894 4609 2107 4661 invicem

2147 548 2197 606 Α
2226 544 2448 600 dicens:
2481 546 2663 600 Genus
2710 545 2905 598 dicitur
2955 545 3250 614 aliquorum
3303 542 3694 613 quodammodo
3742 557 3803 598 se

2229 637 2534 692 habentium
2568 640 2631 690 ad
2670 654 2829 691 unum
2859 637 3068 707 aliquod
3098 646 3151 691 et
3180 637 3244 690 ad
3277 652 3336 691 se
3374 638 3598 690 invicem
3638 635 3806 690 colle-

2222 730 2349 794 ctio,
2384 738 2633 797 tanquam
2662 738 2715 785 et
2743 730 2866 782 illud
2894 744 3061 799 genus
3082 730 3291 783 dicatur
3341 729 3407 782 ad
3438 745 3598 782 unum
3627 728 3805 797 aliquo

2222 822 2383 876 modo
2409 837 2467 875 se
2501 822 2726 885 habere,
2770 832 2824 875 et
2863 821 2961 875 hoc
2999 837 3184 875 rursus
3220 837 3387 890 genus
3415 820 3624 874 dicatur
3661 820 3801 889 quod

2219 917 2285 971 ad
2316 931 2373 972 se
2405 917 2637 970 invicem
2667 916 2825 970 unius
2851 916 3061 986 generis
3090 915 3481 985 significatione
3526 912 3803 983 conjuncti

2218 1008 2346 1063 sint.
2379 1009 2488 1062 Hoc
2515 1024 2646 1062 vero
2682 1010 2902 1063 minime
2950 1017 3069 1061 est:
3103 1007 3290 1063 eadem
3327 1009 3467 1062 enim
3498 1024 3524 1058 a
3556 1007 3803 1076 quolibet

2218 1117 2325 1155 uno
2359 1109 2641 1173 propagata
2674 1099 2933 1164 societas,
2968 1110 3023 1152 et
3048 1098 3110 1152 ad
3140 1100 3287 1153 illum
3320 1100 3688 1174 qui‘princcps
3720 1109 3804 1152 est

2214 1195 2451 1266 generis,
2486 1205 2653 1247 totam
2688 1193 3082 1248 multitudinem
3116 1193 3317 1261 refert,
3348 1205 3402 1245 et
3446 1192 3612 1260 ipsam
3660 1192 3801 1245 inter

2216 1303 2275 1341 se
2294 1287 2685 1341 multitudinem
2714 1303 2817 1341 uno
2838 1287 3049 1357 generis
3067 1288 3281 1341 nomine
3312 1286 3580 1341 connectit
3604 1297 3655 1338 et
3678 1299 3807 1338 ron-

2219 1380 2367 1433 tinet.
2401 1380 2515 1447 Quo
2540 1380 2679 1434 circa
2711 1396 2815 1433 non
2842 1390 2922 1433 est
2950 1381 3217 1448 putandus
3243 1379 3560 1434 divisionem
3589 1378 3801 1443 fecisse,

2216 1471 2309 1524 sed
2341 1486 2499 1523 omne
2540 1470 2796 1540 quidquid
2840 1471 2894 1525 in
2928 1471 3023 1524 hac
3054 1472 3267 1542 generis
3294 1471 3682 1540 significatione
3728 1471 3803 1523 in-

2217 1562 2559 1632 telligendum
2583 1563 2701 1628 fuit,
2726 1564 3023 1631 aperuisse.
3047 1562 3192 1617 Ordo
3217 1572 3393 1616 autem
3420 1562 3701 1615 verborum
3730 1562 3799 1613 ita

2215 1670 2335 1709 sese
2366 1656 2523 1708 habet
2553 1656 2640 1723 qui
2682 1664 2760 1709 cst
2799 1655 3127 1725 hyperbaton
3173 1654 3549 1723 intelligendus
3582 1672 3593 1706 :
3628 1668 3798 1723 genus

2215 1748 2357 1801 enim
2387 1747 2602 1812 dicitur,
2637 1757 2692 1802 et
2724 1748 3024 1817 aliquorum
3055 1748 3118 1801 ad
3150 1763 3311 1802 unum
3338 1763 3397 1802 se
3426 1746 3606 1813 aliquo
3640 1746 3799 1799 modo

2215 1838 2525 1893 habentium
2569 1840 2835 1904 collectio,
2886 1850 2939 1893 et
2985 1839 3049 1892 ad
3080 1855 3139 1893 se
3166 1838 3393 1892 invicem
3424 1839 3602 1906 aliquo
3639 1840 3803 1890 modo

2138 1936 2188 1997 Β
2217 1933 2548 1998 habentium,
2612 1950 2796 1990 rursus
2843 1934 3089 1988 collectio
3138 1932 3505 1987 subaudienda
3557 1942 3640 1985 est
3673 1950 3685 1984 :
3722 1940 3803 1985 est

2210 2027 2352 2081 enim
2397 2036 2451 2081 et
2497 2042 2717 2097 zeugma
2748 2026 2900 2095 cujus
2944 2025 3345 2097 significationis
3388 2024 3587 2092 adjecit
3616 2038 3801 2077 exem-

2210 2118 2389 2187 plum,
2420 2120 2715 2173 secumlum
2747 2133 2905 2187 quam
2964 2117 3407 2187 significationem
3441 2115 3803 2170 Romanorum

2210 2212 2406 2267 dicitur
2434 2228 2623 2283 genus,
2654 2214 2720 2268 ab
2752 2212 2908 2266 unius
2934 2212 3142 2267 scilicet
3174 2210 3506 2265 habitudine.
3544 2210 3671 2263 Dico
3702 2224 3797 2263 au-

2212 2316 2317 2361 tem
2344 2306 2553 2361 Romuli
2582 2316 2634 2361 et
2661 2306 3013 2360 multitudinis
3044 2319 3234 2359 rursus
3259 2303 3571 2358 habitudine
3599 2304 3801 2357 haben-

2208 2402 2339 2455 tium
2370 2400 2545 2471 aliquo
2576 2398 2734 2453 modo
2764 2399 2827 2453 ad
2863 2398 3090 2452 invicem
3120 2397 3519 2465 c0gnationem,
3549 2410 3667 2449 eam
3691 2395 3797 2448 sci-

2211 2492 2339 2549 licet
2364 2509 2480 2563 quat
2505 2492 2572 2546 ab
2600 2492 2692 2547 illo
2720 2502 2822 2555 est,
2866 2492 2917 2544 id
2948 2502 3027 2546 est
3060 2489 3304 2553 Romulo,
3339 2488 3630 2544 secundum
3655 2488 3795 2543 divi-

2213 2587 2421 2641 sionem
2456 2586 2522 2639 ab
2548 2585 2670 2640 aliis
2701 2584 2985 2655 generibus
3019 2582 3249 2649 dictum,
3275 2581 3481 2636 scilicet
3508 2580 3802 2636 multitudi-

2212 2681 2327 2741 nis;
2380 2678 2495 2733 haec
2532 2678 2675 2732 enim
2707 2675 2993 2731 multitudo
3036 2676 3216 2744 aliquo
3256 2674 3418 2729 modo
3456 2674 3522 2727 ad
3554 2689 3714 2728 unum
3746 2682 3801 2727 et

2212 2772 2277 2827 ad
2316 2788 2374 2826 se
2422 2772 2649 2826 invicem
2685 2770 2886 2824 habens
2916 2768 3289 2839 cognationem
3325 2781 3493 2837 genus
3524 2764 3666 2820 dicta
3694 2777 3801 2830 est,

2214 2876 2272 2921 ut
2316 2866 2384 2919 ab
2432 2865 2551 2919 aliis
2595 2864 3026 2930 discerneretur,
3061 2873 3116 2916 ut
3143 2860 3506 2915 Romanorum
3534 2874 3701 2931 genus
3735 2856 3803 2911 ab

2213 2958 2622 3013 Atheniensium
2648 2971 2847 3027 genere
2882 2966 3313 3023 czeterorumque
3343 2963 3708 3021 separaretur,
3744 2959 3802 3003 ut

2213 3052 2283 3104 sit
2312 3051 2520 3119 integer
2562 3049 2850 3102 verborum
2894 3046 3027 3102 ordo
3055 3064 3069 3101 :
3097 3061 3266 3118 genus
3308 3045 3449 3100 enim
3500 3043 3699 3099 dicitur
3745 3053 3802 3099 et

2213 3141 2461 3196 collectio
2487 3140 2785 3209 aliquorum
2814 3138 2880 3194 ad
2910 3154 3071 3193 unum
3096 3154 3154 3193 se
3170 3137 3567 3210 quodammodo
3596 3136 3803 3191 haben-

2214 3235 2343 3288 tium
2364 3274 2378 3299 ,
2405 3243 2455 3287 et
2482 3233 2725 3288 collectio
2749 3231 2814 3285 ad
2843 3246 2905 3288 se
2937 3231 3189 3300 invicem,
3218 3229 3513 3286 secundum
3535 3244 3694 3299 quam
3726 3228 3802 3283 si-

1678 3309 1774 3397 F'ec
1804 3307 2101 3397 Ψ⁰Ρ¹ξ¹¹¹ξ¹ξ⁹
2135 3316 2185 3382 C
2215 3326 2607 3397 gnificationem
2661 3325 3022 3378 Romanorum
3074 3323 3273 3378 dicitur
3320 3338 3487 3395 genus
3533 3322 3601 3377 ab
3648 3323 3803 3377 unius

2214 3419 2422 3474 scilicet
2450 3415 2759 3471 habitudine
2789 3434 2802 3469 :
2835 3417 2957 3471 dico
2983 3426 3160 3471 autem
3202 3415 3415 3469 ltomuli
3458 3423 3514 3470 et
3561 3414 3802 3469 multitu-

2213 3514 2355 3569 dinis
2384 3514 2677 3569 secundum
2702 3512 3017 3567 divisionem
3036 3512 3103 3566 ab
3123 3511 3243 3565 aliis
3266 3508 3555 3581 generibus
3580 3509 3803 3573 dictum,

2215 3609 2421 3665 scilicet
2454 3610 2728 3663 hominum
2755 3606 3065 3663 habentium
3098 3606 3277 3673 aliquo
3302 3606 3463 3660 modo
3485 3605 3548 3659 ad
3574 3605 3803 3658 invicem

2213 3716 2331 3754 eam
2363 3715 2482 3770 qua:
2509 3710 2593 3754 est
2617 3700 2687 3753 ab
2728 3699 2840 3765 illo,
2896 3698 2947 3753 id
2995 3709 3077 3752 est
3108 3697 3371 3764 Romulo,
3404 3696 3803 3768 cognationem.

2213 3792 2389 3862 Atque
2416 3792 2531 3847 haec
2557 3792 2845 3857 hactenus;
2880 3805 3023 3846 nunc
3049 3788 3115 3844 de
3143 3788 3377 3844 secunda
3409 3788 3624 3859 generis
3648 3784 3802 3858 signi~

2216 3887 2469 3941 ficatione
2500 3885 2786 3941 dicendum
2815 3893 2917 3939 est.

2286 3977 2487 4032 Dicitur
2514 3988 2685 4032 autem
2722 3988 2770 4033 et
2810 3978 2959 4032 aliter
3000 3993 3181 4030 rursus
3209 3991 3367 4047 genus
3407 3974 3539 4029 illud
3566 3973 3706 4045 quod
3734 3982 3806 4026 est

2212 4074 2618 4144 uniuscujusque
2646 4073 2985 4142 generationis
3031 4070 3360 4142 principium,
3406 4070 3483 4123 vel
3525 4069 3589 4122 ab
3619 4084 3679 4121 eo
3717 4068 3807 4136 qui

2213 4165 2409 4235 genuit,
2441 4165 2516 4218 vel
2538 4164 2599 4217 ab
2623 4181 2679 4219 eo
2703 4165 2832 4228 loco,
2857 4164 2911 4218 in
2932 4180 3029 4232 quo
3052 4164 3167 4233 quis
3190 4162 3390 4232 genitus
3425 4170 3521 4214 est.
3554 4160 3644 4216 Sic
3670 4160 3808 4213 enim

2218 4256 2449 4311 Orestem
2491 4256 2700 4325 quidem
2725 4256 2943 4309 dicimus
2966 4272 2999 4309 a
3027 4253 3244 4308 Tantalo
3277 4270 3432 4325 genus
3456 4252 3657 4320 habere,
3693 4249 3807 4321 [ly-

2224 4350 2330 4402 lum
2370 4357 2535 4402 autem
2564 4349 2626 4401 ab
2663 4348 2898 4402 Hercule.
2931 4345 2999 4400 Et
3048 4363 3226 4402 rursus
3275 4345 3563 4401 Pindarum
3594 4345 3807 4416 quidem

2212 4442 2511 4496 Thebanum
2549 4458 2656 4495 esse
2683 4456 2891 4512 genere,
2932 4440 3227 4509 Platonem
3254 4456 3370 4495 vero
3402 4439 3806 4493 Atheniensem:

2213 4537 2393 4590 etenim
2422 4538 2589 4604 patria
2620 4535 2931 4604 principium
2968 4543 3040 4588 est
3076 4534 3479 4606 uniuscujusque
3512 4531 3804 4605 generatio-

2213 4630 2311 4694 nis,
2342 4628 2768 4695 quemadmodum
2795 4636 2841 4681 et
2872 4636 3016 4697 pater
3058 4643 3078 4681 :
3117 4626 3227 4681 haec
3257 4636 3425 4679 autent
3466 4626 3670 4679 videtur
3697 4640 3807 4677 esse

525 4707 636 4744 eam
685 4708 799 4762 qute
828 4692 890 4746 ab
922 4693 1011 4748 illo
1052 4705 1126 4749 est
1167 4698 1556 4766 cognationem,
1584 4701 1867 4755 secundum
1896 4702 2104 4757 divisio-

2217 4722 2596 4792 prompfissima
2619 4719 2932 4791 signiﬁcatio
2950 4722 3167 4791 generis.
3204 4719 3429 4773 Romani
3455 4718 3585 4771 enim
3620 4718 3803 4769 dicun-

522 4799 637 4838 nem
661 4784 724 4836 ab
756 4786 871 4838 aliis
898 4787 1164 4857 generibus
1193 4790 1405 4843 dictum.

601 4873 735 4940 lina,
764 4877 954 4946 inquit,
983 4882 1195 4948 generis
1227 4883 1544 4951 significatio
1573 4895 1674 4949 est,
1705 4901 1822 4956 qua:
1851 4888 1905 4941 in
1938 4889 2108 4944 multi-

524 4967 762 5023 tudinem
785 4970 930 5025 venit
953 4986 981 5024 a
1009 4972 1250 5042 quolibet
1279 4990 1385 5030 uno
1415 4979 1732 5047 principium
1766 4981 2009 5045 trahens,
2040 4987 2106 5037 ad

525 5059 664 5129 quod
709 5059 915 5115 scilicet
941 5062 1009 5116 ita
1040 5062 1132 5118 illa
1165 5065 1451 5121 multitudo
1480 5069 1762 5138 conjuncta
1805 5083 1909 5139 est,
1944 5081 2003 5125 ut
2040 5074 2105 5125 ad

520 5170 592 5208 seu
613 5153 840 5209 invicem
891 5170 986 5226 per
1028 5156 1267 5227 ejusdem
1300 5162 1456 5215 unius
1504 5163 1826 5232 principium
1854 5166 2104 5235 copulata

520 5248 637 5302 sit:
670 5260 726 5302 ut
772 5264 894 5304 cum
941 5252 1301 5308 Romanorum
1349 5272 1517 5326 genus
1565 5256 1784 5326 dicitur,
1819 5260 2107 5315 multitudo

522 5338 891 5396 Romanorum
922 5343 990 5397 ab
1021 5360 1125 5399 uno
1156 5345 1387 5401 Romqu
1417 5349 1731 5403 vocabulum
1774 5350 2015 5417 trahens,
2051 5363 2107 5408 et

521 5432 621 5500 ipsi
650 5434 895 5503 Romulo,
924 5446 980 5492 et
1002 5438 1067 5493 ad
1090 5455 1148 5494 se
1175 5439 1401 5496 invicem
1428 5443 1583 5513 quasi
1608 5444 1839 5514 quadam
1869 5446 2105 5502 nominis

522 5528 835 5585 haereditate
869 5530 1154 5603 conjuncta
1192 5544 1292 5591 est.
1340 5536 1537 5593 Eadem
1578 5540 1721 5594 enim
1765 5556 1886 5612 quae
1921 5557 1951 5597 a
1997 5541 2105 5598 Ro-

520 5618 670 5675 mulo
698 5623 929 5679 societas
977 5627 1255 5682 descendit
1296 5627 1567 5687 Romanos
1613 5633 1753 5689 inter
1805 5649 1867 5691 se
1916 5649 2105 5692 omnes

450 5726 475 5783 vi“
522 5726 627 5791 uno
675 5718 890 5784 generis
944 5720 1160 5775 nomine
1207 5722 1443 5780 devincit
1497 5738 1550 5782 et
1601 5729 1828 5799 colligit.
1885 5729 2105 5785 Videtur

519 5812 698 5859 autem
726 5808 964 5865 secuisse
993 5811 1131 5869 hanc
1158 5816 1371 5883 generis
1400 5820 1844 5889 significationem
1888 5822 1939 5876 in
1967 5821 2100 5878 duas

482 5912 724 5975 ,partel,
780 5919 899 5961 cum
950 5907 2099 5992 copulativamconjunctiouemadmiscuit

2216 4827 2298 4867 tur
2341 4814 2425 4882 qui
2477 4829 2539 4865 ea;
2577 4828 2756 4885 genere
2790 4812 3105 4867 descendunt
3140 4811 3369 4880 Romuli,
3402 4818 3451 4864 et
3480 4809 3805 4878 CecrOpidar,

2213 4908 2302 4975 qui
2329 4923 2389 4960 ex
2412 4920 2592 4977 genere
2620 4906 2935 4959 descendunt
2961 4903 3231 4975 Cecropis,
3271 4915 3316 4960 et
3342 4921 3517 4959 eorum
3557 4904 3805 4972 proximi.

2285 4998 2522 5064 Quatuor
2559 4997 2779 5049 omnino
2808 5007 2933 5051 sunt
2976 4998 3260 5067 principia,
3316 5012 3434 5067 qua:
3465 4997 3794 5064 unumquod-

2213 5103 2319 5155 que
2352 5085 2716 5155 principaliter
2744 5086 2983 5142 efficiunt
3008 5105 3021 5141 :
3053 5099 3136 5144 est
3165 5088 3308 5142 enim
3339 5101 3445 5141 una
3466 5100 3653 5147 causa,
3677 5100 3798 5154 quae

2219 5177 2461 5231 effectiva
2487 5177 2700 5241 dicitur,
2726 5178 2871 5232 velut
2902 5190 3048 5247 pater
3079 5180 3201 5245 filii;
3232 5189 3314 5233 est
3343 5177 3444 5231 alia
3472 5193 3593 5248 qua:
3625 5193 3793 5236 mate-

2214 5269 2389 5333 rialis,
2425 5270 2574 5324 velut
2617 5269 2819 5340 lapides
2858 5270 3078 5336 domus;
3113 5273 3267 5326 tertia
3297 5280 3381 5325 est
3417 5267 3619 5335 forma,
3651 5273 3795 5327 velut

2212 5360 2444 5416 hominis
2472 5361 2892 5427 rationabilitas;
2935 5371 3121 5433 quarta
3166 5363 3521 5432 quamobrem
3553 5365 3756 5435 geritur
3782 5406 3796 5429 ,

2212 5455 2357 5510 velut
2385 5469 2577 5526 pugna:
2609 5454 2858 5511 victoria.
2902 5454 3029 5509 Duae
3059 5469 3187 5509 vero
3215 5465 3339 5509 sunt
3364 5471 3485 5526 quae
3522 5471 3620 5527 per
3659 5459 3793 5512 acci-

2213 5546 2345 5603 dens
2373 5545 2790 5618 uniuscujusque
2839 5546 3087 5601 dicuntur
3129 5561 3251 5602 esse
3294 5547 3555 5619 principia
3582 5595 3596 5616 ,
3648 5550 3795 5603 locus

2215 5638 2421 5693 scilicet
2447 5652 2509 5693 ac
2539 5646 2771 5709 tempus.
2802 5637 3061 5705 Quoniam
3091 5639 3236 5694 enim
3263 5654 3421 5695 omne
3459 5639 3599 5711 quod
3630 5639 3802 5693 nasci.

2214 5740 2300 5787 tur
2328 5740 2385 5788 et
2411 5730 2482 5786 sit
2524 5733 2576 5787 in
2620 5733 2736 5787 loco
2776 5746 2839 5786 ac
2883 5739 3128 5801 tempore
3153 5742 3273 5798 est,
3314 5742 3369 5787 et
3395 5733 3652 5804 quidquid
3683 5732 3802 5787 loco

2212 5833 2293 5887 vel
2329 5840 2571 5896 tempore
2598 5835 2780 5880 natum
2826 5825 3092 5881 factumve
3128 5825 3311 5889 fuerit,
3346 5841 3467 5879 eum
3500 5826 3674 5880 locum
3711 5827 3802 5881 vel

2214 5928 2271 5986 id
2313 5934 2527 5993 tempus
2564 5919 2960 5978 accidentaliter
2991 5920 3184 5978 dicitur
3223 5919 3422 5976 habere
3460 5920 3778 5995 principium
