4244 6254
360 309 427 365 89
1310 307 1374 362 IN
1415 303 1860 362 PORPHYBIUM
1903 298 2540 358 COMMENTARIOBUM
2584 303 2711 358 LIB.
2753 299 2815 356 ll.
3565 300 3630 353 90

359 422 568 479 Horum
597 425 839 478 omnium
862 425 913 478 in
937 425 1032 478 hac
1061 423 1292 478 secunda
1321 426 1529 493 generis
1560 423 1948 494 signiﬁcatione
1978 426 2028 481 Α
2054 424 2394 493 gerterarionis
2433 422 2741 489 principium
2770 463 2784 484 ,
2845 421 3022 473 dehinc
3077 422 3227 474 etiam
3267 433 3312 474 et
3354 421 3628 473 mulritudo

365 513 476 568 duo
508 513 758 584 quaedam
790 529 850 568 ex
882 515 1151 568 alterutris
1197 516 1420 568 assumit
1452 531 1568 581 qua:
1599 519 1661 567 ad
1690 514 1948 584 signiﬁca-

360 605 572 660 tionem
604 608 812 677 generis
842 606 1154 660 v’idebantur
1176 607 1596 661 accommodata.
1631 607 1704 660 Ex
1730 607 1809 660 his
1833 608 1948 675 qui-

362 697 491 752 dem
526 704 698 753 causés
728 714 843 768 quae
877 698 1183 767 principalia
1209 708 1348 760 sunt,
1383 698 1712 760 rﬁcctivnin;
1765 714 1826 752 ex
1868 699 1947 751 his

364 805 499 844 vero
521 806 636 858 qua:
664 791 981 855 accidentia,
1013 791 1185 844 locum
1217 809 1229 842 :
1257 793 1329 844 ait
1355 792 1518 855 enim,
1551 807 1720 861 genus
1752 793 1948 845 dicitur

364 892 420 935 et
450 898 479 935 a
508 897 608 950 quo
629 882 744 948 quis
767 880 982 952 genitus
1011 891 1114 948 est,
1149 898 1267 950 qua:
1299 895 1380 936 est
1402 883 1644 936 ell'ectiva
1675 886 1945 952 principa-

365 977 492 1031 lium
534 991 714 1042 causa,
743 988 797 1031 et
830 979 882 1030 in
910 993 1015 1046 quo
1046 977 1165 1044 quis
1194 977 1312 1030 loco
1339 988 1417 1030 est
1449 989 1779 1046 procreatus,
1827 994 1947 1048 qua:

361 1079 442 1124 est
466 1069 716 1122 accidens
745 1084 909 1123 causa
942 1066 1205 1137 principii.
1236 1070 1419 1138 Itaque
1464 1070 1576 1124 haec
1603 1071 1840 1124 secunda
1867 1070 1943 1124 si-

357 1163 627 1233 gniﬁcatio
658 1163 765 1216 duo
794 1164 1052 1226 coittinet,
1095 1178 1217 1216 eum
1258 1179 1286 1215 a
1331 1179 1438 1234 quo
1467 1165 1586 1233 quis
1635 1173 1944 1233 procreatus

358 1266 463 1318 est,
493 1267 544 1309 et
576 1257 752 1309 locum
782 1256 834 1308 in
868 1271 972 1324 quo
998 1255 1116 1324 quis
1145 1254 1339 1316 editus,
1375 1265 1431 1308 ut
1452 1258 1701 1325 exiimplo
1731 1271 1944 1326 quoque

359 1348 754 1404 demonstrant.
786 1349 1027 1403 Orestem
1058 1349 1198 1404 enim
1224 1348 1452 1403 dicimus
1475 1366 1502 1404 a
1525 1350 1752 1404 Tantalo
1777 1365 1944 1420 genus

360 1441 582 1497 ducere.
614 1443 871 1497 Tantalus
901 1444 1094 1514 quippe
1141 1443 1374 1513 Pelopen
1398 1487 1411 1508 ,
1460 1443 1650 1514 Pelops
1689 1448 1941 1508 Atreum,

361 1537 558 1589 Atreus
581 1537 1050 1605 Agamemnonem,
1080 1537 1446 1606 Agamemnon
1472 1537 1654 1606 genuit
1675 1537 1938 1592 Orestem.

363 1625 550 1695 Itaque
581 1642 612 1681 a
641 1630 1009 1696 procreatione
1035 1644 1202 1699 genus
1231 1629 1332 1683 hoc.
1357 1628 1554 1683 dictum
1587 1637 1691 1683 est.
1718 1630 1788 1684 At
1815 1644 1942 1684 vero

361 1719 650 1775 Pindarum
679 1722 906 1776 dicimus
931 1721 1400 1787 esseThebanum,
1421 1722 1648 1785 scilicet,
1682 1721 1936 1791 quoniam

2053 533 2225 568 eorum
2252 518 2338 585 qui
2365 525 2482 568 sunt
2505 514 2566 568 ab
2599 530 2699 566 uno
2727 516 2998 584 principio,
3033 525 3088 568 ut
3132 532 3162 568 a
3217 513 3452 578 Romulo,
3478 531 3629 583 quam

2053 610 2328 662 dividentes
2351 608 2475 660 etab
2495 607 2608 660 aliis
2633 617 2926 677 separantes
2953 607 3242 662 dicebamus
3265 624 3464 663 omnem
3485 608 3629 660 illaut

2052 703 2396 754 collectionem
2428 718 2531 753 esse
2559 701 2902 754 Romanorum
2922 717 3107 768 genus.

2122 794 2324 846 Sensus
2353 793 2522 846 facilis
2553 803 2604 846 et
2633 791 2914 861 expeditus
2947 800 3049 855 est,
3090 791 3134 846 si
3164 800 3343 848 tamen
3371 793 3618 861 ambigui-

2053 894 2133 938 las
2162 901 2262 937 una
2296 885 2566 938 solvatur:
2594 899 2712 937 cum
2743 883 2882 938 enim
2908 885 3056 951 prius
3087 884 3442 938 multitudinis
3465 884 3631 953 signi-

2050 980 2351 1034 licationem
2397 980 2637 1032 retulerit
2667 977 2731 1031 ad
2762 978 2971 1048 generis
3014 993 3233 1040 nomen,
3288 987 3408 1047 post
3451 989 3629 1033 autem

2050 1073 2114 1127 ad
2145 1074 2531 1140 procreationis
2558 1072 2784 1135 initium,
2817 1087 2956 1126 nunc
2979 1081 3156 1125 autem
3175 1072 3447 1125 contrario
3470 1071 3632 1124 modo

2050 1169 2194 1222 illam
2231 1169 2374 1235 prius
2401 1183 2426 1219 a
2458 1183 2517 1222 se
2545 1167 2933 1221 dinumeratam
2967 1166 3409 1233 signiﬁcationem
3453 1165 3634 1219 dicere

2050 1262 2280 1324 videtur,
2313 1275 2432 1330 quae
2457 1270 2542 1313 est
2577 1259 2962 1326 procreationis
2990 1275 3004 1323 ;
3041 1259 3185 1312 illam
3214 1273 3342 1312 vero
3367 1259 3629 1327 posterio-

2047 1370 2184 1414 rem.
2213 1370 2334 1424 qua:
2363 1361 2446 1406 est
2493 1352 2875 1417 multitudinis,
2909 1352 3049 1421 quod
3105 1352 3432 1406 contrarium
3461 1351 3629 1406 videri

2048 1456 2244 1516 potest,
2270 1448 2312 1500 si
2337 1447 2453 1516 quis
2479 1447 2544 1500 ad
2576 1446 2818 1500 ordinem
2851 1446 3096 1514 superius
3144 1445 3364 1515 digesta
3389 1443 3629 1514 disputa-

2048 1542 2208 1594 tionis
2237 1540 2523 1608 aspexerit.
2568 1539 2674 1593 Sed
2705 1537 2791 1593 hic
2817 1553 2920 1592 non
2951 1539 3016 1592 de
3038 1553 3096 1592 se
3137 1537 3390 1607 loquitur,
3438 1536 3532 1592 sed
3562 1536 3632 1592 de

2048 1633 2262 1687 humani
2303 1630 2690 1686 consuetudine
2738 1629 3024 1692 sermonis,
3078 1629 3128 1682 in
3183 1640 3288 1698 quo
3333 1629 3479 1697 prius
3506 1644 3626 1682 eam

2047 1723 2489 1794 signiﬁcationem
2514 1723 2723 1790 generis
2755 1723 2917 1776 luisse
2938 1720 3089 1785 dicit,
3117 1736 3234 1790 qua:
3260 1735 3287 1773 a
3312 1731 3629 1790 procreante

359 1812 560 1868 Thebis
602 1815 778 1869 editus
808 1816 913 1871 tale
943 1818 1154 1887 generis
1185 1833 1379 1872 nomen
1411 1819 1645 1886 accepit:
1679 1817 1773 1871 sed
1810 1831 1941 1886 quo-
1971 1815 2016 1873 B
2045 1821 2113 1873 sit
2141 1821 2296 1874 ducta
2316 1860 2330 1883 ,
2361 1819 2650 1873 accedente
2679 1833 2808 1872 vero
2836 1827 2992 1870 astate
3017 1831 3113 1868 usu
3150 1814 3400 1884 loquendi
3432 1829 3627 1868 nomen

359 1908 500 1961 niam
524 1907 795 1963 diversum
821 1919 903 1963 est
930 1910 1053 1964 illud
1073 1926 1100 1963 a
1120 1926 1226 1980 quo
1247 1910 1471 1980 quisque
1496 1922 1808 1979 procreatus
1835 1923 1937 1977 est,

360 2013 413 2054 et
443 2002 592 2054 locus
624 2002 674 2054 in
699 2017 805 2070 quo
832 2017 952 2070 quis
991 2002 1166 2056 editus
1197 2011 1310 2067 est,
1340 2001 1552 2056 diversa
1583 2002 1794 2055 videtur
1821 2016 1941 2055 esse

361 2093 572 2160 generis
600 2092 920 2163 signiﬁcatio
961 2094 1290 2161 procreantis
1336 2107 1389 2148 et
1432 2096 1554 2159 loci,
1587 2110 1743 2164 quam
1780 2095 1830 2148 in
1857 2110 1943 2148 se-

360 2182 527 2236 cimda
557 2193 706 2253 parte
729 2198 1050 2239 enumerans
1072 2200 1231 2239 unam
1260 2185 1404 2240 fecit.
1448 2185 1550 2240 Sed
1575 2200 1641 2239 ne
1675 2186 1942 2239 videretur

358 2273 552 2342 duplex
598 2275 918 2345 signiﬁcatio
968 2277 1216 2346 generis,
1252 2293 1346 2346 per
1387 2279 1784 2332 similitudinem
1815 2293 1942 2332 con—

359 2363 529 2433 iunxit
557 2366 741 2420 dicens
777 2386 790 2422 :
849 2369 1056 2423 Etenim
1087 2371 1254 2438 patria
1285 2372 1601 2440 principium
1641 2381 1722 2425 est
1754 2372 1942 2424 unius-

362 2459 619 2528 cujusque
650 2462 1033 2530 generationis,
1065 2463 1516 2533 quemadmodum
1547 2471 1600 2518 et
1631 2473 1801 2532 pater.
1834 2462 1939 2518 Sed

363 2553 618 2618 quoniam
656 2552 709 2604 in
739 2553 1219 2621 signiﬁcationibus
1260 2554 1437 2609 evenit
1465 2570 1608 2620 sape
1647 2565 1704 2607 ut
1741 2553 1943 2624 aliquid

361 2645 434 2695 sit
467 2644 608 2712 quod
663 2646 957 2700 intellectui
986 2648 1295 2718 signiﬁcata
1323 2649 1402 2703 rei
1427 2648 1782 2718 prapinquum
1826 2663 1945 2702 esse

360 2737 595 2790 videatur
618 2780 631 2801 ,
665 2741 1026 2809 quoniamque
1077 2740 1208 2796 duas
1244 2742 1456 2812 generis
1501 2743 1749 2812 apposuit
1776 2740 1945 2812 signi-

362 2829 658 2897 ﬁcationcs,
696 2834 1052 2890 multitudinis
1102 2835 1308 2891 scilicet
1350 2845 1403 2891 et
1452 2837 1823 2906 procreantis.
1859 2834 1945 2888 cui

362 2925 570 2992 generis
602 2941 795 2980 nomen
836 2929 1245 2986 convenientius
1292 2939 1507 2998 aptetur
1541 2929 1746 2999 judicat
1787 2935 1948 2993 atque

363 3019 636 3088 discernit,
671 3021 878 3085 dicens,
911 3022 1048 3077 hanc
1078 3038 1200 3079 esse
1249 3024 1703 3093 promptissimam
1735 3022 1948 3094 generis

361 3111 834 3181 signiﬁcationem,
883 3131 1002 3185 qua:
1047 3130 1080 3170 ει
1129 3127 1448 3186 procreante
1488 3115 1712 3170 deducta
1758 3116 1856 3177 sit;
1895 3114 1948 3168 bi

2043 1915 2257 1981 generis
2284 1915 2441 1967 etiam
2475 1912 2538 1964 ad
2569 1911 2964 1966 multitudinem
2992 1910 3275 1963 habentem
3309 1924 3367 1963 se
3396 1910 3626 1978 quodam

2045 2004 2204 2058 modo
2228 2005 2292 2057 ad
2318 2006 2544 2072 aliquem
2576 2003 2739 2056 fuisse
2768 2002 3106 2055 translatum.
3142 1999 3255 2054 Hoc
3279 2015 3405 2052 vero
3429 2000 3629 2054 idcirco

2043 2097 2200 2160 dixit,
2230 2098 2480 2165 quoniam
2513 2095 2757 2163 superius
2787 2095 3031 2147 dixerat:
3082 2092 3194 2146 haec
3243 2092 3384 2146 enim
3420 2093 3630 2144 videtur

2045 2205 2165 2243 esse
2190 2188 2584 2257 promptissima
2610 2185 2952 2254 signilicatio,
2974 2193 3032 2237 ut
3053 2183 3119 2236 ab
3139 2183 3260 2247 hac,
3278 2183 3327 2236 id
3341 2191 3624 2237 estsecun-

2045 2282 2133 2347 da,
2168 2296 2322 2348 quam
2362 2279 2812 2347 promptissimam
2844 2291 2964 2330 esse
2991 2276 3432 2344 signiﬁcationem
3466 2275 3623 2339 dixit,

2048 2375 2132 2427 illa
2168 2389 2378 2442 quoque
2410 2381 2710 2439 nuncupata
2735 2372 3034 2433 videretur,
3081 2385 3198 2438 qua:
3239 2369 3628 2428 multitudinis;

2050 2467 2193 2536 prius
2220 2467 2364 2519 enim
2391 2480 2559 2533 genus
2583 2466 2719 2517 inter
2747 2463 2989 2516 homines
3011 2462 3332 2531 appellatum
3358 2472 3462 2525 est,
3487 2459 3631 2530 quod

2051 2561 2170 2630 quis
2199 2575 2226 2611 a
2255 2569 2544 2629 generante
2579 2557 2898 2620 deduceret;
2938 2565 3056 2624 post
3101 2565 3276 2608 autem
3312 2553 3504 2608 factum
3552 2561 3633 2608 est

2049 2663 2106 2707 ut
2138 2668 2230 2723 per
2255 2651 2506 2722 loquendi
2536 2666 2688 2704 usum
2717 2652 2879 2705 etiam
2913 2648 3270 2702 multitudinis
3296 2645 3362 2701 ad
3394 2646 3627 2714 aliquem

2047 2742 2444 2812 quodammodo
2471 2758 2529 2795 se
2561 2740 2811 2796 habentis
2865 2753 3036 2809 genus
3092 2739 3362 2794 diceretur
3416 2748 3633 2808 propter

2049 2838 2386 2904 divisionem,
2419 2835 2624 2889 scilicet
2664 2833 2924 2903 gentium,
2983 2840 3039 2884 ut
3077 2841 3220 2885 esset
3248 2832 3385 2884 inter
3414 2845 3506 2884 eas
3536 2845 3634 2884 no-

2051 2931 2209 2984 minis
2236 2927 2616 2993 societatisqne
2637 2923 2909 2979 discretio.
2939 2921 3032 2976 His
3053 2921 3211 2988 igitur
3234 2921 3463 2990 expletis
3486 2920 3633 2974 venit

2053 3023 2267 3078 tertium
2317 3033 2486 3090 genus
2541 3016 2682 3087 quod
2737 3016 2880 3072 inter
2940 3012 3291 3084 philosophos
3349 3020 3632 3076 tractatur,

2052 3118 2206 3188 cujus
2257 3115 2320 3170 ad
2351 3115 2690 3169 dialecticam
2748 3109 3052 3164 facultatem
3108 3107 3305 3160 multus
3349 3121 3478 3159 usus
3529 3114 3632 3165 est,

365 3205 504 3257 enim
537 3207 766 3260 maxime
793 3207 1103 3277 Cecropidae
1125 3219 1248 3262 sunt
1269 3208 1361 3278 qui
1391 3224 1420 3262 a
1451 3207 1690 3274 CecrOpe
1725 3207 1948 3262 descen-
1973 3191 2019 3255 C
2052 3209 2240 3263 borum
2295 3208 2494 3276 quippe
2545 3218 2798 3275 generum
2853 3199 3074 3254 historia
3108 3198 3280 3268 magis
3327 3197 3406 3253 vel
3457 3196 3634 3267 poesis

363 3296 527 3362 dunt,
564 3299 614 3351 hi
649 3298 874 3354 Romani
906 3304 996 3371 qui
1036 3317 1063 3353 a
1106 3302 1336 3356 Romulo
1365 3319 1381 3358 :
1416 3318 1535 3372 qua:
1563 3318 1683 3357 cum
1714 3303 1784 3356 ita
1811 3303 1940 3368 sint,

363 3387 612 3443 confundi
645 3406 830 3445 rursus
860 3392 1072 3462 generis
1121 3393 1541 3464 signiﬁcationes
1585 3394 1854 3448 videntur.
1888 3395 1945 3449 Si

363 3482 501 3534 enim
531 3493 655 3537 sunt
689 3483 741 3537 lii
765 3487 999 3540 maxime
1019 3487 1244 3540 Romani
1269 3486 1359 3557 qui
1383 3502 1413 3541 a
1433 3488 1660 3542 Romulo
1685 3488 1944 3558 originem

365 3573 603 3640 trahunt,
637 3586 688 3629 et
719 3576 831 3630 haec
860 3579 1186 3648 signiﬁcatio
1203 3589 1286 3633 est
1312 3579 1401 3634 illa
1427 3595 1546 3649 quae
1573 3595 1602 3634 a
1633 3591 1947 3646 procreante

364 3665 667 3731 deducitur,
693 3667 780 3722 ubi
803 3681 880 3724 εει
915 3671 1112 3740 reliqua
1141 3688 1298 3741 quam
1326 3673 1550 3740 primam
1573 3688 1784 3742 quoque
1809 3687 1945 3725 enu-

367 3760 613 3822 nieravit,
644 3775 764 3827 quae
789 3771 867 3813 est
892 3763 1242 3817 multitudinis
1271 3764 1336 3818 ad
1369 3780 1530 3818 unum
1558 3773 1610 3818 et
1637 3763 1701 3818 ad
1727 3779 1784 3818 se
1812 3765 1949 3819 invi-

371 3862 487 3901 cem
515 3849 910 3914 quodammodo
940 3867 996 3906 se
1028 3854 1333 3908 habentium
1363 3855 1656 3910 collectio?
1687 3854 1790 3909 Sed
1819 3870 1948 3909 acu-

373 3941 475 3992 tius
511 3941 841 3998 intuentibus
871 3945 1108 4013 plurimae
1138 3948 1426 4003 admodum
1461 3949 1778 4004 diderentiaa
1803 3959 1946 4004 sunt.

368 4034 528 4088 Aliud
562 4037 705 4089 enim
739 4046 819 4091 est
847 4055 873 4090 a
916 4041 1150 4109 quolibet
1188 4044 1364 4111 primo
1413 4053 1730 4112 procreante
1781 4059 1951 4114 genus

368 4127 658 4196 deducere,
687 4131 830 4186 aliud
859 4148 1021 4187 unum
1049 4151 1218 4204 genus
1249 4151 1369 4191 esse
1403 4137 1777 4206 plurimorum.
1813 4135 1950 4191 Illud

368 4221 509 4274 enim
542 4237 636 4289 per
661 4233 857 4278 rectam
885 4227 1161 4297 sanguinis
1199 4227 1390 4282 lineam
1421 4228 1536 4282 ﬁeri
1567 4238 1741 4296 potest
1763 4238 1817 4283 et
1844 4244 1950 4283 non

371 4313 419 4366 in
447 4316 612 4368 multa
650 4316 893 4381 diﬁ'undi,
924 4329 980 4372 ut
1007 4320 1049 4374 si
1079 4335 1174 4389 per
1201 4321 1385 4375 unicos
1407 4320 1608 4374 familia
1631 4323 1949 4388 descendat;
1976 4371 1980 4374 _

370 4406 492 4463 huic
537 4409 676 4463 enim
709 4421 920 4479 aptatur
964 4413 1196 4467 secunda
1231 4413 1318 4467 illa
1349 4414 1559 4481 generis
1601 4414 1948 4484 signiﬁcatio,

373 4515 488 4570 quae
527 4517 554 4554 a
597 4514 910 4570 procreante
941 4505 1245 4573 deducitur,
1272 4508 1441 4576 prima
1471 4522 1596 4562 vero
1627 4509 1710 4561 illa
1740 4509 1950 4562 nonnisi

2050 3311 2240 3354 tractat
2271 3298 2576 3354 exordium.
2621 3296 2864 3351 Tertium
2919 3308 3050 3349 vero
3079 3307 3248 3363 genus
3277 3291 3416 3362 apud
3463 3291 3634 3360 philo-

2048 3395 2245 3462 sophos
2276 3393 2665 3456 consideratur,
2697 3390 2764 3445 de
2793 3405 2900 3460 quo
2931 3390 3035 3444 hoc
3063 3389 3226 3444 modo
3256 3387 3521 3458 loquitur:

2119 3488 2280 3540 Aliter
2300 3497 2468 3539 autem
2497 3501 2678 3538 rursus
2736 3484 2922 3536 dicitur
2969 3499 3149 3553 genus,
3211 3483 3294 3535 cui
3325 3479 3634 3550 supponitur

2047 3583 2258 3652 species,
2275 3582 2342 3635 ad
2363 3581 2547 3634 horum
2567 3583 2783 3650 fortasse
2798 3576 3186 3631 similitudinem
3200 3577 3408 3628 dictum.
3430 3572 3636 3626 Etenim

2049 3676 2359 3747 principium
2383 3673 2647 3743 quoddam
2685 3681 2757 3724 est
2804 3669 3098 3741 hujusmodi
3132 3685 3289 3740 genus
3312 3682 3490 3720 earum
3519 3678 3637 3734 qua

2050 3767 2142 3822 sub
2186 3768 2298 3828 ipso
2349 3777 2466 3819 sunt
2510 3764 2812 3834 specierum,
2865 3763 3163 3831 videturque
3207 3772 3252 3813 et
3299 3775 3499 3812 omnem
3527 3773 3638 3812 eam

2051 3860 2431 3914 multitudinea:
2459 3857 2714 3910 continere
2744 3872 2859 3925 qua:
2885 3857 2976 3908 sub
3003 3855 3114 3924 ipso
3149 3862 3267 3906 sunt
3297 3854 3597 3923 specierum.

2128 3952 2398 4021 Duplicem
2430 3949 2878 4019 signiﬁcationem
2901 3947 3113 4015 generis
3140 3959 3299 4012 supra
3334 3945 3634 4013 proposuit,

2057 4061 2200 4100 nunc
2227 4045 2442 4098 tertiam
2476 4051 2780 4097 monstrare
2805 4039 3104 4093 contendit.
3160 4036 3306 4090 Hanc
3337 4046 3513 4090 autem
3572 4037 3638 4095 ad

2055 4137 2391 4206 superiorum
2444 4132 2849 4188 similitudinem
2905 4130 3103 4185 dictam
3146 4143 3269 4185 esse
3322 4129 3632 4184 arbitratur.

2054 4209 2310 4296 Superius
2341 4235 2520 4280 autem
2553 4225 2709 4280 dicta:
2735 4223 3152 4294 signiﬁcationes
3180 4222 3298 4276 dure
3328 4232 3472 4287 sunt,
3533 4237 3636 4277 una

2054 4320 2270 4390 quidem
2301 4333 2421 4373 cum
2451 4317 2663 4388 generis
2690 4332 2882 4371 nomen
2932 4315 3161 4386 quadam
3205 4314 3449 4384 principii
3496 4315 3638 4369 anti-

2056 4414 2257 4483 quitate
2285 4411 2350 4466 ad
2383 4411 2696 4481 sejunctam
2722 4411 3116 4464 multitudinem
3141 4410 3443 4464 contineret
3467 4427 3481 4475 ;
3531 4409 3640 4464 alia

2057 4524 2204 4570 vero,
2233 4522 2352 4562 cum
2383 4521 2550 4575 genus
2576 4505 2643 4558 ab
2689 4519 2796 4559 uno
2823 4519 3034 4572 quoque
3064 4511 3380 4572 procreante
3411 4503 3639 4558 ducere-

377 4593 425 4647 in
459 4594 796 4650 multitudine
824 4598 1089 4652 consistit.
1129 4599 1260 4652 Illud
1284 4614 1496 4669 quoque
1511 4610 1591 4654 est
1619 4600 1757 4668 quod
1783 4601 1950 4669 prima
1979 4584 2034 4645 Ῑ)
2059 4610 2163 4664 tur,
2189 4598 2328 4667 quod
2367 4613 2551 4651 eorum
2602 4611 2722 4667 quae
2772 4605 3124 4663 procreantur
3154 4594 3468 4662 principium
3531 4605 3638 4648 est.

376 4693 764 4758 procreationis
810 4694 1134 4762 principium
1186 4709 1293 4748 non
1336 4696 1554 4764 quaerit,
1606 4694 1697 4747 sed
1730 4697 1812 4766 (ut
1841 4696 1954 4764 ipse

375 4783 468 4852 ait)
501 4784 694 4838 sufﬁcit
720 4785 897 4853 aliquo
927 4787 1088 4839 modo
1110 4801 1168 4840 se
1191 4787 1386 4840 habere
1412 4788 1476 4840 ad
1512 4788 1561 4840 id
1608 4787 1747 4841 unde
1778 4786 1955 4857 hujus-

376 4875 512 4928 modi
537 4877 750 4946 generis
769 4878 1086 4947 principium
1109 4879 1338 4932 sumitur
1361 4879 1628 4934 :tecunda
1648 4893 1777 4933 vero
1793 4880 1956 4949 signi-

374 4965 546 5023 ﬁcatio
575 4970 774 5023 nullam
806 4970 911 5023 vim
941 4971 1042 5024 nisi
1073 4986 1102 5024 a
1133 4980 1445 5039 procreante
1477 4972 1718 5024 sortitur.
1744 4972 1874 5026 Item
1901 4973 1954 5023 in

375 5059 457 5113 illa
488 5062 655 5130 prima
689 5063 1095 5133 signiﬁcationis
1136 5063 1476 5119 multitudine
1517 5063 1672 5134 hujus
1701 5062 1953 5118 secundae

376 5155 762 5220 particularitas
803 5155 1141 5222 continetur,
1187 5164 1244 5208 ut
1275 5155 1326 5209 in
1359 5156 1954 5227 Romanorum‘genere

373 5243 744 5314 Scipiadarum
789 5264 976 5318 genus,
1025 5257 1214 5302 natura
1258 5261 1375 5302 cum
1423 5255 1549 5301 sunt
1582 5247 1806 5301 Romani
1839 5247 1953 5302 Sci—

372 5339 544 5407 piadtl.‘
573 5347 715 5392 sunt.
747 5343 1006 5406 Quoniam
1045 5342 1188 5397 enim
1216 5350 1268 5397 et
1304 5341 1369 5395 ad
1400 5340 1685 5394 Romulum
1715 5351 1770 5396 et
1796 5351 1955 5396 caete-

372 5445 463 5486 ros
500 5431 766 5484 Romanos
791 5435 1086 5489 secundum
1131 5434 1342 5488 Romuli
1387 5432 1753 5487 habitudinem
1782 5433 1954 5504 juncti

371 5535 517 5589 sunt,
558 5524 782 5578 Romani
817 5537 958 5584 sunt.
981 5529 1242 5598 Scipiadaz
1261 5542 1391 5582 vero
1407 5527 1660 5580 dicuntur
1680 5526 1744 5579 ad
1767 5541 1958 5582 secun-

374 5621 494 5676 dam
535 5619 754 5691 generis
793 5620 1266 5690 signiﬁcationem,
1321 5619 1464 5690 qnod
1505 5633 1693 5673 eorum
1744 5617 1961 5675 familiae

380 5713 561 5784 Scipio
593 5723 644 5766 et
673 5713 955 5782 sanguinis
987 5713 1302 5781 principium
1338 5713 1455 5766 fuit.

443 5812 513 5864 Λι·
543 5806 684 5881 prius
713 5808 919 5880 quidem
945 5805 1253 5877 appellatum
1281 5817 1350 5862 est
1380 5823 1535 5878 genus
1566 5806 1963 5876 uniuscujusque

2056 4691 2188 4744 Cum
2222 4690 2380 4757 igitur
2407 4689 2517 4742 sint
2545 4687 2791 4756 superius
2821 4686 2940 4739 dure
2971 4685 3182 4756 generis
3215 4685 3640 4754 signiﬁcationes

2057 4781 2367 4853 propositze,
2394 4779 2609 4834 tertium
2645 4794 2785 4834 nunc
2814 4780 2961 4834 addit
3001 4780 3068 4833 de
3097 4796 3202 4849 quo
3231 4781 3369 4835 inter
3403 4782 3640 4851 philoso-

2061 4875 2193 4945 phos
2219 4889 2396 4928 sermo
2423 4881 2524 4941 est,
2551 4873 2682 4928 illud
2708 4873 2912 4928 scilicet
2948 4873 3034 4928 cui
3057 4873 3377 4944 supponitur
3407 4876 3640 4945 species,

2059 4967 2199 5035 quod
2231 4965 2431 5020 idcirco
2460 4981 2626 5036 genus
2653 4975 2899 5021 vocatum
2932 4981 3054 5021 esse
3085 4967 3182 5021 sub
3208 4967 3476 5036 opinionis
3524 4983 3641 5022 cre~

2059 5062 2201 5114 ditur
2242 5062 2512 5130 ambiguo,
2568 5061 2819 5129 quoniam
2855 5061 3014 5117 habet
3044 5061 3274 5130 aliquam
3326 5061 3640 5116 similitudi-

2058 5171 2178 5208 nem
2208 5155 2543 5224 superiorum
2571 5172 2585 5206 :
2611 5170 2732 5209 nam
2759 5155 2894 5209 sicut
2918 5153 3046 5208 illud
3065 5168 3236 5224 genus
3253 5153 3395 5224 quod
3414 5155 3477 5206 ad
3501 5155 3639 5207 mul-

2059 5246 2344 5300 titudinem
2403 5246 2600 5300 dicitur
2658 5261 2764 5300 uno
2817 5246 2935 5298 solo
2991 5245 3208 5298 nomine
3250 5244 3641 5301 multitudinem

2058 5340 2271 5404 claudit,
2305 5341 2374 5394 ita
2402 5354 2611 5409 quoque
2641 5354 2807 5409 genus
2834 5339 3086 5408 plurimas
3115 5337 3320 5406 species
3344 5349 3561 5392 coercet
3583 5347 3641 5394 et

2060 5434 2318 5488 continet.
2351 5433 2479 5488 Item
2508 5445 2564 5487 ut
2596 5449 2762 5503 genus
2802 5434 2927 5487 illud
2981 5432 3124 5500 quod
3173 5431 3462 5484 secundum
3517 5447 3642 5497 pro~

2063 5526 2389 5580 creationem
2441 5526 2637 5580 dicitur
2665 5525 2982 5595 principium
3013 5523 3279 5594 quoddam
3328 5532 3411 5576 est
3455 5537 3644 5581 eorum

2065 5633 2185 5688 qua:
2214 5617 2282 5670 ab
2310 5619 2424 5684 ipso
2457 5627 2828 5686 procreantur,
2863 5619 2933 5671 ita
2962 5632 3127 5686 genus
3151 5627 3358 5670 constat
3382 5615 3493 5670 Suis
3517 5631 3647 5685 spe.

2066 5712 2251 5766 ciebus
2277 5725 2396 5764 esse
2429 5710 2770 5779 principium.
2812 5710 2948 5778 Ergo
2978 5711 3229 5778 quoniam
3285 5708 3528 5777 utrisque
3565 5719 3646 5772 est

2069 5804 2265 5873 simile,
2298 5801 2498 5859 idcirco
2538 5817 2733 5858 nomen
2783 5814 2996 5870 quoque
3027 5799 3244 5871 generis
3272 5797 3433 5854 etiam
3467 5799 3520 5854 in
3547 5795 3645 5862 litis
