4244 6254
614 394 674 452 Di
1855 392 1968 448 AN.
2009 389 2220 447 MANL.
2258 387 2410 446 ξεν.
2455 390 2681 447 BOETII
3817 392 3885 448 92

614 514 1003 586 signiﬁcatione
1031 524 1063 566 a
1099 509 1468 583 superioribus
1507 519 1801 565 mutuatum
1847 524 1968 565 esse
2009 508 2198 563 verisi-
2222 504 2279 565 Α
2300 505 2493 561 dicitur
2521 509 2718 562 animal
2745 526 2758 562 :
2785 510 2946 563 homo
2972 514 3115 564 enim
3143 520 3197 563 et
3216 525 3386 581 equus
3428 519 3483 562 et
3508 510 3605 563 bos
3634 509 3881 561 animalia

614 609 742 663 mile
774 616 877 661 est.

688 698 979 767 Tripliciter
1006 698 1161 769 igitur
1191 715 1305 751 cum
1332 714 1492 770 genus
1518 699 1743 761 dicatur,
1777 699 1839 750 de
1862 698 2010 749 tertio
2059 698 2199 759 apud

614 788 947 861 philosOphos
997 798 1069 843 est
1103 805 1292 855 sermo,
1318 788 1454 855 quod
1489 789 1642 842 etiam
1693 787 2027 841 describentes
2070 785 2199 838 assi-

614 892 917 951 gnaveruut,
970 880 1196 934 dicentes
1235 896 1395 950 genus
1449 897 1559 934 esse
1599 879 1735 947 quod
1781 878 1845 931 de
1890 876 2123 945 pluribus
2152 886 2197 929 et

613 970 963 1038 di/ferentibus
990 970 1156 1039 specie
1192 971 1245 1023 in
1277 987 1333 1024 eo
1362 970 1498 1036 quod
1524 970 1647 1038 quid
1673 971 1738 1024 sit
1772 970 2102 1039 praedicatur,
2146 977 2199 1019 ut

612 1062 829 1118 animal.

681 1154 808 1208 Jure
853 1155 1069 1208 tertium
1098 1167 1266 1223 genus
1293 1152 1599 1223 philosophi
1656 1152 1720 1206 ad
1775 1150 2192 1219 disputationem

611 1254 845 1311 sumunt,
883 1246 984 1299 hoc
1008 1245 1148 1299 enim
1173 1246 1345 1299 solum
1373 1254 1454 1299 est
1479 1244 1619 1314 quod
1664 1242 2015 1297 substantiam
2045 1257 2195 1295 mon-

609 1347 761 1403 strat,
792 1345 985 1393 caetera
1019 1354 1146 1393 vero
1175 1348 1267 1393 aut
1297 1338 1438 1392 unde
1467 1336 1592 1405 quid
1637 1338 1854 1401 existat,
1882 1344 1974 1389 aut
2001 1350 2193 1403 quem-

609 1428 895 1483 admodum
942 1445 971 1484 a
1030 1428 1243 1483 caeteris
1273 1429 1580 1483 hominibus
1612 1429 1666 1483 in
1690 1443 1848 1482 unam
1882 1428 2036 1496 quasi
2085 1428 2195 1481 for-

611 1534 753 1572 mam
810 1518 993 1588 populi
1021 1519 1290 1573 dividatur
1333 1521 1659 1575 ostendunt:
1691 1533 1813 1573 nam
1872 1519 1998 1571 illud
2049 1518 2190 1588 quod

607 1610 1003 1666 multitudinem
1058 1608 1300 1665 continet
1353 1626 1569 1678 genus,
1633 1610 1776 1663 illius
1833 1608 2192 1663 multitudinis

608 1717 767 1771 quam
814 1702 1056 1757 continet
1103 1701 1454 1757 substantiam
1509 1715 1613 1754 non
1669 1698 2042 1762 demonstrat,
2094 1698 2191 1752 sed

608 1803 808 1848 tantum
840 1808 946 1848 uno
987 1793 1203 1848 nomine
1230 1792 1604 1848 collectionem
1638 1791 1817 1859 pepuli
1845 1790 1991 1854 facit,
2025 1798 2081 1841 ut
2121 1790 2188 1841 ab

2302 612 2714 669 nuncupantur;
2772 602 3092 669 przedicatur
3139 619 3266 667 ergo
3323 602 3517 656 animal
3549 601 3613 655 de
3646 600 3888 670 pluribus

2302 694 2479 760 specie
2510 694 2911 759 differentibus;
2956 695 3049 747 sed
3081 710 3313 762 quonam
3345 696 3505 748 modo
3530 694 3585 747 lit
3609 694 3722 748 haec
3753 708 3899 761 prre-v

2301 786 2541 840 dicatio?
2598 803 2702 840 non
2758 788 2901 841 enim
2956 788 3212 857 quidquid
3270 787 3708 859 interrogaveris,
3767 802 3891 840 mox

2301 878 2503 931 animal
2533 880 2921 945 respondetur:
2951 894 3055 932 non
3080 880 3224 931 enim
3259 881 3301 932 si
3326 889 3560 947 quantus
3608 879 3676 932 sit
3728 877 3891 932 homo

2306 970 2747 1041 interrogaveris,
2802 972 3000 1025 animal
3049 972 3498 1040 respondebitur,
3555 980 3614 1025 ut
3665 971 3889 1038 opinor;

2303 1061 2406 1115 hoc
2429 1063 2571 1115 enim
2601 1063 2666 1115 ad
2725 1065 3074 1131 quantitatem
3127 1065 3375 1130 pertinet,
3411 1078 3516 1116 non
3545 1063 3610 1116 ad
3644 1063 3892 1117 substan-

2300 1156 2450 1209 tiam.
2486 1156 2613 1209 ltem
2638 1155 2684 1209 si
2705 1157 2877 1225 qualis
2898 1158 2966 1209 sit
2998 1156 3157 1209 homo
3183 1158 3504 1225 interroges,
3536 1172 3603 1211 ne
3621 1154 3745 1210 huic
3767 1156 3890 1224 qui-

2299 1252 2419 1304 dem
2450 1253 2731 1321 responsio
2761 1253 3011 1306 convenit
3048 1250 3324 1316 animalis;
3358 1251 3677 1317 cazterisque
3709 1250 3889 1303 omni-

2297 1340 2399 1394 bus
2434 1340 2941 1411 interrogationibus
2988 1341 3126 1395 hanc
3184 1341 3430 1396 animalis
3485 1343 3889 1411 responsionem

2298 1433 2534 1503 ineptam
2566 1445 2725 1504 atque
2754 1435 2995 1490 inutilem
3030 1450 3244 1502 semper
3271 1450 3391 1490 esse
3421 1437 3679 1505 reperies,
3710 1435 3810 1490 nisi
3842 1431 3894 1492 ei

2300 1536 2504 1581 tantum
2528 1540 2649 1598 apta
2677 1536 2763 1582 est
2804 1543 2922 1597 qua:
2947 1527 3071 1596 quid
3101 1527 3173 1582 sit
3205 1528 3518 1595 interroget.
3546 1526 3893 1597 Interrogan-

2299 1625 2439 1678 tibus
2462 1628 2603 1679 enim
2630 1624 2782 1677 nobis
2812 1623 2939 1692 quid
2971 1624 3039 1677 sit
3063 1623 3245 1686 homo,
3290 1623 3524 1693 quidque
3573 1623 3642 1677 sit
3691 1638 3879 1693 equus,

2297 1716 2425 1783 quid
2459 1717 2572 1778 bos,
2603 1717 2804 1770 animal
2830 1716 3280 1785 respondebitur:
3309 1718 3380 1769 ita
3406 1732 3600 1769 nomen
3645 1716 3893 1770 animalis

2302 1807 2369 1861 ad
2399 1809 2868 1877 interrogatiOnem
2894 1810 3018 1878 quid
3046 1811 3115 1862 sit
3138 1810 3206 1862 de
3239 1810 3477 1874 homine,
3512 1808 3685 1878 'equo,
3733 1819 3893 1878 atque

608 1884 826 1940 alterius
851 1884 1062 1954 generis
1092 1883 1288 1953 populo
1331 1892 1662 1953 segregetur.
1697 1881 1826 1935 Item
1869 1880 1999 1933 illud
2049 1880 2195 1948 quod

2305 1899 2442 1953 bove
2464 1915 2525 1954 ac
2548 1874 2841 1955 deﬁcmtoris
2862 1874 3208 1970 praedicatur,
3234 1900 3375 1953 unde
3400 1900 3458 1952 lit
3475 1909 3529 1952 ut
3545 1874 3739 1953 animal
3765 1874 3893 1968 prte-

608 1975 903 2031 secundum
936 1977 1364 2045 procreationem
1395 1975 1597 2029 dictum
1648 1983 1751 2036 est,
1798 1986 1903 2025 non
1952 1973 2027 2024 rei
2075 1986 2195 2036 pro-

608 2066 809 2123 creatae
835 2069 1189 2124 substantiam
1216 2076 1503 2132 monstrat,
1533 2067 1628 2121 sed
1653 2074 1858 2118 tantum
1890 2063 2031 2134 quod
2080 2062 2198 2131 ejus

608 2159 770 2215 fuerit
797 2160 1189 2229 procreationis
1213 2159 1422 2213 initium
1433 2199 1445 2211 .
1473 2148 1539 2210 At
1561 2171 1688 2210 vero
1702 2170 1871 2225 genus
1894 2154 1944 2208 id
1959 2153 2050 2209 cui
2070 2168 2132 2207 su
2139 2168 2197 2221 p-

613 2251 831 2321 ponitur
856 2252 1065 2319 species
1091 2250 1157 2305 ad
1180 2248 1536 2304 diﬂ‘erentiam
1562 2246 2046 2311 accommodatum,
2069 2262 2196 2314 spe-

607 2344 711 2400 ciei
737 2346 1091 2401 substantiam
1122 2343 1413 2399 informat:
1447 2353 1503 2398 et
1527 2342 1650 2413 quia
1681 2342 1821 2396 inter
1849 2341 2198 2412 philosophos

619 2438 735 2493 haec
783 2440 1014 2493 maxima
1056 2437 1280 2503 qttzestio
1337 2446 1421 2492 est
1462 2435 1588 2505 quid
1638 2435 2057 2504 unumquodque
2098 2434 2195 2501 sit,

608 2539 737 2585 tunc
757 2534 900 2585 enim
940 2530 1358 2598 unumquodque
1378 2529 1519 2584 scire
1541 2527 1804 2593 videmur,
1829 2527 2046 2596 quando
2068 2523 2196 2595 quid

610 2622 680 2675 sit
709 2622 1079 2691 agnoscimus.
1124 2620 1326 2675 idcirco
1361 2620 1575 2689 rejectis
1616 2621 1827 2674 caeteris
1859 2620 1926 2673 de
1968 2619 2070 2674 hoc
2100 2636 2195 2687 ge-

610 2727 740 2766 nere
764 2727 869 2782 quo
902 2712 1134 2765 maxime
1164 2710 1302 2780 apud
1329 2710 1678 2779 philosophos
1707 2725 1888 2765 sermo
1919 2720 2022 2772 est,
2052 2710 2193 2779 quod

609 2804 769 2859 etiam
824 2803 1195 2860 describentes
1244 2803 1649 2871 assignavcrunt
1700 2815 1765 2856 ea
1825 2800 2193 2869 descriptione

608 2910 768 2966 quam
794 2897 981 2952 subter
1008 2895 1286 2950 annexuit.
1320 2896 1613 2965 Diligenter
1638 2908 1769 2948 vero
1786 2894 1864 2948 ait
1884 2893 2196 2948 describen-

607 2998 709 3055 tes,
764 3004 872 3043 non
902 2989 1262 3053 diffinientes;
1317 2988 1568 3042 dilﬁnitio
1611 2987 1754 3042 enim
1786 2988 1843 3040 lit
1871 3002 1938 3041 ex
1971 3001 2190 3055 genere,

605 3098 777 3151 genus
803 3092 981 3137 autem
1012 3082 1155 3135 aliud
1178 3097 1347 3150 genus
1392 3081 1590 3134 habere
1641 3095 1745 3133 nou
1780 3081 1995 3148 poterit,
2026 3078 2188 3147 idque

606 3175 889 3230 obscurius
918 3182 1002 3228 est
1046 3189 1206 3243 quam
1238 3185 1294 3227 ut
1321 3174 1492 3239 primo
1523 3172 1672 3225 aditu
1719 3172 1920 3225 dictum
1974 3180 2189 3241 pateat:

606 3264 720 3319 fieri
749 3276 924 3320 autem
952 3273 1130 3333 potest
1181 3274 1238 3317 ut
1272 3280 1356 3316 res
1384 3279 1503 3329 quae
1535 3263 1626 3317 alii
1653 3278 1822 3329 genus
1863 3264 1933 3317 sit
1977 3264 2067 3317 alii
2099 3278 2191 3332 ge-
2224 3246 2271 3311 C

605 3358 722 3411 neri
752 3365 1102 3426 supponatur,
1135 3356 1228 3409 sed
1257 3371 1378 3408 cum
1404 3355 1724 3422 supponitur
1772 3369 1879 3409 non
1912 3356 2065 3422 quasi
2108 3370 2198 3421 ge-

606 3460 729 3512 nus,
775 3449 867 3501 sed
915 3457 1165 3515 tanquam
1195 3446 1406 3516 species
1434 3446 1534 3499 sub
1562 3445 1671 3500 alio
1697 3446 2012 3499 collocatur.
2048 3444 2199 3500 Unde

608 3553 715 3593 non
740 3538 791 3593 in
820 3528 885 3593 eo
910 3537 1051 3606 quod
1080 3553 1250 3605 genus
1275 3547 1380 3603 est,
1412 3536 1642 3605 supponi
1671 3536 1828 3590 alicui
1875 3548 2070 3604 potest,
2102 3539 2196 3591 sed

606 3642 728 3684 cum
759 3631 1076 3699 supponitur
1105 3632 1246 3685 illice
1272 3632 1484 3699 species
1516 3630 1610 3683 ﬁt:
1665 3645 1785 3697 qua:
1813 3644 1935 3684 cum
1967 3629 2040 3683 ita
2071 3630 2197 3693 sint,

606 3722 905 3776 ostenditur
933 3737 1103 3791 genus
1134 3723 1303 3790 ipsum
1338 3721 1395 3775 in
1420 3736 1485 3775 eo
1525 3721 1665 3789 quod
1696 3731 1865 3787 genus
1892 3730 1973 3774 est
2028 3735 2200 3790 genus

607 3816 810 3868 habere
835 3829 940 3867 non
979 3813 1157 3881 pdsse.
1199 3813 1256 3866 Si
1308 3812 1467 3882 igitur
1506 3813 1761 3865 voluisset
1788 3825 1958 3877 genus
2003 3811 2201 3865 difﬁni-

614 3908 760 3960 tione
786 3905 1129 3971 concludere,
1163 3906 1309 3959 nullo
1346 3905 1509 3959 modo
1541 3904 1832 3973 pomisset;
1859 3918 2029 3974 genus
2046 3905 2196 3959 enim

610 3997 753 4053 aliud
799 3998 939 4068 quod
965 4000 1013 4052 ei
1046 4008 1229 4067 posset
1258 4012 1575 4067 prmponere
1620 4014 1725 4051 non
1757 3998 2003 4060 haberet,
2038 4006 2198 4067 atque

606 4092 801 4147 idcirco
826 4093 1240 4160 desrriptionem
1271 4093 1346 4148 ait
1378 4106 1501 4148 esse
1528 4094 1744 4156 factum,
1776 4107 1882 4144 non
1913 4091 2197 4146 dilliuitio-

605 4199 769 4238 nem:
801 4184 1094 4253 descriptio
1124 4199 1255 4239 vero
1282 4193 1364 4237 est
1416 4184 1510 4254 (ut
1568 4184 1623 4237 in
1687 4184 1867 4251 priore
1916 4184 2196 4238 volumine

606 4277 806 4330 dictum
834 4277 939 4342 est)
959 4292 1023 4331 ex
1044 4275 1460 4345 proprietatibus
1483 4274 1792 4329 informatio
1817 4259 2063 4344 quaedam
2090 4276 2192 4339 rei,

605 4376 659 4422 et
685 4380 935 4437 tanquam
964 4366 1235 4422 coloribus
1263 4366 1582 4436 quibusdam
1605 4365 1862 4433 depictio.
1887 4365 2020 4419 Cum
2042 4365 2189 4419 enim

605 4460 659 4515 in
691 4476 855 4515 unum
885 4460 1039 4531 plura
1068 4460 1443 4523 convenerint,
1470 4458 1543 4512 ita
1594 4467 1652 4511 ιιι
1697 4457 1877 4510 omnia
1907 4457 2063 4511 simul
2113 4457 2193 4511 rei

605 4554 689 4608 cui
717 4554 1055 4623 applicantur
1102 4562 1403 4623 aequentur,
1444 4551 1549 4607 nisi
1578 4565 1644 4606 ex
1698 4565 1895 4620 genere
1925 4551 2006 4607 vel
2036 4550 2192 4606 dine-

605 4644 791 4700 rentiis
822 4646 936 4701 haec
959 4643 1209 4700 collectio
1237 4646 1351 4711 liat,
1376 4642 1668 4712 descriptio
1703 4650 2064 4712 nuncupatur.
2094 4640 2190 4696 Est
2215 4629 2271 4692 D

607 4736 769 4803 igitur
797 4737 1086 4803 descriptio
1104 4738 1319 4803 generis
1340 4737 1451 4788 haec
1479 4755 1490 4787 :
1518 4748 1685 4804 genus
1707 4746 1789 4788 est
1816 4733 1955 4802 qttud
1981 4735 2049 4789 de
2071 4735 2193 4803 plu-

610 4827 755 4881 ribus
783 4838 837 4881 et
864 4828 1233 4882 differentibus
1259 4828 1437 4896 specie
1465 4829 1516 4881 in
1545 4844 1610 4881 eo
1637 4826 1775 4893 quod
1803 4826 1928 4895 quid
1961 4828 2029 4879 sit
2057 4842 2194 4895 prte-

609 4918 837 4973 dicatur.
868 4918 990 4972 Tria
1020 4919 1135 4975 lucc
1165 4920 1505 4989 requiruntur
1551 4920 1605 4989 in
1646 4934 1867 4987 genere,
1899 4927 1955 4970 ut
1980 4919 2047 4971 de
2077 4921 2195 4986 plu—

609 5014 759 5066 ribus
809 5010 1150 5081 prtedicetur,
1184 5022 1239 5064 ut
1285 5012 1354 5065 de
1400 5010 1579 5079 specie
1626 5009 2016 5070 dilferentibus,
2049 5008 2190 5063 utin

608 5119 675 5158 eo
704 5106 844 5174 quod
875 5104 999 5174 quid
1031 5103 1140 5158 sit:
1164 5102 1232 5157 de
1263 5118 1365 5172 qua
1400 5100 1733 5171 requoniam
1783 5101 1897 5168 ipse
1930 5099 2194 5167 posterius

610 5199 768 5253 latius
798 5198 1037 5268 disputat
1066 5209 1164 5251 nos
1208 5195 1444 5250 breviter
1493 5194 1648 5265 hujus
1678 5194 1754 5247 rei
1786 5192 2193 5261 intelligentiam

607 5291 972 5360 signiﬁcemus
1007 5288 1290 5359 evemplo,
1322 5288 1425 5341 hoc
1455 5285 1637 5341 modo.
1676 5284 1757 5339 Sit
1780 5284 1926 5339 enim
1957 5282 2112 5337 nobis
2138 5282 2193 5339 in

609 5382 783 5438 forma
822 5384 1035 5453 generis
1079 5380 1314 5448 animal,
1348 5380 1399 5435 id
1453 5381 1520 5435 de
1565 5378 1831 5448 aliquibus
1877 5378 1995 5432 sine
2031 5374 2197 5430 dubio

611 5476 951 5545 praedicatur,
985 5474 1201 5532 homine
1244 5475 1472 5541 scilicet,
1503 5487 1663 5542 equo,
1697 5472 1833 5526 bove
1873 5478 1929 5525 et
1961 5468 2193 5534 caeteris,

610 5569 706 5623 sed
738 5573 851 5625 haec
875 5572 1029 5640 plura
1068 5579 1230 5640 sunt;
1262 5570 1458 5627 animal
1497 5568 1658 5640 igitur
1684 5566 1752 5623 de
1779 5562 2024 5635 pluribus
2053 5578 2195 5633 prae-

609 5658 839 5724 dicatur,
874 5665 1035 5717 homo
1061 5679 1216 5731 vero,
1248 5679 1417 5731 equus
1459 5672 1619 5732 atque
1648 5661 1745 5716 bos
1776 5658 1899 5713 talia
1924 5666 2050 5713 sunt
2080 5667 2136 5710 ut
2164 5671 2196 5711 a

610 5765 673 5805 se
718 5752 1042 5823 discrepent,
1094 5773 1193 5811 nec
1240 5757 1483 5826 qualibet
1522 5751 1779 5809 mediocri
1828 5768 1905 5817 re,
1949 5750 2042 5803 sed
2087 5758 2196 5802 tota

610 5848 818 5917 specie,
846 5849 900 5906 id
926 5860 1011 5907 est
1046 5860 1155 5909 tota
1190 5855 1365 5910 forma
1405 5869 1515 5909 sua:
1542 5852 1875 5919 substantia,
1909 5853 1975 5905 de
2004 5849 2199 5935 quibus

2302 1992 2511 2047 dicetur
2533 1992 2602 2046 de
2634 1992 2872 2062 pluribus
2904 1992 3276 2047 dilIerentibus
3319 1992 3501 2060 specie
3545 1993 3597 2045 in
3648 2007 3713 2045 eo
3749 1993 3891 2061 quod

2300 2083 2425 2151 quid
2458 2084 2547 2138 sit.
2586 2085 2649 2136 Et
2678 2085 2929 2152 quoniam
2960 2085 3174 2152 generis
3208 2083 3320 2136 hazc
3341 2081 3590 2137 diffinitio
3635 2092 3739 2147 est,
3774 2082 3892 2136 ani-

2302 2178 2406 2230 mal
2443 2177 2694 2240 hominis,
2727 2180 2871 2245 equi,
2922 2177 3074 2231 bovis
3114 2191 3284 2245 genus
3324 2192 3445 2231 esse
3495 2192 3718 2231 necesse
3771 2186 3889 2232 est:

2301 2285 2461 2325 omne
2488 2282 2662 2325 autem
2687 2286 2854 2338 genus
2875 2270 3019 2324 aliud
3040 2280 3123 2324 est
3144 2271 3285 2339 quod
3311 2269 3363 2323 in
3394 2270 3684 2338 semetipso
3727 2280 3890 2335 atque

2301 2359 2354 2414 in
2382 2377 2441 2415 re
2469 2362 2804 2429 intelligitur,
2837 2362 2975 2415 aliud
3004 2363 3146 2429 quod
3177 2362 3245 2416 ad
3272 2361 3495 2415 alterius
3544 2362 3886 2429 prmdicatio-

2301 2468 2422 2506 nem
2454 2454 2707 2517 refertur,
2732 2468 2824 2506 sua
2850 2454 2995 2507 enim
3026 2454 3328 2521 proprietas
3355 2455 3525 2520 ipsum
3550 2469 3672 2508 esse
3694 2455 3889 2508 cons-ti.

2301 2544 2422 2599 tuit.
2455 2545 2532 2597 Ad
2550 2545 2779 2599 alterum
2802 2545 2992 2598 relatio
3017 2559 3185 2612 genus
3214 2543 3361 2610 facit,
3391 2552 3449 2597 ut
3471 2546 3639 2613 ipsum
3672 2546 3887 2611 animal,

2300 2638 2345 2691 si
2378 2638 2497 2705 ejus
2525 2636 2881 2692 substantiam
2908 2651 3140 2705 quaeras,
3174 2636 3347 2690 dicam
3380 2638 3732 2691 substantiam
3773 2652 3890 2693 esse

2301 2731 2587 2783 animatam
2614 2738 2775 2799 atque
2798 2726 3142 2793 sensibilem;
3174 2728 3287 2782 haec
3313 2728 3474 2797 igitur
3496 2729 3748 2783 dil’llnitio
3775 2744 3886 2781 rem

2299 2830 2563 2874 monstrat
2604 2836 2699 2889 per
2745 2836 2805 2874 se
2834 2821 2991 2874 sicuti
3022 2829 3144 2887 est,
3192 2837 3301 2874 non
3346 2831 3594 2887 tanquam
3630 2821 3890 2875 referatur

2298 2913 2365 2967 ad
2390 2914 2531 2967 aliud
2559 2929 2576 2968 :
2604 2925 2657 2967 at
2686 2929 2816 2968 vero
2846 2928 2966 2967 cum
3023 2914 3251 2967 dicimus
3280 2914 3476 2968 animal
3529 2930 3697 2983 genus
3747 2932 3888 2982 esse,

2300 3022 2406 3058 non
2434 3008 2451 3074 (
2485 3014 2541 3058 ut
2571 3004 2835 3075 arbitror)
2869 3015 2995 3060 tunc
3040 3005 3108 3060 de
3136 3022 3195 3061 re
3240 3008 3351 3073 ipsa
3405 3023 3598 3062 nomen
3633 3008 3730 3061 hoc
3760 3010 3890 3061 dici-

2300 3113 2439 3162 mus,
2467 3098 2559 3151 sed
2586 3098 2651 3151 de
2679 3113 2739 3152 ea
2769 3100 2981 3152 ratione
3004 3114 3109 3169 qua
3134 3109 3313 3169 potest
3342 3102 3539 3154 animal
3567 3104 3631 3153 ad
3655 3113 3889 3155 caetero-

2302 3206 2415 3244 rum
2452 3205 2573 3259 qua:
2622 3189 2724 3245 sibi
2758 3189 2995 3261 subjecta
3027 3201 3153 3246 sunt
3190 3194 3623 3262 praedicationem
3675 3195 3886 3249 referi-i.

2303 3282 2487 3349 Itaque
2517 3282 2794 3336 character
2824 3283 3041 3352 quidam
3070 3298 3133 3338 ac
3155 3284 3324 3337 forma
3361 3285 3575 3354 generis
3602 3294 3685 3340 est
3735 3288 3785 3339 in
3826 3302 3891 3339 eo

2305 3378 2442 3444 quod
2490 3375 2675 3428 referri
2725 3376 3115 3444 praedicatione
3163 3378 3230 3430 ad
3279 3393 3372 3432 cas
3402 3394 3490 3432 res
3540 3390 3737 3448 potest,
3771 3397 3891 3449 qure

2302 3483 2423 3520 cum
2447 3468 2554 3519 sint
2590 3467 2773 3531 plures
2796 3478 2849 3520 et
2877 3470 3059 3537 specie
3089 3469 3416 3536 dilfereutes,
3451 3473 3503 3526 in
3536 3489 3717 3527 earum
3776 3486 3889 3528 tan-

2303 3568 2411 3613 tum
2439 3561 2734 3614 substantia
2764 3563 3106 3628 praedicatur.
3141 3562 3309 3632 Hujus
3344 3577 3521 3619 autem
3551 3565 3888 3622 diftinitionis

2303 3654 2562 3705 rationem
2598 3667 2692 3719 per
2719 3652 2963 3719 exempla
2988 3654 3214 3721 subjecit
3241 3655 3425 3709 dicens
3450 3672 3464 3712 :

2377 3740 2570 3793 Eorum
2615 3746 2748 3794 enim
2779 3759 2891 3812 quae
2918 3744 3287 3813 praedicantur,
3316 3750 3422 3801 alia
3449 3750 3652 3818 quidem
3695 3751 3756 3803 de
3789 3768 3888 3805 una

2301 3832 2539 3885 dicuntur
2582 3833 2722 3895 solo,
2762 3835 2896 3888 sicut
2930 3836 3197 3890 individua
3218 3880 3232 3903 ,
3264 3853 3317 3892 ut
3362 3839 3631 3907 Socrates,
3664 3852 3711 3895 et
3736 3842 3817 3896 hic
3843 3853 3889 3896 et

2302 3926 2437 3991 hoc;
2484 3920 2589 3977 alia
2617 3941 2733 3979 t'ero
2773 3925 2838 3980 de
2865 3927 3099 3997 pluribus
3122 3972 3134 3995 ,
3167 3933 3596 3999 quemadmodum
3626 3952 3811 4005 genera
3841 3947 3888 3991 et

2300 4024 2492 4089 species
2514 4066 2529 4090 ,
2561 4035 2606 4077 et
2645 4023 2967 4093 diﬂ‘erentia,
3013 4040 3058 4080 et
3090 4032 3299 4095 propria
3322 4072 3334 4092 ,
3365 4043 3412 4083 et
3442 4033 3725 4086 accidentia
3750 4052 3886 4089 com-

2299 4120 2540 4180 muniter,
2574 4120 2662 4172 sed
2701 4135 2799 4172 non
2832 4124 3039 4190 proprie
3062 4124 3239 4176 alicui.
3282 4123 3373 4178 Est
3394 4137 3561 4180 autem
3584 4144 3742 4198 genus
3767 4131 3883 4197 qui-

2300 4212 2446 4274 dem,
2478 4223 2527 4263 ut
2560 4214 2751 4266 animal
2769 4230 2783 4278 ;
2811 4216 3000 4282 species
3025 4232 3139 4268 vero
3168 4225 3224 4271 ut
3251 4216 3432 4283 homo;
3474 4219 3791 4287 differentia,
3830 4230 3888 4274 ut

2300 4301 2582 4365 rationale;
2613 4304 2903 4370 proprium,
2937 4314 2989 4356 ut
3018 4306 3237 4371 risibile;
3271 4309 3535 4375 accidens,
3578 4322 3633 4366 ut
3672 4312 3847 4367 album
3868 4356 3883 4379 ,

2298 4393 2499 4460 nigrum
2518 4432 2532 4454 ,
2565 4394 2757 4444 sedere.

2371 4483 2621 4537 Omnium
2648 4500 2766 4553 quae
2791 4487 3146 4551 praedicantur
3166 4492 3405 4559 quolibet
3428 4495 3588 4547 modo
3612 4496 3735 4550 facit
3759 4497 3884 4550 Por-

2298 4576 2521 4644 phyrius
2550 4575 2905 4641 divisionem;
2958 4579 3159 4633 idcirco
3208 4592 3264 4635 ut
3304 4598 3333 4636 a
3377 4585 3595 4654 reliquis
3636 4588 3882 4641 omnibus

2297 4668 2733 4738 prmdicationem
2765 4672 2977 4739 generis
3007 4672 3251 4744 sejungat
3279 4690 3340 4730 ac
3369 4690 3581 4745 separt-t
3604 4722 3617 4743 ,
3662 4682 3712 4735 id
3759 4682 3884 4736 facit

2293 4762 2395 4815 hoc
2426 4763 2605 4817 modo.
2628 4763 2901 4831 Omnium,
2933 4767 3257 4838 inquit,qua3
3280 4772 3653 4841 praedicantur,
3682 4779 3782 4829 alia
3817 4779 3884 4835 de

2294 4854 2662 4921 singularitate
2692 4848 2962 4923 dicuntur,
2995 4858 3096 4909 alia
3129 4859 3197 4913 de
3231 4861 3533 4928 pluralitate
3564 4882 3575 4915 :
3610 4867 3674 4918 de
3703 4869 3883 4935 singu-

2293 4941 2503 4999 laritate
2531 4959 2678 5007 vero,
2734 4945 2924 5014 inquit,
2954 4949 3309 5017 praedicantur
3346 4970 3673 5025 quaecunque
3716 4974 3877 5011 unum

2294 5034 2571 5102 quodlibet
2604 5035 2806 5091 habent
2833 5040 3129 5109 subjectum
3152 5084 3167 5109 ,
3195 5044 3262 5099 de
3289 5061 3394 5115 quo
3423 5048 3524 5100 dici
3551 5049 3791 5115 possint,
3819 5060 3879 5103 ut

2293 5140 2355 5178 ea
2387 5126 2579 5192 quibus
2601 5126 2806 5194 singula
2836 5130 3073 5200 subjecta
3105 5144 3229 5188 sunt
3257 5136 3560 5201 individua,
3595 5149 3652 5189 ut
3680 5136 3877 5193 Socra-

2293 5224 2373 5270 tes
2404 5225 2457 5269 et
2481 5216 2663 5281 Plato,
2692 5227 2751 5271 ut
2776 5219 2877 5274 hoc
2899 5222 3075 5277 album
3100 5226 3238 5293 quod
3268 5227 3317 5279 in
3347 5225 3444 5279 hac
3467 5229 3587 5281 nive
3610 5233 3876 5297 proposita

2294 5318 2407 5370 est,
2440 5318 2497 5362 ut
2546 5312 2648 5364 hoc
2693 5326 2969 5368 scamnum
3022 5317 3073 5368 in
3118 5333 3224 5385 quo
3266 5334 3405 5371 nunc
3443 5320 3733 5387 sedemus,
3770 5340 3877 5380 non

2293 5415 2453 5455 omne
2497 5417 2773 5458 scamnum
2806 5408 2935 5475 (hoc
2962 5418 3046 5463 est
3075 5409 3215 5463 enim
3256 5411 3580 5485 universale)
3603 5456 3617 5477 .
3650 5418 3744 5470 sed
3777 5418 3877 5472 hoc

2294 5494 2435 5563 quod
2468 5511 2609 5549 nunc
2641 5500 2972 5567 suppositum
2997 5511 3106 5565 est;
3148 5518 3247 5557 nec
3273 5504 3450 5559 album
3482 5508 3624 5576 quod
3666 5511 3716 5563 in
3756 5511 3877 5567 nive

2295 5598 2374 5638 est
2403 5586 2729 5659 (universale
2758 5590 2897 5643 enim
2940 5600 3025 5645 est
3050 5591 3229 5647 album
3259 5604 3313 5673 et
3341 5597 3459 5666 nix)
3490 5640 3504 5663 ,
3536 5600 3629 5653 sed
3661 5599 3760 5654 hoc
3799 5602 3876 5655 al-

2294 5677 2419 5729 bum
2447 5678 2586 5744 quod
2618 5680 2669 5731 in
2704 5680 2801 5734 hac
2831 5681 2951 5733 nive
2997 5697 3137 5737 nunc
3180 5674 3301 5740 esse
3342 5690 3671 5757 conspicitur
3713 5706 3727 5745 :
3775 5692 3876 5747 hoc

2295 5768 2435 5824 enim
2487 5786 2590 5821 non
2647 5780 2821 5836 potest
2863 5771 2931 5825 de
2984 5774 3223 5841 quolibet
3277 5778 3382 5831 alio
3428 5780 3548 5834 albo
3599 5782 3873 5849 prmdicari

2293 5860 2436 5930 quod
2464 5862 2518 5920 in
2546 5862 2645 5919 hac
2675 5864 2797 5918 nive
2823 5872 2939 5933 est,
2969 5867 3094 5936 quia
3131 5870 3197 5926 ad
3241 5869 3662 5941 singularitatem
3708 5869 3876 5936 dedit;
