4244 6254
294 195 362 249 93
1253 196 1318 254 IN
1356 197 1800 258 PORPHYRIUM
1840 200 2483 259 COMMENTARIORUM
2520 201 2649 260 LIB.
2689 202 2754 260 il.

3509 214 3598 271 94.

291 321 435 361 etum
464 315 578 368 est.
607 314 769 376 atque
810 305 876 360 ad
916 305 1243 362 individuam
1275 308 1499 364 formam
1526 312 1874 365 constrictum
1904 315 1953 375 Α
1983 312 2125 368 Fieri
2167 319 2344 367 autem
2390 312 2559 381 potuit
2604 314 2938 370 commodior
2987 316 3179 373 divisio
3221 319 3320 376 hoc
3364 322 3522 378 modo
3557 344 3569 379 :

288 413 371 459 est
400 400 670 456 individui
714 400 1136 471 participatione.
1180 402 1295 457 Alia
1336 418 1464 459 vero
1501 412 1628 459 sunt
1665 420 1784 475 qure
1817 404 1886 460 de

290 493 536 562 p‘uribus
568 492 939 559 przedicantur,
964 501 1026 546 ut
1054 507 1271 562 genera,
1302 504 1353 547 et
1381 497 1617 562 species,
1651 503 1705 550 et
1734 494 1884 551 diﬂ'e-

293 587 508 651 rentiac,
532 595 583 639 et
608 586 839 655 propria,
867 594 919 639 et
943 584 1236 639 accidentia
1268 588 1641 652 communiter,
1656 587 1750 642 sed
1774 602 1879 642 non

293 679 517 749 proiurie
544 678 724 733 alicui.
748 676 956 732 Genera
984 676 1197 747 quidem
1226 677 1293 731 de
1320 677 1561 747 pluribus
1587 678 1882 747 praedican-

296 783 383 824 tur
411 770 693 839 speciebus
723 769 867 831 suis,
902 771 1113 838 species
1158 783 1285 823 vero
1317 769 1382 823 de
1412 768 1658 839 pluribus
1688 769 1881 838 pradi-

284 869 475 914 cautur
516 860 802 914 individuis
844 876 860 915 :
905 861 1065 915 homo
1096 858 1272 923 enim,
1301 860 1437 929 quod
1469 870 1550 914 est
1586 858 1865 923 animalis,

284 953 492 1021 species
539 953 719 1021 plures
764 953 866 1008 sub
906 968 965 1007 se
993 953 1238 1007 homines
1270 953 1431 1008 habet
1459 952 1524 1007 de
1555 954 1749 1023 quibus
1774 969 1869 1020 ap-

283 1048 468 1115 pellari
508 1048 696 1116 possit.
749 1048 883 1102 Item
924 1063 1123 1117 equus,
1157 1048 1245 1116 qui
1279 1047 1463 1102 subest
1494 1048 1709 1103 animali
1761 1048 1878 1103 loco

280 1140 517 1207 speciei,
552 1140 819 1207 plurimos
846 1140 1007 1195 habet
1045 1139 1345 1194 individuos
1385 1155 1551 1210 equos
1591 1140 1657 1195 de
1684 1141 1877 1210 quibus

278 1232 643 1302 prmdicantur
678 1252 692 1288 :
737 1232 1039 1287 dili‘erentia
1067 1248 1197 1287 vero
1228 1233 1337 1301 ipsa
1367 1248 1579 1303 quoque
1608 1232 1675 1288 de
1704 1232 1877 1302 pluri-

274 1324 381 1381 bus
405 1327 696 1397 speciebus
724 1326 827 1382 dici
861 1336 1067 1399 potest,
1106 1336 1163 1380 ut
1190 1326 1450 1382 rationale
1478 1326 1543 1382 de
1572 1325 1787 1381 homine
1817 1340 1877 1383 ac

276 1417 347 1473 de
374 1418 487 1472 Deo
509 1421 932 1489 corporibusque
956 1418 1268 1475 ctelestibus
1286 1462 1301 1487 ,
1331 1431 1450 1487 quae
1482 1417 1641 1485 (sicut
1670 1416 1873 1472 Platoni

273 1512 487 1584 placet)
530 1514 765 1567 animata
796 1523 917 1568 sunt
945 1522 998 1568 et
1024 1513 1236 1567 ratione
1278 1510 1544 1581 vigentis;
1601 1514 1872 1580 praprium

273 1606 415 1661 item
448 1609 549 1661 etsi
582 1607 650 1661 de
678 1623 779 1661 una
810 1608 985 1677 specie
1017 1607 1360 1677 praedicatur,
1389 1606 1458 1661 de
1488 1606 1668 1661 multis
1697 1616 1872 1661 tamen

1988 402 2189 459 Eorum
2221 418 2340 473 quae
2370 403 2644 471 dicuntur,
2679 407 2778 460 alia
2811 408 3025 477 quidem
3057 413 3121 463 ad
3150 412 3575 483 singularitatem

1989 496 2370 564 praedicantur,
2415 498 2522 551 alia
2561 498 2627 550 ad
2670 498 3059 567 pluralitatem;
3102 519 3287 559 eorum
3344 522 3463 576 qua:
3507 507 3578 564 de

1988 588 2230 658 pluribus
2288 590 2672 658 praedicantur,
2722 591 2824 646 alia
2875 596 3187 649 secundum
3221 598 3574 656 substantiam

1983 680 2366 752 praedicantur,
2412 684 2513 736 alia
2558 684 2853 739 secundum
2895 687 3187 754 accidens;
3239 707 3421 747 eorum
3453 710 3576 763 qua:

1972 776 2277 830 secundum
2302 775 2664 831 substantiam
2694 777 3076 846 praedicantur,
3111 782 3217 835 alia
3248 786 3301 837 in
3333 800 3399 840 eo
3430 787 3573 855 quod

1983 864 2105 934 quid
2154 864 2226 919 sit
2270 866 2540 932 dicuntur,
2581 866 2683 921 alia
2732 869 2784 921 in
2826 884 2892 922 eo
2934 871 3071 935 quod
3098 873 3255 940 quale
3281 876 3383 939 sit;
3428 877 3476 929 in
3505 892 3573 931 eo

1981 955 2123 1022 quod
2162 956 2289 1025 quid
2332 956 2403 1011 sit
2443 957 2657 1025 quidem
2698 976 2866 1028 genus
2907 970 2963 1014 et
2988 964 3226 1028 species,
3260 966 3312 1018 in
3340 981 3405 1018 eo
3428 967 3571 1036 quod

1981 1047 2137 1117 quale
2157 1048 2225 1102 sit
2248 1046 2569 1104 diﬂ'erentia.
2598 1051 2727 1103 Item
2756 1066 2941 1105 eorum
2969 1054 3159 1121 quac-iu
3183 1070 3254 1110 eo
3280 1056 3422 1124 quod
3445 1058 3570 1127 quid

1979 1138 2051 1193 sit
2092 1141 2472 1210 prtcdicantur,
2506 1142 2609 1195 alia
2653 1142 2718 1196 de
2748 1144 3031 1212 speciebus
3058 1148 3422 1214 praedicantur
3454 1150 3569 1218 plu-

1979 1232 2157 1298 ribus,
2194 1234 2295 1288 alia
2330 1234 2592 1299 minime;
2641 1235 2708 1290 de
2746 1238 3028 1304 speciebus
3084 1242 3300 1308 quidem
3332 1243 3569 1311 pluribus

1974 1326 2364 1394 praedicantur,
2414 1337 2470 1382 ut
2499 1344 2728 1398 genera,
2757 1330 2825 1385 de
2852 1332 3014 1389 nullis
3040 1349 3169 1389 vero
3205 1339 3434 1404 species.
3467 1338 3568 1390 Eo-

1980 1433 2101 1473 rum
2151 1430 2331 1474 autem
2378 1436 2498 1490 quae
2542 1422 2836 1478 secundum
2885 1425 3135 1482 accidens
3181 1428 3560 1494 praedicantur,

1976 1509 2081 1564 alia
2126 1511 2337 1580 quidem
2369 1520 2495 1567 sunt
2537 1530 2657 1583 qua:
2696 1516 2763 1569 de
2804 1515 3053 1585 pluribus
3088 1520 3479 1587 praedicantur,
3511 1532 3567 1576 ut

1974 1602 2294 1666 accidentia,
2325 1605 2425 1659 alia
2451 1620 2571 1674 quac
2596 1606 2663 1660 de
2688 1623 2793 1661 uno
2820 1617 3051 1672 tantum,
3084 1621 3137 1664 ut
3164 1616 3405 1681 propria.
3438 1614 3567 1667 Pos-

270 1698 574 1754 individuis
602 1698 817 1763 dicitur,
850 1714 970 1769 qua:
1010 1698 1110 1753 sub
1158 1697 1499 1753 convenienti
1543 1696 1723 1765 specie
1761 1696 1869 1749 col-
1901 1694 1947 1753 Β
1975 1706 2057 1751 set
2083 1707 2259 1752 autem
2286 1697 2402 1751 ﬁcri
2432 1700 2591 1753 etiam
2626 1700 2928 1768 hujusmodi
2957 1702 3148 1758 divisio
3179 1722 3189 1755 :
3239 1720 3423 1759 eorum
3446 1722 3567 1775 qua

268 1789 544 1856 locantur,
578 1800 635 1843 ut
664 1790 902 1857 risibile,
936 1790 1003 1843 de
1036 1789 1258 1843 Platone
1281 1829 1297 1854 ,
1334 1789 1555 1843 Socrate
1581 1797 1637 1843 et
1660 1787 1870 1842 caeteris

268 1881 566 1935 individuis
591 1881 786 1935 dicitur
811 1896 929 1949 qua:
951 1879 1152 1934 homini
1179 1890 1578 1950 supponuntur.
1608 1877 1870 1936 Accidens

267 1977 433 2031 etiam
466 1975 536 2030 de
567 1975 752 2030 multis
778 1974 973 2029 dicitur
1002 1992 1017 2041 ;
1065 1974 1247 2029 album
1286 1975 1429 2028 enim
1470 1985 1522 2027 et
1564 1974 1774 2043 nigrum
1805 1972 1871 2028 de

268 2069 459 2122 multis
481 2068 704 2122 omnino
727 2067 831 2121 dici
857 2075 1061 2135 potest,
1088 2080 1209 2137 quin
1232 2082 1259 2119 a
1284 2079 1342 2119 se
1367 2078 1565 2133 genere
1586 2064 1870 2132 specieque

265 2162 512 2233 sejuncta
539 2170 683 2216 sunt.
717 2160 919 2216 Sedere
953 2159 1111 2215 etiam
1143 2158 1210 2215 de
1241 2158 1424 2212 multis
1451 2157 1670 2221 dicitur,
1705 2157 1867 2213 homo

266 2257 415 2311 enim
445 2254 621 2321 sedit,
653 2254 805 2309 simia
834 2254 1021 2320 sedet,
1062 2267 1191 2309 aves
1215 2268 1428 2323 quoque
1450 2293 1463 2314 ,
1489 2266 1715 2322 quarum
1746 2267 1869 2321 spe-

264 2351 380 2403 cies
426 2350 583 2418 ionge
622 2349 858 2402 diversa:
897 2358 1021 2402 sunt
1064 2362 1078 2400 :
1122 2346 1375 2401 accidens
1406 2355 1584 2399 autem
1614 2345 1866 2411 quoniam

265 2442 633 2497 communiter
676 2440 926 2495 accidens
969 2454 1089 2494 esse
1130 2448 1308 2510 potest
1348 2446 1401 2493 et
1430 2438 1647 2507 pr0prie
1676 2437 1866 2503 alicui,

269 2534 482 2588 idcirco
524 2532 904 2589 determinavit
941 2530 1128 2589 dicens
1161 2540 1215 2585 et
1244 2530 1540 2586 accidentia
1570 2532 1869 2586 communi—

264 2636 373 2692 ter,
406 2627 500 2681 sed
532 2643 636 2681 non
662 2626 912 2695 proprie;
950 2641 1070 2696 qua:
1107 2626 1324 2694 proprie
1348 2626 1493 2682 enim
1535 2624 1695 2679 alicui
1727 2626 1867 2678 acci—

264 2723 403 2775 dunt
423 2719 697 2776 individua
722 2718 889 2785 liunt,
917 2730 968 2772 et
999 2717 1067 2772 de
1095 2731 1200 2772 uno
1231 2727 1438 2772 tantum
1465 2716 1695 2772 valentia
1726 2730 1863 2783 prae-

263 2813 474 2876 dicari;
506 2820 560 2865 et
584 2826 645 2865 ea
677 2825 798 2880 quae
828 2808 1186 2865 communiter
1214 2809 1572 2878 accipiuntur,
1603 2806 1670 2860 de
1696 2806 1863 2875 pluri-

262 2906 376 2961 bus
421 2903 525 2959 dici
561 2912 764 2974 queunt
792 2920 807 2956 :
840 2911 895 2958 ut
924 2902 1068 2957 enim
1096 2900 1169 2956 de
1199 2900 1321 2955 nive
1349 2900 1553 2956 dictum
1584 2909 1694 2964 est,
1740 2900 1864 2955 illud

262 2998 450 3054 album
497 2999 637 3069 quod
668 2998 721 3051 in
766 2996 863 3051 bac
893 2994 1132 3069 subjecta
1166 2996 1287 3050 nive
1317 3005 1400 3050 est
1442 3009 1550 3050 non
1602 3004 1684 3050 est
1714 3008 1865 3051 com-

1974 1790 2357 1859 przcdicautur,
2400 1791 2498 1845 alia
2547 1791 2616 1847 de
2656 1795 2882 1863 singulis
2926 1795 3308 1865 praedicantur,
3351 1799 3454 1853 alia
3498 1800 3567 1854 de

1977 1881 2243 1951 pluribus;
2278 1896 2462 1937 eorum
2491 1899 2610 1950 quas
2636 1886 2709 1938 de
2750 1886 3023 1951 pluribus,
3069 1888 3171 1941 alia
3220 1888 3274 1943 in
3322 1904 3387 1945 eo
3416 1890 3565 1959 quod

1972 1973 2100 2043 quid
2128 1975 2225 2037 sit,
2258 1975 2357 2028 alia
2398 1976 2447 2029 in
2486 1990 2550 2029 eo
2578 1976 2721 2043 quod
2752 1977 2911 2045 quale
2941 1979 3011 2033 sit
3038 1980 3429 2048 Aprardicantur.
3464 1984 3567 2037 Eo-

1973 2083 2091 2122 rum
2135 2083 2254 2137 que:
2300 2072 2355 2121 iu
2399 2084 2463 2122 eu
2493 2070 2632 2139 quod
2666 2072 2792 2137 quid
2822 2073 2923 2138 sit,
2955 2073 3056 2126 alia
3103 2076 3169 2129 de
3200 2074 3569 2132 diﬁerentibtn

1974 2160 2258 2228 speciebus
2287 2161 2557 2229 dicuntur,
2595 2172 2647 2213 ut
2684 2177 2880 2230 genvra
2903 2205 2917 2226 ,
2947 2166 3047 2218 alia
3081 2165 3329 2229 minime,
3366 2178 3422 2221 ιιι
3446 2157 3569 2236 spo-

1972 2252 2115 2318 cies;
2143 2268 2332 2308 eorum
2358 2246 2539 2310 autem
2559 2271 2679 2319 quae
2698 2256 2755 2308 in
2783 2272 2849 2311 eo
2876 2259 3014 2325 quod
3036 2259 3201 2326 quale
3218 2260 3295 2314 sit
3328 2262 3397 2316 de
3446 2265 3561 2329 piu-

1972 2344 2120 2399 ribus
2138 2346 2519 2413 prazditmntnr,
2547 2347 2646 2399 :tlia
2670 2348 2887 2417 quidem
2912 2350 2977 2403 de
2992 2350 3367 2407 dilicreutibus
3387 2356 3567 2423 specie

1973 2439 2355 2505 praedicantur,
2388 2449 2445 2494 ut
2483 2438 2801 2495 diderentia:
2839 2452 2891 2496 et
2931 2444 3229 2499 aecideutia
3270 2450 3564 2503 communi.

1974 2540 2075 2594 ter,
2106 2532 2209 2586 alia
2244 2531 2309 2585 de
2341 2547 2442 2585 una
2486 2542 2687 2607 tantum
2732 2536 2939 2602 specie,
2976 2546 3033 2588 ut
3081 2539 3327 2605 propria;
3376 2555 3563 2595 eorum

1970 2640 2098 2679 vero
2128 2640 2245 2695 qua':
2276 2624 2344 2680 de
2371 2627 2614 2696 pluribus
2639 2627 3008 2683 dill‘erentibus
3037 2635 3217 2697 specie
3251 2635 3302 2686 in
3330 2650 3396 2688 eo
3422 2637 3564 2704 quod

1970 2720 2125 2789 quale
2151 2720 2223 2775 sit
2256 2720 2632 2789 praedicantur.
2665 2722 2767 2775 alia
2795 2722 3006 2788 quidem
3032 2725 3082 2777 iu
3108 2726 3397 2780 substantia
3430 2745 3565 2798 prae-

1970 2813 2239 2879 dicantur,
2268 2822 2325 2867 ut
2354 2813 2666 2867 diil‘erentiab
2686 2854 2699 2871 .
2722 2814 2823 2867 alia
2854 2814 2904 2866 in
2929 2818 3285 2871 communiter
3313 2822 3564 2875 evenien-

1972 2907 2143 2967 tibus,
2178 2914 2234 2958 ιιι
2261 2906 2572 2959 accidentia.
2606 2904 2670 2957 Et
2696 2920 2790 2972 per
2819 2910 2955 2960 hanc
2979 2908 3299 2962 divisionem
3331 2914 3564 2981 quinque

1972 2994 2160 3051 harum
2192 3011 2371 3051 rerum
2401 2995 2744 3049 diflinitiones
2769 2996 2943 3066 colligi
2974 3010 3201 3066 possunt
3227 2999 3326 3054 hoc
3356 3003 3516 3055 modo
3548 3021 3560 3055 :

262 3092 508 3148 muniter
552 3092 831 3159 accidens,
870 3090 963 3145 sed
1007 3090 1223 3161 proprie
1257 3089 1378 3145 huic
1409 3087 1516 3143 nivi
1548 3102 1667 3157 qua:
1694 3089 1865 3142 oculis
1892 3072 1938 3135 C
1970 3089 2153 3145 Genus
2183 3102 2264 3145 est
2291 3088 2431 3157 quod
2463 3090 2530 3143 de
2560 3089 2803 3158 pluribus
2830 3092 3012 3158 specie
3032 3091 3400 3148 differentibus
3423 3097 3473 3149 in
3497 3112 3559 3152 ec

262 3187 673 3256 ostensionique
715 3185 957 3254 subjecta
997 3193 1115 3248 est;
1162 3184 1233 3236 ita
1275 3197 1487 3252 quoque
1534 3196 1601 3235 ex
1630 3195 1696 3236 eo
1720 3181 1861 3249 quod

261 3281 627 3336 communiter
651 3278 931 3352 praedicari
959 3286 1168 3346 poterat
1195 3276 1283 3347 (de
1304 3276 1488 3331 multis
1514 3274 1655 3329 enim
1680 3275 1861 3330 album

261 3373 373 3430 dici
407 3381 612 3444 potest,
654 3380 712 3425 ut
748 3370 902 3425 albus
943 3369 1127 3434 homo,
1160 3369 1312 3423 albus
1333 3382 1540 3437 equus,
1573 3367 1687 3421 alba
1725 3367 1862 3434 nix),

261 3468 468 3545 factum
514 3475 599 3521 est
646 3474 704 3520 ut
742 3463 809 3519 de
852 3478 955 3519 una
996 3472 1200 3518 tantum
1247 3461 1369 3517 nive
1412 3458 1691 3531 praedicari
1732 3458 1861 3512 iliud

260 3558 447 3613 album
478 3558 676 3627 possit,
708 3556 860 3627 cujus
890 3553 1295 3624 participatione
1325 3554 1495 3622 ipsum
1526 3565 1739 3622 quoque
1783 3550 1861 3604 ia-

261 3659 414 3703 ctum
437 3659 520 3704 est
543 3647 833 3719 singulare.
856 3646 1091 3702 Omnino
1109 3655 1288 3701 autem
1315 3642 1493 3700 omnia
1521 3655 1720 3713 genera
1739 3683 1754 3707 ,
1783 3641 1863 3694 vel

260 3745 485 3813 species
503 3787 518 3811 ,
540 3741 636 3796 vel
664 3739 1021 3807 differentias,
1051 3738 1133 3793 vel
1162 3737 1400 3807 propria,
1427 3736 1514 3789 vel
1541 3733 1864 3798 accidentia,

261 3839 321 3895 si
358 3852 452 3906 per
480 3835 771 3904 semetipsa
802 3833 1138 3905 speculemur
1163 3830 1218 3885 in
1256 3845 1321 3884 eo
1348 3828 1487 3899 quod
1517 3840 1712 3897 genera
1732 3864 1747 3890 ,
1783 3826 1863 3880 vel

262 3930 523 3998 species,
557 3929 639 3982 vel
669 3925 1011 3992 dilIerentlze,
1044 3924 1127 3978 vel
1159 3920 1409 3995 propria,
1440 3919 1526 3974 vel
1566 3916 1866 3973 accidentia

265 4030 432 4087 aunt,
485 4018 824 4074 manifestum
869 4027 948 4073 est
998 4014 1248 4084 quoniam
1294 4013 1361 4067 de
1404 4010 1644 4082 pluribus
1676 4010 1869 4079 prsidi-

268 4120 496 4176 cantur;
537 4120 591 4163 at
628 4110 673 4164 si
701 4124 763 4164 ea
805 4110 857 4164 in
888 4107 973 4163 bis
1011 4107 1354 4177 speculamur
1392 4104 1447 4159 in
1480 4100 1675 4172 quibus
1712 4108 1865 4164 sunt,

269 4212 332 4258 ut
356 4203 651 4259 secundum
683 4202 927 4273 subiecta
956 4215 1142 4256 eorum
1174 4196 1398 4253 formam
1425 4206 1480 4252 et
1510 4196 1865 4263 substantiam

276 4299 586 4363 metiamur,
621 4296 801 4352 evenit
826 4304 884 4351 ut
911 4311 976 4350 ex
1014 4293 1320 4364 pluralitate
1358 4287 1754 4361 praedicationis
1798 4288 1864 4341 ad

278 4390 704 4461 singularitatem
736 4388 1020 4446 videantur
1050 4386 1242 4446 adduci
1276 4402 1290 4439 :
1320 4386 1518 4441 animal
1547 4386 1691 4441 enim
1719 4383 1862 4454 quod

1967 3181 2109 3249 quod
2142 3181 2269 3249 quid
2303 3180 2372 3235 sit
2394 3182 2738 3248 praedicatur.
2773 3181 2993 3249 Species
3023 3195 3102 3237 est
3133 3186 3273 3254 quod
3303 3185 3371 3241 de
3396 3187 3563 3257 pluri-

1967 3272 2069 3327 bus
2097 3273 2318 3326 minime
2349 3272 2529 3339 specie
2558 3270 2926 3327 didereutibus
2954 3274 3011 3328 in
3053 3290 3119 3329 eo
3162 3278 3301 3346 quod
3334 3279 3460 3349 quid
3492 3280 3563 3335 sit

1968 3363 2305 3433 pra-dicatur.
2341 3362 2647 3417 Dili'erentia
2693 3373 2775 3417 est
2816 3366 2955 3433 quod
2999 3367 3067 3421 de
3110 3368 3351 3436 pluribus
3383 3370 3561 3440 specie

1968 3454 2339 3510 dilierentibus
2364 3456 2415 3509 in
2443 3469 2509 3508 eo
2536 3455 2675 3523 quod
2705 3456 2860 3523 quale
2887 3460 2959 3511 sit
2999 3457 3051 3511 in
3093 3461 3392 3516 substantia
3425 3480 3555 3533 prte-

1967 3548 2191 3603 dicatur.
2224 3548 2500 3618 Proprium
2534 3560 2615 3602 est
2644 3549 2784 3625 quod
2813 3550 2879 3605 de
2909 3567 3012 3606 una
3048 3561 3249 3607 tantum
3282 3556 3463 3623 specie
3501 3559 3554 3611 in

1968 3658 2034 3697 eo
2065 3642 2206 3710 quod
2245 3643 2401 3710 quale
2431 3642 2502 3696 sit
2533 3656 2636 3696 non
2669 3642 2721 3696 in
2754 3644 3049 3697 substantia
3082 3646 3423 3712 praedicatur.
3458 3650 3561 3703 Ac-

1966 3735 2151 3790 cidens
2178 3744 2259 3789 est
2286 3734 2423 3800 quod
2457 3736 2524 3790 de
2554 3736 2790 3801 pluribus
2814 3736 2990 3804 specie
3014 3738 3382 3795 dilIet-entibus
3410 3742 3463 3796 iu
3495 3759 3561 3797 en

1968 3826 2110 3897 quod
2139 3826 2294 3896 quale
2323 3828 2524 3880 sitnon
2569 3827 2621 3881 in
2665 3827 2961 3881 substantia
2996 3831 3333 3896 praedicatur.
3369 3833 3431 3887 Et
3465 3853 3560 3888 tios

1967 3918 2182 3989 quidem
2211 3918 2307 3973 bas
2337 3918 2629 3972 divisiones
2664 3919 2888 3974 fecimus
2910 3960 2924 3983 ,
2958 3932 3013 3974 ut
3041 3924 3218 3975 otttnia
3247 3938 3274 3975 ιι
3305 3928 3560 3993 semetip-

1972 4014 2048 4066 sis
2091 4024 2488 4081 separaremus.
2542 4011 2836 4081 Porphyrio
2884 4026 3013 4066 vero
3051 4013 3152 4067 alia
3187 4016 3412 4069 intentio
3443 4017 3557 4073 fuit.

1968 4103 2083 4158 Non
2113 4105 2252 4158 enim
2282 4103 2461 4157 omnia
2493 4118 2632 4157 nunc
2664 4119 2691 4157 a
2725 4106 3029 4171 semetipsis
3069 4106 3373 4177 disjungere
3417 4110 3559 4163 festi-

1970 4196 2160 4261 nabat,
2183 4194 2276 4250 sed
2302 4204 2505 4249 tantum
2539 4203 2595 4249 ιιι
2626 4207 2818 4250 Caetera
2853 4213 2878 4247 ιι
2907 4200 3125 4266 generis
3160 4199 3328 4254 ferina
3356 4212 3408 4256 et
3439 4216 3559 4271 pro-

1968 4289 2195 4358 prietate
2249 4299 2544 4359 separaret.
2599 4291 2665 4343 At
2735 4289 2933 4345 idcirco
2984 4292 3162 4346 divisit
3212 4295 3392 4347 omnia
3440 4312 3559 4364 quan

1971 4384 2350 4452 praedicantur,
2384 4394 2473 4437 aut
2511 4386 2563 4437 in
2605 4399 2664 4436 ea
2696 4400 2815 4453 qum
2847 4385 2915 4437 de
2946 4386 3168 4454 singulis
3199 4388 3558 4455 praedicarem

269 4498 441 4555 genus
465 4491 578 4549 est,
602 4482 669 4536 de
689 4481 932 4552 pluribus
954 4479 1312 4550 praedicatur;
1345 4478 1436 4532 sed
1464 4492 1585 4533 cum
1616 4476 1717 4530 hoc
1740 4477 1859 4530 ani-
1892 4449 1948 4511 D
1974 4487 2076 4542 tur,
2104 4490 2193 4531 aut
2219 4479 2271 4533 in
2303 4494 2362 4531 ca
2388 4495 2503 4547 qum
2533 4479 2597 4530 de
2634 4478 2904 4545 pluribus;
2951 4496 3013 4534 ea
3047 4496 3173 4534 vero
3204 4497 3319 4547 qua:
3341 4482 3557 4551 deplu-

270 4577 380 4632 mal
412 4575 465 4630 in
502 4575 728 4631 Socrate
764 4573 1204 4640 consideramus,
1234 4587 1300 4627 ex
1329 4571 1636 4641 pluralitate
1667 4570 1859 4641 praedi-

270 4669 497 4724 cationis
529 4667 812 4723 adducitur
843 4665 909 4721 ad
949 4665 1395 4736 singularitatem.
1438 4665 1687 4717 Socrates
1716 4664 1857 4716 enim

273 4761 469 4815 animal
515 4771 630 4825 est,
664 4760 837 4829 ipsum
881 4758 1073 4813 animal
1118 4758 1176 4812 lit
1216 4757 1580 4823 individuum,
1609 4756 1857 4825 quoniam

271 4853 521 4910 Socrates
551 4861 636 4909 est
664 4851 975 4907 individuus
1002 4866 1065 4906 ac
1097 4850 1402 4920 singularis.
1439 4852 1568 4903 Item
1606 4849 1765 4902 homo
1790 4848 1858 4903 de

271 4948 514 5019 pluribus
552 4948 770 5020 quidem
808 4945 1117 5002 hominibus
1144 4945 1484 5016 praedicatur,
1516 4944 1608 4999 sed
1638 4944 1679 4999 si
1706 4943 1851 4997 illam

272 5043 656 5098 humanitatem
685 5057 806 5113 qua:
834 5042 887 5097 in
921 5042 1145 5098 Socrate
1179 5051 1263 5095 est
1300 5038 1575 5095 individuo
1601 5037 1855 5093 conside-

269 5154 452 5193 remus
474 5178 489 5202 ,
524 5136 583 5190 ﬁt
621 5122 890 5193 individua
910 5176 925 5201 ,
957 5134 1210 5204 quoniam
1237 5132 1486 5189 Socrates
1525 5132 1639 5201 ipse
1664 5129 1854 5186 indivi-

268 5231 409 5285 duus
434 5238 520 5284 est
543 5238 699 5297 atque
727 5228 1032 5299 singularis.
1067 5226 1198 5281 ltem
1239 5222 1537 5279 differentia
1580 5231 1637 5277 ut
1692 5222 1856 5275 ratio-

269 5322 394 5378 nale
418 5322 487 5375 de
509 5320 749 5389 pluribus
769 5320 872 5374 dici
896 5329 1101 5388 potest,
1130 5316 1227 5371 sed
1254 5317 1303 5369 in
1333 5316 1557 5370 Socrate
1584 5312 1855 5366 individua

269 5425 372 5473 est.
403 5410 635 5469 Bisibile
659 5411 819 5465 etiam
846 5425 965 5466 cum
993 5410 1058 5465 de
1094 5410 1335 5479 pluribus
1367 5405 1674 5461 hominibus
1716 5418 1852 5472 pra:-

271 5510 483 5565 dicctnr
526 5506 583 5560 lit
628 5505 875 5570 unicum;
915 5506 1268 5558 communiter
1320 5514 1533 5571 quoque
1574 5499 1849 5560 accidens,

272 5612 330 5657 ut
357 5602 539 5656 album
561 5640 576 5662 ,
611 5612 732 5653 cum
764 5596 830 5650 de
864 5596 1102 5663 pluribus
1128 5595 1231 5649 dici
1262 5594 1459 5663 possit,
1502 5592 1551 5644 in
1585 5604 1691 5644 uno
1718 5604 1851 5659 quo-

269 5709 371 5766 que
409 5690 672 5767 singulari
710 5703 943 5761 corpore
987 5697 1321 5757 perspectum
1370 5683 1701 5741 individuum
1746 5694 1846 5739 est.

1968 4570 2117 4626 ribus
2150 4569 2527 4639 praedicantur.
2555 4582 2639 4623 aut
2669 4586 2862 4639 genera
2895 4587 3014 4627 esse
3040 4573 3300 4636 dixit,aut
3324 4577 3552 4644 species,

1968 4671 2061 4717 aut
2087 4671 2312 4726 caetera,
2349 4663 2535 4713 hurttm
2577 4677 2787 4731 quoque
2828 4664 3066 4731 (‘ltflltpla
3111 4665 3406 4736 sultjiciens
3447 4670 3556 4724 ad—

1962 4760 2140 4832 jungit
2171 4777 2183 4811 :

2039 4854 2115 4906 Ab
2145 4851 2223 4906 his
2249 4867 2366 4923 ergo
2391 4869 2505 4923 qua:
2532 4851 2594 4905 de
2634 4868 2732 4904 uno
2775 4850 2884 4905 solo
2932 4855 3279 4919 prmlicanlur
3310 4857 3555 4923 differunt

1964 4962 2152 5019 genera
2178 4989 2194 5013 ,
2225 4960 2282 4999 eo
2312 4950 2448 5013 quod
2479 4945 2587 4999 haec
2617 4944 2680 4997 de
2708 4945 2937 5014 pluribus
2963 4946 3222 5002 dicuntur.
3259 4949 3331 5001 Ab
3361 4951 3439 5004 his
3467 4970 3555 5003 an.

1967 5048 2067 5093 tem
2114 5054 2295 5092 rursus
2347 5054 2461 5107 qua:
2512 5038 2575 5089 de
2629 5037 2879 5104 pluribus,
2932 5056 2963 5090 a
3010 5042 3269 5110 speciebus
3320 5042 3548 5102 quidm,

1966 5133 2207 5199 quoniam
2263 5133 2453 5198 species
2510 5131 2603 5182 elsi
2649 5130 2711 5182 de
2761 5130 2993 5199 pluribus
3034 5133 3391 5200 pra'dicemur,
3452 5150 3550 5187 non

1970 5232 2138 5275 tamen
2161 5222 2224 5275 de
2250 5220 2604 5287 differentibus
2627 5222 2821 5287 specie,
2848 5222 2933 5274 sed
2960 5238 3168 5275 numero
3194 5238 3214 5275 :
3243 5221 3392 5276 homo
3416 5227 3550 5277 enim

1967 5330 2081 5366 cum
2107 5316 2170 5367 sit
2204 5315 2394 5381 species
2419 5356 2430 5370 .
2467 5312 2528 5365 de
2559 5312 2773 5365 Socrate
2802 5324 2848 5365 et
2876 5314 2935 5364 de
2969 5309 3185 5365 Platone
3211 5314 3545 5383 praedicatur,

1964 5407 2051 5474 qui
2098 5422 2199 5459 non
2245 5407 2411 5474 specie
2457 5421 2488 5455 α
2532 5420 2583 5456 se
2623 5404 2833 5455 int-irem
2876 5402 3151 5471 cli/ferunt,
3183 5410 3272 5458 sed
3311 5423 3542 5463 numero.

1963 5498 2173 5552 Animal
2203 5512 2317 5547 vero
2348 5513 2458 5547 cum
2487 5496 2550 5547 sit
2582 5511 2768 5563 genus,
2801 5494 2862 5544 de
2890 5492 3123 5557 homine,
3160 5514 3290 5566 equo
3326 5510 3371 5552 et
3429 5501 3549 5556 boue

1962 5589 2295 5659 prwdicatur,
2329 5586 2413 5654 qui
2446 5582 2689 5649 cii/ferunt
2718 5602 2748 5635 α
2774 5599 2826 5635 se
2857 5585 3066 5636 invicem
3095 5588 3291 5653 specie,
3323 5606 3423 5643 non
3450 5609 3547 5645 nu-

1961 5699 2098 5738 mero
2129 5681 2315 5735 solum.
2349 5679 2387 5730 A
2419 5676 2625 5747 proprio
2654 5692 2850 5744 ιμιωιμιε
2879 5675 3049 5742 άίίῙεη
3075 5694 3267 5749 9am"
3301 5687 3542 5753 quoniam
