4244 6254
295 361 366 419 37
1235 351 1304 410 IN
1341 349 1786 410 PORPHYRIUM
1825 347 2474 407 COMHENTARIORUM
2515 349 2644 405 LIB.
2687 349 2774 406 lll.
3508 347 3575 405 98

292 477 368 533 tia
409 490 443 530 a
487 486 686 546 genere
727 486 833 528 una
875 468 1217 540 separatione
1256 468 1612 524 concluditur.
1647 467 1877 522 Omnino
1903 468 1960 531 Α
1981 465 2178 521 similia
2204 481 2310 522 non
2343 466 2613 534 convenit,
2646 475 2704 520 ut
2736 467 2987 524 Socrates
3014 485 3026 520 :
3063 482 3187 523 nam
3214 481 3335 524 eum
3366 465 3441 522 illi
3462 467 3572 522 sint

293 570 441 627 enim
483 568 608 639 quia
650 566 766 621 haec
811 565 864 620 in
903 579 970 620 eo
1014 561 1157 634 quod
1203 561 1332 632 quid
1376 562 1447 616 sit
1465 559 1710 617 minime
1753 574 1890 629 prae-

295 662 563 726 dicantur,
604 674 666 714 eo
713 658 829 727 ipso
877 663 1229 727 segregantur
1276 669 1308 709 a
1352 669 1554 724 genere
1605 672 1619 708 :
1667 668 1791 709 nam
1834 652 1888 707 in

297 753 513 809 ceteris
543 753 830 820 propinqua
861 758 986 803 sunt
1017 745 1226 817 generi,
1271 762 1394 801 nam
1446 755 1501 802 et
1545 745 1614 801 de
1649 745 1890 816 pluribus

298 845 674 916 praedicantur,
718 851 771 897 et
796 841 863 896 dc
892 840 1074 910 Specie
1105 839 1509 904 differentibus,
1537 838 1634 894 sed
1679 854 1786 894 non
1832 837 1887 893 in

299 951 370 992 eo
410 935 547 990 quod
575 935 696 1004 quid
728 934 818 988 sit.
852 933 908 988 Si
941 933 1058 1002 quis
1101 932 1243 986 enim
1289 932 1581 1002 interroget
1609 931 1780 1001 qualis
1809 940 1892 986 est

299 1029 488 1089 homo,
521 1026 879 1094 respondetur
910 1025 1217 1090 rationalis,
1250 1024 1393 1095 quod
1440 1035 1523 1079 est
1563 1023 1887 1080 differentia.

299 1121 354 1174 Si
389 1121 499 1185 quis
529 1120 824 1188 interroget
851 1118 1026 1188 qualis
1071 1128 1153 1173 est
1204 1133 1430 1183 corvus,
1472 1117 1670 1172 dicitur
1715 1117 1885 1187 niger,

297 1217 438 1282 quod
467 1225 545 1270 est
569 1213 840 1267 accidens.
885 1212 942 1267 Si
973 1221 1150 1267 autem
1185 1213 1488 1280 interroges
1515 1211 1640 1281 quid
1671 1220 1752 1266 est
1793 1213 1888 1265 ho-

297 1323 424 1374 mo,
472 1309 671 1363 animal
718 1307 1153 1377 respondebitur,
1199 1307 1342 1376 quod
1393 1316 1475 1362 est
1514 1323 1704 1377 genus.
1737 1307 1889 1374 Quod

298 1413 428 1456 vero
455 1399 565 1466 ait,
596 1415 705 1455 non
737 1401 789 1454 in
816 1415 882 1454 eo
907 1400 1047 1470 quod
1068 1400 1194 1469 quid
1221 1400 1291 1454 sit
1315 1399 1594 1470 praedicari
1626 1400 1888 1465 dicimus,

300 1494 397 1550 sed
425 1509 592 1565 magis
621 1493 678 1548 in
707 1509 771 1550 eo
798 1493 938 1563 quod
967 1495 1120 1562 quale
1147 1495 1247 1558 sit,
1281 1496 1383 1548 lioc
1414 1496 1584 1564 magis
1611 1496 1889 1564 quaestioni

305 1587 542 1640 occurrit
581 1584 904 1657 huiusmodi.
939 1581 1253 1640 Aristoteles
1291 1585 1433 1640 enim
1477 1586 1810 1641 differentias
1838 1588 1889 1640 in

301 1678 606 1732 substantia
636 1687 783 1746 putat
813 1688 1060 1746 oportere
1090 1677 1398 1747 przedicari,
1431 1679 1574 1748 quod
1617 1689 1794 1733 autem
1840 1682 1890 1733 in

301 1768 603 1823 substantia
631 1767 968 1837 prasdicatur,
1001 1769 1102 1824 hoc
1129 1785 1241 1825 rem
1282 1770 1352 1826 de
1395 1786 1499 1841 qua
1543 1771 1887 1841 praedicatur,

303 1877 410 1916 non
442 1861 597 1931 quale
626 1861 730 1930 sit,
760 1861 854 1916 sed
880 1862 1005 1932 quid
1035 1865 1105 1918 sit
1133 1864 1397 1931 ostendit;
1441 1865 1584 1921 unde
1613 1881 1719 1921 non
1750 1865 1899 1920 vide-

303 1963 391 2008 tur
434 1952 735 2008 differentia
768 1954 818 2006 in
861 1969 925 2008 eo
955 1954 1098 2024 quod
1136 1956 1295 2025 quale
1333 1955 1402 2010 sit
1443 1956 1754 2025 praedicari,
1800 1959 1894 2014 sed

305 2043 482 2112 potius
511 2045 562 2096 in
589 2059 656 2098 eo
683 2043 824 2113 quod
856 2044 982 2114 quid
1013 2047 1117 2110 sit,
1149 2046 1244 2100 sed
1275 2046 1501 2102 solvitur
1541 2048 1644 2104 hoc
1687 2050 1849 2104 modo
1883 2069 1895 2104 :

307 2137 601 2192 differentia
636 2137 780 2191 enim
823 2137 896 2192 ita
940 2137 1289 2193 substantiam
1321 2139 1699 2197 demonstrare
1729 2142 1898 2210 solet,

305 2239 364 2282 ut
408 2230 547 2283 circa
595 2227 951 2283 substantiam
994 2229 1306 2298 qualitatem
1347 2231 1702 2299 determinet,
1735 2233 1786 2286 id
1820 2244 1902 2288 est

305 2323 709 2378 substantialem
732 2324 1037 2392 qualitatem
1068 2322 1323 2393 proferat.
1367 2325 1518 2393 Quod
1545 2341 1673 2396 ergo
1695 2326 1898 2382 dictum

306 2424 388 2469 est
415 2414 582 2486 magis
606 2456 619 2479 ,
656 2415 759 2470 tale
786 2424 870 2475 est
898 2428 1148 2483 tanquam
1180 2417 1224 2470 si
1265 2417 1497 2484 diceret,
1531 2417 1741 2474 videtur
1778 2421 1900 2490 qui-

307 2510 424 2564 dem
465 2508 817 2563 substantiam
846 2509 1177 2578 significare,
1205 2519 1364 2581 atque
1394 2511 1448 2564 in
1479 2525 1545 2566 eo
1590 2511 1730 2582 quod
1774 2515 1902 2582 quid

309 2605 378 2655 sit
405 2601 714 2670 praedicari;
739 2603 831 2657 sed
854 2603 1025 2674 magis
1047 2602 1174 2656 illud
1197 2612 1280 2658 est
1305 2603 1506 2670 verius,
1545 2605 1670 2673 quia
1693 2605 1902 2661 tametsi

310 2697 656 2752 substantiam
703 2704 998 2763 monstret,
1045 2705 1223 2752 tamen
1264 2696 1318 2752 in
1362 2711 1427 2752 eo
1467 2697 1609 2766 quod
1651 2699 1806 2768 quale
1834 2699 1904 2754 sit

312 2791 650 2860 prtedicatur.
1540 2787 1547 2794 '

383 2882 554 2948 Quare
583 2898 734 2951 genus
761 2881 825 2934 de
855 2881 1089 2950 pluribus
1111 2881 1384 2952 praedicari
1413 2882 1596 2936 dividit
1645 2883 1814 2952 ipsum
1839 2883 1903 2937 ab

315 2977 375 3028 iis
403 2992 514 3043 qua:
538 2975 600 3026 de
627 2990 729 3026 uno
749 2973 858 3027 solo
888 2973 1152 3036 dicuntur,
1181 2974 1309 3027 sicut
1337 2973 1643 3040 individua;
1667 2976 1730 3028 de
1754 2974 1903 3043 dtﬂ'e-

313 3069 533 3123 rentibus
563 3084 676 3121 vero
706 3067 895 3136 specie,
933 3075 1134 3139 separat
1165 3065 1395 3121 eumdem
1437 3067 1498 3119 ab
1527 3066 1591 3120 iis
1629 3082 1746 3136 qua:
1771 3069 1902 3122 sicut

311 3165 498 3231 species
545 3161 908 3226 prwdit'antur,
957 3159 1031 3214 rel
1073 3163 1203 3214 sicut
1233 3163 1448 3230 propria
1486 3175 1507 3215 :
1553 3162 1608 3214 in
1646 3178 1704 3214 eo
1731 3173 1902 3216 autem

1993 563 2174 616 caeteri
2220 561 2465 615 homines
2504 560 2738 627 similes,
2768 577 2873 616 non
2909 561 3157 617 convenit
3189 561 3484 632 proprietas
3522 567 3578 614 et

1993 652 2304 722 praedicatio
2343 650 2580 707 Socratis
2611 651 2662 704 in
2709 653 2952 717 caeteris;
2983 668 3110 724 ergo
3147 653 3214 706 ab
3257 652 3322 706 iis
3352 667 3469 721 quae
3511 650 3580 704 de

1996 759 2101 799 uno
2152 752 2357 798 tantum
2408 742 2766 812 praedicantur
2810 759 2978 814 genus
3021 745 3218 809 differt,
3250 759 3316 799 eo
3345 742 3484 814 quod
3514 743 3582 798 de

1996 839 2240 910 pluribus
2266 837 2606 908 prmdicetur.
2641 841 2866 894 Restant
2886 839 3046 908 igitur
3076 847 3326 909 quatuor,
3351 838 3581 908 species,

1995 943 2050 987 et
2090 933 2388 1003 proprium,
2436 942 2491 986 et
2530 932 2855 998 differentia,
2889 939 2944 986 et
2970 931 3242 995 accidens,
3285 944 3515 1000 quorum
3552 945 3582 982 a

1993 1041 2195 1098 genere
2232 1025 2563 1082 differentias
2592 1026 2930 1096 colligamus.
2975 1023 3211 1094 Singulis
3244 1024 3405 1094 igitur
3430 1022 3584 1078 diffe-

1996 1121 2184 1175 rentiis
2217 1120 2285 1172 ab
2315 1119 2397 1173 bis
2437 1119 2598 1175 rebus
2622 1118 2989 1190 segregabitur
3013 1134 3183 1187 genus
3212 1133 3228 1174 :
3272 1132 3334 1172 ea
3372 1117 3586 1187 quidem

1995 1212 2296 1268 differentia
2325 1227 2427 1283 qua
2454 1213 2522 1267 de
2561 1215 2746 1283 specie
2784 1213 3158 1267 differentibus
3188 1211 3468 1283 praedicari
3495 1227 3584 1280 ge~

1997 1320 2098 1359 nus
2129 1305 2347 1369 dicitur,
2387 1315 2667 1373 separatur
2694 1305 2761 1358 ab
2785 1305 2866 1357 liis
2896 1320 3016 1373 qua:
3043 1305 3179 1358 sicut
3211 1305 3421 1373 species
3453 1318 3590 1372 prte-

1996 1397 2276 1464 dicantur,
2331 1397 2417 1451 vel
2465 1396 2607 1451 sicut
2650 1397 2897 1465 propria;
2943 1397 3147 1466 species
3184 1397 3325 1450 enim
3366 1398 3590 1451 omnino

1996 1489 2063 1543 de
2091 1488 2235 1542 nulla
2279 1489 2380 1542 alia
2427 1490 2605 1557 specie
2645 1490 2853 1543 dicetur
2873 1532 2885 1553 ,
2929 1490 3200 1558 proprium
3231 1504 3360 1544 vero
3389 1489 3458 1545 de
3487 1505 3590 1544 una

1998 1591 2202 1635 tantum
2230 1582 2409 1651 specie
2439 1583 2786 1652 praedicatur,
2835 1592 2994 1647 atque
3024 1582 3145 1636 ideo
3178 1597 3282 1637 non
3313 1582 3380 1636 de
3407 1582 3590 1648 specie

1997 1674 2385 1729 differentibus.
2430 1675 2562 1728 ltem
2607 1689 2775 1744 genus
2817 1690 2846 1728 a
2888 1674 3191 1729 differentia
3231 1686 3285 1729 et
3329 1674 3590 1730 accidenti

1998 1768 2196 1836 differt,
2229 1767 2370 1838 quod
2397 1767 2450 1822 in
2479 1783 2544 1822 eo
2570 1767 2711 1838 quod
2737 1767 2863 1837 quid
2888 1769 2956 1821 sit
2978 1767 3321 1836 praidicatur,
3347 1768 3435 1824 illa
3464 1784 3591 1824 vero

1929 1863 1978 1925 B
2007 1863 2058 1918 in
2083 1877 2148 1917 eo
2171 1861 2313 1932 quod
2337 1861 2494 1932 quale
2519 1862 2590 1914 sit
2613 1861 2946 1931 appellantur
2969 1871 3021 1916 ut
3050 1862 3247 1916 dictum
3272 1871 3384 1927 est;
3413 1863 3592 1932 itaque

2001 1969 2169 2025 genus
2194 1953 2405 2024 quidem
2450 1953 2518 2008 ab
2541 1953 2603 2007 iis
2632 1970 2749 2023 qum
2791 1954 2856 2020 de
2889 1970 2994 2008 uno
3026 1955 3382 2023 praedicantur
3416 1955 3593 2012 differt

2002 2053 2054 2109 in
2087 2053 2384 2124 quantitate
2420 2050 2834 2120 praedicationis,
2864 2052 3004 2120 quod
3037 2051 3104 2106 de
3138 2051 3375 2118 pluribus
3405 2051 3592 2120 prsidi-

2004 2155 2186 2210 cetur;
2229 2161 2258 2198 a
2297 2144 2580 2214 Specicbtts
2622 2159 2750 2198 vero
2777 2153 2830 2198 et
2873 2144 3090 2212 proprio
3131 2146 3184 2196 in
3229 2144 3592 2211 subjectorunt

2006 2248 2218 2298 natura.
2249 2240 2501 2309 quoniam
2534 2253 2703 2307 genus
2741 2237 2809 2292 de
2837 2238 3017 2306 specie
3048 2236 3419 2291 differentibus
3457 2236 3591 2290 dici-

2005 2343 2114 2404 tur,
2161 2333 2438 2402 proprium
2479 2346 2606 2386 vero
2651 2339 2706 2385 et
2748 2331 2956 2400 species
2988 2329 3223 2383 minime.
3273 2329 3399 2382 Item
3429 2344 3594 2397 genus

2006 2431 2057 2484 in
2093 2432 2346 2502 qualitate
2387 2429 2780 2501 praedicationis
2809 2444 2836 2482 a
2881 2426 3178 2482 differentia
3212 2425 3595 2494 accidenthue

2008 2524 2280 2578 dividitur.
2335 2523 2577 2592 Qualitas
2608 2522 2750 2577 enim
2782 2519 3178 2589 praedicationis
3207 2518 3448 2587 quaedam
3490 2528 3594 2583 est,

2008 2617 2094 2672 vel
2125 2617 2176 2672 in
2204 2632 2268 2672 eo
2295 2617 2435 2688 quod
2463 2614 2590 2687 quid
2616 2615 2705 2678 sit,
2730 2615 2815 2669 vel
2844 2615 2896 2668 in
2927 2628 2992 2668 eo
3012 2613 3155 2684 quod
3181 2612 3336 2683 quale
3363 2612 3432 2667 sit
3458 2627 3594 2683 prte-

2007 2708 2194 2765 dicari.

2081 2801 2230 2854 Nihil
2254 2801 2410 2871 igitur
2438 2816 2596 2866 neque
2628 2799 2968 2868 superﬂuum,
2996 2813 3158 2866 neque
3187 2799 3354 2852 minus
3375 2799 3596 2852 continet

2005 2893 2208 2965 generis
2237 2893 2375 2945 dicta
2405 2891 2697 2961 descriptio.

2076 2984 2264 3038 Omnis
2295 2983 2438 3038 enim
2471 2980 2764 3050 descriptio
2793 2979 2877 3034 vel
2909 2978 3160 3033 diffinitio
3191 2979 3350 3034 debet
3381 2981 3428 3034 ei
3457 2979 3596 3050 quod

2006 3076 2266 3130 diffinitur
2296 3073 2497 3142 aequari
2529 3090 2543 3127 :
2574 3073 2616 3126 si
2649 3073 2792 3127 enim
2824 3071 3082 3126 diffinitio
3108 3071 3352 3126 diffinita:
3383 3073 3460 3127 rei
3493 3089 3596 3128 non

2005 3169 2077 3223 sit
2109 3165 2351 3236 aequalis,
2380 3173 2433 3218 et
2465 3165 2506 3218 si
2548 3162 2764 3233 quidem
2809 3162 2982 3232 major
3009 3164 3102 3228 sit,
3147 3162 3308 3218 etiam
3356 3163 3597 3233 quaidam

312 3260 445 3325 quod
473 3255 594 3322 quid
623 3257 688 3307 sit
720 3254 1015 3323 prwdieari,
1055 3252 1239 3306 dividit
1264 3255 1432 3324 ipsum
1461 3270 1492 3306 a
1523 3254 1828 3320 di/Terentiis
1855 3267 1904 3312 et
1929 3258 1978 3323 C
2006 3261 2110 3317 alia
2141 3257 2461 3323 continebit,
2496 3266 2549 3311 et
2580 3273 2685 3312 non
2713 3270 2934 3311 necesse
2963 3265 3046 3311 est
3072 3266 3126 3310 ut
3147 3269 3360 3324 semper
3386 3255 3598 3310 diffiniti

313 3349 640 3405 connnuniter
680 3347 1049 3412 accidentibus,
1087 3363 1202 3417 qua
1228 3346 1434 3417 singula
1459 3364 1562 3402 non
1596 3349 1649 3402 in
1672 3365 1736 3404 eo
1763 3353 1900 3421 quod

315 3444 432 3512 quid
458 3442 787 3513 praedicatur,
816 3441 906 3493 sed
928 3441 982 3494 in
1008 3457 1065 3495 eo
1084 3443 1222 3509 quod
1245 3443 1397 3509 quale
1418 3453 1513 3508 est,
1547 3441 1625 3496 vel
1645 3445 1900 3512 quomodo

316 3550 361 3587 te
390 3534 560 3588 habet.

381 3628 504 3681 Tria
539 3628 651 3681 lizec
693 3640 812 3681 esse
847 3625 1080 3680 diximus
1110 3640 1230 3694 quae
1270 3625 1720 3695 significationem
1763 3629 1902 3683 hanc

314 3721 525 3774 tertiam
551 3721 763 3789 generis
790 3717 1168 3783 informarent,
1203 3717 1256 3773 id
1281 3728 1364 3773 est
1393 3718 1462 3774 de
1488 3720 1734 3789 pluribus
1764 3737 1902 3790 pra:-

315 3813 504 3874 rlicari,
532 3811 599 3863 de
628 3809 806 3875 specie
827 3809 1215 3877 differentibus,
1241 3819 1295 3865 et
1315 3810 1367 3864 in
1399 3826 1466 3866 eo
1491 3811 1633 3875 quod
1657 3812 1780 3882 quid
1809 3813 1899 3877 sit,

317 3919 440 3973 quae
480 3903 703 3972 singulae
735 3912 912 3971 partes
945 3918 1110 3973 genus
1147 3920 1176 3958 a
1216 3905 1429 3961 caeteris
1456 3921 1578 3976 qum
1604 3909 1905 3976 quomodo-

321 3999 462 4053 libet
513 3997 874 4066 praedicantur
909 3996 1230 4053 distribuunt
1275 4014 1338 4055 ac
1383 4010 1711 4069 secernunt,
1759 4004 1903 4073 quod

318 4090 436 4160 ipse
468 4089 703 4142 breviter
723 4087 978 4156 colligens
1008 4089 1134 4143 dicit
1166 4107 1179 4145 :
1221 4090 1273 4145 id
1297 4091 1440 4145 enim
1473 4093 1615 4162 quod
1640 4093 1708 4148 de
1737 4095 1907 4164 pluri-

320 4182 421 4238 bus
446 4181 768 4251 praedicatur
803 4195 969 4249 genus
991 4181 1058 4236 ab
1085 4183 1165 4238 liis
1195 4182 1387 4237 dividit
1424 4199 1545 4254 quze
1571 4184 1638 4240 de
1664 4201 1770 4242 uno
1793 4196 1909 4241 tan-

320 4283 432 4330 tum
465 4273 821 4345 praedicantur
851 4273 1140 4328 individuo.
1173 4275 1506 4331 lndividuum
1534 4289 1712 4334 autem
1745 4279 1908 4350 pluri-

319 4369 421 4424 bus
448 4367 841 4424 dicitur-modis
874 4385 886 4419 :
916 4367 1113 4422 dicitur
1140 4367 1470 4424 individuum
1512 4373 1654 4440 quod
1683 4374 1908 4427 omnino

323 4463 492 4518 secari
523 4477 627 4515 non
659 4467 856 4530 potest,
898 4471 954 4515 ut
990 4462 1166 4515 unitas
1195 4463 1278 4516 vel
1323 4478 1510 4528 mens;
1541 4465 1735 4520 dicitur
1771 4467 1911 4522 indic

327 4552 543 4608 viduum
593 4552 733 4622 quod
766 4551 836 4605 ob
873 4552 1198 4608 soliditatem
1237 4553 1402 4609 dividi
1445 4559 1649 4626 nequit,
1689 4567 1746 4611 ut
1783 4559 1910 4614 ada-

2006 3354 2363 3408 substantiam
2400 3360 2691 3416 monstret;
2732 3350 2775 3404 si
2807 3350 2981 3403 minor
3009 3349 3100 3412 sit,
3128 3349 3192 3403 ad
3220 3363 3432 3402 omnem
3461 3349 3598 3402 difﬁ-

2005 3448 2264 3505 nitionem
2290 3441 2607 3500 substantia:
2633 3456 2736 3496 non
2773 3441 3034 3510 pervenit.
3085 3437 3275 3495 Omnia
3307 3441 3448 3495 enim
3481 3457 3600 3512 qua

2007 3539 2212 3610 majora
2245 3548 2369 3592 sunt
2395 3537 2462 3591 de
2489 3533 2789 3589 minoribus
2817 3533 3201 3602 prmdicantur,
3233 3541 3290 3585 ut
3311 3534 3508 3587 animal
3534 3535 3600 3588 de

2007 3633 2256 3698 homine;
2294 3631 2500 3685 minora
2529 3642 2656 3682 vero
2687 3627 2754 3682 de
2795 3625 3090 3695 majoribus
3130 3626 3349 3680 minime
3389 3643 3401 3679 :
3437 3643 3595 3681 nemo

2007 3726 2151 3780 enim
2198 3740 2327 3780 vere
2369 3724 2553 3778 dicere
2593 3729 2790 3792 potest,
2835 3734 2995 3774 omne
3037 3719 3236 3772 animal
3281 3711 3443 3773 homo
3488 3731 3596 3786 est,

2007 3817 2380 3888 atqueidcirco
2401 3815 2444 3869 si
2468 3813 2571 3869 sibi
2595 3812 2902 3882 praedicatio
2915 3813 3274 3868 convertenda
3294 3823 3397 3880 est,
3423 3831 3599 3885 mqua-

2007 3911 2076 3966 lis
2100 3920 2314 3980 oportet
2341 3917 2399 3963 ut
2429 3910 2517 3963 sit.
2571 3907 2628 3963 Id
2658 3919 2834 3963 autem
2869 3911 2977 3964 fieri
3007 3920 3202 3980 potest,
3231 3912 3274 3962 si
3308 3927 3478 3980 neque
3504 3928 3594 3966 sn-

2012 4001 2272 4072 perfluum
2301 3999 2592 4070 quidquam
2627 3999 2784 4053 habet
2808 4013 2983 4067 neque
3005 3999 3342 4064 diminutum,
3376 4011 3430 4052 ut
3460 4003 3510 4051 in
3535 4018 3596 4055 ea

2011 4097 2126 4165 ipsa
2171 4093 2383 4164 generis
2437 4091 2825 4161 descriptione;
2869 4090 3069 4144 dictum
3111 4099 3193 4144 est
3234 4092 3375 4144 enim
3423 4105 3592 4159 genus

2011 4203 2132 4244 esse
2161 4187 2300 4258 quod
2325 4185 2392 4239 de
2420 4183 2663 4255 pluribus
2690 4183 3060 4238 differentibus
3082 4185 3260 4252 specie
3288 4184 3342 4238 in
3369 4198 3432 4238 eo
3456 4184 3596 4252 quod

2012 4282 2138 4352 quid
2168 4280 2236 4334 sit
2268 4279 2604 4348 prtedicatur,
2631 4293 2749 4348 quae
2779 4276 3070 4347 descriptio
3098 4293 3216 4333 cum
3242 4293 3439 4348 genere
3472 4293 3601 4332 con-

2012 4377 2150 4429 verti
2179 4383 2370 4444 potest,
2407 4382 2461 4426 ut
2490 4371 2534 4426 si
2581 4371 2825 4425 dicamus
2869 4371 3010 4441 quod
3041 4371 3107 4426 de
3145 4371 3389 4441 pluribus
3425 4373 3604 4441 specie

2015 4467 2387 4524 differentibus
2417 4465 2468 4519 in
2497 4480 2562 4519 eo
2586 4464 2724 4533 quod
2749 4464 2872 4533 quid
2903 4465 2974 4519 sit
2999 4463 3338 4532 praedicetur,
3359 4465 3407 4519 id
3433 4480 3604 4532 genus

2016 4578 2140 4617 esse
2185 4580 2197 4613 :
2243 4559 2382 4630 quod
2423 4560 2466 4612 si
2498 4557 2739 4612 converti
2781 4565 2956 4624 potest
2991 4556 3071 4624 (ut
3098 4555 3195 4624 ait)
3227 4569 3329 4608 nec
3364 4557 3480 4624 plus
3512 4572 3604 4610 nec

327 4661 482 4710 snas;
513 4645 706 4699 dicitur
731 4645 1063 4700 individuum
1089 4646 1244 4716 cujus
1278 4648 1588 4717 praedicatio
1619 4653 1673 4706 in
1703 4653 1910 4724 reliqua
1937 4652 1992 4714 D
2018 4656 2196 4711 minus
2222 4653 2461 4707 continet
2487 4649 2697 4720 generis
2732 4647 2869 4701 facta
2897 4647 3209 4717 descriptio.

338 4781 3604 4808 ..Ἦ-*Μ

2897 4839 2920 4865 ι

1457 4879 1834 4987 LIBER
1876 4879 2474 4989 TERTIUS.

407 5109 663 5180 Superior
715 5108 1008 5180 disputatio
1067 5108 1134 5165 de
1190 5125 1387 5181 genere
1439 5112 1651 5168 videtur
1698 5112 1919 5165 forsitan

339 5216 547 5257 omnem
573 5203 731 5256 etiam
769 5203 964 5272 speciei
993 5206 1398 5273 consumpsisse
1427 5214 1712 5261 tractatum
1749 5227 1762 5263 :
1798 5220 1919 5260 nam

338 5312 456 5351 cum
486 5312 656 5366 genus
682 5298 749 5350 ad
776 5297 978 5366 aliquid
1011 5297 1348 5368 praedicetur,
1383 5298 1432 5352 id
1461 5310 1542 5352 est
1571 5299 1635 5352 ad
1663 5299 1920 5368 speciem,

338 5389 590 5460 cognosci
618 5399 802 5442 natura
823 5392 1032 5458 generis
1059 5406 1166 5445 non
1197 5402 1395 5460 potest,
1421 5392 1467 5444 si
1495 5392 1692 5459 speciei
1716 5407 1833 5461 quae
1857 5391 1926 5445 sit

339 5479 691 5549 intelligentia
735 5480 1022 5535 nesciatur.
1071 5482 1177 5538 Sed
1211 5483 1469 5553 quoniam
1516 5482 1727 5536 diversa
1760 5491 1838 5536 est
1870 5483 1924 5537 in

341 5577 453 5631 suis
492 5572 701 5627 naturis
733 5585 917 5626 eorum
955 5573 1316 5628 consideratio
1347 5583 1509 5642 atque
1536 5572 1811 5635 discretio,
1843 5572 1924 5625 di-

345 5681 503 5721 versa
534 5665 586 5718 in
621 5662 912 5733 permistis,
939 5662 1136 5718 idcirco
1161 5665 1297 5719 sicut
1338 5664 1546 5734 singula
1579 5663 1629 5717 in
1674 5663 1932 5732 prommio

347 5758 637 5829 proposuit,
661 5759 734 5813 ita
758 5756 1002 5811 dividere
1023 5769 1210 5812 cuncta
1235 5759 1593 5829 prosequitur,
1616 5774 1678 5813 ac
1705 5759 1932 5828 primum

350 5867 466 5926 post
495 5855 708 5932 generis
738 5850 1158 5925 disputationem
1186 5851 1253 5908 de
1282 5856 1460 5926 specie
1488 5862 1698 5920 tractat,
1731 5851 1798 5909 de
1827 5867 1931 5924 qua

2030 5110 2245 5179 quidem
2276 5112 2504 5168 dubitari
2547 5117 2762 5180 potest:
2794 5111 2839 5166 si
2879 5109 3022 5167 enim
3052 5109 3166 5164 haec
3194 5109 3292 5165 fuit
3329 5110 3464 5164 ratio
3496 5126 3612 5179 pro-

2034 5205 2261 5272 ponendi
2279 5220 2450 5275 genus
2478 5203 2699 5274 reliquis
2712 5203 2983 5269 omnibus,
3003 5201 3143 5272 quod
3162 5213 3362 5256 natura:
3379 5217 3488 5254 sua:
3509 5219 3613 5255 nia-

2031 5298 2311 5365 gnitudine
2337 5311 2528 5354 caetera
2557 5295 2882 5358 contineret,
2929 5311 3032 5349 non
3073 5309 3286 5363 aequum
3313 5302 3427 5346 erat
3461 5295 3614 5348 diffe-

2032 5390 2219 5444 rentiae
2250 5393 2482 5458 speciem
2518 5390 2569 5443 in
2595 5389 2785 5442 ordine
2812 5395 3066 5441 tractatus
3092 5395 3443 5453 anteponere,
3473 5388 3615 5455 (ιυυά

2034 5482 2332 5536 differentia
2361 5480 2594 5550 speciem
2623 5479 2942 5542 contineret,
2975 5491 3094 5530 cum
3130 5477 3427 5545 praisertim
3460 5477 3616 5534 diffe-

2038 5573 2220 5629 rentia:
2245 5572 2388 5640 ipsas
2417 5573 2626 5641 species
2653 5571 2942 5624 informent
2967 5585 2980 5622 :
3007 5567 3152 5637 prius
3173 5579 3352 5624 autem
3374 5578 3456 5624 est
3479 5572 3619 5638 quod

2037 5667 2290 5721 informat
2314 5680 2473 5736 quam
2505 5665 2556 5719 id
2591 5664 2732 5735 quod
2767 5662 2884 5734 ejus
2924 5662 3300 5719 informatione
3325 5666 3618 5731 perficitur.

2039 5757 2310 5813 Posterior
2347 5758 2504 5827 igitur
2534 5757 2744 5827 species
2782 5765 2866 5811 est
2904 5755 3204 5812 differentia
3242 5772 3256 5809 :
3291 5758 3436 5827 prius
3465 5759 3622 5829 igitur

2041 5853 2106 5908 dc
2131 5850 2426 5908 differentia
2451 5851 2789 5911 tractandum
2808 5850 2934 5916 fuit;
2971 5851 3166 5910 etenim
3188 5855 3445 5921 procemio
3461 5853 3622 5910 etiam
