4244 6254
621 426 690 484 99
1848 426 1956 482 ΑΝ.
1998 425 2205 481 MANL.

2316 426 2399 483 iV.
2444 427 2671 484 BOETII

3800 439 3904 496 100

620 544 967 605 consentiret,
1005 541 1057 597 in
1107 556 1209 615 quo
1253 556 1372 595 eum
1419 541 1660 597 ordinem
1711 540 1996 596 collocavit
2051 556 2208 611 quem
2238 544 2288 602 Α
2317 549 2480 596 tatem
2503 586 2515 609 ,
2548 545 2704 598 aliam
2737 546 3025 615 cujuslibet
3055 547 3320 617 propriam
3353 547 3582 606 formam
3615 551 3899 623 individui,

621 637 885 693 naturalis
911 635 1359 705 ordo-suggessit,
1383 633 1567 688 dicens
1596 634 1724 689 utile
1752 649 1871 688 esse
1906 649 2067 689 nosse
2092 633 2217 701 quid

620 744 791 799 genus
824 730 911 792 sit,
940 738 991 781 et
1017 727 1142 797 quid
1174 725 1496 780 dill‘erentia.
1526 725 1659 781 Huic
1681 726 2113 793 respondendum
2138 738 2222 781 est

622 821 928 891 qurestioni,
945 823 1194 889 quoniam
1218 821 1393 874 omnia
1420 836 1751 890 quaecunque
1774 820 1840 876 ad
1858 821 2222 898 aliquid'praa-

623 913 893 980 dicantur,
938 913 1290 968 substantiam
1316 926 1533 983 semper
1562 929 1629 968 ex
1672 915 1936 983 Oppositis
1960 923 2215 982 sumunt;

621 1016 678 1060 ut
706 1006 864 1076 igitur
887 1021 991 1059 non
1023 1014 1194 1075 potest
1220 1022 1341 1061 esse
1370 998 1529 1076 pater
1555 1006 1653 1061 nisi
1684 1007 1823 1061 ﬁlius
1846 1008 2053 1073 sit,nec
2076 1008 2217 1065 ﬁlius

624 1100 729 1155 nisi
781 1099 1047 1167 praecedat
1093 1109 1265 1169 pater,
1302 1100 1629 1171 alteriusque
1677 1116 1871 1157 nomen
1913 1103 2113 1172 pendet
2148 1120 2215 1158 ex

621 1190 813 1255 altero,
847 1190 917 1244 ita
966 1191 1126 1245 etiam
1180 1191 1233 1245 in
1264 1194 1471 1261 'genere
1514 1209 1577 1247 ac
1621 1193 1802 1264 specie
1848 1194 2032 1248 videre
2065 1194 2212 1263 licet,

621 1284 831 1354 species
854 1284 1048 1353 quippe
1074 1284 1173 1339 nisi
1207 1288 1421 1355 generis
1452 1302 1556 1340 non
1588 1294 1692 1353 est,
1724 1303 2017 1359 rursusque
2042 1304 2214 1359 genus

622 1396 742 1435 esse
773 1396 877 1433 non
910 1389 1087 1449 potest
1118 1381 1218 1434 nisi
1248 1379 1515 1435 referatur
1541 1381 1605 1433 ad
1640 1382 1877 1448 speciem
1904 1399 1918 1436 :
1955 1398 2056 1437 nec
2086 1398 2214 1438 vero

622 1473 935 1528 substantiae
971 1474 1215 1542 quaedam
1248 1482 1339 1527 aut
1377 1488 1467 1527 res
1504 1473 1762 1528 absoluta:
1803 1489 1926 1529 esse
1964 1475 2212 1543 putanda:

622 1577 743 1622 sunt
766 1582 935 1637 genus
958 1581 1022 1619 ac
1044 1569 1273 1635 species,
1298 1576 1354 1620 ut
1378 1568 1625 1635 superius
1648 1582 1861 1637 quoque
1881 1568 2080 1623 dictum
2105 1578 2208 1634 est,

624 1659 719 1715 sed
763 1657 1023 1729 quidquid
1070 1658 1198 1714 illud
1245 1670 1329 1715 est
1365 1660 1504 1730 quod
1543 1661 1595 1714 in
1636 1669 1844 1716 natura:
1887 1664 2212 1731 proprietate

624 1752 903 1817 consistat,
946 1752 997 1806 id
1045 1762 1170 1806 tunc
1204 1767 1373 1822 genus
1404 1750 1461 1805 ﬁt
1492 1766 1556 1806 ac
1585 1754 1794 1822 Species
1814 1798 1829 1824 ,
1876 1767 1995 1807 cum
2026 1753 2109 1807 vel
2140 1752 2208 1807 ad

624 1844 878 1900 inferiora
918 1844 1001 1899 vel
1046 1846 1111 1899 ad
1157 1846 1433 1915 superiora
1474 1845 1729 1901 refertur.
1762 1846 1999 1913 Quorum
2049 1846 2209 1915 igitur

2331 636 2539 689 tertiam
2574 637 2639 692 de
2668 655 2770 708 qua
2803 656 2943 695 nunc
2971 644 3222 713 loquitur,
3255 663 3372 717 qua:
3398 647 3499 701 sub
3517 662 3715 717 genere
3741 648 3913 703 collo-

2324 733 2495 779 catur.
2520 725 2857 783 Credendum
2884 747 3011 787 vero
3034 744 3114 787 est
3141 749 3356 805 propter
3381 738 3760 795 obscuritatem
3789 742 3908 809 ejus

2322 832 2481 885 quain
2534 835 2632 871 nos
2668 821 2986 890 adjecimus,
3014 828 3135 894 quia
3180 828 3431 883 nimirum
3474 832 3721 886 altiorem
3748 846 3913 903 atque

2322 909 2670 964 eruditiorem
2704 924 2971 982 qurererel.
3002 916 3354 983 intellectum,
3385 936 3451 972 ea
3481 923 3639 975 tacita
3682 932 3905 991 praetcr-

2320 1000 2592 1070 missaque
2615 1015 2839 1059 caeteras
2860 1008 3095 1063 edidisse
3120 1028 3133 1062 ε
3160 1010 3312 1080 cujus
3333 1013 3546 1081 quidem
3570 1016 3764 1083 speciei
3795 1016 3913 1073 hac

2319 1098 2561 1163 exempla
2592 1099 2838 1166 subjecit,
2874 1111 2931 1154 ttt
2962 1102 3232 1159 hominem
3266 1107 3483 1173 quidem
3512 1109 3758 1163 animalis
3786 1126 3912 1177 spe-

2318 1190 2480 1255 ciem,
2512 1193 2689 1247 album
2716 1208 2891 1248 autem
2922 1198 3139 1262 coloris,
3179 1198 3495 1270 triaugulum
3531 1217 3658 1257 vero
3684 1204 3906 1271 ﬁguras;

2318 1281 2435 1338 haec
2456 1285 2600 1339 enim
2624 1288 2802 1341 omnia
2824 1290 3027 1357 species
3055 1303 3427 1360 nuncupantur
3442 1309 3632 1348 eorum
3649 1310 3769 1365 qua:
3787 1307 3917 1352 sunt

2314 1389 2535 1442 genera,
2582 1376 2782 1432 animal
2823 1380 3038 1448 quidem
3083 1381 3341 1447 hominis,
3379 1385 3533 1439 color
3562 1395 3738 1441 autem
3779 1389 3907 1455 albi,

2315 1464 2483 1536 ﬁgura
2517 1483 2645 1522 vero
2673 1470 2944 1541 trianguli.

2391 1554 2539 1625 Quod
2562 1562 2605 1615 si
2629 1562 2784 1616 etiam
2814 1582 2972 1636 genus
3004 1567 3325 1635 assignantes
3353 1568 3539 1639 speciei
3568 1572 3913 1637 meminimus,

2314 1650 2536 1705 dicentes
2566 1655 2704 1717 quod
2733 1656 2795 1708 de
2831 1658 3063 1722 pluribus
3100 1670 3147 1711 et
3188 1659 3543 1728 diferentibus
3574 1666 3741 1733 specie
3771 1667 3825 1718 in
3852 1683 3909 1718 ea

2310 1744 2448 1808 quod
2472 1742 2594 1813 quid
2620 1746 2957 1816 praedicatur,
2987 1760 3034 1803 et
3065 1752 3280 1819 speciem
3312 1753 3534 1808 dicimus
3564 1755 3620 1808 id
3652 1758 3790 1824 quod
3821 1759 3910 1812 sub

2313 1836 2579 1920 assig‘nato
2606 1853 2787 1907 genere
2807 1841 3036 1909 ponitur.

624 1938 816 1994 relatio
845 1938 1160 1993 alterutrum
1192 1939 1491 2001 constituit,
1514 1953 1698 1993 eorum
1723 1938 2010 1992 continens
2036 1936 2205 1992 factus

2392 1925 2593 1979 Dudum
2626 1942 2744 1980 cum
2775 1932 2986 1997 generis
3025 1930 3439 2001 descriptionem
3471 1938 3806 2006 assignaret,
3858 1940 3911 1994 itt

562 2066 565 2067 ν
626 2040 712 2085 est
740 2030 858 2098 jure
889 2038 1186 2094 tractatus;
1215 2028 1282 2083 de
1313 2029 1497 2099 specie
1520 2028 1685 2097 igitur
1718 2029 1978 2084 incltoans
2020 2029 2094 2081 ait
2124 2028 2225 2081 ltoc

628 2122 791 2176 modo
819 2137 833 2174 :

1233 2210 1322 2265 DE
1360 2209 1623 2265 SPECIE.

698 2301 910 2372 Species
936 2310 1107 2355 autem
1144 2301 1333 2355 dicitur
1373 2302 1577 2371 quidem
1619 2311 1664 2354 et
1721 2300 1785 2353 de
1823 2301 2224 2371 uniuscujusque

627 2397 813 2468 (arma,
855 2396 1132 2452 secundum
1171 2412 1323 2465 quam
1362 2395 1553 2449 dictum
1598 2406 1669 2449 est
1709 2410 1725 2447 :
1760 2395 1981 2463 primum
2018 2394 2226 2465 quidem

628 2491 821 2561 species
852 2491 1007 2561 digna
1033 2502 1103 2544 est
1128 2490 1344 2559 imperio
1381 2504 1399 2543 :
1439 2489 1627 2541 dicitur
1655 2498 1822 2542 autem
1850 2490 2057 2559 species,
2086 2498 2136 2541 et
2164 2505 2224 2541 ca

628 2600 743 2656 qua:
766 2594 838 2637 est
868 2587 960 2638 sub
984 2584 1241 2655 assignato
1268 2600 1470 2654 genere,
1514 2584 1789 2635 secundum
1816 2600 1971 2654 quam
2002 2584 2223 2639 solemus

636 2675 805 2729 dicere
836 2677 1088 2728 hominem
1114 2675 1314 2741 quidem
1331 2678 1547 2744 speciem
1572 2675 1959 2740 attimalis,cunt
1978 2676 2042 2727 sit
2064 2694 2224 2746 genus

629 2768 856 2834 animal;
901 2768 1072 2820 album
1094 2777 1263 2820 autem
1290 2766 1475 2821 coloris
1498 2769 1734 2838 speciem,
1761 2768 2080 2839 triangulum
2106 2786 2221 2824 t'ero

633 2861 821 2931 ﬁgura:
849 2863 1088 2931 speciem.

701 2951 855 3007 Sicut
881 2952 1093 3020 generis
1124 2965 1282 3018 supra
1316 2949 1736 3020 signiﬁcationes
1768 2950 2013 3005 distinxit
2050 2952 2220 3022 acqui-

631 3057 818 3108 vocas,
874 3045 941 3095 ita
973 3042 1111 3095 idem
1142 3043 1192 3094 in
1226 3042 1405 3109 specie
1431 3040 1556 3095 facit
1584 3042 1773 3097 dicens
1822 3059 1927 3098 non
1956 3058 2075 3098 esse
2101 3060 2223 3113 spe-

631 3134 734 3189 ciei
760 3126 1055 3201 simplicem
1076 3130 1545 3201 signiﬁcationem,
1562 3142 1613 3185 et
1636 3134 1787 3201 ponit
1808 3132 2024 3204 quidem
2048 3135 2216 3187 duas:

630 3225 803 3295 longa:
827 3234 1000 3278 autem
1027 3222 1208 3290 plures
1231 3237 1352 3277 esse
1379 3223 1720 3277 manifestum
1744 3235 1844 3291 est,
1865 3241 1996 3297 quas
2019 3226 2220 3282 idcirco

2327 2016 2541 2082 generis
2583 2017 2898 2074 difﬁnitione
2937 2022 3135 2088 speciei
3184 2040 3377 2078 nomen
3428 2026 3609 2095 injecit
3638 2030 3823 2084 dicens
3857 2032 3907 2084 id

2326 2121 2448 2159 esse
2477 2122 2645 2175 genus
2676 2109 2819 2178 quod
2850 2111 2917 2165 de
2947 2113 3184 2177 pluribus
3239 2118 3421 2182 specie
3447 2116 3818 2173 differentibus
3861 2123 3910 2175 in

2326 2211 2392 2251 eo
2423 2197 2563 2264 quod
2597 2199 2721 2267 quid
2747 2202 2811 2252 sit
2839 2203 3239 2269 praedicaretur,
3274 2215 3329 2256 ut
3360 2208 3568 2259 scilicet
3595 2223 3689 2277 per
3717 2210 3910 2278 speciei

2326 2304 2521 2345 nOmen
2548 2292 2809 2349 difﬁniret
2838 2312 3003 2364 gettm
3032 2316 3045 2359 ;
3076 2314 3215 2352 nunc
3246 2316 3371 2353 vero
3400 2317 3518 2353 cum
3546 2304 3779 2366 Speciem
3813 2305 3912 2358 dif-

2329 2379 2481 2433 ﬁnire
2522 2384 2827 2446 contendat,
2860 2387 3071 2456 generis
3108 2390 3270 2442 utitur
3309 2395 3703 2460 nuncupatione
3727 2395 3912 2452 dit-ens

2327 2473 2562 2541 speciem
2605 2489 2725 2528 esse
2780 2492 2896 2543 qure
2926 2479 3024 2531 sub
3053 2494 3249 2547 genere
3290 2493 3535 2549 ponatur,
3582 2486 3667 2537 cui
3699 2487 3912 2546 quidem

2327 2564 2471 2619 dicto
2500 2566 2586 2619 illa
2615 2570 2841 2637 quaestio
2873 2569 2994 2637 jure
3038 2571 3246 2625 videtur
3288 2577 3507 2640 opponi.
3555 2578 3743 2630 Omnis
3772 2581 3912 2632 enim

2326 2656 2575 2712 difﬁnitio
2608 2675 2720 2713 rem
2750 2662 2911 2715 debet
2940 2664 3215 2717 declarare
3250 2676 3406 2732 quam
3440 2670 3734 2731 concludit,
3769 2686 3911 2726 eaut-

2326 2765 2431 2817 qtte
2460 2752 2782 2818 apertiorem
2816 2753 3044 2808 reddere
3071 2771 3228 2824 quam
3264 2771 3362 2809 suo
3390 2762 3604 2813 nomine
3645 2776 3911 2816 monSIra-

2248 2874 2263 2882 -
2326 2841 2438 2895 bat.
2492 2842 2568 2895 Ex
2600 2845 2902 2900 notioribus
2927 2848 3086 2916 igitur
3117 2848 3229 2902 ﬁeri
3277 2859 3486 2918 Oportet
3531 2852 3906 2909 difﬁnitionem

2325 2936 2482 3003 quam
2512 2950 2599 2989 res
2630 2935 2714 2989 illa
2748 2938 2818 2991 sit
2846 2953 2964 3007 quae
2996 2940 3277 2995 difﬁnitttr.
3312 2941 3442 2996 Cum
3476 2943 3635 3013 igitur
3667 2962 3761 3014 pcr
3789 2962 3911 3015 spe-

2325 3026 2429 3080 ciei
2470 3041 2665 3081 nomen
2695 3026 3023 3084 describeret
3078 3033 3160 3087 vel
3193 3032 3450 3088 difﬁniret
3477 3051 3666 3105 genus,
3714 3037 3913 3094 abusus

2325 3125 2405 3170 est
2422 3119 2679 3173 vocabulo
2700 3122 2897 3188 speciei
2922 3124 3067 3175 velut
3090 3124 3300 3179 notiore,
3322 3142 3478 3196 quam
3503 3129 3733 3198 generis,
3751 3140 3911 3200 atque

2325 3209 2395 3262 ita
2424 3225 2488 3263 ex
2519 3211 2817 3265 notioribus
2857 3212 3140 3283 descripsit
3178 3232 3347 3286 genus
3386 3237 3397 3271 :
3449 3236 3589 3275 nunc
3620 3237 3748 3275 vero
3786 3238 3909 3279 cum

632 3316 891 3387 praeteriit
913 3330 979 3369 ne
1002 3314 1218 3369 lectoris
1242 3315 1475 3368 animum
1500 3317 1802 3384 prolixitate
1838 3317 2213 3376 confunderet.

2324 3303 2555 3371 speciem
2577 3304 2740 3357 vellet
2767 3307 2993 3360 termino
3014 3307 3390 3377 descriptionis
3424 3312 3715 3379 includere,
3743 3331 3911 3385 gene-

630 3413 766 3468 Dicit
790 3422 966 3466 autem
995 3411 1223 3481 primum
1258 3410 1468 3479 quidem
1500 3413 1734 3481 Speciem
1767 3412 1988 3484 ﬁguram
2033 3417 2221 3473 unius-

629 3506 890 3571 cujusque
921 3501 1097 3555 ttocari
1122 3542 1135 3565 ,
1167 3516 1285 3569 quae
1316 3517 1379 3555 ex
1411 3503 1769 3557 accidentium
1801 3508 2223 3575 congregatione

629 3594 924 3666 perﬁcitur.
956 3593 1278 3648 Cautissime
1306 3602 1483 3647 autem
1516 3594 1715 3649 dictum
1749 3608 1829 3650 est
1880 3598 2222 3668 uniuscujus-

630 3702 753 3754 que,
788 3685 902 3739 htec
929 3686 1068 3740 enim
1097 3684 1388 3739 secundum
1414 3686 1665 3740 accidens
1693 3686 1909 3755 dicitur,
1940 3706 2057 3761 quae
2110 3692 2224 3744 cui-

632 3794 736 3849 que
762 3777 1039 3852 indipiduo
1062 3778 1227 3833 forma
1259 3788 1370 3845 est;
1396 3796 1454 3834 ea
1480 3782 1620 3834 enim
1658 3796 1762 3836 non
1790 3798 1851 3836 ex
1884 3783 2221 3840 substantiali

631 3872 861 3944 quadam
886 3873 1055 3927 forma
1100 3874 1325 3943 species,
1375 3876 1467 3930 sed
1510 3892 1573 3930 ex
1605 3878 1969 3933 accidentibus
2017 3880 2217 3935 evenit.

630 3965 745 4021 Alia
765 3977 845 4019 est
870 3965 1012 4019 enim
1038 3967 1403 4022 substantialis
1426 3968 1612 4025 formae
1636 3970 1866 4040 species,
1893 3990 2012 4044 quae
2035 3974 2222 4028 huma-

634 4058 773 4113 nitas
814 4068 1168 4128 nuncupatur,
1216 4074 1275 4113 ea
1316 4076 1433 4129 qua}
1480 4077 1584 4115 non
1626 4073 1709 4115 est.
1751 4065 1900 4131 quasi
1948 4068 2218 4135 supposita

633 4151 870 4211 animali,
918 4151 1010 4205 sed
1040 4160 1124 4205 est
1168 4164 1413 4220 tanquam
1458 4154 1567 4222 ipsa
1613 4156 1840 4223 qualitas
1870 4157 2218 4213 substantiam

636 4253 976 4305 monstrans;
1028 4242 1141 4295 haec
1188 4245 1329 4296 enim
1375 4252 1430 4298 et
1473 4246 1539 4298 ab
1582 4246 1678 4300 Itac
1710 4248 1917 4302 diversa
1966 4260 2047 4302 est
2099 4266 2219 4318 quas

632 4335 1049 4405 uniuscujusque
1075 4334 1287 4401 corpori
1309 4336 1710 4393 accidentaliter
1739 4338 1897 4394 insita
1930 4350 2032 4401 est,
2072 4351 2127 4395 et
2151 4341 2219 4396 ab

631 4443 692 4481 ea
718 4443 834 4494 qua:
860 4442 1028 4497 genus
1051 4427 1263 4481 deducit
1285 4429 1338 4481 in
1365 4440 1576 4495 partes;
1602 4441 2036 4502 postremumqne
2061 4434 2216 4503 plura

631 4526 757 4571 sunt
781 4531 898 4585 quas
922 4531 1041 4571 cum
1074 4517 1258 4571 eadem
1289 4520 1418 4584 sint,
1459 4520 1687 4575 diversis
1714 4532 1887 4578 tamen
1938 4525 2111 4580 modis
2145 4525 2211 4580 ad

633 4605 773 4660 aliud
824 4617 981 4675 atque
1027 4606 1093 4660 ad
1135 4607 1277 4660 aliud
1324 4608 1488 4663 relata
1537 4612 1921 4683 intelliguntur,
1971 4624 2031 4671 ut
2080 4618 2218 4671 hanc

2328 3394 2403 3448 ris
2433 3395 2599 3448 utitur
2630 3397 2867 3462 nomine,
2898 3413 3183 3469 rerumque
3213 3406 3473 3457 convertit
3507 3407 3803 3475 notionem,
3857 3420 3913 3466 ut

2330 3485 2382 3538 in
2409 3485 2621 3554 generis
2647 3488 2862 3557 quidem
2893 3489 3256 3560 descriptione
3284 3496 3353 3549 sit
3383 3499 3558 3552 notius
3590 3502 3790 3568 speciei
3824 3520 3913 3555 vo—

2327 3577 2605 3640 cabulum,
2654 3580 2706 3632 in
2748 3582 2948 3649 speciei
2990 3594 3168 3639 autem
3211 3588 3572 3657 descriptione
3622 3592 3692 3645 sit
3738 3595 3914 3649 notius

2326 3674 2561 3742 generis,
2581 3676 2720 3744 quod
2744 3674 2859 3731 ﬁeri
2884 3678 3102 3748 nequit:
3128 3682 3169 3733 si
3199 3680 3341 3735 enim
3364 3686 3573 3753 generis
3596 3688 3913 3743 vocabulum

2327 3767 2506 3822 notius
2536 3777 2620 3823 est
2648 3784 2806 3839 quam
2853 3773 3074 3840 speciei,
3120 3774 3168 3827 in
3201 3774 3524 3831 difﬁnitione
3552 3782 3764 3849 generis
3794 3798 3913 3850 spe-

2326 3860 2424 3915 ciei
2469 3860 2685 3917 nomine
2715 3864 2790 3918 uti
2837 3878 2941 3918 non
2981 3865 3185 3921 debuit.
3216 3867 3367 3937 Quod
3401 3870 3443 3924 si
3485 3874 3682 3939 speciei
3717 3890 3914 3932 nomen

2326 3953 2535 4031 {acilius
2565 3956 2879 4028 intelligitur
2907 3973 3066 4029 quam
3096 3962 3328 4030 generis,
3364 3962 3416 4016 in
3447 3962 3767 4021 diiﬁnitione
3792 3983 3916 4037 spe-

2325 4046 2431 4102 ciei
2462 4062 2656 4104 nomen
2684 4052 2902 4121 generis
2943 4066 3049 4107 non
3081 4052 3178 4107 fttit
3221 4057 3621 4126 apponendum,
3651 4062 3736 4115 cui
3771 4078 3914 4132 quae-

2324 4141 2484 4195 stiont
2517 4144 2749 4197 occurrit
2779 4144 2963 4199 dicens
2998 4162 3011 4199 :

2399 4232 2565 4287 Nosse
2582 4246 2776 4305 Oportet
2798 4236 2935 4305 quod
2952 4239 3195 4308 quoniam
3216 4257 3373 4311 genus
3394 4243 3616 4318 alicujus
3638 4256 3711 4301 est
3734 4265 3916 4318 genus,

2325 4330 2373 4376 et
2398 4324 2588 4394 species
2617 4324 2839 4397 alicujus
2870 4335 2941 4380 est
2968 4329 3179 4399 species,
3210 4332 3401 4387 idcirco
3444 4351 3642 4392 necesse
3676 4349 3748 4394 est
3785 4350 3833 4394 et
3862 4343 3915 4395 in

2324 4425 2655 4486 utrorumque
2678 4418 2963 4472 rationibus
2993 4420 3222 4490 utrisque
3250 4424 3346 4477 uti.
3770 4422 3777 4432 ’

2392 4505 2581 4562 Omnia
2610 4522 2940 4579 quaecunque
2978 4513 3042 4565 ad
3075 4512 3273 4583 aliquid
3306 4518 3686 4587 praedicantur,
3731 4539 3795 4578 ett
3828 4523 3916 4580 his

2324 4598 2392 4653 de
2422 4600 2614 4669 quibus
2634 4601 2994 4670 praedicantur
3020 4598 3372 4664 substantiam
3403 4614 3734 4681 sortiuntur;
3769 4617 3916 4688 quod

632 4697 800 4762 ipsam
835 4697 1213 4752 immanitatem
1247 4700 1299 4753 in
1331 4715 1396 4755 eo
1419 4704 1556 4770 quod
1591 4706 1698 4773 ipsa
1722 4716 1803 4761 est
1850 4712 1892 4762 si
1923 4725 2217 4780 perspexe-

2324 4692 2369 4745 si
2417 4690 2666 4746 diliinitio
2714 4694 3135 4765 uniuscujusque
3175 4701 3489 4759 substantiae
3535 4711 3918 4777 proprietatem

632 4784 722 4839 ris.
775 4786 992 4851 Species
1037 4797 1119 4841 est
1168 4803 1231 4841 ea
1274 4805 1393 4857 qnze
1439 4794 1847 4851 substantialem
1896 4800 2221 4857 determinat

632 4876 1032 4941 qualitatem:si
1059 4878 1159 4930 sub
1187 4872 1400 4932 animali
1434 4897 1549 4935 eam
1578 4868 2219 4961 intelligendolocaveris,

636 4966 855 5020 deducit
883 4967 1130 5021 animalis
1161 4969 1210 5021 in
1238 4983 1297 5023 se
1320 4973 1803 5041 participationem,
1835 4993 2221 5055 separaturque

632 5074 660 5112 a
698 5059 905 5111 creteris
946 5058 1285 5123 animalibus,
1312 5076 1374 5114 ac
1397 5062 1451 5114 ﬁt
1483 5065 1688 5131 species
1712 5071 1924 5136 generis
1951 5089 1965 5134 ;
2000 5077 2139 5143 quod
2174 5077 2219 5133 si

634 5150 1056 5217 uniuscujusque
1088 5152 1469 5218 proprietatem
1500 5158 1832 5225 consideres,
1865 5163 1915 5215 id
1945 5176 2029 5218 est
2055 5182 2215 5237 quam

634 5243 800 5295 virilis
824 5243 1019 5299 vultus.
1035 5258 1194 5310 quam
1221 5244 1405 5297 ﬁrmus
1424 5246 1686 5308 incessus.
1705 5261 2003 5324 creteraque
2026 5259 2221 5327 quibus

635 5335 903 5389 individua
938 5335 1340 5390 conformantur
1361 5380 1374 5401 ,
1405 5348 1459 5392 et
1488 5341 1891 5410 quodammodo
1920 5349 2221 5421 depingun-

637 5435 722 5478 tnr
741 5466 755 5488 ,
787 5424 899 5479 haec
928 5438 1010 5479 est
1034 5427 1328 5483 accidentis
1350 5432 1557 5498 Species
1578 5434 1870 5489 secundum
1899 5454 2058 5507 quam
2087 5441 2222 5498 dici-

636 5532 755 5572 mus
795 5520 1085 5587 quemlibet
1131 5521 1281 5575 illum
1333 5524 1558 5593 imperio
1604 5542 1724 5581 esse
1772 5533 1952 5599 aptum
2007 5548 2225 5606 propter

639 5607 827 5661 formae
848 5610 1096 5664 eximiam
1120 5609 1469 5679 dignitatem;
1498 5614 1618 5669 huic
1648 5616 1804 5672 aliam
1836 5624 2082 5691 adiungit
2102 5642 2224 5695 spe-

640 5699 740 5751 ciei
773 5698 1237 5767 signiﬁcationem,
1285 5705 1333 5757 id
1380 5715 1461 5759 est
1505 5723 1622 5760 eam
1667 5725 1825 5779 quam
1867 5718 2225 5784 supponimus

639 5792 840 5857 generi.
900 5789 1007 5844 Nos
1053 5806 1179 5845 rem
1225 5794 1484 5863 triplicem
1533 5802 1730 5866 speciei
1781 5805 2222 5872 signiﬁcationem

644 5894 763 5934 esse
789 5881 1126 5950 subjirimus,
1156 5899 1316 5939 unam
1347 5886 1560 5959 quidem
1602 5892 2000 5952 substantialem
2050 5903 2221 5967 quali-

2327 4786 2487 4842 debet
2512 4787 2816 4855 ostendere,
2840 4790 2960 4859 iure
2983 4806 3045 4846 ex
3068 4794 3326 4852 alterutro
3352 4796 3408 4852 ﬁt
3438 4799 3730 4872 descriptio
3755 4804 3806 4857 in
3836 4805 3919 4861 bis

2327 4897 2448 4952 quae
2488 4882 2555 4937 ad
2590 4898 2649 4937 se
2684 4882 2911 4939 invicem
2943 4882 3270 4943 referuntur.
3306 4891 3444 4962 Ergo
3470 4896 3719 4963 quoniam
3751 4913 3919 4965 genus

2327 4975 2523 5042 speciei
2550 4990 2718 5044 genus
2741 4986 2843 5045 est,
2871 4989 2925 5034 et
2951 4980 3305 5039 substantiam
3331 5000 3482 5040 suam
3508 4998 3563 5042 et
3595 4990 3912 5047 vocabulum

2326 5082 2497 5135 genus
2523 5081 2553 5119 a
2583 5068 2763 5136 specie
2793 5071 2977 5135 sumit,
3010 5073 3064 5127 in
3107 5073 3431 5132 diiﬁnitione
3459 5081 3679 5148 generis
3715 5083 3919 5150 speciei

2326 5170 2521 5210 nomen
2556 5156 2653 5211 fttit
2696 5158 3085 5219 advocandum.
3138 5164 3400 5232 Quoniam
3432 5183 3560 5223 vero
3603 5173 3814 5239 species
3869 5174 3923 5233 id

2326 5248 2468 5317 quod
2497 5258 2580 5303 est
2609 5252 2770 5305 sumit
2794 5267 2860 5308 ex
2889 5269 3108 5323 genere,
3148 5273 3341 5313 nomen
3383 5261 3596 5330 generis
3632 5264 3683 5317 in
3714 5264 3922 5323 descri-

2330 5342 2511 5413 ptione
2537 5343 2734 5413 speciei
2762 5362 2866 5402 non
2897 5346 2994 5403 fuit
3022 5349 3430 5420 relinquendum
3462 5371 3475 5407 :
3507 5357 3758 5426 quoniam
3786 5375 3916 5416 vero

2328 5433 2554 5490 diversa:
2592 5448 2718 5490 sunt
2757 5442 3059 5508 Specierum
3100 5442 3416 5511 qualitates;
3455 5447 3575 5503 alite
3619 5452 3763 5507 enim
3795 5464 3948 5537 sunt‘

2330 5527 2558 5596 species,
2584 5543 2701 5597 qua:
2722 5540 2775 5583 et
2794 5545 2996 5601 genera
3018 5546 3137 5587 esse
3160 5548 3413 5607 possunt;
3438 5540 3557 5596 alite
3581 5559 3700 5614 qua:
3728 5546 3781 5600 in
3805 5546 3919 5602 sola

2329 5620 2525 5690 speciei
2557 5624 2881 5695 proprietate
2911 5639 3245 5697 permanent,
3279 5648 3455 5704 neque
3476 5636 3528 5692 in
3551 5649 3796 5695 naturam
3822 5658 3917 5713 ge-

2332 5719 2478 5773 neris
2510 5726 2822 5787 transeunt,
2869 5720 3068 5779 idcirco
3099 5725 3449 5799 multiplicem
3480 5734 3678 5802 speciei
3710 5734 3918 5793 diffini-

2332 5812 2531 5868 tionem
2561 5813 2709 5870 dedit
2733 5815 2919 5874 dicens
2950 5836 2963 5872 :

2401 5903 2677 5976 Assignans
2704 5924 2822 5980 ergo
2851 5921 2900 5966 st
2921 5913 2997 5967 sic
3020 5916 3235 5986 speciem
3275 5933 3290 5970 :
3330 5916 3541 5986 Species
3577 5930 3648 5975 est
3675 5937 3789 5987 quat
3826 5924 3920 5979 sub
