4244 6254
362 364 459 419 101

1172 359 1242 415 ΙΝ
1278 355 1727 416 ΡΟΒΡΗῚΒΙΠΜ
1768 352 2419 414 COMMENTARIOBUM
2458 352 2589 409 LIB.
2629 352 2720 409 111.

3532 354 3632 411 κη

346 482 608 551 assignato
632 494 819 551 genere
842 476 1070 549 ponitur,
1094 482 1141 530 et
1182 476 1245 530 de
1283 492 1384 547 qua
1424 490 1580 545 genus
1619 474 1673 526 in
1708 488 1768 527 eo
1803 472 1941 542 quod
1972 479 2024 533 Α
2046 466 2487 536 specialissimum,
2518 466 2624 519 alia
2648 474 2766 520 sunt
2788 482 2906 536 qua!
2929 476 2979 522 et
2999 483 3186 537 genera
3210 473 3261 521 et
3290 466 3486 537 species
3514 476 3638 521 sunt

349 574 475 643 quid
498 574 564 627 sit
594 571 924 641 pradicatur.
943 568 1180 639 Amplius
1205 577 1369 620 autem
1388 567 1459 619 sic
1485 582 1686 635 quoque
1708 581 1725 618 :
1755 565 1944 635 species

350 674 427 719 est
452 680 566 733 qua:
590 666 650 716 de
682 661 906 726 iluribus
927 671 973 713 et
996 659 1350 727 differentibus
1382 672 1592 711 numero
1642 657 1698 709 in
1721 672 1780 709 eo
1808 655 1947 721 quod

354 758 479 823 quid
508 756 572 809 sit
598 754 901 825 pradicatur
923 769 940 816 ;
966 752 1055 806 sed
1080 752 1188 806 [nec
1215 752 1419 821 quidem
1444 749 1723 820 assignatio
1750 750 1949 816 specia-

353 852 549 905 lissima
576 858 682 914 est,
714 858 757 901 et
786 849 899 912 eius
927 862 1039 916 qua:
1067 847 1233 899 solum
1273 846 1465 914 species
1505 854 1600 905 est,
1650 859 1755 895 non
1792 844 1945 895 etiam

357 959 556 1014 genus;
580 943 695 995 alite
721 956 837 994 vero
865 948 914 993 et
946 955 1046 992 non
1072 938 1557 1007 specialissimarum
1586 951 1693 990 esse
1710 944 1944 1006 possunt,

426 1038 616 1091 Tribus
636 1037 869 1106 speciem
897 1033 1306 1088 diftinitionibus
1338 1030 1675 1098 informavit,
1713 1045 1945 1101 quarum

351 1131 567 1202 quidem
594 1130 718 1185 dua:
738 1130 883 1184 omni
910 1128 1111 1197 speciei
1138 1126 1482 1188 conveniunt,
1508 1137 1806 1192 omnesque
1826 1137 1947 1192 quae

350 1224 591 1295 quolibet
628 1222 790 1276 modo
832 1222 1039 1290 species
1081 1220 1419 1289 appellantur
1461 1230 1556 1270 sua
1602 1212 1948 1270 conclusione

348 1315 736 1371 determinant.
757 1313 938 1367 Tertia
961 1328 1088 1365 vero
1112 1326 1219 1365 non
1245 1310 1318 1363 ita
1344 1326 1357 1361 :
1388 1323 1508 1362 cum
1530 1305 1673 1361 enim
1697 1304 1818 1359 dua:
1840 1304 1948 1357 sint

348 1408 663 1479 specierum
710 1406 917 1467 formae,
954 1420 1055 1457 una
1086 1403 1303 1473 quidem
1331 1416 1450 1455 cum
1479 1399 1686 1468 species
1718 1398 1946 1465 alicujus

347 1497 648 1568 aliquando
688 1498 849 1550 etiam
890 1495 1111 1549 alterius
1148 1509 1315 1563 genus
1357 1507 1478 1546 esse
1519 1500 1730 1555 potest;
1779 1490 1943 1544 altera

347 1605 481 1645 cum
507 1599 711 1644 tantum
745 1589 955 1656 species
979 1596 1082 1649 est,
1129 1601 1303 1654 neque
1352 1585 1402 1636 in
1458 1583 1682 1637 formam
1730 1583 1945 1650 generis

356 1683 570 1736 transit.
598 1682 809 1735 Priores
838 1680 978 1744 dote,
1010 1681 1095 1732 illa
1119 1680 1324 1732 scilicet
1352 1679 1402 1730 in
1428 1692 1530 1746 qua
1560 1677 1757 1731 dictum
1782 1686 1863 1730 est
1890 1676 1942 1729 id

351 1788 477 1828 esse
506 1772 743 1841 speciem
776 1771 914 1839 quod
946 1770 1048 1823 sub
1073 1784 1273 1839 genere
1299 1770 1514 1837 ponitur
1538 1813 1553 1834 ,
1598 1777 1653 1822 et
1680 1783 1865 1820 rursus
1890 1769 1939 1820 in

350 1880 454 1936 qua
483 1866 684 1919 dictum
714 1873 790 1919 est
828 1862 879 1916 id
918 1876 1038 1916 esse
1068 1862 1302 1930 speciem
1342 1860 1408 1914 de
1432 1875 1534 1929 qua
1582 1873 1751 1928 genus
1780 1861 1832 1912 in
1880 1873 1945 1913 eo
1974 1857 2023 1918 B

353 1957 494 2027 quod
521 1957 648 2027 quid
679 1958 751 2012 sit
792 1953 1132 2025 praedicetur,
1173 1954 1318 2007 omni
1361 1954 1560 2022 speciei
1594 1955 1940 2008 conveniunt.

353 2049 411 2105 id
440 2052 580 2105 enim
611 2060 817 2104 tantum
852 2049 935 2103 [ne
960 2047 1312 2102 dil’linitiones
1338 2046 1815 2116 monstrant,quod
1848 2045 1946 2097 sub

357 2158 549 2212 genere
570 2143 787 2209 ponitur
812 2158 826 2194 :
850 2155 971 2195 nam
1000 2148 1055 2194 et
1078 2152 1140 2194 ea
1164 2153 1285 2206 qua:
1310 2138 1460 2204 dicit,
1487 2138 1536 2190 id
1564 2152 1684 2191 esse
1711 2138 1945 2206 speciem

355 2236 496 2306 quod
522 2237 621 2290 sub
648 2250 846 2306 genere
876 2234 1110 2305 ponitur;
1149 2248 1269 2287 eam
1297 2233 1404 2286 vim
1437 2232 1699 2301 signiﬁcat
1724 2233 1943 2298 Speciei,

356 2346 461 2399 qua
483 2329 713 2385 refertur
734 2312 801 2382 ad
822 2342 1023 2399 genus;
1040 2336 1096 2382 et
1118 2340 1311 2396 eaquae
1334 2326 1485 2391 dicit,
1502 2325 1551 2379 id
1575 2340 1691 2379 esse
1710 2324 1947 2393 speciem

356 2424 421 2479 de
448 2437 549 2493 qua
578 2437 749 2491 genus
793 2421 846 2475 in
884 2436 949 2476 eo
995 2419 1136 2490 quod
1166 2420 1294 2489 quid
1325 2420 1396 2475 sit
1437 2419 1787 2486 praedicatur,
1826 2432 1945 2471 eam

359 2530 543 2569 rursus
569 2512 834 2583 signiﬁcat
859 2514 1059 2581 Speciei
1096 2510 1323 2566 formam
1355 2526 1510 2581 quam
1543 2512 1746 2566 retinet
1769 2526 1833 2564 ex
1858 2524 1950 2579 ge-

359 2606 503 2660 neris
550 2603 953 2670 praidicatioue.
1008 2601 1153 2657 ldem
1201 2612 1288 2656 est
1338 2610 1516 2657 autem
1567 2611 1622 2656 et
1675 2602 1800 2671 poni
1849 2603 1947 2657 sub

362 2711 577 2765 genere,
603 2706 657 2751 et
684 2698 754 2751 de
781 2710 845 2750 eo
877 2695 1158 2766 praedicari
1190 2696 1533 2765 genus,sicut
1555 2694 1695 2749 idem
1723 2704 1806 2749 est
1824 2710 1951 2764 sup-

361 2793 490 2862 poni
512 2795 715 2862 generi,
732 2800 788 2847 et
813 2793 863 2848 ei
894 2808 1063 2862 genus
1084 2794 1347 2862 praeponi.
1375 2791 1527 2860 Quod
1545 2795 1588 2847 si
1618 2808 1805 2848 omnes
1828 2809 1951 2864 spe-

364 2887 480 2941 cies
508 2884 835 2939 collocantur
864 2885 966 2940 sub
995 2900 1218 2954 genere,
1251 2885 1590 2942 manifestum
1619 2894 1705 2940 est
1732 2902 1952 2942 munem

368 2979 600 3048 speciem
630 2980 727 3034 hoc
752 2980 952 3034 ambitu
983 2979 1361 3049 descriptionis
1390 2980 1612 3035 includi.
1643 2980 1758 3037 Sed
1790 2982 1949 3037 tertia

365 3071 614 3127 difﬁnitio
639 3074 706 3126 de
726 3088 787 3127 ea
814 3083 1017 3128 tantum
1045 3074 1229 3142 specie
1252 3073 1505 3143 loquitur,
1522 3089 1644 3143 qua:
1676 3089 1948 3144 nunquam

364 3180 533 3235 genus
561 3175 663 3229 est,
695 3175 749 3219 et
774 3180 895 3236 qua:
923 3166 1095 3220 solum
1138 3166 1348 3232 species
1374 3174 1540 3219 restat
1571 3181 1585 3217 :
1622 3165 1739 3219 haec
1767 3178 1949 3221 autem

2050 560 2246 626 eadem,
2278 560 2345 611 ad
2384 559 2528 612 aliud
2557 567 2721 610 tamen
2758 569 2804 611 et
2839 559 2907 612 ad
2935 560 3077 612 aliud
3102 569 3304 629 sumpta
3360 558 3439 613 Sit
3466 569 3637 611 autem

2048 651 2377 721 manifestum
2404 650 2459 702 in
2486 665 2588 701 uno
2608 638 3011 719 prtedicamento
3026 650 3162 718 quod
3181 650 3370 701 dicitur
3396 648 3637 701 substan-
3702 654 3709 679 δ

2050 744 2122 796 tia
2152 759 2169 796 .'
2200 752 2272 796 est
2301 741 2504 811 quidem
2531 752 2579 792 et
2608 740 2723 809 ipso
2749 757 2927 811 genus,
2972 741 3066 793 sub
3095 740 3189 793 hac
3217 751 3386 793 autem
3414 751 3485 792 est
3526 755 3640 791 cor-

2051 848 2168 902 pus,
2196 841 2242 885 et
2272 830 2367 884 sub
2392 846 2604 899 corpore
2629 831 2912 883 animatum
2938 831 3252 899 corpus,sub
3274 846 3374 894 quo
3398 829 3591 881 animal
3619 845 3637 893 ,-

2049 924 2142 979 sub
2166 924 2378 977 anintali
2398 939 2535 987 vero,
2564 924 2818 977 rationale
2838 926 3055 990 animal,
3077 924 3168 976 sub
3190 939 3312 989 quo,
3339 924 3521 987 homo;
3550 926 3639 977 sub

2022 1015 2256 1070 .Itomine
2279 1031 2420 1079 vero,
2454 1014 2692 1070 Socrates
2716 1026 2763 1068 et
2785 1013 2961 1079 Plato,
2984 1024 3030 1066 et
3053 1015 3143 1081 qui
3167 1026 3283 1065 sunt
3311 1015 3642 1083 particulnres

2051 1109 2297 1162 homines.
2341 1108 2447 1161 Sed
2492 1107 2680 1161 horum
2731 1109 3017 1161 substantia
3065 1110 3270 1175 quidem
3309 1110 3639 1177 generalissi-

2040 1214 2185 1252 imum
2209 1209 2282 1251 est
2310 1207 2359 1250 et
2400 1213 2559 1267 genus
2612 1198 2816 1261 solum;
2868 1198 3021 1250 homo
3052 1212 3167 1249 vero
3219 1198 3643 1267 spectatissimum

2048 1298 2096 1344 et
2125 1291 2291 1343 solum
2323 1292 2545 1361 species;
2606 1307 2786 1361 corpus
2823 1306 2940 1343 vero
2977 1291 3169 1360 species
3198 1291 3399 1358 quidem
3433 1303 3503 1344 est
3525 1292 3643 1344 sub-

2057 1382 2257 1434 stantia
2276 1422 2291 1447 ,
2316 1398 2477 1453 genus
2502 1397 2616 1435 uero
2644 1381 2873 1449 corporis
2900 1383 3147 1444 animati;
3175 1385 3263 1434 sed
3287 1392 3331 1433 et
3358 1381 3643 1435 animatum

2049 1487 2255 1542 corpus,
2289 1472 2482 1542 species
2510 1472 2719 1541 quidem
2746 1484 2817 1524 est
2848 1474 3101 1539 corporis,
3126 1488 3284 1541 genus
3308 1489 3422 1531 vero
3444 1475 3641 1526 anima-

2050 1561 2136 1615 lis.
2166 1562 2366 1615 Rursus
2393 1562 2589 1615 animal
2611 1565 2805 1630 species
2829 1563 3037 1634 quidem
3059 1574 3132 1617 est
3155 1567 3385 1634 corporis
3405 1566 3640 1632 animai,

2046 1670 2206 1721 genus
2249 1668 2367 1707 vero
2410 1655 2651 1708 animalis
2687 1657 2955 1710 rationalis
2976 1671 2996 1719 ;
3032 1658 3119 1709 sed
3160 1658 3411 1711 rationale
3447 1660 3641 1714 animal

2046 1746 2240 1813 species
2286 1747 2493 1814 quidem
2537 1757 2610 1801 est
2650 1748 2919 1812 animalis,
2966 1765 3125 1818 genus
3173 1760 3342 1802 autem
3383 1751 3640 1815 hominis;

2048 1835 2199 1889 homo
2228 1853 2346 1890 vero
2384 1840 2580 1905 species
2616 1848 2691 1892 est
2726 1840 2997 1893 rationalis
3036 1842 3296 1905 animalis,
3330 1858 3435 1894 non
3469 1851 3640 1896 autem

2048 1930 2203 1981 etiam
2222 1946 2382 1998 genus
2404 1931 2796 2000 particu'lariuns
2817 1932 3102 1997 hominum,
3125 1934 3215 1988 sed
3236 1936 3400 1988 solum
3426 1938 3637 2002 species.

2049 2024 2122 2075 Ac
2149 2039 2295 2076 omne
2316 2025 2455 2094 quod
2490 2036 2566 2079 est
2591 2036 2709 2078 ante
2739 2027 3029 2092 indiuidua,
3066 2030 3396 2100 proximeque
3424 2031 3486 2083 de
3514 2033 3639 2099 ipsis

2052 2117 2380 2185 prwdicatur,
2408 2118 2598 2184 species
2622 2118 2717 2171 erit
2746 2119 2930 2183 solum,
2962 2136 3065 2171 non
3089 2121 3243 2172 etiam
3272 2136 3460 2187 genus.

2124 2226 2474 2280 Prrediximus
2524 2228 2592 2279 ab
2640 2228 2927 2282 Aristotele
2974 2231 3158 2283 decem
3213 2231 3633 2293 prmdieamcnta

2052 2334 2171 2373 esse
2200 2320 2481 2387 diaposita,
2514 2335 2634 2388 qua:
2673 2320 2873 2376 idcirco
2903 2321 3315 2389 praedicamenta
3345 2325 3636 2394 vocaverit,

2053 2412 2304 2480 quoniam
2335 2412 2401 2465 de
2428 2413 2639 2467 caeteris
2670 2413 2919 2467 onmibus
2952 2415 3348 2482 praedicantur:
3378 2419 3634 2487 quidquid

2054 2518 2183 2557 vero
2205 2504 2271 2557 de
2314 2504 2418 2557 alio
2463 2503 2801 2571 praedicatur,
2848 2510 2893 2559 si
2926 2521 3030 2560 non
3071 2509 3297 2575 potuerit
3332 2510 3636 2578 pricdicatio

2054 2597 2325 2663 converti,
2372 2598 2544 2666 major
2571 2605 2657 2653 est
2682 2613 2771 2654 res
2811 2598 2899 2653 illa
2937 2616 3058 2670 quae
3101 2602 3419 2670 praedicatur
3462 2608 3531 2660 ab
3575 2623 3635 2664 ea

2024 2722 2030 2727 -
2054 2689 2121 2743 de
2142 2704 2244 2758 qua
2269 2690 2607 2758 praedicatur.
2634 2690 2814 2761 Itaque
2835 2692 2950 2749 haec
2973 2695 3381 2763 praedicamenta
3408 2706 3636 2757 maxima

2054 2796 2232 2836 rerum
2272 2783 2509 2836 omnium
2531 2823 2546 2847 ,
2586 2786 2838 2851 quoniam
2880 2785 2948 2839 de
2977 2788 3227 2843 omnibus
3255 2792 3634 2859 praedicantur,

2054 2886 2272 2928 ostensa
2302 2882 2453 2928 sunt.
2497 2873 2553 2927 In
2593 2889 2698 2927 uno
2726 2889 2936 2942 quoque
2968 2876 3127 2945 igitur
3156 2877 3347 2932 horum
3379 2882 3637 2949 prtedica-

2054 2977 2359 3020 mentorum
2387 2965 2630 3035 qumdam
2657 2966 3061 3035 generalissima
3092 2978 3215 3023 sunt
3237 2970 3453 3039 genera,
3475 2985 3529 3026 et
3557 2987 3639 3037 est

2056 3058 2209 3127 longa
2236 3059 2406 3113 series
2427 3058 2751 3128 specierum,
2774 3066 2933 3128 atque
2958 3074 2988 3113 a
3020 3062 3260 3115 maximo
3290 3064 3550 3119 decursus
3573 3069 3638 3124 ad

2058 3153 2297 3206 minima.
2331 3152 2397 3205 Et
2426 3152 2514 3205 illa
2546 3151 2759 3221 quidem
2802 3168 2920 3222 quae
2951 3153 3017 3207 de
3047 3156 3259 3211 ueteris
3286 3159 3639 3228 praedicantur

367 3260 572 3326 species
614 3267 695 3311 est
734 3273 794 3312 ea
856 3274 974 3329 quae
1010 3257 1077 3312 de
1108 3256 1477 3312 diﬁ'ercntibus
1518 3259 1699 3326 specie
1728 3258 1950 3312 minime

2056 3252 2116 3298 ut
2142 3259 2360 3313 genera,
2394 3258 2567 3314 neque
2597 3244 2718 3300 ullis
2750 3248 2871 3301 aliis
2913 3260 3286 3319 supponuntur
3320 3262 3375 3307 ut
3412 3257 3640 3322 species,

365 3352 699 3420 praedicatur.
742 3352 873 3406 Nam
894 3353 937 3407 si
964 3351 1013 3405 id
1039 3352 1197 3406 habet
1217 3366 1385 3421 genus
1407 3350 1527 3420 plus
1545 3367 1568 3400 a
1593 3350 1791 3420 specie,
1806 3350 1949 3421 quod

364 3445 429 3497 de
472 3444 841 3499 diﬂ'ercntihus
878 3443 1059 3511 specie
1105 3442 1450 3509 praedicatur,
1498 3442 1541 3496 si
1589 3457 1692 3512 qua
1737 3443 1948 3512 species

365 3537 577 3604 quidem
617 3536 933 3604 praedicetur
970 3536 1038 3589 de
1066 3534 1347 3603 subjectis,
1380 3534 1473 3587 sed
1511 3549 1616 3587 non
1655 3535 1723 3589 de
1766 3536 1949 3605 Specie

362 3627 753 3692 dim-rentibus,
798 3643 859 3681 ea
889 3627 1057 3681 solum
1086 3628 1189 3681 erit
1218 3626 1427 3691 species
1453 3627 1750 3695 superioris
1783 3643 1950 3697 gene—

364 3724 460 3785 ris,
498 3720 860 3789 subjectorum
896 3734 1023 3774 vero
1050 3734 1156 3773 non
1191 3718 1298 3773 erit
1337 3734 1526 3787 genus.
1564 3718 1728 3788 Igitur
1759 3719 1951 3787 praedi-

366 3812 511 3865 catio
540 3826 603 3865 ea
633 3826 791 3879 quam
823 3812 1029 3879 species
1058 3812 1217 3864 habet
1246 3809 1312 3863 ad
1343 3809 1585 3876 subjecta
1606 3853 1621 3877 ,
1655 3812 1700 3865 si
1734 3811 1855 3864 talis
1883 3813 1953 3865 sit

374 3910 433 3953 ut
455 3902 523 3955 de
550 3900 922 3955 differentibus
950 3902 1131 3969 specie
1157 3917 1259 3955 non
1294 3900 1640 3969 praedicetur,
1671 3901 1953 3972 distinguit

370 4009 492 4049 e-m
528 3995 596 4048 ab
636 3994 718 4047 his
761 3993 1038 4063 speciebus
1076 4009 1191 4064 qure
1235 4008 1428 4063 genera
1460 4007 1579 4047 esse
1612 4002 1855 4063 possunt,
1898 4002 1954 4049 et

367 4095 635 4141 monstrat
664 4100 781 4141 eam
806 4086 977 4139 solum
1011 4087 1242 4155 speciem
1276 4099 1419 4150 esse,
1454 4099 1555 4139 nec
1581 4086 1796 4154 generis
1816 4100 1949 4153 prie.

362 4178 686 4234 dicatimiem
716 4186 916 4231 tenere.
962 4177 1051 4231 Illa
1076 4177 1234 4244 igitur
1263 4178 1415 4231 tertia
1439 4176 1729 4243 descriptio
1753 4176 1949 4244 speciei

366 4285 487 4339 qua:
515 4270 685 4339 magis
709 4269 917 4338 species
940 4284 1000 4321 ac
1031 4268 1419 4338 specialissima
1440 4267 1658 4329 dicitur,
1688 4266 1954 4321 difﬁnitur

368 4362 472 4417 hoc
518 4363 676 4418 modo
719 4379 733 4415 :
771 4362 991 4433 Species
1021 4367 1106 4415 est
1142 4361 1283 4429 quod
1333 4360 1402 4414 de
1440 4359 1685 4429 pluribus
1728 4374 1953 4415 numero

368 4456 733 4510 dill‘erentibus
754 4456 806 4509 in
829 4469 895 4509 eo
913 4454 1054 4524 quod
1073 4452 1200 4522 quid
1223 4454 1293 4507 sit
1315 4452 1659 4521 prmdicatur,
1673 4462 1732 4507 ut
1755 4456 1949 4508 homo:

369 4551 687 4620 prmdicatur
710 4550 856 4606 enim
882 4548 946 4601 de
973 4549 1235 4603 Cicerone
1273 4563 1339 4603 ac
1367 4546 1725 4603 Demosthene
1753 4556 1809 4604 et
1838 4562 1947 4602 cre-

2051 3338 2449 3407 generalissima
2478 3353 2673 3409 genera
2706 3351 3101 3411 nuncupantur,
3150 3344 3371 3415 idcirco,
3400 3350 3522 3419 quia
3560 3351 3643 3408 his

2054 3430 2253 3483 nullum
2296 3428 2439 3484 aliud
2486 3434 2869 3502 superponitur
2898 3449 3089 3505 genus.
3138 3437 3321 3494 lnlima
3368 3457 3493 3496 vero
3520 3460 3639 3513 quze

2052 3522 2119 3576 de
2157 3521 2314 3576 nullis
2348 3523 2627 3592 speciebus
2664 3526 2939 3593 dicuntur,
2982 3529 3385 3598 specialissinuie
3430 3540 3637 3603 species

2052 3618 2415 3685 appellantur,
2454 3617 2655 3674 idcirco
2676 3622 2925 3690 quoniam
2958 3623 3221 3692 integrum
3249 3626 3526 3697 cujuslibet
3561 3634 3641 3687 rei

2053 3711 2368 3764 vocabulum
2418 3710 2506 3765 illa
2538 3714 2854 3782 suscipiunt,
2885 3731 3004 3785 qua:
3045 3733 3175 3783 pura
3210 3718 3543 3788 immislaque
3590 3730 3640 3781 in

2053 3817 2113 3855 ea
2155 3802 2223 3859 de
2256 3819 2359 3874 qua
2401 3805 2658 3874 quaeritur
2697 3814 3022 3876 pr0prielate
3059 3820 3181 3864 sunt
3218 3814 3504 3867 constituta
3540 3834 3553 3867 :
3586 3827 3643 3873 at

2054 3895 2304 3962 quoniam
2333 3897 2542 3963 species
2572 3896 2623 3950 id
2656 3898 2797 3979 quod
2824 3900 3029 3966 species
3056 3914 3136 3955 est
3175 3911 3238 3955 ex
3269 3919 3334 3957 eo
3362 3904 3521 3960 habet
3552 3923 3642 3962 no-

2054 4001 2199 4052 men,
2231 3986 2354 4056 quia
2381 3989 2700 4057 supponitui-
2728 3993 2940 4057 generi,
2975 3994 3084 4061 ipsa
3116 3995 3217 4046 erit
3259 3997 3482 4064 simplex
3515 4016 3641 4070 spe-

2054 4077 2189 4141 cies,
2218 4078 2261 4131 si
2296 4078 2366 4131 ita
2397 4081 2580 4147 generi
2613 4089 2967 4149 supponatur,
3001 4092 3059 4135 ut
3099 4085 3255 4138 nullis
3288 4087 3408 4140 aliis
3428 4092 3639 4157 specie-

2056 4166 2153 4220 bus
2202 4180 2546 4236 prteponatur
2594 4179 2652 4224 ut
2707 4187 2893 4241 genus.
2943 4173 3164 4241 Species
3208 4177 3350 4231 enim
3403 4195 3518 4247 qua:
3565 4182 3641 4240 sic

2053 4262 2237 4328 generi
2284 4260 2606 4330 supponitur
2632 4262 2746 4326 alii,
2790 4274 2848 4318 ut
2887 4265 2977 4320 alii
3021 4278 3380 4335 prmponatur,
3423 4285 3526 4326 non
3558 4282 3640 4330 est

2054 4351 2282 4420 simplex
2310 4352 2537 4420 species,
2568 4356 2661 4407 sed
2694 4354 2854 4410 habet
2881 4358 3166 4425 quamdam
3196 4361 3407 4428 generis
3430 4363 3639 4418 admix-

2056 4442 2257 4497 tionem
2289 4458 2304 4497 :
2339 4445 2425 4497 illa
2458 4460 2586 4497 vero
2615 4448 2823 4513 species
2848 4462 2965 4516 quae
2995 4450 3065 4501 ita
3090 4452 3409 4518 supponitur
3429 4457 3635 4522 generi,

2056 4543 2116 4587 ut
2158 4535 2381 4590 minime
2425 4536 2706 4604 speciebus
2751 4540 2871 4591 aliis
2919 4551 3281 4607 praeponatur,
3327 4543 3411 4595 illa
3465 4548 3640 4603 solum

373 4616 500 4695 teris
520 4643 607 4710 qui
638 4655 667 4694 a
691 4656 747 4695 se
781 4640 863 4709 (ut
891 4639 1090 4693 dictum
1114 4639 1217 4709 est)
1241 4655 1347 4693 non
1371 4640 1573 4707 specie,
1600 4638 1695 4694 sed
1725 4653 1953 4694 numero
1980 4616 2033 4677 ι)
2058 4629 2392 4697 simplexque
2416 4630 2623 4697 species
2653 4640 2736 4683 est
2767 4640 2927 4701 atque
2958 4632 3156 4685 idcirCo
3185 4645 3240 4688 et
3267 4638 3495 4693 maxime
3520 4654 3640 4707 spe.

368 4733 694 4802 discrepant.
727 4732 803 4786 Ex
837 4731 1005 4784 tribus
1034 4732 1195 4799 igitur
1225 4730 1635 4785 difﬁnitionibus
1662 4730 1798 4786 duas
1824 4731 1949 4799 qui-
1982 4802 1985 4805 _

368 4830 489 4883 dcm
524 4838 581 4883 et
616 4825 1027 4896 specialissimas
1065 4836 1118 4879 et
1147 4840 1254 4879 non
1295 4824 1709 4893 specialissimas
1738 4825 1950 4893 species

368 4920 587 4985 claudit,
623 4922 736 4974 huic
763 4932 892 4973 vero
917 4917 1069 4971 tertia
1107 4916 1281 4970 solum
1312 4916 1549 4971 ultimam
1585 4918 1817 4985 speciem
1848 4933 1861 4970 :
1895 4924 1955 4969 ut

366 5024 544 5067 autem
583 5012 822 5079 apertius
853 5009 903 5064 id
934 5008 1153 5078 liqueat,
1180 5024 1291 5063 rem
1336 5008 1495 5078 paulo
1514 5007 1688 5063 altius
1715 5006 1947 5074 orditur,

336 5146 339 5147 ν
367 5120 591 5173 eamque
619 5102 875 5172 congruis
903 5101 1137 5155 illustrat
1165 5102 1432 5169 exemplis
1456 5118 1470 5153 :

443 5196 668 5250 Planum
719 5204 887 5248 autem
935 5194 1029 5247 erit
1084 5193 1219 5263 quod
1263 5194 1449 5246 dicitur
1506 5194 1601 5245 hoc
1666 5192 1838 5245 modo.
1888 5190 1952 5245 ln

364 5302 667 5354 unoquoque
702 5286 1093 5353 praedic-amento
1118 5292 1239 5338 sunt
1276 5284 1513 5353 quazdam
1549 5284 1949 5353 generalissima,

359 5392 405 5432 ct
473 5392 652 5428 rursus
688 5377 791 5427 alia
828 5376 1230 5444 specialissima.
1285 5388 1330 5429 et
1386 5376 1517 5429 inter
1571 5374 1952 5445 generalissima

362 5477 416 5520 et
470 5465 836 5533 specialissima
888 5476 1003 5521 sunt
1051 5468 1156 5523 alia
1185 5480 1299 5535 qua:
1349 5475 1399 5518 et
1441 5480 1629 5535 genera
1674 5474 1722 5518 et
1764 5466 1950 5531 species

361 5558 545 5612 eadem
598 5555 855 5609 dicuntur.
902 5557 990 5610 Est
1046 5568 1213 5612 autent
1264 5554 1701 5629 generalissimum
1750 5556 1952 5624 quidem

359 5668 522 5723 supra
587 5648 729 5719 quod
796 5665 898 5701 non
967 5660 1041 5704 est
1100 5650 1245 5703 aliud
1315 5648 1529 5718 aliquod
1597 5649 1952 5719 superveniens

362 5759 545 5818 genus.
594 5740 1037 5809 Specialissimum
1070 5752 1233 5791 autem
1274 5748 1388 5805 post
1426 5738 1560 5806 quod
1598 5755 1701 5791 non
1750 5748 1821 5791 est
1849 5740 1953 5793 alia

364 5837 540 5905 aliqua
566 5832 783 5903 inferior
814 5830 1022 5899 species.
1069 5828 1208 5883 Inter
1238 5832 1675 5900 generalissimum
1703 5843 1870 5887 autem
1902 5843 1948 5888 et

2057 4720 2168 4773 cies
2198 4729 2313 4781 est,
2354 4726 2409 4773 et
2434 4721 2815 4785 specialissima
2861 4732 3213 4792 nuncupatur.
3278 4728 3416 4782 Inter
3444 4745 3638 4798 genera

2062 4813 2222 4881 igitur
2250 4828 2367 4878 quae
2397 4823 2522 4866 sunt
2551 4815 2979 4880 generalissima.
3028 4829 3078 4871 et
3120 4821 3329 4888 species
3370 4838 3489 4893 quae
3518 4834 3642 4887 sunt

2061 4903 2485 4973 specialissimze,
2524 4910 2574 4958 in
2607 4907 2782 4961 medio
2812 4919 2934 4962 sunt
2962 4911 3205 4978 qumdam
3238 4930 3354 4982 qua:
3399 4918 3643 4986 superin-

2064 4996 2213 5052 ribus
2244 4998 2455 5066 quidem
2489 5000 2694 5053 collatae
2725 5012 2847 5053 sunt
2882 5004 3108 5069 species,
3142 5005 3485 5071 inferioribus
3514 5024 3642 5064 vero

2056 5103 2273 5157 genera.
2301 5089 2426 5144 Haec
2446 5092 2752 5145 subaltrrna
2778 5108 2970 5163 genera
2997 5110 3383 5165 nuncupantur,
3406 5101 3543 5167 quod
3570 5102 3640 5155 ita

2063 5192 2188 5235 sunt
2214 5198 2431 5249 genera,
2463 5195 2517 5237 ut
2542 5187 2766 5240 alterum
2803 5190 2900 5240 sub
2929 5191 3097 5243 altero
3140 5192 3451 5246 Collocetur.
3498 5192 3641 5258 ,ὶιιοά

2055 5272 2217 5342 igitur
2263 5274 2437 5329 solum
2479 5290 2649 5343 genus
2682 5287 2785 5341 est,
2830 5280 2880 5331 id
2931 5281 3123 5332 dicitur
3172 5283 3639 5341 ceno-rulissimum

2055 5382 2255 5436 genus;
2286 5384 2405 5436 quae
2427 5384 2552 5422 vero
2582 5370 2650 5423 ita
2682 5381 2807 5424 sunt
2830 5387 3026 5438 genera
3055 5384 3107 5425 ut
3130 5389 3249 5428 esse
3276 5378 3486 5441 species
3518 5395 3643 5445 pos-

2057 5462 2186 5522 sint,
2217 5462 2300 5514 vel
2330 5462 2399 5514 ita
2423 5464 2630 5530 species
2653 5473 2707 5515 ut
2736 5467 2840 5516 sint
2860 5480 3053 5531 genera
3083 5480 3487 5536 nmmunquam,
3514 5475 3642 5525 sub-

2042 5552 2263 5613 alterna
2287 5567 2484 5620 genera
2507 5555 2588 5607 vel
2618 5556 2823 5621 species
2845 5556 3200 5622 appellantur.
3229 5560 3381 5624 Quod
3411 5577 3537 5614 vero
3562 5563 3638 5618 ita

2060 5654 2144 5698 est
2167 5645 2394 5713 species,
2430 5654 2485 5697 ut
2516 5645 2604 5698 alii
2644 5661 2813 5711 genus
2845 5660 2963 5700 esse
2992 5664 3097 5701 non
3132 5652 3316 5718 possit.
3366 5657 3644 5723 specialis-

2058 5739 2189 5791 sima
2208 5738 2413 5805 species
2434 5737 2648 5792 dicitur.
2673 5739 2763 5792 llis
2781 5754 2908 5809 ergo
2927 5744 3180 5810 cognitis,
3200 5759 3469 5801 sumamus
3486 5752 3643 5807 unius

2061 5831 2456 5898 przedicamenti
2480 5834 2815 5903 exemplum,
2848 5844 2902 5886 ut
2932 5836 2997 5889 ab
3019 5850 3084 5890 eo
3108 5838 3159 5890 in
3191 5839 3404 5894 caeteris
3430 5856 3642 5907 quoque
