2122 3127
340 185 390 216 103

955 184 1008 212 ΛΝ.
1030 183 1124 212 MANL

1153 184 1228 212 SEV.
1249 184 1360 213 BOETII
1714 188 1719 196 '
1918 185 1965 213 lM

340 241 554 279 praedicamentis
567 245 648 278 atque
666 240 694 268 in
708 241 812 269 caeteris
827 241 969 276 generibus
984 246 1011 268 et
1025 241 1128 276 specie-
1140 244 1167 272 Α
1180 242 1286 277 quidem
1313 243 1461 270 substantia
1487 242 1717 277 generalissimum
1746 241 1843 270 dicitur
1866 249 1965 277 genus,

336 290 387 317 bus
412 288 456 315 ﬁlo
476 292 555 321 atque
574 285 667 314 ordine
690 285 752 322 quid
772 286 877 313 eveniat
899 287 984 321 possit
1004 287 1126 321 agnosci.

336 333 489 362 Substantia
497 332 577 367 igitttr
587 331 816 367 generalissimum
828 339 911 365 genus
922 336 963 359 est
972 340 981 365 ;
991 331 1042 359 hoc
1054 332 1125 359 enim

336 380 370 408 de
384 379 485 407 cunctis
501 378 560 405 aliis
573 377 744 413 przcdicatur,
758 385 791 404 ac
804 379 917 411 primum
930 377 1009 411 hujus
1023 378 1126 412 species

335 425 395 453 duas
409 428 483 457 sunt,
497 430 656 458 corporeum
672 427 701 451 et
715 423 903 458 incorporeum
916 443 923 455 ,
940 431 1001 450 nam
1016 428 1042 451 et
1055 424 1125 458 quod

335 477 494 506 corporeum
502 473 543 497 est
553 469 701 496 substantia
712 468 822 502 dicitur,
839 474 866 497 et
879 470 942 496 item
954 469 1024 503 quod
1038 469 1126 496 incor-

334 523 444 552 poreum
458 519 499 543 est
508 514 655 542 substantia
669 514 840 549 praedicatur;
860 513 910 541 sub
921 521 1051 548 corporeo
1062 521 1125 541 vero

335 563 479 590 animatum
490 564 569 596 atque
580 560 754 587 inanimatam
764 567 862 594 corpus
873 558 994 594 ponitur;
1007 559 1057 586 sub
1066 559 1125 586 ani-

334 614 406 635 malo
427 615 550 642 corpore,
567 606 665 634 animal
683 607 810 641 ponitur:
827 614 888 634 nam
901 606 924 633 si
937 606 1063 633 sensibile
1078 606 1125 633 ad-

331 655 408 690 jicias
429 654 546 681 animato
568 652 688 689 corpori,
710 652 809 680 animal
830 651 911 684 facis,
935 652 1036 687 reliqua
1059 659 1125 679 vero

333 707 405 736 pars,
421 699 448 728 id
460 705 512 734 est,
520 698 634 734 species,
646 698 766 727 continet
779 697 952 725 inanintatum
962 702 989 725 et
997 697 1124 725 sensibile

317 747 446 781 'corpus;
471 746 521 773 sub
538 745 646 773 animali
661 749 751 774 autem
772 743 902 772 rationale
916 748 996 778 atque
1016 743 1124 770 irratio-

333 793 409 824 nale;
429 792 479 819 sttb
493 791 613 819 rationali
635 790 707 818 Deus
721 794 749 818 et
770 790 864 823 homo,
881 797 941 816 nam
957 789 979 816 si
1001 788 1123 816 rationali

333 837 445 867 mortale
459 837 619 872 subjeceris,
634 836 771 864 hominem
785 836 950 867 constitues;
975 835 996 862 si
1010 834 1123 861 immor-

333 884 397 917 tale,
411 883 508 915 Deum;
524 882 608 909 Deum
622 889 687 909 vero
698 882 758 909 dico
771 888 942 915 corporeum,
960 880 1031 906 hunc
1050 879 1121 906 enim

1178 289 1302 323 quoniam
1320 289 1461 324 praeposita
1473 295 1514 317 est
1529 290 1663 322 omnibus,
1680 288 1745 316 nulli
1755 296 1819 316 vero
1833 289 1889 322 ipsa
1904 297 1968 324 sup-

1178 335 1295 369 ponitur,
1310 340 1338 362 et
1350 335 1435 363 solum
1450 342 1534 370 genus
1549 340 1658 370 propter
1671 334 1793 362 eamdem
1809 333 1912 361 Scilicet
1926 334 1967 361 di-

1177 380 1246 407 citur
1260 388 1380 414 causam,
1397 381 1477 408 homo
1493 385 1581 408 autem
1600 380 1703 414 species
1718 380 1815 413 solum,
1839 379 1966 414 quoniam

1179 426 1264 458 Plato,
1287 425 1366 459 Cato,
1389 425 1494 458 Cicero,
1517 426 1612 461 quibus
1627 430 1668 452 est
1682 426 1738 460 ipsa
1756 425 1898 460 prmposita
1914 432 1966 452 non

1178 471 1305 499 dili‘erunt
1328 472 1434 507 specie,
1459 472 1507 500 sed
1532 479 1643 499 nuntero
1666 476 1784 503 tantum;
1808 478 1967 504 carporeum

1177 528 1240 547 vero
1253 520 1323 554 quod
1337 520 1485 548 secundum
1503 528 1517 546 a
1533 519 1680 546 substantia
1694 519 1852 550 collocatur,
1866 523 1893 545 et
1906 526 1968 553 spe-

1176 567 1231 594 cies
1245 573 1305 593 esse
1318 566 1454 600 probatur,
1470 570 1497 593 et
1507 573 1602 600 genus,
1618 565 1775 592 substantia:
1790 564 1906 599 species,
1921 572 1968 599 ge-

1177 619 1227 638 nus
1241 611 1367 643 animati;
1384 615 1412 637 at
1424 618 1486 638 vero
1501 611 1662 643 animatum,
1678 618 1762 645 genus
1778 615 1820 637 est
1829 609 1965 640 animalis.

1176 660 1298 694 corporei
1313 658 1427 694 species.
1448 658 1496 686 Est
1516 664 1606 686 autem
1625 658 1771 685 animatum
1783 665 1866 692 genus
1880 657 1966 684 sensi-

1176 707 1248 739 bilis,
1256 706 1400 734 animatum
1407 713 1471 733 vero
1481 706 1608 733 sensibile
1618 705 1715 732 animal
1723 710 1764 733 est
1772 713 1779 738 ;
1788 705 1867 740 igitur
1878 705 1965 740 ipsum

1175 754 1332 786 animatum,
1348 755 1456 787 propter
1478 751 1612 786 propriam
1640 750 1818 778 dilferentiant
1842 758 1901 785 qua:
1925 755 1967 777 est

1176 799 1314 833 sensibile,
1329 804 1402 826 recte
1420 806 1506 834 genus
1520 797 1619 825 dicitur
1629 804 1690 824 esse
1702 797 1836 824 animalis.
1858 797 1967 824 Animal

1176 853 1239 873 Vero
1249 845 1386 873 rationalis
1399 852 1485 880 genus
1499 849 1551 876 est,
1561 848 1589 871 et
1600 843 1730 871 rationale
1743 850 1828 878 genus
1840 847 1883 870 est.
1894 850 1967 869 mor-

1175 893 1252 925 talis;
1276 900 1390 928 cumque
1411 892 1542 919 rationale
1562 896 1590 919 et
1612 891 1725 919 mortale
1745 891 1809 919 nihil
1836 891 1906 919 aliud
1931 892 1968 920 sit

332 930 460 959 mundum
471 934 575 956 veteres
586 928 670 956 Deum
680 928 821 962 vocabant,
832 931 860 955 et
871 927 944 955 Jovis
955 934 1016 953 eum
1030 926 1122 960 appel-

1147 933 1160 963 Β
1174 948 1253 976 quam
1269 926 1361 972 homo,
1378 940 1506 967 rationale
1522 939 1551 966 tit
1565 939 1689 966 animalis
1709 940 1822 973 species,
1850 940 1967 967 hominis

333 976 432 1004 latione
453 974 553 1009 dignati
571 978 643 1006 sunt,
670 974 823 1008 Deumque,
849 972 946 1005 solem,
972 976 1123 1006 caeteraque

326 1010 450 1049 caelestia
469 1026 594 1054 corpora,
608 1026 667 1054 quae
680 1018 796 1046 animata
811 1025 871 1045 esse
886 1025 946 1044 curn
963 1017 1050 1049 Plato,
1067 1022 1121 1044 tum

332 1067 464 1102 plurimus
482 1065 620 1093 doctorum
642 1064 740 1092 chorus
759 1063 904 1091 arbitratus
927 1067 980 1094 est,
1002 1062 1053 1089 sub
1075 1061 1123 1089 bo-

333 1116 405 1144 mine
418 1121 482 1143 vero
501 1112 628 1141 individui
642 1112 845 1147 singularesque
859 1110 982 1137 homines
995 1113 1067 1140 sunt,
1094 1113 1124 1136 ut

332 1160 424 1193 Plato,
446 1159 527 1192 Cato,
549 1157 661 1190 Cicero,
683 1164 795 1192 quorum
820 1163 960 1182 numerum
983 1154 1123 1189 pluralitas

332 1206 436 1234 inﬁnita
450 1212 502 1232 non
515 1204 621 1238 recipit,
636 1204 713 1239 cujus
727 1203 767 1231 rei
780 1202 900 1237 subjecta
913 1201 1058 1236 descriptio
1073 1200 1123 1228 sub

331 1252 418 1279 oculis
429 1255 510 1285 ponat
523 1249 685 1282 exemplum.

647 1410 762 1437 sesth
806 1427 809 1451 ξ
849 1409 853 1422 ί
872 1397 877 1427 ’.
993 1403 996 1408 ·

779 1744 782 1747 ς
853 1743 855 1747 τ
913 1647 1096 1818 «9

327 1741 343 1782 \
485 1800 487 1802 τ
766 1759 772 1791 ῑ
858 1742 999 1799 κω
1091 1800 1093 1802 .

361 2124 475 2153 hmani:
503 2125 509 2151 Ἄ
646 2154 657 2168 \

350 2281 445 2367 ἴ
925 2292 955 2305 ’

416 2504 523 2665 Gate
877 2557 994 2591 νίπεηνπ

675 2819 778 2847 Cicero.
936 2822 1011 2850 (lato.

394 2816 476 2843 Socra
481 2822 530 2846 tes.

366 2871 494 2905 Superius
506 2874 590 2906 posita
600 2874 747 2910 descriptio
757 2877 880 2905 ordinem
891 2886 906 2904 a
917 2880 1120 2912 generalissimo

330 2923 412 2952 u~que
434 2917 469 2945 ad
490 2917 628 2947 individua
653 2921 852 2955 praedicationis
870 2924 998 2958 ostendit,
1021 2924 1047 2953 in
1067 2933 1117 2959 qua

1175 995 1239 1014 vero
1254 994 1356 1021 genus;
1371 987 1452 1013 homo
1467 994 1532 1014 vero
1547 987 1603 1021 ipse
1616 985 1735 1019 Catonis,
1751 987 1879 1019 Platonis,
1890 987 1967 1015 Cice-

1175 1034 1249 1061 ronis
1263 1041 1316 1060 non
1331 1033 1382 1060 erit
1396 1033 1436 1067 (ut
1449 1032 1549 1060 dictum
1565 1032 1617 1067 est)
1632 1040 1727 1067 genus,
1744 1033 1791 1060 sed
1806 1032 1891 1060 solum
1905 1040 1967 1067 spe-

1174 1080 1251 1111 cies;
1268 1086 1317 1106 nec
1341 1079 1427 1106 solum
1449 1078 1609 1107 differentiae
1634 1079 1774 1106 rationalis
1796 1080 1900 1114 species
1926 1083 1966 1107 est

1175 1124 1265 1156 homo,
1282 1131 1375 1151 verum
1394 1123 1474 1151 etiam
1489 1123 1601 1151 Catonis
1615 1128 1643 1150 et
1660 1123 1780 1151 Platonis
1793 1129 1966 1152 cteterorum-

1174 1177 1226 1204 que
1249 1169 1354 1203 species
1378 1169 1543 1204 appellatur,
1571 1174 1678 1204 propter
1702 1170 1837 1197 diversam
1865 1170 1967 1200 scilicet

1175 1222 1294 1242 causam.
1315 1214 1380 1241 Nam
1396 1214 1532 1242 rationalis
1545 1214 1645 1242 idcirco
1660 1219 1701 1242 est
1715 1215 1829 1248 species,
1841 1215 1966 1250 quoniam

1170 1261 1303 1288 rationale
1318 1267 1365 1295 per
1380 1261 1494 1287 mortale
1505 1265 1585 1295 atque
1596 1261 1746 1289 immortale
1760 1261 1896 1296 dividitur,
1906 1270 1966 1291 cum

1175 1308 1208 1334 sit
1228 1308 1308 1335 homo
1328 1307 1461 1340 mortale;
1477 1307 1546 1334 idem
1562 1314 1626 1335 vero
1640 1307 1721 1334 homo
1735 1309 1840 1342 species
1853 1314 1894 1335 est
1910 1309 1966 1337 Pih

1176 1355 1247 1382 tonis
1255 1360 1336 1390 atque
1345 1360 1519 1387 czeterorum,
1528 1355 1553 1382 in
1565 1354 1650 1382 forma
1662 1354 1732 1381 enim
1742 1362 1834 1382 eorum
1846 1354 1966 1393 omnium

1177 1402 1257 1428 homo
1269 1402 1322 1429 erit
1341 1401 1526 1429 substantialis
1545 1405 1625 1436 atque
1640 1401 1733 1428 ultima
1749 1401 1905 1428 similitudo.
1921 1401 1966 1429 Est

1175 1452 1265 1474 autem
1278 1447 1428 1474 communis
1443 1451 1471 1474 et
1481 1448 1600 1474 omnium
1613 1448 1714 1481 regula,
1730 1454 1790 1475 esse
1804 1454 1850 1475 eas
1864 1447 1967 1482 species

1174 1493 1384 1528 specialissimas
1398 1501 1457 1528 quae
1471 1500 1550 1527 supra
1565 1494 1623 1520 sola
1639 1493 1775 1520 individua
1791 1493 1965 1526 collocantur,

1176 1544 1204 1565 ut
1217 1538 1308 1570 homo,
1319 1546 1416 1573 equus,
1427 1546 1539 1571 corvus;
1551 1538 1599 1566 sed
1612 1546 1665 1566 non
1676 1539 1742 1571 avis,
1754 1540 1841 1566 avium
1853 1547 1967 1574 namque

1178 1585 1269 1612 multa:
1282 1589 1345 1612 sunt
1359 1585 1474 1619 species,
1493 1584 1540 1612 sed
1555 1585 1597 1612 hae
1609 1589 1711 1612 tantum
1726 1585 1829 1620 species
1842 1586 1966 1613 dicuntur

1138 1619 1165 1651 (λ
1179 1638 1249 1664 esse,
1273 1638 1387 1665 quorum
1410 1631 1530 1665 subjecta
1554 1631 1588 1657 ita
1605 1631 1654 1658 sibi
1675 1619 1915 1663 sunticonsimilia,
1938 1634 1968 1658 ut

1177 1678 1380 1707 substantialern
1402 1678 1581 1706 dill‘erentiant
1603 1678 1703 1706 habere
1722 1686 1775 1706 non
1801 1678 1914 1713 possint.
1937 1678 1967 1705 ln

1177 1725 1250 1752 omni
1265 1730 1355 1752 autem
1371 1725 1422 1752 hac
1436 1724 1612 1759 dispositione
1631 1724 1719 1759 priora
1735 1731 1832 1760 genera
1848 1732 1910 1751 cum
1923 1724 1966 1751 in-

1177 1770 1321 1798 ferioribus
1332 1770 1543 1805 conjunguntur,
1557 1775 1584 1797 ut
1600 1771 1761 1805 posteriores
1774 1771 1892 1798 elliciant
1905 1778 1968 1806 spe-

1176 1816 1231 1843 cies
1244 1825 1249 1842 :
1265 1823 1325 1843 nam
1337 1821 1366 1843 ut
1380 1816 1416 1843 sit
1425 1823 1522 1851 corpus
1532 1816 1691 1849 substantia,
1706 1824 1766 1844 cum
1779 1817 1968 1852 corporalitato

1176 1864 1358 1898 coniungitur,
1382 1868 1409 1892 et
1423 1868 1464 1891 cst
1474 1864 1621 1891 substantia
1634 1871 1762 1899 corporea
1776 1872 1883 1899 corpus.
1901 1865 1967 1894 Item

1177 1916 1205 1938 ιιι
1225 1912 1260 1938 sit
1281 1911 1438 1945 animatum,
1460 1918 1619 1945 corporettm
1642 1916 1722 1946 atque
1742 1911 1892 1939 substantia
1909 1913 1967 1940 ani.

1178 1964 1251 1986 mato
1262 1958 1412 1993 copulatur,
1424 1962 1450 1985 et
1461 1961 1504 1985 est
1514 1957 1659 1986 animatum
1673 1958 1822 1985 substantia
1837 1966 1967 1993 corpore:

1177 2006 1280 2033 habens
1292 2005 1419 2032 animant.
1436 2004 1501 2032 Item
1517 2011 1546 2032 ιιι
1560 2006 1595 2033 sit
1609 2006 1746 2037 sensibile,
1758 2006 1845 2033 eidem
1860 2006 1910 2033 tria
1922 2006 1966 2035 illa

1176 2047 1557 2083 superiorajunguntur.Nam
1572 2048 1642 2083 quod
1659 2053 1702 2075 est
1711 2048 1851 2081 sensibile,
1864 2053 1966 2077 tantum

1175 2098 1227 2123 est,
1246 2097 1375 2127 quantutn
1396 2093 1543 2121 substantia
1564 2101 1695 2129 corporea
1714 2095 1831 2122 animata
1847 2095 1967 2123 retinens

1175 2145 1296 2171 sensum,
1304 2138 1374 2172 quod
1386 2142 1471 2165 totum
1481 2139 1580 2166 animal
1591 2145 1641 2166 est.
1651 2139 1715 2167 Item
1730 2141 1867 2175 superiora
1876 2142 1966 2169 omnia

1175 2183 1298 2210 rationali
1316 2184 1409 2218 juncta
1431 2184 1563 2211 rationale
1588 2184 1723 2218 efﬁciunt,
1739 2192 1966 2223 postremumque

1175 2230 1311 2258 hominem
1326 2231 1465 2265 superiora
1474 2232 1568 2259 omnia
1580 2232 1755 2261 nihilominus
1770 2234 1924 2267 terminant,
1938 2234 1965 2263 id

1174 2282 1215 2304 est
1229 2277 1405 2304 substantiam
1419 2277 1535 2304 hominis
1546 2277 1637 2305 addito
1647 2283 1748 2306 tantum
1759 2279 1881 2307 rationali
1894 2287 1965 2308 mor-

1135 2307 1164 2340 D
1177 2324 1241 2356 tali;
1257 2328 1298 2351 est
1312 2323 1385 2351 enim
1406 2324 1487 2351 homo
1508 2324 1657 2351 substantia
1674 2333 1814 2360 corporea,
1838 2327 1965 2360 animata,

1173 2371 1323 2402 sensibilis,
1332 2371 1481 2404 rationalis,
1491 2372 1623 2399 mortalis.
1631 2371 1685 2400 Nos
1701 2380 1767 2400 vero
1779 2372 1965 2401 diﬂinitionem

1175 2418 1292 2446 hominis
1313 2418 1451 2446 reddimus
1470 2419 1600 2454 dicentes,
1622 2420 1720 2448 animal
1739 2420 1869 2448 rationale
1894 2429 1966 2448 mor-

1175 2464 1236 2497 tale,
1253 2464 1279 2491 in
1294 2464 1403 2491 animali
1418 2464 1522 2493 scilicet
1533 2465 1700 2494 includentes
1712 2472 1738 2493 et
1751 2467 1927 2494 substantiam
1938 2472 1966 2495 et

1173 2516 1331 2542 corporeum
1347 2513 1375 2537 et
1388 2510 1533 2537 animatum
1549 2516 1628 2546 atque
1642 2512 1786 2544 sensibile;
1801 2517 1829 2539 et
1842 2512 1869 2539 in
1884 2517 1965 2539 caete-

1176 2555 1213 2581 ris
1235 2554 1342 2588 quidem
1358 2555 1497 2590 speciebus
1514 2561 1593 2591 atque
1611 2557 1753 2590 generibus
1770 2556 1804 2584 ad
1822 2557 1894 2585 hunc
1907 2565 1964 2586 mo-

1175 2602 1237 2628 dum
1254 2601 1294 2628 vel
1306 2601 1460 2630 dividuntur
1471 2610 1580 2638 genera,
1592 2603 1633 2630 vel
1644 2605 1748 2638 species
1761 2603 1962 2634 describuntur.

1211 2647 1431 2680 Quemadmodum
1446 2649 1525 2684 igilur
1543 2648 1682 2675 substantia
1701 2656 1757 2676 cum
1779 2658 1899 2685 suprema
1918 2651 1962 2684 sit,

1174 2702 1203 2720 eo
1215 2695 1283 2729 quod
1296 2693 1360 2721 nihil
1374 2703 1453 2729 supra
1466 2703 1522 2721 eam
1535 2695 1579 2727 sit,
1592 2703 1671 2730 genus
1684 2701 1721 2722 est
1731 2698 1961 2732 generaliuimum,

1173 2741 1209 2766 sic
1222 2745 1245 2767 et
1256 2740 1341 2774 homo,
1355 2749 1412 2768 cum
1424 2741 1456 2768 sit
1465 2741 1560 2775 species
1571 2746 1715 2775 postquam
1729 2751 1781 2770 non
1791 2749 1828 2771 est
1841 2744 1895 2771 alia
1904 2753 1959 2780 spo-

1172 2787 1232 2819 ct'es,
1247 2795 1327 2822 neque
1346 2788 1417 2815 aliud
1430 2796 1517 2815 eorum
1529 2796 1586 2823 qua
1605 2795 1710 2824 possunt
1722 2791 1802 2818 dividi
1813 2791 1840 2818 in
1855 2792 1960 2825 species,

1172 2835 1215 2861 sed
1231 2836 1313 2862 solum
1328 2835 1459 2863 individua
1477 2835 1647 2871 (individuum
1668 2839 1735 2865 enim
1748 2845 1785 2866 est
1807 2839 1926 2867 Socrates
1938 2845 1963 2868 ct

1174 2879 1261 2912 Plato,
1277 2885 1299 2908 et
1315 2880 1362 2907 hoc
1376 2881 1473 2916 album)
1488 2883 1583 2917 species
1596 2884 1643 2910 erit
1658 2884 1749 2917 solum,
1766 2889 1789 2912 et
1802 2886 1892 2913 ultima
1906 2895 1963 2921 spe-

1172 2927 1222 2960 cies
1237 2927 1270 2960 (et
1283 2930 1309 2953 ut
1320 2926 1416 2956 dictum
1431 2927 1478 2963 est)
1489 2929 1691 2963 specialiuima:
1705 2938 1762 2963 qua:
1773 2939 1831 2958 vero
1841 2932 1867 2959 in
1880 2933 1964 2961 media
