4244 6254
328 248 432 306 105

1160 242 1225 298 ΙΝ
1265 237 1707 298 PORPHYRIUM
1748 234 2392 297 COMMENTARIORUM
2432 231 2560 291 LIB.
2603 233 2687 291 III.

3508 229 3611 286 106

326 373 467 430 sunt,
505 379 684 419 eorum
722 360 926 433 quidem
951 373 1063 430 qua!
1087 373 1245 427 supra
1284 373 1336 411 se
1373 366 1491 410 sunt
1531 354 1721 423 species
1748 360 1915 417 erunt,
1943 354 1997 415 Α
2023 350 2230 419 species
2259 348 2609 403 substantiam
2658 353 2938 411 monstret,
2990 359 3201 415 unaque
3249 346 3318 401 sit
3364 346 3603 402 omnium

325 473 508 512 eorum
529 472 644 510 vero
674 470 788 525 qua:
814 461 922 519 post
963 466 1149 521 genera
1194 459 1332 517 sunt,
1378 463 1531 516 quare
1566 446 1677 500 ha'c
1713 446 1917 516 quidem

324 540 466 604 duas
507 548 687 602 habent
728 544 1067 609 habitudines,
1110 541 1253 595 illam
1291 557 1403 610 qua:
1433 549 1503 594 est
1532 540 1601 593 ad
1629 538 1912 609 superiora,

330 643 615 699 secundum
642 656 793 712 quam
821 638 1014 707 species
1045 635 1291 689 dicuntur
1319 648 1427 686 esse
1454 634 1705 701 ipsorum,
1735 638 1780 685 et
1807 645 1921 684 eam

338 751 454 803 qua:
483 743 554 788 est
581 733 648 785 ad
673 728 1273 803 posteriora,secundum
1303 743 1455 798 quam
1482 741 1667 796 genera
1692 725 1920 792 ipsorum

288 881 301 896 ,
335 843 445 881 esse
472 827 720 879 dicuntur.
750 822 996 877 Extrema
1020 836 1136 875 vero
1159 820 1342 873 habent
1368 833 1522 871 unam
1546 816 1918 879 habitudinem,

335 935 454 975 nam
483 927 528 971 et
554 916 993 988 generalissimum
1014 912 1080 966 ad
1107 929 1166 968 ea
1185 928 1298 982 qua:
1317 910 1597 983 posteriora
1619 918 1756 974 sunt,
1776 906 1921 961 habet

338 1010 705 1075 habitudinem,
734 1025 854 1062 cum
884 1024 1042 1079 genus
1073 1007 1137 1060 sit
1166 1005 1390 1059 omnium
1419 1018 1710 1073 supremum
1750 1016 1769 1054 :
1808 1015 1922 1053 eam

332 1120 446 1157 vero
481 1118 596 1172 qua:
624 1109 699 1155 est
730 1102 799 1152 ad
835 1099 1103 1168 superiora
1142 1114 1243 1151 non
1278 1094 1450 1161 habet,
1489 1110 1604 1148 cum
1634 1093 1698 1145 sit
1742 1106 1922 1160 supre-

334 1212 491 1259 mum,
542 1203 589 1246 et
635 1193 860 1263 primum
903 1190 1234 1261 principium,
1278 1196 1325 1241 et
1368 1186 1443 1257 (ut
1471 1182 1719 1253 diximus)
1761 1197 1923 1252 supra

331 1288 467 1358 quod
506 1303 607 1339 non
638 1294 707 1339 est
737 1284 881 1338 aliud
907 1282 1266 1353 superveniens
1292 1295 1447 1350 genus
1483 1293 1501 1331 :
1536 1288 1578 1332 et
1610 1275 1920 1347 specialissi-

333 1397 474 1435 mum
522 1382 676 1434 etiam
709 1396 865 1432 unam
906 1378 1053 1431 habet
1089 1376 1458 1439 habitudinem,
1502 1390 1563 1427 ea
1605 1390 1715 1443 qua:
1750 1372 1834 1442 est:
1858 1372 1925 1425 ad

333 1473 631 1541 superiora,
660 1486 878 1540 quorum
915 1478 986 1522 est
1026 1467 1214 1539 species
1259 1484 1275 1520 :
1322 1482 1433 1519 eam
1476 1481 1592 1520 vero
1622 1481 1736 1535 quae
1763 1472 1833 1518 est
1860 1463 1927 1517 ad

337 1564 633 1634 posteriora
654 1579 759 1615 non
784 1562 1033 1614 diversam
1062 1559 1205 1613 habet
1232 1560 1320 1613 sed
1344 1559 1595 1622 eamdem,
1630 1574 1747 1611 nam
1777 1566 1821 1611 et
1848 1558 1927 1610 in-

339 1656 667 1708 dividuorum
693 1653 885 1722 species
910 1652 1115 1706 dicitur.
1149 1650 1255 1706 Sed
1283 1652 1473 1720 species
1502 1650 1707 1721 quidem
1740 1650 1926 1703 dicitur

2022 443 2416 498 individuorum
2453 441 2552 495 sub
2579 440 2760 510 specie
2784 439 3077 509 positorum
3102 440 3398 496 substantia
3417 482 3430 505 ,
3461 456 3601 510 quo-

2021 534 2309 592 dammodo
2334 531 2462 589 nulli
2493 532 2774 603 praeposita
2804 541 2910 599 est,
2940 532 2987 587 si
3011 532 3078 587 ad
3106 533 3455 589 substantiam
3478 532 3597 604 quis

2023 627 2150 683 velit
2178 627 2447 697 aspicere:
2479 634 2535 681 at
2574 624 2618 679 si
2648 623 2944 695 accidentia
2973 625 3092 695 quis
3120 625 3445 695 consideret,
3479 626 3600 695 plu-

2022 733 2111 775 res
2140 718 2207 775 de
2233 719 2424 789 quibus
2447 717 2771 789 praedicatur
2792 717 3001 787 species
3026 716 3177 784 ﬁunt,
3205 734 3313 774 non
3336 719 3601 775 substan-

2024 816 2112 869 tia:
2133 813 2474 882 diversitate,
2507 811 2602 868 sed
2631 811 2993 868 accidentium
3020 811 3389 878 multitudine;
3420 814 3602 884 itaque

2026 910 2085 964 lit
2112 918 2169 963 ut
2199 922 2368 979 genus
2397 905 2615 979 quidem
2645 920 2859 976 semper
2888 904 3147 975 plurimas
3174 905 3273 962 sub
3304 921 3364 962 se
3391 911 3603 977 species

2026 1003 2261 1059 habeat:
2295 1002 2363 1059 de
2408 1000 2777 1058 diﬂ'erentibus
2826 1000 2969 1058 enim
3020 999 3199 1071 specie
3244 1002 3603 1073 praedicatur,

2026 1096 2330 1152 diderentia
2352 1111 2480 1152 vero
2507 1096 2609 1152 nisi
2638 1095 2929 1167 pluralitati
2951 1110 3061 1152 non
3084 1097 3375 1153 convenit:
3404 1104 3460 1152 at
3479 1111 3607 1153 vero

2027 1188 2235 1258 species
2248 1188 2409 1244 etiam
2430 1186 2522 1243 uni
2547 1186 2834 1258 aliquando
2856 1185 3127 1243 individuo
3150 1202 3379 1258 praeesse
3400 1195 3609 1258 potest:

2026 1283 2071 1337 si
2103 1282 2245 1338 enim
2275 1295 2411 1337 unus
2465 1282 2546 1352 (ut
2571 1280 2905 1351 perhibetur)
2946 1290 3028 1336 est
3054 1280 3303 1352 phoenix,
3336 1278 3605 1351 phoenicis

2027 1374 2237 1443 species
2266 1374 2334 1429 de
2365 1389 2471 1429 uno
2520 1381 2728 1429 tantum
2777 1372 3053 1429 individuo
3082 1374 3421 1443 prmdicatur.
3473 1373 3613 1431 Solis

2028 1468 2190 1524 etiam
2218 1468 2423 1538 species
2456 1483 2621 1524 unum
2648 1468 2821 1524 solum
2848 1468 3160 1538 intelligitur
3189 1468 3390 1524 habere
3424 1468 3613 1536 subje-

2028 1569 2208 1615 ctum:
2241 1562 2313 1615 ita
2344 1561 2546 1616 nullam
2578 1560 2975 1616 multitudinem
3024 1562 3229 1630 species
3268 1575 3367 1630 per
3393 1575 3454 1615 se
3482 1574 3612 1614 con-

2030 1652 2192 1717 tinet,
2244 1668 2364 1709 cum
2396 1653 2557 1708 etiam
2606 1653 2651 1707 si
2700 1668 2863 1708 unum
2908 1654 2977 1708 sit
3005 1661 3209 1708 tantum
3240 1653 3568 1709 individuum
3596 1696 3612 1722 ,

335 1744 738 1811 individuorum,
772 1741 904 1798 velut
932 1759 993 1796 ea
1020 1744 1301 1811 continens,
1336 1742 1525 1814 species
1552 1758 1666 1797 vero
1696 1742 1926 1812 superio-
1954 1736 2005 1798 B
2032 1744 2231 1813 speciei
2254 1752 2431 1800 tamen
2450 1759 2557 1801 non
2580 1744 3106 1815 pereatintellectus,
3132 1744 3446 1816 quibusdam
3470 1747 3614 1803 enim

336 1854 470 1901 rum,
510 1847 562 1890 ut
599 1852 713 1905 qua:
746 1836 810 1888 ab
842 1834 948 1889 illis
978 1835 1316 1888 continentur.

408 1931 488 1986 Ex
545 1930 890 2001 preportionc
960 1930 1158 1999 speciei
1220 1945 1419 1985 nomen
1478 1931 1638 1984 etiam
1706 1929 1925 1999 generis

336 2024 656 2090 ostenditur,
690 2039 811 2079 nam
846 2030 904 2078 ut
930 2038 1121 2092 genus,
1148 2023 1402 2093 quoniam
1434 2038 1539 2077 non
1571 2021 1733 2078 habet
1753 2036 1921 2091 genus

337 2132 499 2187 supra
527 2131 585 2172 se
604 2114 1070 2186 generalissimum
1094 2129 1259 2183 genus
1282 2114 1497 2179 dicitur,
1518 2124 1573 2168 ut
1590 2113 1922 2167 substantia:

336 2212 407 2267 ita
430 2210 661 2281 species,
689 2208 942 2279 quoniam
964 2222 1072 2262 non
1106 2206 1267 2262 habet
1305 2206 1406 2261 sub
1436 2222 1495 2261 se
1526 2208 1760 2275 Speciem
1786 2248 1800 2272 ,
1829 2205 1924 2261 sed

335 2301 642 2367 individua,
675 2299 1065 2371 specialissima
1104 2298 1311 2368 species
1342 2298 1570 2365 dicitur,
1621 2307 1681 2351 ut
1722 2296 1922 2360 homo;

336 2395 471 2466 quod
504 2403 683 2449 autem
708 2404 791 2449 est
820 2391 1029 2462 species
1051 2405 1158 2445 non
1191 2390 1390 2445 habere
1417 2390 1518 2445 sub
1544 2404 1624 2458 se,
1652 2388 1705 2443 id
1733 2400 1816 2444 est
1842 2387 1926 2444 his

336 2501 572 2556 praeesse
593 2529 608 2555 ,
643 2500 765 2556 quas
787 2499 962 2555 neque
990 2484 1044 2539 in
1074 2484 1359 2539 dissimilia
1395 2482 1560 2537 dividi
1592 2479 1836 2550 possunt,
1871 2488 1929 2535 ut

335 2593 529 2647 genera
558 2577 889 2640 dividuntur,
912 2592 1087 2647 neque
1119 2577 1172 2631 in
1195 2576 1390 2631 similia
1422 2585 1694 2639 secantur,
1717 2583 1777 2628 ut
1805 2588 1926 2643 spc-

336 2672 463 2727 eies.
501 2670 594 2726 Illa
627 2685 755 2726 vero
785 2685 905 2741 quae
950 2670 1091 2725 inter
1118 2684 1314 2740 genera
1341 2667 1743 2738 generalissima
1764 2706 1780 2732 ,
1815 2681 1929 2736 Spe-

336 2764 553 2832 ciesque
581 2761 993 2831 specialissimas
1020 2762 1316 2815 constituta
1342 2766 1487 2827 sunt,
1521 2757 1729 2828 species
1755 2765 1808 2812 et
1828 2772 1926 2828 ge-

340 2866 471 2907 nera
485 2862 874 2921 nuncupantur,
892 2866 1009 2922 qua:
1026 2860 1075 2906 et
1096 2851 1209 2920 ipsa
1226 2851 1344 2905 aliis
1359 2858 1752 2919 supp0nuntur,
1771 2858 1827 2904 et
1843 2848 1927 2904 his

342 2945 447 3000 alia
472 2944 829 3014 subjiciuntur
848 2988 862 3013 ,
896 2959 1124 3014 quorum
1151 2944 1204 2998 in
1236 2942 1515 2998 dissimilia
1540 2943 1624 2997 vel
1651 2943 1703 2997 in
1730 2942 1926 2999 similia

340 3046 561 3107 possunt
589 3052 708 3093 esse
746 3036 1080 3107 partitiones.
1116 3036 1354 3105 Cumque
1405 3034 1526 3091 dua:
1565 3036 1674 3093 sint
1714 3037 1931 3092 habitu-

2029 1838 2141 1892 suis
2169 1838 2319 1908 quasi
2346 1838 2611 1894 similibus
2640 1839 2881 1909 partibus
2912 1848 3138 1909 praeest:
3170 1850 3229 1895 ut
3258 1841 3302 1895 si
3348 1842 3472 1897 aeris
3502 1842 3612 1895 vir-

2028 1931 2206 2001 gulam
2235 1930 2462 1996 dividas,
2488 1932 2782 1988 secundum
2810 1932 2865 1987 id
2893 1932 3036 2003 quod
3064 1946 3138 1988 ass
3159 1932 3374 2001 dicitur,
3401 1933 3538 1989 idem
3561 1940 3615 1991 et

2030 2033 2212 2093 partes
2241 2039 2361 2079 esse
2406 2025 2741 2095 intelligitur,
2775 2034 2831 2082 et
2857 2034 3049 2082 totum.
3079 2026 3288 2082 Idcirco
3309 2026 3510 2081 dictum
3533 2035 3615 2081 est

2029 2118 2287 2187 speciem,
2321 2119 2444 2174 licet
2469 2121 2538 2173 sit
2559 2120 2851 2175 individuis
2874 2120 3185 2191 praeposita,
3220 2136 3378 2175 unam
3411 2119 3616 2177 tantum

2030 2209 2398 2266 habitudinem
2432 2213 2735 2281 possidere,
2768 2214 2913 2270 illam
2944 2232 3106 2270 unam
3129 2215 3337 2271 scilicet
3367 2231 3467 2285 qua
3496 2232 3618 2285 spc-

2030 2302 2140 2357 cies
2185 2312 2300 2368 est;
2349 2304 2564 2374 quando
2593 2305 2735 2360 enim
2786 2307 3086 2376 praepositis
3114 2306 3359 2362 subditur
3409 2308 3616 2377 species

2031 2403 2400 2462 nuncupatur,
2458 2403 2513 2450 et
2567 2403 2649 2450 est
2701 2397 3040 2465 superiorum
3097 2397 3308 2465 species
3359 2408 3616 2468 tanquam

2029 2487 2271 2557 subjecta
2297 2530 2312 2555 ,
2344 2487 2766 2560 inferiorumque
2812 2489 3022 2559 species
3044 2532 3059 2556 ,
3097 2489 3301 2545 idcirco
3358 2492 3616 2560 quoniam

2029 2593 2219 2634 eorum
2272 2580 2572 2636 substantia
2603 2581 3112 2648 monstratur.jNec
3162 2584 3233 2639 ita
3283 2595 3366 2640 est
3411 2585 3619 2653 species

2030 2672 2445 2738 individuorum,
2489 2674 2943 2744 quemadmodum
2992 2668 3190 2746 speciei
3237 2691 3406 2746 genus
3438 2662 3621 2732 :illnd

2031 2764 2173 2818 enim
2192 2779 2315 2832 pars
2330 2774 2414 2820 est
2440 2765 2775 2830 substantiae,
2797 2773 2856 2819 ut
2883 2766 3080 2820 animal
3101 2766 3354 2823 hominis.
3378 2768 3616 2838 Reliqua:

2032 2856 2174 2911 enim
2193 2864 2370 2925 partes
2400 2856 2661 2911 rationale
2676 2865 2837 2925 atque
2865 2858 3093 2912 mortale
3110 2858 3378 2915 adduntur
3400 2844 3624 2923 animali

2031 2942 2099 2997 ad
2153 2941 2518 2997 dilﬁniendam
2568 2943 2921 2999 substantiam
2978 2942 3208 2998 hominis
3243 2961 3257 2998 :
3291 2946 3450 3000 homo
3480 2962 3611 3003 vero

2032 3032 2269 3090 Socratis
2300 3043 2459 3104 atque
2489 3032 2765 3090 Ciceronis
2818 3044 2927 3090 tota
2961 3034 3263 3092 substantia
3306 3030 3389 3092 est
3427 3056 3439 3090 :
3474 3040 3621 3097 nulla

340 3131 496 3188 dines
520 3140 576 3188 et
603 3132 755 3202 quasi
785 3132 1218 3203 comparationes
1247 3132 1539 3202 appositas,
1571 3146 1693 3201 qua:
1723 3134 1777 3187 in
1807 3147 1926 3187 om-
1956 3119 2004 3185 C
2033 3126 2175 3180 enim
2205 3124 2416 3180 additur
2445 3124 2751 3180 differentia
2800 3124 3166 3180 substantialis
3194 3126 3262 3180 ad
3309 3127 3621 3201 hominem,

339 3221 499 3278 nibus
528 3223 813 3293 generibus
832 3223 1223 3294 speciebusque
1250 3231 1555 3292 versantur,
1578 3238 1684 3279 una
1708 3223 1924 3292 quidem

339 3334 457 3390 qua:
485 3318 859 3390 adsuperiora
890 3319 1174 3387 reSpiciat,
1206 3328 1263 3374 ut
1303 3318 1602 3389 specierum
1648 3332 1767 3389 quze
1813 3317 1926 3373 suis

339 3411 624 3482 generibus
656 3418 1064 3481 supponuntur:
1096 3410 1358 3469 aliavero
1394 3426 1514 3481 qua:
1541 3409 1608 3465 ad
1634 3409 1922 3476 inferiora,

340 3510 398 3559 ut
441 3518 700 3573 generum
744 3518 863 3559 cum
908 3503 1192 3574 speciebus
1227 3502 1457 3573 propriis
1499 3509 1921 3572 praponuntur:

340 3596 741 3667 generalissima
780 3595 996 3668 quidem
1026 3610 1223 3667 genera
1254 3610 1415 3650 unam
1451 3602 1656 3650 tantum
1690 3594 1929 3649 retinent

342 3684 738 3753 habitudinem,
754 3702 873 3743 eam
894 3688 1101 3743 scilicet
1128 3701 1250 3758 quae
1279 3685 1539 3743 inferiora
1565 3686 1925 3756 amplectitur,

342 3775 493 3832 illam
516 3792 651 3833 vero
671 3793 791 3848 quas
820 3779 885 3834 ad
910 3779 1195 3849 praeposita
1216 3787 1557 3849 comparatur
1576 3792 1683 3833 non
1706 3776 1925 3832 habent.

348 3866 839 3925 Generalissimum
888 3870 1029 3925 enim
1060 3886 1230 3940 genus
1256 3871 1386 3926 nulli
1425 3869 1762 3940 supponitur.
1796 3868 1931 3923 Item

347 3958 566 4031 species
586 3960 969 4030 specialissima
989 3976 1145 4016 unam
1166 3963 1405 4031 possidet
1422 3962 1816 4028 habitudinem,
1838 3975 1934 4032 per

346 4065 510 4124 quam
542 4050 751 4108 scilicet
775 4052 842 4107 ad
871 4052 983 4109 sola
1010 4068 1207 4124 genera
1234 4064 1598 4125 comparatur.
1630 4055 1778 4110 illam
1803 4068 1934 4110 vero

347 4163 466 4218 qua:
493 4148 561 4203 ad
588 4147 842 4204 inferiora
862 4149 1233 4217 committitur,
1255 4164 1362 4205 non
1394 4149 1578 4215 habet,
1597 4147 1760 4203 nullis
1781 4147 1932 4204 enim

348 4238 631 4309 speciebus
658 4239 775 4311 ipsa
804 4239 1162 4311 praeponitur;
1198 4249 1254 4295 at
1296 4254 1428 4297 vero
1470 4254 1593 4310 qua:
1624 4239 1936 4296 subalterna

348 4338 473 4386 sunt
499 4345 696 4401 genera
723 4341 953 4403 utraque
998 4331 1315 4388 habitudine
1361 4331 1656 4403 funguntur
1679 4373 1694 4399 ,
1728 4347 1852 4388 nam
1883 4339 1940 4389 et

352 4423 495 4481 illam
522 4424 816 4495 possident,
849 4440 970 4514 quae
998 4426 1065 4482 ad
1091 4427 1369 4498 superiora
1391 4428 1646 4496 respicit,
1680 4427 1936 4497 quoniam

2028 3232 2087 3275 ut
2126 3218 2379 3275 Socrates
2410 3219 2505 3273 ﬁat
2551 3229 2644 3274 aut
2686 3219 2901 3285 Cicero,
2951 3220 3087 3274 sicut
3133 3220 3352 3277 additur
3398 3221 3622 3279 animali

2030 3312 2294 3367 rationale
2323 3320 2484 3382 atque
2511 3312 2761 3379 mortale,
2796 3321 2855 3367 ut
2881 3312 3043 3369 homo
3066 3313 3273 3385 integra
3302 3314 3623 3373 diiﬂnitionu

2031 3403 2332 3459 claudatur.
2362 3403 2567 3461 Idcirco
2590 3406 2752 3476 igitur
2773 3406 2980 3476 species
3003 3408 3390 3485 specialissima
3414 3418 3624 3468 tantum

2032 3504 2114 3551 est
2136 3495 2367 3565 species,
2415 3506 2577 3565 atque
2605 3496 2745 3552 hanc
2775 3499 2945 3553 solam
2977 3499 3215 3568 possidet
3248 3500 3623 3559 habitudinem

2031 3585 2097 3640 ad
2127 3588 2407 3656 superiora
2429 3584 2671 3657 quidem,
2703 3589 2957 3658 quoniam
2987 3590 3055 3647 ab
3084 3591 3166 3648 his
3189 3584 3526 3653 eontinetur:
3552 3580 3623 3653 ad

2033 3676 2288 3733 inferiora
2331 3692 2456 3733 vero
2477 3719 2492 3747 ,
2536 3680 2790 3749 quoniam
2821 3681 3177 3739 substantiam
3210 3700 3395 3743 eorum
3424 3688 3625 3751 format

2034 3775 2087 3823 et
2113 3772 2371 3824 continet.

2106 3858 2457 3915 Determinant
2472 3878 2589 3932 ergo
2600 3867 3039 3934 generalissimum
3061 3869 3304 3940 ita,quod
3323 3890 3440 3927 cum
3460 3892 3625 3946 genus

2035 3952 2100 4006 sit
2119 3969 2221 4006 non
2248 3963 2321 4008 est
2345 3956 2533 4023 species
2557 3971 2577 4009 .'
2604 3965 2653 4010 et
2671 3972 2871 4025 rursus,
2900 3974 3057 4028 supra
3084 3964 3222 4030 quod
3246 3981 3347 4018 non
3377 3977 3452 4019 est
3481 3968 3627 4022 aliud

2036 4046 2396 4112 supraveniens
2445 4062 2649 4116 genus:
2698 4050 3119 4116 specialissimum
3169 4069 3316 4121 vero,
3346 4060 3480 4125 quod
3509 4076 3627 4114 cum

2038 4138 2102 4190 sit
2127 4138 2337 4206 species,
2365 4154 2467 4193 non
2489 4149 2561 4194 est
2588 4157 2768 4212 genus,
2800 4152 2845 4196 et
2867 4145 3006 4215 quod
3027 4162 3142 4201 cum
3169 4150 3233 4203 sit
3259 4152 3449 4222 species
3470 4194 3484 4219 ,
3519 4171 3628 4209 non.

2039 4230 2330 4300 ampliusin
2350 4232 2539 4303 species
2565 4234 2789 4289 dividere
2818 4252 3106 4306 possumus,
3134 4241 3289 4295 ethoc
3314 4245 3465 4299 modo
3488 4244 3630 4317 quod

2042 4324 2104 4378 de
2125 4323 2357 4394 pluribus
2394 4332 2443 4379 et
2491 4325 2840 4395 di/ferentibus
2881 4347 3123 4398 numero,
3155 4334 3207 4386 in
3254 4352 3311 4389 eo
3337 4338 3474 4403 quod
3502 4338 3629 4407 quid

2043 4416 2130 4483 sit,
2147 4416 2477 4488 pradicatur.
2493 4418 2573 4473 Ea
2597 4436 2713 4474 vero
2732 4424 3039 4489 quazsuntin
3065 4425 3233 4477 medio
3258 4432 3627 4499 extremorum,

352 4532 471 4587 qum
492 4519 795 4575 subalterna
826 4507 951 4575 sunt
979 4518 1179 4577 habent
1207 4521 1606 4591 superpositum
1633 4534 1805 4591 genus
1825 4560 1841 4587 ,
1873 4526 1929 4575 et
1953 4509 2009 4571 D
2032 4507 2327 4565 subalterna
2354 4521 2596 4567 uocantur
2619 4529 2805 4584 genera
2831 4524 2879 4568 et
2908 4518 3121 4586 species,
3158 4526 3205 4571 et
3230 4525 3631 4591 unumquodque

352 4606 498 4662 illam
538 4624 659 4679 qua:
696 4609 763 4665 de
802 4609 1145 4668 inferioribus
1176 4612 1529 4682 praedicatur:
1565 4612 1763 4668 habent
1791 4613 1936 4668 enim

353 4698 656 4756 subalterna
681 4715 882 4771 genera
918 4704 1225 4773 suppositas
1250 4704 1455 4773 spwies
1476 4743 1492 4770 ,
1525 4712 1586 4759 ut
1614 4717 1937 4773 corporeum

256 4840 263 4847 .
355 4787 425 4842 ad
454 4789 800 4847 substantiam
831 4792 1049 4863 quidem
1072 4807 1191 4849 eam
1217 4794 1415 4849 retinet
1437 4794 1806 4852 habitudinem
1831 4808 1937 4865 qua

354 4893 533 4955 potest
556 4888 676 4957 poni
708 4889 808 4944 sub
838 4903 1067 4960 genere:
1097 4888 1165 4945 ad
1194 4890 1493 4946 animatum
1524 4906 1657 4949 vero
1682 4878 1803 4948 eam
1830 4904 1938 4962 qua

354 4986 528 5049 potest
550 4978 618 5041 de
643 4981 823 5051 specie
868 4982 1169 5051 praedicari.
1202 4983 1617 5053 Specialissimas
1642 5000 1772 5042 vero
1817 4998 1942 5055 spe-

352 5072 462 5129 cies
487 5073 612 5129 licet
643 5073 774 5144 ipsae
815 5073 1102 5131 individuis
1134 5087 1549 5148 prazponantnr,
1583 5087 1764 5133 tamen
1798 5091 1938 5146 prae-

355 5168 511 5236 positi
534 5166 900 5225 habitudinem
929 5185 1040 5225 non
1072 5170 1291 5239 habent,
1326 5172 1529 5229 idcirco
1559 5173 1812 5243 quoniam
1846 5171 1939 5227 illa

352 5270 471 5325 qua:
487 5259 688 5330 speciei
715 5259 918 5316 ultimae
945 5271 1323 5333 supponuntur
1355 5263 1483 5318 talia
1505 5270 1652 5329 sunt,
1675 5271 1735 5319 ut
1764 5277 1940 5332 quan-

356 5357 472 5402 tum
502 5347 800 5403 substantia
839 5366 1003 5405 unum
1052 5353 1307 5423 quiddam
1363 5361 1491 5409 sunt
1550 5367 1655 5409 non
1688 5352 1940 5410 habentia

341 5434 759 5493 substantialem
782 5438 1139 5499 dill'erentiam
1157 5443 1252 5501 sed
1276 5443 1690 5511 accidentalem,
1716 5444 1947 5502 efﬁcitur

338 5538 495 5595 ergo,
552 5534 612 5582 ut
656 5542 882 5585 numero
911 5534 1099 5591 saltem
1130 5536 1333 5593 distare
1358 5536 1642 5592 videantur
1668 5578 1683 5604 ,
1709 5545 1766 5593 ut
1806 5553 1945 5608 pene

347 5615 453 5674 dici
478 5616 729 5689 possint,
759 5628 813 5675 et
837 5620 1080 5689 pluribus
1108 5642 1343 5697 praeesse
1372 5627 1692 5698 speciebus,
1727 5636 1779 5683 et
1808 5644 1940 5700 quo-

349 5709 637 5771 dammodo
686 5711 821 5768 nulli
871 5714 1093 5771 omnino
1127 5732 1249 5774 esse
1288 5720 1629 5792 praepositas:
1667 5736 1790 5779 nam
1816 5736 1939 5782 cum

797 5828 1076 5894 Pas-non.
1111 5830 1336 5898 LXIV.

2042 4620 2219 4659 eorum
2243 4605 2432 4674 species
2454 4621 2561 4659 esse
2583 4614 2747 4675 potest
2773 4618 2821 4660 et
2847 4625 3026 4677 genus,
3057 4612 3128 4663 ad
3152 4612 3298 4663 aliud
3322 4614 3551 4682 quidem,
3576 4622 3627 4669 et

2043 4694 2112 4748 ad
2139 4695 2282 4747 aliud
2311 4704 2531 4764 sumpta.
2567 4696 2644 4748 Ea
2670 4713 2785 4751 vero
2809 4714 2922 4767 qua:
2939 4708 3055 4752 sunt
3075 4716 3235 4771 supra
3256 4704 3633 4773 specialissima

2043 4804 2202 4855 usque
2228 4788 2299 4842 ad
2338 4788 2777 4859 generalissimum
2799 4791 3125 4847 ascendentia
3144 4835 3159 4859 ,
3191 4795 3413 4853 uicissim
3442 4817 3634 4872 genera

2043 4881 2283 4936 dicuntur
2329 4890 2376 4935 et
2405 4881 2617 4952 species,
2650 4891 2705 4937 ut
2736 4883 3108 4956 Agamemnon,
3138 4887 3365 4958 Atrides,
3413 4890 3631 4966 Pelopi-

2046 4975 2153 5040 des,
2179 4972 2498 5040 Tantalides,
2522 4982 2567 5027 et
2594 4973 2773 5029 ultimo
2797 4973 2959 5031 Iovis.
2987 4977 3092 5032 Sed
3117 4979 3171 5033 in
3190 4980 3403 5050 familiis
3427 4987 3634 5052 quidem

2047 5066 2350 5138 plerumque
2378 5066 2690 5122 reducuntur
2718 5069 2787 5123 ad
2809 5086 2966 5124 unum
2989 5072 3324 5143 principium,
3355 5073 3492 5128 verbi
3510 5094 3637 5147 grus

2043 5161 2139 5227 tia,
2171 5161 2239 5214 ad
2258 5160 2456 5217 Jovem.
2684 5236 2689 5241 ἡ
3646 5220 3652 5237 ,

2119 5253 2410 5324 Postquam
2442 5244 2684 5310 naturam
2712 5271 2970 5326 generum
3015 5271 3078 5312 ac
3112 5258 3417 5328 specierum
3448 5259 3629 5321 diver-

2048 5347 2367 5419 sitatemque
2398 5349 2752 5418 monstravit,
2784 5363 2969 5404 eorum
2997 5349 3243 5405 ordinem
3291 5349 3632 5413 dil‘linitionis

2048 5441 2534 5514 descriptionisque
2580 5450 3005 5512 commemorat,
3058 5458 3121 5498 ac
3166 5444 3392 5512 primum
3414 5447 3637 5518 quidem

2047 5533 2438 5605 generalissimi
2477 5537 2691 5604 generis
2741 5536 3031 5592 terminum
3064 5536 3268 5593 inducit
3317 5538 3502 5596 dicens
3540 5557 3639 5612 ge.

2048 5629 2442 5686 neralissimum
2469 5644 2639 5699 genus
2666 5644 2788 5687 esse
2817 5631 2961 5702 quod
2992 5647 3112 5689 cum
3165 5631 3342 5703 ipsum
3372 5634 3441 5690 sit
3468 5650 3644 5706 genus

2046 5740 2154 5782 non
2179 5722 2759 5795 habetsuperpositum
2796 5738 2987 5809 genus,
3016 5726 3122 5785 hoc
3145 5734 3228 5783 est
3263 5726 3498 5800 speciem
3528 5742 3641 5809 non

3124 5841 3164 5908 ι
