4244 6254
616 284 726 342 ’107

1864 276 1970 334 ΔΝ.
2011 273 2218 331 MANL.
2254 270 2409 331 SEV.
2444 272 2667 334 BOETII

3785 272 3886 333 £08

627 417 772 469 esse,
817 410 873 457 et
926 414 1107 463 rursus
1158 414 1319 471 supra
1366 400 1508 471 quod
1556 414 1663 456 non
1694 401 1799 455 erit
1845 398 1985 453 aliud
2034 399 2283 470 genusA
2310 414 2533 456 numero
2560 401 2929 460 differentibus
2966 401 3318 483 praedicatur;
3350 398 3485 455 nihil
3530 397 3671 453 enim
3715 397 3889 453 minus

627 494 1033 564 supravenieus.
1055 493 1109 548 Si
1139 495 1283 548 enim
1334 494 1558 551 haberet
1588 494 1727 550 aliud
1758 509 1926 564 genus
1956 508 2210 563 superve-

624 590 782 645 niens
840 588 1062 641 minime
1135 587 1313 656 ipsum
1372 588 1841 657 generalissimum
1906 595 2207 642 vocaretur.

626 683 1024 752 Specialissima
1070 696 1199 736 vero
1246 681 1453 750 species
1484 683 1583 738 hoc
1638 683 1802 738 modo
1847 681 2208 748 describitur,

626 772 773 844 quod
797 787 918 829 cum
942 774 1014 828 sit
1048 773 1258 842 Species
1285 790 1390 827 non
1419 783 1506 829 est
1542 789 1713 845 genus
1735 814 1749 840 ,
1781 775 1987 830 scilicet
2019 789 2084 827 ex
2112 788 2211 843 op-

558 928 561 931 λ
628 864 829 939 posito,
854 863 1105 932 quoniam
1150 862 1397 933 opposita
1440 878 1511 920 ex
1540 865 1806 934 oppositis
1834 864 2212 920 describuntur

629 956 931 1021 interdum,
987 970 1110 1012 nam
1160 956 1412 1025 quoniam
1450 957 1783 1027 praepositio
1835 958 2084 1027 opposita
2131 965 2215 1011 est

628 1049 1009 1119 suppositioni:
1037 1064 1204 1118 genus
1230 1058 1407 1104 autem
1454 1052 1814 1118 praeponitur,
1848 1050 2056 1119 species
2084 1063 2213 1104 vero

628 1140 972 1209 supponitur.
999 1138 1056 1199 Si
1101 1139 1304 1195 idcirco
1328 1140 1435 1196 erit
1462 1141 1694 1209 prirnum
1740 1154 1941 1210 genus,
1986 1140 2111 1208 quia
2139 1139 2213 1195 ita

628 1232 1008 1301 superponitur
1052 1240 1110 1286 ut
1136 1232 1360 1287 minime
1387 1241 1741 1302 supponatur,
1784 1232 1983 1285 idcirco
2009 1231 2113 1285 erit
2139 1229 2217 1285 ul-

629 1321 758 1375 tima
809 1322 1040 1389 Species,
1072 1322 1199 1392 quia
1228 1323 1304 1381 ita
1358 1322 1709 1391 supponitur,
1743 1330 1801 1375 ut
1837 1320 2074 1389 praeponi
2106 1335 2213 1375 non

630 1412 801 1488 possit
844 1431 856 1464 :
906 1412 1072 1481 igitur
1101 1422 1249 1468 recte
1280 1412 1648 1482 oppositurum
1692 1427 1755 1467 ex
1787 1411 2046 1482 oppositis
2075 1410 2215 1466 facta

642 1513 728 1558 est
746 1504 1016 1560 diffinitio.
1040 1505 1135 1561 Est
1164 1506 1268 1561 alia
1296 1522 1483 1563 rursus
1509 1506 1795 1575 descriptio
1821 1504 2050 1574 speciei,
2073 1504 2214 1574 quod

630 1609 749 1649 cum
782 1596 852 1649 sit
895 1597 1124 1665 species,
1166 1612 1436 1668 nunquam
1488 1597 1744 1653 dividitur
1792 1599 1846 1651 in
1899 1596 2128 1666 species,
2161 1596 2214 1651 id

632 1698 713 1740 est
735 1703 901 1756 genus
922 1704 1041 1745 esse
1085 1705 1189 1744 non
1219 1698 1415 1759 potest.
1444 1690 1498 1745 Si
1527 1692 1669 1746 enim
1697 1706 1857 1746 omne
1887 1705 2056 1761 genus
2096 1705 2215 1759 spe-

2316 494 2531 565 phoeuix
2560 496 2627 551 de
2666 497 2906 568 pluribus
2948 495 3327 566 praedicaretur
3354 533 3368 557 ,
3415 492 3458 546 si
3487 491 3666 561 plures
3712 496 3889 543 essent

2314 602 2473 658 quam
2510 604 2650 644 nunc
2675 589 2885 659 quando
2926 606 3062 644 unus
3084 602 3205 643 esse
3236 585 3568 657 perhibetur.
3596 584 3726 637 Item
3759 579 3890 635 solis

2316 680 2521 749 species
2541 681 2608 735 de
2631 680 2731 736 hoc
2762 697 2868 737 uno
2898 680 3010 757 sole
3040 694 3197 751 quem
3221 678 3486 743 novimus,
3507 689 3646 729 nunc
3665 673 3889 727 dicitur:

2316 784 2368 827 at
2391 771 2437 827 si
2458 773 2511 827 in
2536 773 2715 829 animo
2736 774 2916 843 plures
2938 776 3080 828 soles
3101 782 3153 828 et
3175 771 3226 825 in
3250 768 3573 841 cogitatione
3602 766 3892 836 fingantur,

2281 855 2660 921 'nihilominus
2701 866 2768 921 de
2813 866 3056 937 pluribus
3096 865 3301 920 solibus
3348 858 3642 918 individuis
3695 871 3931 912 nomen-

2317 959 2445 1015 solis
2475 974 2631 1029 quam
2662 959 2729 1015 de
2760 959 2860 1015 hoc
2902 975 3007 1015 uno
3056 957 3452 1029 pricdicabitur.
3503 953 3706 1008 Idcirco
3731 950 3897 1021 igitur

2316 1049 2524 1120 species
2547 1050 2613 1106 de
2636 1050 2873 1122 pluribus
2900 1064 3125 1105 numero
3150 1045 3526 1103 dilTerentibus
3551 1043 3745 1098 dicitur
3763 1054 3896 1110 prze-
3984 1043 3999 1095 ἑ

2317 1143 2523 1212 dicari,
2557 1159 2675 1199 cum
2706 1143 2815 1198 sint
2843 1144 3035 1214 aliqua:
3064 1158 3182 1213 quae
3230 1142 3297 1196 de
3346 1137 3569 1209 singulis
3613 1131 3898 1189 individuis
3966 1126 4002 1209 ἑΞ

2317 1237 2673 1306 appellentur.
2717 1236 2813 1291 Illa
2861 1251 2990 1291 vero
3040 1251 3159 1306 quae
3189 1233 3493 1289 subalterna
3542 1236 3799 1284 vocantur
3828 1226 3897 1279 ita

2318 1325 2532 1381 diffluiri
2582 1337 2783 1397 queunt
2832 1344 2844 1378 :
2876 1325 3249 1382 Subalternum
3294 1338 3461 1395 genus
3501 1330 3582 1377 est
3613 1318 3750 1390 quod
3783 1330 3898 1373 esse

2316 1432 2488 1487 genus
2519 1426 2573 1471 et
2619 1418 2830 1487 species
2870 1418 3067 1495 poterit
3109 1416 3174 1470 ad
3215 1420 3337 1470 eum
3370 1412 3585 1468 modum
3617 1404 3706 1480 q'ui
3736 1418 3818 1463 est
3847 1406 3898 1463 in

2317 1508 2533 1565 familiis
2556 1516 2683 1580 quae
2706 1518 2989 1580 procreant
3014 1517 3068 1563 et
3098 1515 3467 1578 procreantur,
3494 1511 3552 1559 ut
3580 1501 3740 1557 etiam
3770 1498 3899 1555 sub-

2319 1601 2519 1670 jectum
2552 1609 2816 1656 monstrat
2861 1600 3164 1669 exemplum
3185 1640 3201 1667 ,
3235 1609 3289 1653 ut
3319 1599 3686 1668 Agamemnon
3709 1636 3721 1659 ,
3751 1592 3901 1648 Atri-

2323 1695 2437 1760 des,
2473 1704 2524 1749 et
2550 1694 2831 1763 Pclopides
2854 1734 2869 1760 ,
2901 1702 2957 1748 et
2983 1691 3312 1757 Tantalides,
3346 1700 3400 1745 et
3445 1688 3687 1743 ultimum
3728 1685 3899 1741 Jovis.

631 1777 835 1841 Cierum
861 1795 1030 1849 genus
1056 1787 1158 1849 est,
1190 1780 1236 1836 si
1265 1782 1388 1850 quid
1419 1798 1525 1837 non
1554 1781 1809 1837 dividitur
1856 1782 1911 1836 in
1955 1782 2167 1851 species
2191 1824 2206 1850 ,
2244 1767 2298 1830 Β
2323 1790 2516 1844 Atreus
2547 1790 2687 1843 enim
2721 1787 2932 1856 Pelopis
2958 1786 3095 1841 ﬁlius
3127 1796 3376 1855 tanquam
3408 1782 3648 1854 ejusdem
3680 1782 3890 1850 species

630 1884 800 1939 genus
828 1885 949 1925 esse
971 1885 1072 1928 non
1097 1880 1296 1942 potest.
1331 1873 1422 1927 Est
1445 1888 1634 1929 rursus
1652 1874 1757 1928 alia
1783 1873 2053 1941 dittinitio,
2073 1874 2213 1943 quod

631 1959 699 2017 de
727 1960 971 2030 pluribus
1000 1961 1369 2017 differentibus
1392 1978 1619 2021 numero
1640 1964 1696 2019 in
1734 1979 1799 2020 eo
1822 1964 1964 2033 quod
1990 1964 2116 2034 quid
2144 1963 2218 2018 sit

632 2052 986 2120 praedicatur,
1017 2053 1084 2109 de
1122 2069 1225 2124 qua
1276 2054 1597 2112 diftinitione
1638 2071 1782 2125 saepe
1830 2067 1913 2111 est
1969 2057 2216 2126 superius

635 2145 1057 2201 demonstratum
1094 2163 1107 2198 :
1139 2162 1281 2203 nunc
1320 2148 1452 2205 illud
1484 2149 1864 2204 attendendum
1913 2158 1993 2203 est
2040 2147 2219 2220 (sicut

631 2237 791 2306 paulo
845 2252 1005 2307 supra
1042 2237 1240 2293 dictum
1284 2239 1387 2310 est)
1418 2240 1621 2309 speciei
1669 2256 1831 2295 unum
1889 2240 2216 2299 individuum

631 2337 808 2397 potest
837 2328 1134 2397 subjectum
1180 2344 1334 2394 esse,
1370 2340 1429 2385 ut
1476 2331 1715 2399 phaenici
1745 2342 1957 2386 atomus
2003 2345 2127 2396 sua,
2161 2343 2218 2385 ut

633 2418 731 2473 soli
764 2433 959 2488 corpus
987 2420 1088 2475 hoc
1109 2421 1363 2488 lucidum,
1390 2431 1448 2487 ut
1468 2422 1668 2477 mundo
1694 2422 1779 2479 vel
1807 2422 1968 2487 lunai,
1991 2438 2215 2492 quorum

632 2512 841 2578 species
870 2508 1092 2578 singulis
1115 2510 1227 2563 suis
1250 2509 1541 2566 individuis
1562 2521 2029 2581 superponuntur:
2075 2512 2218 2582 quod

566 2654 577 2659 -
633 2601 678 2657 si
708 2601 779 2654 ita
808 2610 891 2656 est
920 2610 979 2655 ut
1005 2601 1213 2671 species
1234 2600 1301 2655 de
1330 2616 1438 2656 uno
1467 2603 1708 2670 quolibet
1727 2603 1999 2659 individuo
2019 2605 2215 2672 prazdi-

635 2702 810 2761 cetur,
844 2703 899 2748 ut
928 2694 994 2749 de
1017 2694 1281 2763 phoenice,
1306 2696 1577 2765 quomodo
1607 2696 1863 2753 convenit
1889 2696 2069 2751 dicere
2093 2711 2219 2767 spe-

635 2786 769 2840 ciem
805 2799 1073 2863 essequae
1102 2786 1169 2841 de
1222 2786 1461 2855 pluribus
1518 2802 1744 2851 numero
1768 2787 2133 2844 diﬂ'erentibus
2160 2789 2219 2843 in

636 2893 701 2934 eo
718 2879 857 2949 quod
881 2879 1007 2948 quid
1025 2879 1096 2933 sit
1123 2880 1479 2949 praedicetur?
1502 2880 1647 2937 Sunt
1667 2881 1809 2938 enim
1827 2880 2072 2952 quaedam
2092 2896 2217 2951 qua:

636 2970 703 3027 de
722 2986 948 3028 numero
967 2971 1337 3029 diderentibus
1357 2974 1583 3031 minime
1604 2974 1875 3043 dicuntur,
1889 2983 1950 3030 ut
1970 2973 2212 3044 phmnix,

636 3067 740 3137 sol,
760 3066 916 3133 luna,
935 3066 1029 3121 sed
1059 3065 1126 3122 de
1153 3066 1235 3122 his
1258 3067 1346 3122 illa
1375 3069 1510 3123 ratio
1538 3077 1622 3124 est
1646 3069 1713 3125 de
1738 3084 1841 3139 qua
1867 3069 2029 3124 etiam
2051 3080 2214 3137 supe-

2319 1880 2471 1947 quasi
2522 1877 2940 1949 Agamemnonis
2983 1892 3149 1946 genus
3200 1883 3302 1931 est.
3353 1876 3485 1930 Item
3537 1873 3902 1941 Agamemnon

2320 1968 2603 2038 Pclopides
2650 1978 2703 2023 et
2748 1967 3092 2033 Tantalides,
3123 1981 3242 2021 cum
3286 1963 3478 2033 Pelops
3506 1960 3572 2017 ad
3620 1961 3901 2015 Tantalum

2319 2069 2694 2129 comparatur,
2726 2059 3087 2129 Tantalusque
3130 2057 3199 2112 ad
3228 2056 3415 2111 Jovem
3469 2052 3624 2125 quasi
3662 2052 3902 2123 species,

2320 2148 2553 2220 itemque
2597 2149 2857 2204 Tantalus
2895 2148 2962 2203 ad
3017 2148 3289 2219 Pelopem,
3324 2145 3513 2214 Pelops
3563 2144 3630 2198 ad
3684 2148 3903 2198 Atreum

2320 2244 2469 2311 quasi
2500 2257 2694 2312 genera
2722 2256 2842 2297 esse
2868 2241 3169 2308 videantur,
3202 2254 3325 2294 cum
3366 2237 3574 2307 Jupiter
3610 2236 3679 2291 sit
3710 2236 3902 2290 horum

2320 2334 2466 2389 velut
2489 2332 2950 2403 generalissimum
2995 2347 3183 2402 genus.
3216 2329 3319 2386 Sed
3349 2329 3404 2384 in
3432 2327 3651 2382 familiis
3679 2326 3899 2397 quidem

2322 2422 2636 2490 plerumque
2677 2420 3009 2476 reducuntur
3052 2420 3117 2474 ad
3148 2434 3313 2474 unum
3362 2416 3706 2487 principium,
3755 2414 3911 2471 verbi

2320 2514 2510 2581 gratia,
2536 2512 2602 2565 ad
2627 2511 2833 2566 Jovem.
3248 2514 3255 2525 ‘

2393 2602 2460 2656 In
2486 2603 2752 2674 generibus
2781 2611 2948 2657 autem
2997 2611 3045 2655 et
3095 2601 3353 2674 speciebus
3396 2616 3498 2655 non
3542 2601 3615 2654 sic
3644 2614 3697 2652 se
3726 2598 3893 2652 ἠιὼν.

2322 2694 2505 2765 Neque
2525 2697 2658 2749 enim
2679 2710 2837 2748 unum
2856 2710 3121 2749 commune
3142 2690 3302 2765 genus
3324 2692 3550 2747 omnium
3577 2698 3648 2745 est
3667 2707 3778 2757 ens,
3804 2705 3898 2743 nec

2322 2788 2493 2839 omnia
2513 2786 2738 2856 ejusdem
2774 2787 2970 2856 generis
2992 2796 3109 2840 sunt
3134 2785 3407 2839 secundum
3435 2799 3594 2837 unum
3614 2797 3903 2853 supremum

2320 2894 2497 2949 genus,
2525 2877 2955 2948 quemadmodum
2982 2877 3105 2931 dicit
3130 2876 3445 2940 Aristoteles,
3472 2875 3561 2931 sed
3588 2875 3692 2928 sint
3716 2875 3902 2946 posita,

2320 2969 2741 3040 quemadmodum
2767 2970 2959 3023 dictum
2984 2978 3057 3023 est
3083 2968 3137 3023 in
3157 2967 3589 3039 prcedicamentis,
3620 2968 3787 3039 prima
3815 2967 3905 3020 de-

2280 3106 2286 3113 .
2321 3079 2429 3117 cem
2449 3078 2635 3133 genera
2653 3102 2668 3129 ,
2690 3061 2837 3132 quasi
2867 3068 3037 3117 decem
3065 3062 3231 3134 prima
3259 3046 3543 3135 principia.
3569 3059 3636 3116 Et
3654 3062 3700 3116 si
3733 3062 3905 3115 omnia

636 3155 747 3209 rius
774 3170 942 3226 pauca
972 3154 1306 3212 reddidimus
1324 3200 1339 3225 ,
1373 3172 1491 3226 quae
1512 3138 1784 3229 paululum
1812 3160 2046 3229 implexa
2068 3172 2218 3213 com-
2248 3138 2298 3209 ε
2325 3156 2439 3227 quis
2462 3155 2599 3209 entia
2624 3163 2766 3213 uocet
2788 3155 3086 3223 ,aaquivoce,
3114 3154 3301 3224 inquit,
3322 3153 3658 3225 nuncupabit,
3677 3142 3779 3208 non
3793 3154 3907 3207 uni-

639 3245 951 3308 modissime
985 3246 1185 3311 nodum
1215 3248 1527 3316 quaestionis
1560 3250 1822 3305 absolvet.
1851 3250 2041 3306 Omnia
2071 3250 2216 3305 enim

641 3353 756 3409 quac
786 3339 886 3393 sub
924 3338 1324 3409 specialissimis
1350 3342 1633 3411 speciebus
1672 3354 1820 3410 sunt,
1864 3345 1981 3399 sive
2010 3344 2218 3400 inﬁnita

641 3420 767 3497 sint,
806 3429 921 3484 sive
944 3429 1095 3493 [inito
1122 3445 1347 3487 numero
1375 3434 1690 3499 constituta.
1728 3435 1847 3492 sive
1876 3434 1943 3490 ad
1972 3435 2214 3505 singula-

640 3519 852 3576 ritatem
889 3520 1263 3590 deducantur,
1316 3524 1443 3587 dum
1484 3538 1569 3582 est
1616 3527 1836 3597 aliquod
1887 3528 2218 3584 individuum

642 3623 855 3681 semper
876 3614 1085 3683 species
1109 3615 1378 3683 manebit,
1401 3632 1576 3688 neque
1605 3619 2010 3676 individuorum
2054 3621 2219 3677 dimi-

644 3703 864 3759 nutione
890 3706 935 3760 si
958 3705 1230 3775 quodlibet
1260 3722 1422 3765 unum
1452 3721 1688 3780 maneat,
1711 3714 1926 3783 species
1949 3715 2223 3770 consumi-

645 3801 751 3861 tur,
784 3797 1058 3865 quoniam,
1088 3799 1363 3855 utdictum
1392 3810 1505 3868 est,
1550 3814 1727 3859 tamen
1757 3804 1803 3860 si
1835 3807 1983 3878 plura
2012 3807 2120 3861 sint
2144 3806 2226 3861 in-

644 3888 857 3945 dividua
900 3891 1278 3951 substantiales
1321 3894 1653 3953 differentias
1699 3913 1807 3953 non
1837 3898 2141 3957 habebunt:
2171 3899 2226 3954 id

647 3993 776 4049 ergo
805 3979 859 4035 in
890 3996 1085 4051 genere
1106 3983 1212 4040 dici
1240 3999 1346 4042 non
1374 3989 1668 4056 .convenit,
1700 3990 1841 4059 quod
1872 3990 1956 4045 his
1998 3998 2223 4060 praeest,

648 4084 765 4140 qua:
812 4072 1147 4130 substantiali
1185 4090 1215 4146 ᾳ
1252 4090 1312 4131 se
1358 4077 1659 4135 differentia
1699 4079 2007 4153 disgregata
2058 4092 2222 4149 sunt,
2254 4124 2258 4127 -

649 4173 845 4231 praeest
892 4168 1033 4220 enim
1082 4170 1363 4237 speciebus
1393 4187 1511 4239 quae
1541 4173 1771 4229 diversis
1798 4174 2116 4231 diiierentiis
2145 4177 2228 4231 in-

649 4255 965 4310 formantur.
995 4255 1052 4311 Si
1078 4258 1238 4328 igitur
1278 4276 1380 4317 una
1410 4275 1595 4317 eorum
1630 4264 1886 4332 perierit,
1915 4275 1969 4320 et
1998 4267 2068 4320 ad
2110 4267 2230 4320 uni-

548 4343 552 4346 ’
651 4355 811 4402 tatem
839 4350 1033 4417 speciei
1056 4350 1267 4405 redacta
1299 4352 1478 4422 tuerit,
1506 4354 1645 4410 ratio
1662 4358 1879 4424 generis
1908 4372 2078 4426 genus
2107 4371 2231 4413 esse

650 4454 755 4510 non
783 4441 1011 4509 poterit,
1037 4442 1159 4512 quia
1185 4442 1251 4498 de
1279 4443 1647 4502 differentibus
1676 4449 1858 4516 specie
1878 4449 2229 4520 praedicatur,

650 4544 755 4581 non
796 4531 864 4583 ita
896 4530 947 4583 in
975 4532 1275 4601 speciebus.
1304 4535 1440 4590 Nam
1482 4537 1528 4592 si
1558 4539 1797 4597 omnium
1823 4540 2231 4597 individuorum

648 4629 837 4674 natura
867 4634 1180 4695 consumpta
1206 4626 1299 4694 sit,
1330 4633 1384 4682 et
1410 4627 1474 4685 ad
1504 4629 1659 4688 unius
1688 4632 2116 4703 singularitatem
2140 4634 2231 4689 iu-

649 4711 848 4765 dividui
879 4716 1169 4785 supposita:
1203 4719 1402 4787 speciei
1444 4721 1756 4790 praedicatio
1783 4726 2010 4791 venerit,
2041 4734 2125 4781 est
2154 4735 2237 4781 ta-

647 4817 770 4856 men
802 4808 1007 4873 species
1039 4823 1101 4861 ac
1133 4821 1429 4875 permanet.
1468 4813 1617 4871 Talia
1664 4819 1806 4873 enim
1848 4828 1973 4875 sunt
2002 4819 2089 4875 illa
2112 4835 2234 4889 qua

648 4903 875 4961 pereunt
920 4909 983 4946 ac
1020 4894 1213 4950 desunt
1233 4938 1246 4961 ,
1291 4900 1447 4968 quale
1477 4912 1558 4955 est
1588 4903 1642 4957 id
1672 4906 1811 4973 quod
1855 4909 2149 4976 permansit
2177 4919 2232 4964 et

646 4986 907 5055 subjacet.
959 4986 1113 5054 Quod
1161 4990 1554 5047 verodicimus
1600 4994 1667 5049 de
1718 4996 1957 5063 pluribus
2005 5013 2236 5055 numero

648 5075 1011 5133 differentibus
1061 5080 1298 5149 speciem
1350 5080 1670 5155 praedicari,
1722 5086 1931 5145 duobus
1980 5088 2035 5145 id
2084 5098 2235 5146 recte

649 5178 934 5240 excusatur
964 5170 1136 5225 modis
1171 5189 1185 5225 :
1238 5186 1342 5226 uno
1388 5173 1641 5241 quidem,
1682 5177 1803 5245 quia
1853 5177 2019 5233 multo
2048 5179 2234 5248 plures

647 5272 773 5315 sunt
797 5263 1006 5332 species
1031 5279 1149 5334 quae
1171 5264 1239 5321 de
1276 5268 1574 5323 numerosis
1606 5267 1899 5324 individuis
1927 5270 2229 5340 praedican-

646 5361 754 5417 tur,
786 5367 943 5422 quam
976 5354 1059 5409 h:e
1079 5355 1269 5425 quibus
1299 5372 1459 5413 unum
1493 5368 1698 5415 tantum
1722 5361 2225 5420 individuum.vide-

647 5452 733 5497 tur
772 5459 889 5499 esse
930 5449 1296 5517 suppositum:
1329 5450 1523 5511 deinde
1562 5452 1663 5508 hoc
1694 5453 1873 5521 modo,
1904 5456 2027 5524 quia
2057 5457 2227 5513 multa

647 5534 937 5590 secundum
956 5546 1268 5607 potestatem
1287 5541 1554 5611 dicuntur,
1583 5559 1703 5600 cum
1725 5555 1848 5602 actu
1876 5563 1985 5604 non
2006 5564 2226 5620 semper

647 5625 717 5679 ita
755 5628 892 5707 sint,
927 5638 986 5683 ut
1036 5630 1254 5686 risihilis
1302 5632 1464 5690 homo
1510 5635 1725 5704 dicitur,
1764 5637 1973 5697 etiamsi
2003 5642 2232 5707 minime

646 5703 815 5775 rideat
836 5760 851 5786 ,
894 5722 1144 5798 quoniam
1185 5723 1362 5783 ridere
1389 5735 1587 5801 potest.
1622 5726 1888 5812 haetiam
1912 5734 2127 5804 species
2157 5735 2275 5811 αθ*

2322 3263 2471 3303 voce:
2498 3253 2545 3302 et
2566 3247 2699 3301 enim
2730 3262 2822 3302 ens
2844 3262 3002 3301 unum
3029 3253 3153 3301 esset
3176 3261 3438 3301 commune
3464 3246 3693 3299 omnium
3713 3261 3874 3318 genus
3890 3286 3907 3313 ,

2321 3342 2533 3395 univoce
2554 3340 2728 3394 omnia
2757 3339 2895 3393 entia
2937 3340 3262 3393 dicerentur:
3286 3354 3403 3393 cum
3446 3352 3562 3393 vero
3601 3337 3703 3393 sint
3731 3336 3907 3391 decem

2321 3431 2507 3502 prima,
2532 3444 2800 3484 commune
2825 3438 2898 3484 est
2926 3445 3016 3484 ens
3042 3429 3322 3484 secundum
3354 3444 3537 3483 nomen
3568 3428 3738 3482 solum
3761 3469 3776 3495 ,
3808 3443 3910 3482 non

2323 3525 2480 3579 etiam
2497 3523 2778 3581 secundum
2805 3524 3078 3591 rationem,
3105 3540 3220 3595 qua
3245 3522 3525 3579 secundum
3568 3524 3697 3579 entia
3726 3535 3909 3576 nomen

2322 3626 2417 3672 ω.

2398 3708 2660 3775 Quoniam
2709 3721 2832 3762 cum
2882 3708 2950 3763 de
2972 3708 3317 3763 'suhalternis
3347 3707 3628 3779 generibus
3664 3706 3911 3775 diceret,

2330 3800 2546 3856 familiae
2594 3798 2875 3869 cujusdam
2921 3801 3098 3869 posuit
3145 3800 3479 3869 exemplum,
3512 3813 3630 3879 quae
3668 3796 3737 3853 ab
3773 3796 3912 3867 Aga-

2335 3908 2621 3951 memnone
2649 3892 2976 3963 pervenitad
2993 3893 3201 3959 Jovem,
3236 3908 3394 3963 quem
3422 3907 3520 3962 pro
3547 3892 3781 3947 numinis
3797 3892 3913 3962 qui-

2337 3988 2459 4043 dem
2488 3988 2817 4053 reverentia,
2862 3986 3105 4041 ultimum
3139 3985 3336 4055 posuit.
3376 3970 3645 4051 Quantum
3677 3984 3818 4039 enim
3850 3983 3915 4039 ad
3928 4004 3931 4009 ·

2337 4089 2551 4135 veteres
2593 4078 2901 4147 theologos,
2950 4078 3181 4133 refertur
3219 4076 3427 4145 Jupiter
3472 4076 3538 4130 ad
3583 4076 3872 4132 Saturnum
3897 4113 3913 4139 ,

2339 4169 2601 4227 Saturnus
2633 4168 2702 4223 ad
2738 4169 2967 4233 Caelum,
2994 4168 3175 4225 Caelus
3224 4182 3353 4221 vero
3378 4168 3445 4221 ad
3484 4167 3916 4238 antiquissimum

2339 4260 2637 4330 Ophionem
2661 4260 2895 4326 ducitur,
2916 4260 3069 4329 cujus
3088 4258 3349 4329 Ophionis
3369 4260 3572 4314 nullum
3592 4258 3917 4328 principium

2341 4362 2444 4409 est.
2467 4351 2542 4406 Ne
2566 4351 2726 4421 igitur
2752 4352 2893 4421 quod
2916 4354 2972 4405 in
2993 4350 3207 4405 familiis
3228 4359 3333 4413 est.
3360 4349 3412 4404 id
3437 4352 3493 4404 in
3521 4353 3681 4405 rebus
3708 4363 3917 4419 quoque

2286 4489 2313 4522 ἱ
2342 4458 2462 4501 esse
2512 4441 2790 4509 credatur,
2832 4453 2889 4496 ut
2925 4457 3015 4498 res
3057 4456 3245 4497 omnes
3276 4443 3483 4522 possint
3525 4442 3591 4496 ad
3624 4457 3783 4495 unum
3837 4441 3918 4494 sui

2344 4535 2578 4593 nominis
2601 4535 2780 4592 redire
2810 4534 3149 4604 principium,
3174 4533 3377 4590 idcirco
3397 4533 3720 4589 determinat
3744 4533 3844 4587 hoc
3869 4533 3920 4587 in

2346 4626 2631 4699 generibus
2656 4640 2720 4682 ac
2747 4626 3025 4695 speciebus
3055 4639 3177 4681 esse
3204 4640 3310 4681 non
3340 4640 3530 4695 posse;
3564 4640 3735 4695 neque
3779 4625 3921 4682 enim

2346 4721 2489 4781 sicut
2534 4719 2747 4775 familia:
2795 4718 3113 4786 cujuslibet,
3156 4716 3229 4771 ita
3274 4717 3436 4772 etiam
3464 4717 3702 4771 omnium
3743 4731 3923 4771 rerum

2346 4827 2512 4870 unum
2538 4825 2658 4869 esse
2678 4810 3004 4880 principium
3032 4816 3227 4877 potest.
3262 4806 3499 4863 Fuerunt
3526 4807 3670 4862 enim
3702 4808 3789 4875 qui
3824 4806 3924 4860 hac

2350 4904 2603 4973 opinione
2652 4910 2991 4969 tenerentur,
3043 4910 3101 4956 ut
3128 4916 3307 4956 rerum
3344 4902 3583 4956 omnium
3631 4914 3749 4969 quae
3800 4908 3922 4955 sunt

2350 5010 2514 5051 unum
2560 5000 2810 5062 putarent
2837 5006 2962 5048 esse
3003 5007 3173 5061 genus
3216 4994 3359 5063 quod
3406 5008 3503 5049 ens
3546 5000 3923 5059 nuncupatur,

2348 5092 2581 5141 tractum
2611 5083 2678 5138 ab
2701 5098 2766 5139 eo
2784 5083 2925 5153 quod
2951 5084 3181 5141 dicimus
3209 5095 3321 5141 est:
3351 5085 3531 5139 omnia
3557 5085 3699 5141 enim
3726 5093 3852 5139 sunt
3873 5095 3923 5140 et

2344 5178 2414 5234 de
2437 5176 2685 5235 omnibus
2710 5191 2831 5237 esse
2852 5180 3189 5248 medicatur.
3222 5179 3403 5249 Itaque
3422 5177 3715 5232 substantia
3740 5187 3843 5243 est,
3869 5188 3923 5232 et

2341 5268 2576 5340 qualitas
2604 5280 2704 5334 est,
2738 5270 2865 5327 item
2910 5275 3178 5341 quantitas
3215 5279 3321 5335 est,
3356 5277 3657 5339 cmtcraque
3683 5285 3807 5327 esse
3837 5271 3921 5325 di-

2347 5373 2574 5421 cuntur:
2606 5378 2704 5420 nec
2731 5362 2797 5420 de
2826 5363 2909 5419 his
2928 5363 3127 5434 aliquid
3162 5370 3495 5429 tractaretur,
3529 5363 3631 5417 nisi
3664 5367 3778 5419 haec
3804 5379 3923 5433 quae

2350 5455 2764 5524 praedicamenta
2812 5455 3085 5522 dicuntur,
3143 5468 3264 5510 esse
3306 5463 3599 5511 constaret.
3641 5458 3773 5522 Qua:
3802 5456 3921 5510 eum

2307 5556 2315 5609 '_
2351 5548 2424 5603 ita
2449 5548 2555 5604 sint
2574 5590 2588 5614 ,
2614 5549 2855 5605 ultimum
2877 5548 3113 5604 omnium
3143 5562 3312 5618 genus
3344 5563 3440 5603 ens
3463 5558 3791 5618 posuerunt,
3822 5548 3924 5601 sci-

2300 5641 2477 5723 ..licct
2514 5641 2654 5711 quod
2704 5642 2771 5699 de
2816 5641 3060 5697 omnibus
3084 5642 3493 5711 praedicaretur.
3543 5642 3626 5697 Ab
3668 5656 3732 5696 eo
3784 5640 3927 5694 enim

2286 5726 2495 5815 quuo’d
2538 5731 2764 5795 dicimus
2804 5740 2909 5795 est.
2940 5733 3279 5804 participium
3327 5735 3693 5798 inflectentes,
3743 5733 3930 5789 Graeco
