4244 6254
390 360 486 418 109

1263 357 1329 415 IN
1363 357 1811 440 PQRPHYRIUI
1847 352 2492 421 COKMENTABIORUM
2534 366 2659 421 LIB.
2702 368 2788 425 Ill.

3530 383 3631 441 ΗΟ

380 482 598 555 quidem
650 492 898 535 sermone
930 470 985 531 ὅν
1030 471 1219 531 Latine
1244 489 1341 531 ens
1387 476 1805 545 appellaverunt.
1839 476 1949 533 Sed
1977 478 2034 540 Δ
2058 492 2243 532 unum.
2272 478 2404 533 Nam
2427 480 2568 547 quod
2595 479 2823 536 dicimus
2869 496 2985 551 ens,
3017 499 3179 542 unum
3230 497 3342 557 est,
3390 502 3445 548 et
3487 500 3632 565 quod

380 573 699 631 “Aristoteles
724 569 1146 639 sapientissimus
1175 567 1558 638 principiorum
1587 570 1833 640 cognitor
1859 585 1953 626 re-

2055 584 2220 624 unum
2244 569 2491 635 dicimus.
2523 586 2619 625 ens
2648 583 2761 630 est:
2793 588 2963 642 genus
2990 588 3167 633 autem
3198 591 3254 637 et
3291 587 3501 653 species
3526 590 3630 646 sibi

383 671 575 724 clamat
599 668 717 722 huic
736 666 1015 723 sententiae
1034 708 1047 732 ,
1085 679 1183 720 nec
1204 667 1270 719 ad
1292 682 1455 721 unum
1482 682 1571 721 res
1596 683 1783 723 omnes
1807 677 1955 739 putat
2054 662 2285 717 invicem
2329 664 2549 718 minime
2577 676 2978 725 convertuntur.
3008 671 3063 725 Si
3093 674 3251 743 igitur
3279 678 3624 748 praedicatur,

384 760 507 814 duci
537 774 686 828 posse
723 755 1099 826 primordium,
1136 756 1227 811 sed
1259 756 1442 811 decem
1492 772 1614 813 esse
1655 775 1853 830 genera
1897 761 1952 815 in
2050 769 2145 809 ens
2193 756 2260 810 de
2312 757 2557 810 omnibus
2608 758 3053 829 prmdicamentis,
3096 768 3416 834 praedicatur
3465 778 3625 831 etiam

383 851 568 914 rebus;
617 863 732 919 quae
771 862 891 901 cum
919 863 949 901 a
979 848 1282 917 semetipsis
1320 848 1533 904 diversa
1564 859 1710 916 sunt,
1746 860 1854 905 tum
1882 850 1949 905 ad

382 942 579 994 nullum
609 953 891 994 commune
923 938 1233 1008 principium
1266 939 1596 994 educuntur:
1628 940 1742 994 hmc
1770 950 1947 995 autem

378 1034 557 1089 decem
607 1047 804 1102 genera
852 1033 1059 1096 statuit,
1117 1032 1500 1099 substantiam,
1551 1033 1943 1101 quantitatem,

366 1123 701 1192 qualitatem,
730 1123 795 1177 ad
821 1123 1044 1193 aliquid,
1081 1122 1193 1187 ubi,
1227 1123 1462 1193 quando,
1496 1124 1654 1177 situm
1678 1164 1693 1188 ,
1724 1124 1943 1187 habere,

370 1214 578 1277 facere,
610 1216 720 1284 pati
748 1214 889 1284 quod
919 1228 1049 1269 vero
1073 1208 1417 1279 occurrebat,
1444 1215 1697 1282 quoniam
1745 1214 1813 1268 de
1861 1213 1945 1269 bis

366 1305 616 1359 omnibus
658 1319 779 1359 esse
807 1305 1208 1374 praedicaretur.
1241 1306 1429 1359 Omnia
1458 1305 1601 1359 enim
1629 1320 1749 1374 quae
1788 1320 1944 1373 supe-

365 1395 482 1450 rius
520 1406 939 1451 commemorata
966 1404 1092 1452 sunt
1120 1412 1315 1466 genera
1350 1412 1470 1452 esse
1521 1397 1769 1451 dicuntur
1807 1414 1821 1451 :
1874 1399 1943 1452 ita

365 1487 623 1541 discussit
661 1502 726 1541 ac
780 1488 977 1555 repulit
1012 1488 1232 1554 dicens,
1289 1504 1395 1543 non
1450 1503 1614 1568 omne
1666 1504 1943 1544 commune

367 1593 569 1632 nomen
605 1593 941 1633 communem
968 1582 1127 1633 etiam
1159 1580 1387 1635 formare
1426 1580 1811 1649 substantiam,
1847 1597 1942 1637 nec

368 1685 435 1723 ex
477 1686 543 1725 co
588 1671 791 1726 debere
836 1686 1002 1741 genus
1029 1686 1151 1726 esse
1179 1686 1458 1726 commune
1498 1672 1765 1738 arbitrari,
1801 1674 1940 1741 quod

362 1760 434 1814 de
457 1761 726 1827 aliquibus
755 1747 1043 1816 commune
1072 1777 1266 1815 nomen
1300 1762 1706 1830 praedicaretur.
1738 1764 1939 1830 Quibus

2050 861 2237 901 unum.
2272 846 2402 900 Nam
2433 849 2731 902 substantia
2762 864 2926 905 unum
2958 863 3058 919 est,
3083 856 3309 925 qualitas
3336 877 3498 917 unum
3521 872 3624 930 est,

2046 940 2318 1007 quantitas
2348 955 2511 994 unum
2540 949 2653 1007 est,
2682 951 2987 1013 caeteraque
3014 945 3081 999 ad
3124 946 3267 1003 hunc
3295 954 3535 1009 modum.
3568 957 3628 1011 Si

2048 1030 2211 1099 igitur
2237 1032 2485 1097 quoniam
2509 1046 2629 1086 esse
2658 1031 2725 1086 de
2754 1034 3004 1091 omnibus
3034 1036 3116 1091 bis
3140 1040 3481 1109 praedicatur,
3512 1061 3621 1100 om-

2046 1120 2193 1174 nium
2218 1135 2384 1188 genus
2410 1123 2513 1176 erit
2538 1137 2664 1178 ens:
2695 1132 2751 1178 et
2777 1140 2963 1193 unum,
3005 1130 3253 1196 quoniam
3286 1132 3352 1187 de
3376 1137 3626 1192 omnibus

2048 1210 2390 1279 praedicatur,
2422 1212 2527 1266 erit
2554 1214 2791 1269 omnium
2821 1231 3014 1287 genus,
3040 1219 3133 1273 sed
3159 1237 3318 1275 unum
3347 1233 3505 1294 atque
3527 1241 3627 1282 ens

2050 1302 2130 1371 (ut
2154 1302 2579 1359 demonstratum
2606 1304 2713 1379 est)
2732 1308 2949 1363 minime
2978 1310 3209 1366 alterum
3234 1313 3386 1369 alteri
3420 1330 3626 1385 praepo-

2046 1396 2216 1459 nitur;
2246 1396 2354 1450 duo
2379 1396 2539 1466 igitur
2562 1400 2785 1469 :equalia
2815 1401 3145 1470 singulorum
3179 1404 3625 1471 praedicamento-

2043 1500 2161 1540 rum
2200 1503 2396 1557 genera
2426 1498 2569 1556 sunt,
2602 1490 2741 1556 quod
2769 1490 2884 1546 ﬂeri
2913 1496 3097 1563 nequit
3128 1510 3143 1549 :
3174 1510 3295 1551 cum
3330 1497 3430 1553 hoc
3462 1500 3625 1569 igitur

2043 1578 2117 1632 ita
2138 1580 2227 1643 sit,
2260 1580 2311 1633 id
2343 1580 2674 1651 Porphyrius
2717 1582 3094 1640 determinavit
3143 1586 3361 1642 dicens:
3407 1604 3513 1644 non
3548 1593 3621 1644 ita

2044 1669 2096 1723 in
2139 1672 2318 1734 rebus,
2350 1680 2411 1725 ut
2456 1673 2509 1727 in
2540 1675 2755 1729 familiis
2793 1678 2973 1731 omnia
3017 1678 3084 1734 ad
3106 1695 3267 1735 unum
3297 1683 3622 1754 principium

2045 1777 2202 1831 posse
2250 1765 2470 1830 deduci,
2530 1782 2628 1821 nec
2676 1769 2912 1823 omnium
2941 1784 3121 1827 rerum
3166 1787 3451 1830 commune
3501 1791 3627 1833 esse

358 1854 503 1907 enim
528 1852 780 1907 difﬁnitio
804 1854 1100 1908 communis
1129 1855 1362 1909 nominis
1382 1857 1655 1922 convenit,
1681 1858 1768 1911 illa
1790 1872 1942 1913 cotn-
1972 1848 2018 1910 Β
2044 1871 2210 1925 genus
2240 1873 2415 1927 posse,
2442 1868 2498 1912 ut
2524 1858 2798 1917 Aristoteli
2824 1862 3025 1932 placet,
3056 1865 3149 1919 sed
3170 1874 3293 1921 sunt
3318 1870 3621 1936 praeposita,

360 1947 536 2001 munis
566 1948 799 2002 nominis
826 1948 946 2016 jure
994 1949 1202 2016 species
1228 1949 1612 2016 iudicabuntur
1637 1990 1651 2012 ,
1682 1960 1737 2005 et
1782 1966 1936 2005 como

360 2040 510 2093 muni
538 2041 629 2093 illo
657 2039 917 2093 vocabulo
937 2040 1163 2095 univoce
1185 2041 1570 2109 praedicantur:
1600 2042 1792 2111 quibus
1808 2057 1936 2097 vero

362 2145 470 2185 non
511 2130 781 2195 convenit,
814 2144 917 2183 vox
951 2130 1036 2184 his
1066 2131 1367 2185 communis
1400 2140 1604 2186 tantum
1655 2143 1762 2198 est,
1792 2132 1934 2187 nulla

360 2232 490 2275 vero
537 2219 853 2274 substantia.
910 2219 968 2274 id
1010 2229 1189 2275 autem
1247 2222 1582 2279 manifestius
1630 2223 1936 2280 declaratur

357 2312 619 2382 exemplis
641 2313 742 2367 hoc
760 2312 949 2367 modo:
975 2314 1182 2368 Animal
1207 2313 1435 2369 hominis
1454 2324 1612 2386 atque
1624 2318 1745 2386 equi
1766 2331 1936 2387 genus

355 2418 477 2459 esse
491 2404 878 2474 pradicamus;
903 2406 1089 2461 demus
1113 2404 1273 2475 igitur
1284 2407 1532 2462 animalis
1554 2406 1930 2465 difﬁnitionem

356 2510 474 2564 qua:
521 2505 607 2551 est
657 2496 957 2553 substantia
989 2500 1219 2554 animata
1270 2499 1577 2567 sensibilis,
1622 2501 1758 2556 hanc
1785 2502 1832 2557 si
1865 2503 1932 2557 ad

356 2585 629 2642 hominem
654 2586 971 2659 reducamus
988 2628 1005 2656 ,
1035 2591 1139 2644 erit
1166 2590 1329 2645 homo
1354 2590 1653 2646 substantia
1698 2592 1930 2648 animata

356 2680 659 2750 sensibilis,
707 2697 805 2738 nec
855 2684 961 2738 ulla
1019 2684 1250 2740 falsitate
1301 2684 1560 2741 difﬁnitio
1610 2687 1928 2744 maculatur.

358 2773 561 2828 Rursus
604 2775 646 2828 si
687 2776 753 2830 ad
775 2791 993 2846 equum,
1024 2779 1125 2833 erit
1152 2793 1323 2849 equus
1367 2778 1667 2835 substantia
1698 2782 1931 2835 animata

362 2866 631 2922 sensibilis
652 2908 666 2931 ,
695 2867 746 2922 id
775 2884 982 2939 quoque
1001 2884 1187 2925 verum
1216 2881 1318 2926 est.
1341 2871 1604 2926 Convenit
1630 2872 1792 2943 igitur
1818 2873 1931 2929 haec

366 2956 619 3013 difﬁnitio
643 2969 697 3013 et
722 2962 970 3031 animali,
1004 2964 1145 3032 quod
1178 2978 1463 3018 commune
1491 2973 1577 3019 est
1608 2964 1812 3019 homini
1844 2974 1926 3021 at-

363 3066 465 3120 que
484 3066 641 3121 equo,
681 3063 734 3107 et
769 3054 956 3109 eadem
980 3069 1119 3125 equo
1148 3066 1309 3125 atque
1336 3056 1540 3111 homini
1570 3072 1689 3128 quae
1716 3059 1930 3127 species

359 3152 626 3210 ponuntur
648 3142 925 3199 animalis:
953 3160 1014 3199 ex
1046 3160 1153 3215 quo
1178 3146 1259 3213 fit,
1303 3156 1358 3201 ut
1385 3148 1548 3202 homo
1575 3156 1736 3219 atque
1762 3163 1932 3218 equus

2037 1950 2230 2019 inquit,
2264 1952 2713 2021 quemadmodum
2742 1955 2795 2008 in
2828 1956 3257 2023 praedicamentis
3282 1957 3485 2014 dictum
3516 1969 3620 2029 est,

2036 2039 2213 2108 prima
2263 2041 2447 2096 decem
2476 2057 2673 2112 genera
2713 2047 2867 2115 quasi
2907 2047 3094 2102 decem
3126 2048 3296 2117 prima
3320 2050 3621 2120 principia,

2036 2129 2241 2186 scilicet
2265 2140 2323 2185 ut
2347 2134 2491 2186 nulla
2522 2133 2731 2188 interim
2754 2137 2891 2190 ratio
2913 2139 3271 2207 perquiratur,
3297 2140 3391 2195 sed
3415 2143 3624 2197 Aristo-

2036 2222 2158 2276 telis
2184 2224 2491 2278 auctoritati
2520 2227 2898 2295 concedentes,
2931 2230 3047 2282 hzcc
3066 2228 3254 2283 decem
3275 2244 3468 2301 genera
3490 2233 3622 2288 nulli

2034 2310 2122 2364 alii
2148 2313 2331 2381 generi
2356 2315 2640 2368 credamus
2667 2330 2789 2370 esse
2819 2316 3081 2385 subjecta,
3111 2333 3233 2387 quae
3259 2319 3306 2373 si
3334 2322 3453 2389 quis
3476 2322 3625 2379 entia

2035 2412 2188 2458 vocet
2217 2406 2489 2473 :rquivoce
2506 2409 2836 2477 nuncupab'it
2852 2448 2868 2474 ,
2888 2424 2995 2465 non
3016 2410 3267 2481 univoce,
3289 2428 3462 2484 neque
3476 2417 3622 2473 enim

2034 2512 2138 2552 una
2168 2512 2352 2552 eorum
2382 2500 2621 2555 omnium
2650 2502 2941 2557 secundum
2971 2518 3258 2560 commune
3289 2520 3487 2563 nomen
3516 2507 3624 2562 dif-

2034 2586 2205 2641 iinitio
2222 2589 2419 2656 poterit
2444 2589 2711 2657 adhiberi,
2744 2606 2866 2662 quas
2894 2608 2984 2649 res
2997 2593 3142 2661 facit,
3168 2604 3226 2650 ut
3254 2611 3361 2652 non
3389 2605 3622 2657 univoce

2032 2676 2103 2733 de
2131 2678 2214 2733 his
2238 2679 2439 2750 aliquid
2470 2682 2809 2752 praedicetur.
2844 2685 2898 2740 Si
2926 2686 3070 2741 enim
3097 2687 3326 2744 univoce
3359 2691 3623 2760 praedica-

2032 2777 2201 2837 retur,
2234 2787 2401 2840 genus
2429 2783 2574 2828 esset
2610 2789 2796 2829 eorum
2825 2791 3112 2833 commune
3140 2794 3334 2835 nomen
3377 2783 3519 2850 quod
3548 2783 3623 2840 de

2030 2864 2282 2918 omnibus
2326 2867 2750 2933 praedicaretur;
2796 2877 2855 2922 at
2878 2869 2925 2923 si
2969 2885 3137 2940 genus
3165 2879 3311 2927 esset
3360 2872 3618 2930 diftinitio

2031 2956 2245 3025 generis
2293 2959 2606 3012 conveniret
2646 2958 2704 3011 in
2731 2960 2974 3029 species,
3018 2962 3162 3030 quod
3208 2962 3332 3031 quia
3360 2976 3467 3017 non
3514 2964 3616 3030 fit,

2032 3061 2318 3102 commune
2355 3049 2437 3103 his
2464 3049 2517 3103 id
2566 3051 2709 3119 quod
2738 3051 2965 3106 dicimus
3009 3066 3137 3117 ens,
3170 3052 3490 3108 vocabulum
3534 3063 3620 3111 est

2034 3142 2181 3195 vocis
2209 3141 2619 3211 signiﬁcatione,
2656 3158 2760 3198 non
2790 3145 2999 3200 ratione
3028 3145 3362 3201 substantiae.

362 3241 581 3305 utraque
626 3236 875 3289 animalia
915 3238 1141 3292 univoce
1169 3237 1545 3305 praedicentur.
1595 3217 1665 3293 At
1715 3240 1762 3294 si
1807 3217 1927 3310 quis
1952 3217 2003 3285 (ἶ
2101 3231 2287 3287 Decem
2325 3234 2527 3304 quidem
2565 3237 2725 3307 igitur
2750 3239 3133 3311 generalissinta
3167 3248 3316 3307 sunt,
3348 3240 3617 3308 specialis-

357 3323 626 3381 bominem
656 3327 851 3397 pictum
884 3327 1260 3398 hominemque
1288 3344 1473 3384 verum
1502 3331 1774 3385 communi
1812 3333 1929 3387 ani-

355 3424 510 3478 malis
534 3426 750 3481 nomine
771 3427 1179 3495 nuncupaverit,
1204 3425 1436 3481 difiiniat
1453 3426 1524 3499 (si
1556 3427 1708 3499 libet)
1731 3428 1927 3484 animal

358 3516 459 3572 hoc
482 3519 668 3585 modo,
701 3519 1052 3574 substantiam
1081 3521 1369 3575 animatam
1408 3535 1528 3576 esse
1572 3531 1731 3591 atque
1759 3521 1929 3578 sensi-

354 3607 534 3663 bilem.
568 3610 673 3666 Sed
703 3610 819 3667 haec
847 3610 1096 3666 diffinitio
1125 3612 1171 3666 ei
1196 3613 1409 3681 quidem
1434 3612 1633 3667 homini
1662 3614 1750 3682 qui
1778 3614 1928 3669 vivus

353 3710 437 3755 est
478 3704 752 3770 convenit,
787 3705 836 3759 ei
867 3720 994 3759 vero
1019 3705 1107 3773 qui
1132 3704 1305 3773 pictus
1332 3714 1434 3771 est,
1468 3705 1720 3761 minime:
1753 3721 1929 3777 neque

351 3791 497 3847 enim
522 3804 606 3847 est
632 3796 863 3847 animata
892 3795 1220 3859 substantia;
1238 3793 1609 3865 igiturhomini
1628 3797 1744 3849 vivo
1765 3805 1927 3866 atque

357 3886 500 3955 picto
526 3883 718 3951 quibus
740 3885 1037 3939 communis
1061 3884 1291 3938 nominis
1320 3885 1589 3953 difﬁnitio,
1626 3886 1677 3940 id
1704 3894 1789 3941 est
1812 3889 1926 3942 ani-

357 3976 521 4032 malis
550 3990 654 4029 uon
684 3984 859 4044 potest
896 3977 1199 4032 convenire.
1238 3977 1353 4031 Non
1406 3988 1489 4031 est
1536 3979 1731 4032 animal
1779 3993 1926 4034 com-

352 4083 521 4123 mune
536 4082 725 4137 genus,
744 4066 840 4122 sed
867 4077 1040 4122 tamen
1060 4083 1343 4124 commune
1367 4068 1682 4123 vocabulum
1707 4068 1920 4136 dicitur,

348 4163 491 4232 quod
523 4162 629 4216 hoc
656 4176 847 4216 nomen
875 4161 1069 4215 animal
1101 4162 1153 4216 in
1184 4162 1306 4216 vivo
1337 4161 1558 4217 homine
1586 4170 1747 4231 atque
1776 4161 1921 4230 picto

347 4271 452 4311 non
478 4264 536 4309 ut
556 4269 744 4323 genus,
771 4254 865 4314 sed
888 4265 943 4307 ut
968 4269 1071 4307 vox
1097 4254 1248 4323 plura
1275 4252 1615 4323 significans:
1648 4269 1753 4308 vox
1775 4254 1918 4310 enim

346 4348 498 4416 plura
529 4347 834 4415 significans
864 4345 1135 4415 tequivoca
1163 4354 1533 4413 nuncupatur,
1565 4346 1705 4399 sicut
1725 4360 1789 4400 ea
1813 4360 1918 4399 vox

346 4452 465 4505 quae
493 4436 664 4506 genus
700 4436 950 4499 ostendit,
983 4435 1206 4490 univoca
1235 4434 1449 4489 dicitur.
1480 4435 1663 4505 Itaque
1693 4435 1744 4489 id
1776 4434 1918 4504 quod

348 4527 540 4582 dicitur
564 4541 662 4581 ens
681 4564 696 4589 ,
724 4525 844 4580 etsi
872 4525 939 4579 de
964 4525 1213 4580 omnibus
1240 4525 1435 4580 dicitur
1464 4526 1915 4594 praedicamentis:

349 4621 597 4689 quoniam
626 4628 799 4673 tamen
830 4619 974 4673 nulla
1004 4619 1119 4687 ejus
1164 4618 1413 4671 diffinitio
1444 4618 1669 4672 inveniri
1697 4627 1875 4687 potesr.
1898 4660 1913 4683 ,

347 4726 465 4780 qua:
508 4710 755 4765 omnibus
778 4710 1208 4779 praedicamentis
1263 4710 1431 4779 possit
1466 4712 1630 4778 aptari
1661 4751 1675 4774 ,
1722 4709 1921 4764 idcirco

347 4819 452 4859 non
481 4806 674 4860 dicitur
695 4807 921 4861 univoce
947 4806 1016 4861 de
1055 4806 1487 4875 praedicamentis
1505 4848 1518 4870 ,
1551 4805 1603 4859 id
1632 4813 1717 4861 est
1742 4814 1799 4859 ut
1820 4820 1916 4875 ge-

348 4908 467 4958 nus,
495 4896 587 4950 sed
632 4897 925 4965 tequivoce,
954 4895 1005 4949 id
1034 4906 1118 4949 est
1162 4905 1220 4949 ut
1263 4910 1362 4949 vox
1392 4896 1543 4965 plura
1586 4895 1913 4964 significans.

343 4985 683 5043 Convincitur
705 4989 806 5043 hac
823 5001 1037 5058 quoque
1064 4988 1272 5043 ratione
1296 4987 1346 5042 id
1366 4987 1508 5056 quod
1535 4988 1760 5042 dicimus
1784 5003 1879 5042 ens
1897 5028 1913 5052 ,

343 5080 870 5147 praedicamentorum
899 5093 1070 5149 genus
1096 5094 1218 5134 esse
1240 5095 1343 5133 non
1368 5094 1556 5149 posse:
1587 5078 1743 5133 unius
1771 5080 1915 5133 enim

341 5172 417 5227 rei
441 5173 549 5227 duo
587 5188 784 5243 genera
808 5188 930 5228 esse
958 5188 1065 5226 non
1091 5183 1335 5242 possunt,
1362 5173 1465 5227 nisi
1492 5173 1722 5227 alterum
1763 5173 1917 5227 alteri

339 5269 681 5337 subjiciatur,
731 5277 789 5321 ut
814 5266 1046 5321 hominis
1074 5282 1244 5336 genus
1274 5273 1359 5320 est
1384 5266 1582 5319 animal
1613 5275 1770 5333 atque
1804 5267 1921 5319 ani-

339 5368 539 5412 matum
562 5374 681 5411 cum
695 5358 887 5414 animal
902 5358 1141 5411 animato
1152 5357 1298 5411 velut
1326 5356 1544 5425 species
1564 5366 1915 5422 supponatur.

341 5451 409 5500 At
431 5448 480 5499 si
503 5448 610 5499 duo
630 5446 841 5501 sibimet
860 5450 932 5502 ita
953 5448 1179 5518 aequalia
1191 5449 1302 5502 sint
1337 5488 1351 5511 ,
1384 5456 1445 5501 ut
1473 5461 1741 5514 nunquam
1761 5448 1915 5502 alteri

338 5542 566 5593 alterum
608 5549 966 5604 supponatur,
1009 5541 1123 5595 haec
1149 5549 1375 5607 utraque
1404 5538 1578 5592 eidem
1609 5538 1802 5605 speciei
1826 5554 1917 5608 ge-

340 5646 464 5686 nera
497 5642 623 5684 esse
650 5642 757 5681 non
789 5639 1031 5695 possunt.
1064 5631 1173 5684 Ens
1209 5630 1370 5701 igitur
1408 5638 1568 5697 atque
1593 5643 1752 5681 unum
1783 5644 1913 5683 neu-

339 5734 476 5778 trum
528 5719 681 5775 alteri
737 5718 1085 5787 supponitur;
1118 5736 1288 5789 neque
1342 5720 1488 5775 enim
1539 5719 1696 5774 unius
1737 5718 1912 5775 dicere

339 5828 621 5877 possumus
651 5825 827 5879 genus
880 5824 1010 5877 ens,
1046 5823 1147 5868 nec
1173 5811 1317 5902 ejus,
1350 5810 1493 5878 quod
1520 5810 1748 5868 dicimus
1779 5826 1912 5879 ens,

2029 3325 2161 3381 sima
2184 3342 2300 3381 vero
2329 3328 2383 3381 in
2412 3341 2624 3380 numero
2655 3328 2861 3397 quidem
2881 3326 3103 3397 quodam
3133 3338 3289 3396 sunt,
3319 3346 3422 3386 non
3449 3340 3617 3386 tamen

2029 3421 2257 3489 inﬁnito.
2296 3420 2574 3475 Individua
2604 3432 2773 3476 autem
2795 3437 2911 3492 qua
2938 3431 3054 3476 sunt
3086 3433 3199 3493 post
3225 3426 3613 3495 specialiuima,

2028 3514 2236 3582 inﬁnita
2265 3524 2383 3570 sunt
2411 3526 2721 3586 quaprOpler
2751 3532 2911 3584 usque
2937 3532 2997 3568 ac
3026 3518 3390 3586 specialissima
3411 3536 3442 3572 a
3469 3536 3618 3590 gene-

2029 3606 2300 3661 ralissimis
2348 3608 2705 3662 descendentes
2749 3608 2958 3676 iubebat
2998 3606 3155 3660 Plato
3196 3612 3469 3678 quiescere.
3512 3609 3617 3665 De-

2031 3698 2271 3751 scendere
2298 3707 2468 3753 autem
2498 3716 2588 3769 per
2612 3700 2781 3752 media
2802 3699 3074 3752 dividendo
3098 3701 3346 3769 speciﬁcis
3368 3701 3616 3769 (li/feren-

2030 3792 2135 3857 tiis,
2162 3794 2364 3860 inﬁnita
2383 3808 2501 3847 vero
2522 3794 2854 3865 relinquenda
2870 3794 3072 3859 suadet,
3102 3809 3260 3864 neque
3283 3797 3417 3849 enim
3438 3811 3611 3851 eorum

2030 3901 2177 3953 posse
2203 3885 2315 3952 ﬁeri
2346 3886 2692 3953 disciplinam.

2102 3973 2362 4041 Quoniam
2412 3974 2713 4043 specierum
2743 3988 2903 4026 nosse
2939 3981 3181 4028 naturam
3216 3974 3283 4028 ad
3313 3983 3616 4032 sectionem

2029 4067 2241 4137 generis
2281 4066 2545 4135 pertinet,
2586 4064 2947 4133 quoniamque
2986 4064 3209 4117 scientia
3238 4063 3447 4118 infinita
3488 4078 3613 4121 esse

2028 4173 2135 4213 non
2166 4168 2338 4227 potest
2371 4158 2571 4228 (nullus
2602 4158 2744 4212 enim
2787 4157 3089 4213 intellectus
3126 4155 3330 4212 inﬁnita
3371 4158 3606 4214 circum-

2029 4249 2166 4319 dat),
2184 4250 2384 4304 idcirco
2401 4250 2468 4305 de
2489 4249 2825 4305 multitudine
2837 4265 3090 4319 generum
3102 4294 3116 4317 ,
3134 4252 3436 4322 specierum
3452 4260 3616 4322 atque

2028 4343 2423 4399 individuorum
2456 4343 2756 4400 rectissima
2784 4346 2992 4399 ratione
3014 4346 3353 4415 persequitur
3379 4344 3563 4399 dicens
3594 4362 3608 4397 :

2028 4435 2411 4506 Supremorum
2443 4453 2696 4507 generum
2729 4454 3011 4493 numerum
3042 4448 3245 4503 notum,
3274 4453 3395 4493 esse
3425 4438 3609 4493 decem

2026 4528 2167 4582 enim
2202 4529 2612 4598 praedicamenta
2655 4531 2722 4584 ab
2768 4530 3058 4584 Aristotele
3089 4545 3207 4585 esse
3238 4539 3448 4598 reperta
3493 4546 3612 4599 qum

2031 4620 2192 4675 rebus
2214 4621 2460 4674 omnibus
2485 4621 2694 4689 generis
2717 4622 2837 4676 loco
2859 4621 3195 4690 praeferenda
3218 4632 3363 4676 sunt.
3394 4621 3612 4683 Species

2033 4727 2163 4767 vero
2208 4714 2376 4766 multo
2424 4714 2603 4781 plures
2641 4729 2762 4768 esse
2810 4730 2965 4781 quam
3022 4729 3216 4781 genera
3244 4754 3257 4777 ,
3312 4727 3437 4765 nam
3490 4726 3613 4768 cum

2031 4803 2220 4858 decem
2276 4817 2524 4871 suprema
2573 4804 2682 4857 sint
2730 4817 2906 4857 rerum
2950 4817 3192 4871 genera,
3243 4818 3467 4872 cumque
3522 4804 3613 4858 uni

2032 4894 2216 4966 generi
2263 4909 2369 4947 non
2424 4909 2531 4948 una
2574 4894 2667 4949 sed
2716 4895 2900 4950 multae
2950 4894 3155 4964 species
3206 4905 3612 4964 supponantur,

2037 4987 2403 5057 proximasque
2445 4986 2653 5057 species
2682 4988 2950 5057 supremis
2991 4986 3277 5056 generibus
3308 4987 3614 5040 subaltcrna

2030 5080 2137 5135 sint
2164 5094 2358 5149 genera
2394 5096 2563 5149 usque
2599 5080 2726 5135 dum
2771 5079 2837 5134 ad
2880 5080 3095 5135 ultimas
3138 5080 3345 5148 species
3390 5078 3614 5129 descen-

2032 5173 2180 5237 dant,
2211 5181 2265 5226 ut
2296 5172 2547 5227 nimirum
2597 5174 2754 5227 unius
2790 5173 3003 5240 generis
3038 5172 3233 5225 multas
3262 5168 3470 5236 species
3514 5179 3613 5218 ne-

2031 5278 2181 5320 cesse
2209 5273 2291 5319 est
2314 5280 2435 5320 esse
2456 5265 2740 5335 utrobique
2766 5264 3004 5319 diffusas.
3030 5260 3453 5329 Specialissimas
3485 5272 3613 5311 vero

2030 5359 2201 5414 multo
2246 5360 2426 5427 plures
2467 5374 2588 5413 esse
2632 5374 2788 5428 quam
2833 5357 3175 5418 subaltcrna,
3225 5350 3471 5421 quoniam
3518 5362 3613 5417 per

2030 5450 2421 5506 multitudinem
2445 5465 2699 5518 generum
2733 5449 3161 5502 subalturnorum
3191 5443 3255 5497 ad
3282 5441 3575 5511 specialissi
3604 5472 3614 5482 ι

2028 5556 2141 5595 mas
2165 5541 2513 5595 descenditur
2534 5540 2743 5607 species
2762 5552 2892 5607 quas
2922 5536 3088 5589 multo
3109 5535 3289 5603 plures
3307 5547 3429 5587 esse
3448 5546 3611 5599 quam

2026 5643 2228 5698 genera
2272 5627 2608 5690 subalterua;
2663 5629 2761 5681 hoc
2810 5625 3040 5680 maxime
3084 5624 3419 5688 ostenditur,
3468 5623 3612 5690 quod

2027 5719 2310 5774 inferiores
2334 5726 2478 5781 sunt,
2506 5727 2561 5771 et
2582 5732 2795 5785 semper
2819 5718 3130 5773 subalterna
3152 5730 3347 5787 genera
3378 5715 3429 5770 in
3457 5719 3619 5785 plura

2019 5809 2258 5879 subjecta
2310 5808 2640 5867 dividuntur.
2690 5811 2884 5868 Decem
2927 5828 3054 5869 vero
3097 5826 3351 5881 generum
3397 5811 3613 5881 species

3564 5949 3605 5983 ,κ
