4244 6254
597 366 694 422 Hi

1831 360 1940 417 ΔΝ.
1982 356 2190 415 MANL.
2230 355 2386 415 θεν.
2427 353 2651 411 BOETII

3780 356 3887 411 H2

597 479 776 537 multo
801 477 983 549 plures
1011 489 1171 546 quam
1216 474 1372 529 unius
1409 473 1649 529 existere
1695 471 2037 529 manifestum
2072 480 2190 537 est,
2218 472 2276 533 Α
2300 468 2482 525 ciebus
2514 464 2762 524 ascendis
2786 466 2851 521 ad
2881 479 3102 537 genera,
3133 464 3526 536 componendo,
3558 464 3813 536 colligere
3832 478 3889 523 et

595 580 962 629 Verumtamen
994 577 1048 625 et
1084 569 1128 623 si
1162 568 1345 638 plures
1375 577 1528 635 sunt,
1561 574 1711 622 certo
1741 574 1918 621 tamen
1962 579 2186 620 numero

594 662 956 725 continentur,
982 674 1144 730 quem
1172 659 1328 714 facile
1353 659 1397 713 si
1420 658 1538 727 quis
1559 656 1812 712 discutiat
1838 656 2187 726 omniumque

594 767 852 823 generum
901 751 1107 820 species
1153 757 1504 819 prosequatur
1546 749 1714 818 possit
1741 762 2054 817 agnoscere.
2098 747 2188 800 ln-

594 840 812 898 dividua
850 857 981 897 vero
1009 855 1129 911 quae
1152 840 1252 895 sub
1281 854 1597 909 unaquaque
1626 840 1807 909 specie
1835 848 1960 894 sunt
1983 838 2188 893 inﬁnita

595 941 744 997 sunt,
767 932 850 988 vel
880 947 947 988 eo
978 932 1121 1002 quod
1154 940 1259 984 tam
1294 930 1457 984 multa
1486 933 1636 993 {sunt
1673 929 2011 997 diversisque
2056 929 2191 984 locis

593 1025 774 1094 posita
802 1065 817 1092 ,
870 1034 927 1079 ut
969 1024 1193 1079 scientia
1237 1036 1571 1090 numeroque
1618 1022 1670 1075 in
1723 1035 1885 1075 unum
1945 1018 2190 1074 concludi

595 1117 1091 1188 comprehendique
1117 1130 1223 1170 non
1255 1115 1426 1184 possit
1472 1113 1556 1169 vel
1579 1114 1721 1182 quod
1760 1114 1812 1167 in
1844 1111 2192 1181 generatione

597 1221 652 1267 et
697 1211 1042 1280 corruptione
1074 1209 1247 1278 posita
1287 1222 1431 1261 nunc
1464 1205 1681 1275 quidem
1729 1203 1993 1273 incipiunt
2029 1216 2149 1257 esse
2176 1245 2191 1271 ,

594 1316 742 1357 nunc
768 1301 1042 1365 desinunt.
1076 1307 1237 1368 atque
1257 1297 1460 1353 idcirco
1483 1310 1732 1366 suprema
1756 1295 1973 1365 quidem
1996 1306 2193 1363 genera

595 1405 650 1449 et
685 1393 988 1448 subalterna
1020 1400 1071 1446 et
1104 1389 1311 1460 Species
1338 1403 1538 1459 easque
1567 1386 1957 1457 specialissime
1986 1397 2193 1438 nuncu-

595 1493 829 1553 pantur:
857 1482 1109 1553 quoniam
1134 1479 1298 1535 ﬁnitae
1328 1489 1454 1535 sunt
1475 1493 1701 1532 numero
1728 1486 1905 1546 potest
1933 1476 2195 1531 terminus

594 1576 837 1631 scientiae
890 1574 1163 1629 includere
1186 1613 1200 1638 ,
1248 1570 1521 1625 individua
1554 1584 1684 1624 vero
1729 1568 1874 1622 nullo
1901 1567 2083 1621 modo.
2114 1564 2197 1618 ld-

594 1667 742 1723 circo
768 1666 928 1733 igitur
944 1665 1093 1718 Plato
1118 1662 1288 1730 magis
1315 1676 1344 1713 a
1365 1660 1653 1729 generibus
1678 1673 1836 1727 quam
1862 1671 1891 1711 a
1910 1655 2195 1726 speciebus

595 1760 738 1817 idem
785 1756 1189 1828 specialissimis
1239 1751 1583 1824 praecipiebat
1628 1749 1803 1804 facere
1862 1749 2192 1811 sectionem,

2295 561 2479 631 plures
2504 560 2555 615 in
2581 558 2882 628 specierum
2908 557 3227 614 differentiis
3255 574 3373 629 quae
3414 559 3643 615 diversa:
3677 560 3893 617 fuerant

2294 652 2702 708 similitudinum
2733 650 3017 721 qualitates
3045 650 3279 706 adunare
3298 650 3350 706 in
3373 652 3657 721 speciebus
3688 670 3699 706 :
3728 652 3890 708 etiam

2291 748 2436 801 idem
2459 743 2797 802 considerari
2828 752 3027 815 potest,
3052 753 3111 799 ut
3138 745 3280 799 enim
3320 744 3438 814 ipsa
3467 743 3742 799 individua
3772 760 3893 814 qua:

2294 846 2421 893 sunt
2450 836 2653 891 inﬁnita
2703 851 2863 890 unam
2899 834 3308 890 similitudinem
3341 834 3750 891 substantialem
3778 835 3894 890 col-

2294 930 2459 1001 ligunt
2480 971 2493 995 ,
2551 930 2621 984 ita
2652 928 2925 983 individua
2963 928 3198 997 speciem
3232 927 3502 997 propriam
3533 925 3741 981 inﬁnite
3777 926 3893 981 dis-

2297 1025 2557 1080 tribuunt.
2585 1021 2775 1078 Omnia
2811 1022 2955 1077 enim
2988 1020 3264 1076 individua
3294 1020 3659 1090 disgregativa
3687 1028 3812 1075 sunt
3838 1027 3895 1074 et

2296 1115 2543 1170 divisiva.
2598 1112 2818 1183 Species
2856 1127 2987 1167 vero
3016 1121 3070 1167 et
3105 1126 3301 1181 genera
3329 1112 3643 1175 collectiva,
3682 1111 3894 1181 species

2296 1207 2512 1276 quidem
2568 1205 2969 1261 individuorum
3022 1205 3301 1260 collectiva
3363 1215 3526 1274 atque
3582 1203 3889 1258 adunativa.

2298 1298 2611 1367 Specierum
2638 1311 2769 1351 vero
2807 1310 3008 1365 genera
3028 1336 3044 1362 ,
3071 1304 3127 1350 ut
3157 1296 3227 1349 ita
3271 1293 3555 1349 dicendum
3590 1294 3695 1359 sit,
3722 1308 3892 1364 genus

2297 1390 2511 1461 quidem
2529 1390 2738 1458 species
2754 1388 3100 1453 distribuunt,
3126 1396 3180 1442 et
3201 1389 3406 1454 species
3432 1387 3500 1442 ab
3530 1385 3814 1441 individuis
3838 1387 3891 1439 in

2297 1481 2700 1536 multitudinem
2732 1480 3069 1535 deducuntur
3104 1497 3116 1533 :
3150 1493 3335 1534 rursus
3367 1488 3544 1533 autem
3582 1492 3749 1548 genus
3771 1477 3891 1546 qni-

2297 1573 2419 1628 dem
2447 1572 2646 1627 multas
2690 1573 2900 1641 species
2924 1570 3149 1640 colligit.
3193 1569 3412 1639 Species
3441 1577 3616 1623 autem
3657 1568 3893 1636 singula-

2298 1680 2413 1720 rem
2444 1663 2934 1735 particularemque
2976 1661 3371 1717 multitudinem
3411 1660 3479 1715 ad
3508 1660 3892 1730 singulm-italis

2298 1754 2517 1810 deducit
2564 1755 2824 1809 unitatem
2845 1795 2860 1815 .
2903 1753 3063 1823 igitur
3092 1754 3209 1822 plus
3236 1767 3404 1823 genus
3434 1751 3778 1806 adunativum
3809 1761 3893 1806 est

596 1864 694 1918 ιθτ
717 1863 782 1903 ea
829 1847 971 1903 εηῖιῐι
1002 1860 1119 1914 ίιιιω
1161 1844 1305 1898 ﬁni"!
1350 1849 1534 1897 essent
1572 1854 1798 1895 ηυίηθτο
1836 1838 2058 1909 illbeb‘“
2099 1835 2195 1891 de“
2224 1840 2273 1901 B
2298 1861 2457 1917 quam
2511 1845 2741 1916 species.
2772 1843 2989 1915 Species
3022 1858 3250 1914 namque
3281 1842 3391 1896 sola
3434 1840 3704 1896 individua
3740 1840 3892 1895 colli-

597 1941 861 1997 scendere
886 1937 1232 2001 dividentem,
1263 1934 1351 1989 ubi
1375 1943 1551 1988 autem
1585 1932 1651 1987 ad
1683 1931 1951 2005 individua
1985 1929 2197 1987 venire-

599 2041 716 2097 tur,
765 2028 1014 2085 standum
1065 2041 1186 2082 esse
1233 2024 1518 2091 suadebat,
1562 2040 1628 2078 ne
1657 2022 1803 2093 quod
1852 2030 2040 2076 natura
2088 2035 2197 2077 non

596 2120 762 2177 ferret
786 2160 801 2185 ,
848 2117 1054 2173 inﬁnita
1086 2117 1391 2186 colligeret,
1415 2115 1487 2168 ita
1520 2128 1647 2168 vero
1674 2127 1871 2181 genera
1902 2113 1957 2166 in
1989 2111 2199 2182 species

599 2209 766 2268 dividi
796 2208 1150 2278 comprobat,
1183 2215 1241 2260 ut
1269 2206 1321 2260 in
1359 2204 1628 2275 specificis
1657 2202 1975 2259 differentiis
2022 2202 2197 2257 solve-

599 2313 806 2363 rentur.
842 2301 1226 2371 Despeciﬁcis
1269 2315 1396 2355 vero
1435 2298 1754 2354 differentiis
1798 2298 1994 2351 melius
2032 2296 2087 2350 in
2132 2310 2199 2351 eo

600 2398 755 2453 titulo
780 2396 869 2452 ubi
898 2395 968 2451 de
997 2392 1303 2449 differentia
1322 2392 1628 2461 disputatur
1658 2405 1721 2445 ac
1747 2388 1947 2458 largius
1969 2387 2201 2443 dissere-

600 2502 745 2544 mus.
775 2488 875 2541 Hie
904 2485 1047 2541 enim
1078 2485 1181 2539 hoc
1219 2491 1424 2537 tantum
1452 2481 1654 2536 dixisse
1684 2479 1915 2535 sufﬁciat
1950 2494 2042 2534 eas
2080 2492 2200 2535 esse

601 2580 882 2651 speciﬁcas
900 2576 1256 2641 differentias,
1283 2574 1477 2644 quibus
1501 2573 1711 2641 species
1737 2572 2113 2635 informantur,
2145 2580 2203 2626 ttt

602 2672 867 2729 rationale
918 2669 1170 2725 mortale.
1202 2665 1459 2722 hominis.
1519 2663 1652 2719 Cum
1701 2664 1861 2733 igitur
1909 2663 2200 2717 dividimus

601 2763 803 2819 animal
835 2760 1097 2817 rationale
1120 2768 1279 2829 atque
1308 2755 1636 2820 irrationale,
1668 2754 1898 2809 mortale
1923 2754 2202 2807 immorta-

603 2858 762 2928 leque
791 2869 1128 2925 separamus,
1159 2862 1466 2923 czetcraqne
1494 2866 1693 2923 genera
1721 2849 1915 2904 talibus
1945 2847 2202 2904 differen-

603 2952 712 3017 tiis,
744 2964 864 3021 quae
889 2949 1163 3021 subiectas
1197 2948 1410 3016 Species
1454 2944 1767 3000 informem.
1801 2942 1952 2997 Plato
1994 2940 2202 2995 censuit

603 3058 725 3099 esse
745 3041 1035 3097 dividenda
1064 3054 1233 3109 usque
1256 3039 1382 3093 dum
1406 3037 1471 3092 ad
1495 3034 1878 3107 specialissima
1904 3033 2199 3100 veniretur,

604 3132 801 3188 dehinc
837 3131 1137 3187 consistere
1166 3144 1268 3185 nec
1297 3128 1501 3183 inﬁnita
1532 3127 1717 3198 sequi,
1762 3127 2013 3196 quoniam
2056 3124 2199 3178 indi-

2299 1940 2399 2010 git.
2441 1937 2623 1994 Genus
2660 1952 2790 1993 vero
2838 1945 2944 1991 tam
2975 1936 3186 2005 species
3210 1949 3368 2004 quam
3413 1936 3652 2003 ipsarum
3681 1947 3892 2003 quoque

2301 2032 2607 2102 specierum
2634 2029 2936 2085 individuas
2963 2028 3235 2084 contrahit
3261 2027 3671 2099 singularesque
3703 2042 3892 2095 perso-

2301 2138 2419 2189 nas,
2456 2123 2548 2179 sed
2586 2124 2639 2177 in
2671 2122 2772 2178 hoc
2814 2122 3154 2178 convenienti
3182 2122 3348 2176 utitur
3384 2122 3630 2190 exemplo
3675 2121 3891 2187 dicens,

2300 2216 2710 2285 participatione
2756 2214 2991 2283 speciei,
3038 2213 3091 2267 id
3122 2222 3204 2269 est
3232 2210 3465 2267 hominis
3498 2211 3660 2277 Cato,
3707 2212 3892 2277 Plato,

2299 2303 2491 2360 Cicero
2515 2304 2798 2373 pluresque
2820 2304 3015 2374 reliqui
3043 2302 3328 2359 homines:
3353 2317 3512 2368 unus,
3540 2302 3593 2357 id
3621 2310 3705 2357 est
3734 2302 3895 2357 millia

2301 2392 2579 2449 hominum
2604 2394 2656 2447 itt
2685 2408 2751 2448 eo
2776 2393 2920 2464 quod
2959 2402 3085 2447 sunt
3113 2392 3391 2457 homines,
3428 2409 3565 2449 unus
3605 2394 3769 2449 homo
3793 2403 3894 2449 est.

2301 2486 2373 2542 At
2402 2501 2529 2540 vero
2557 2494 2643 2541 est
2670 2499 2809 2540 unus
2846 2488 3031 2548 homo,
3061 2485 3150 2554 qui
3182 2485 3433 2555 specialis
3459 2496 3543 2541 est
3562 2526 3577 2551 ,
3622 2485 3667 2539 si
3698 2485 3765 2540 ad
3805 2486 3895 2540 'uo-

2305 2577 2514 2633 uinum
2536 2575 2935 2632 multitudinem
2965 2577 3057 2646 qui
3078 2577 3177 2632 sub
3200 2577 3316 2648 ipso
3346 2586 3473 2632 sunt
3503 2577 3894 2646 consideretur,
3962 2606 3967 2609 -

2305 2668 2489 2738 plures
2519 2669 2673 2732 fiunt,
2704 2669 2777 2722 ita
2798 2678 2852 2723 et
2880 2667 3063 2739 plures
3086 2667 3332 2723 homines
3352 2668 3405 2722 in
3430 2668 3651 2736 Speciali
3683 2669 3894 2725 homins

2310 2775 2452 2814 unus
2478 2768 2580 2815 est.
2614 2760 2681 2814 Et
2708 2759 2978 2829 specialis,
3022 2775 3159 2815 unus
3183 2769 3269 2816 est
3296 2761 3345 2815 in
3372 2761 3613 2830 pluribus
3641 2761 3894 2817 inﬁnitus.

2305 2851 2396 2908 Sic
2441 2851 2599 2920 igitur
2629 2851 2767 2918 quod
2799 2852 3069 2921 singulare
3098 2851 3312 2922 quidem
3353 2862 3438 2909 est
3467 2852 3755 2908 divisivum
3782 2860 3895 2918 est,

2306 2945 2447 3017 quod
2477 2960 2762 2999 commune
2790 2960 2917 2999 vero
2946 2946 3202 3014 quoniam
3236 2947 3521 3023 multorum
3566 2963 3731 3002 unum
3784 2956 3897 3011 est,

2308 3047 2363 3092 ut
2388 3052 2554 3107 genus
2587 3051 2649 3090 ac
2676 3036 2888 3104 species
2907 3080 2922 3103 ,
2950 3035 3292 3091 collectivum
3339 3046 3505 3107 atque
3531 3038 3897 3093 adunativum.

2380 3130 2652 3200 Assignato
2676 3138 2845 3182 autem
2869 3143 3071 3199 genere,
3099 3130 3263 3196 specie
3283 3131 3409 3198 quid
3441 3132 3504 3183 sit
3528 3140 3826 3200 utrumque,
3853 3137 3897 3183 et

604 3226 884 3283 viduorum
911 3238 1181 3293 nunquam
1205 3229 1474 3276 essetnec
1496 3220 1777 3289 disciplina
1801 3234 1901 3274 nec
1916 3232 2192 3273 numerus.
2226 3215 2273 3280 C
2303 3236 2487 3293 genere
2506 3220 2711 3291 quidem
2732 3236 2835 3274 uno
2865 3220 3135 3285 existente,
3177 3221 3439 3291 speciebus
3469 3238 3585 3277 vero
3623 3221 3899 3291 pluribus:

678 3315 1109 3370 Descendentibus
1138 3313 1294 3383 igitur
1328 3313 1396 3364 ad
1438 3311 1811 3379 specialissima
1856 3326 2058 3365 necesse
2088 3318 2198 3380 est,

606 3405 877 3461 dividendo
905 3420 995 3475 per
1018 3402 1404 3471 multitudinem
1433 3401 1528 3455 ire.
1560 3400 1959 3456 Ascendentibus
1993 3417 2108 3454 vero
2133 3401 2200 3455 ad

607 3494 988 3569 generalissima
1040 3508 1239 3547 necesse
1284 3499 1358 3544 est
1414 3490 1654 3561 colligere
1703 3478 2085 3545 multitudinem
2150 3492 2203 3545 in

607 3603 766 3641 unum
798 3601 817 3641 :
844 3584 1165 3640 collectivum
1204 3584 1340 3638 enim
1365 3585 1645 3638 multorum
1680 3584 1733 3637 in
1766 3599 1921 3637 unam
1964 3593 2202 3637 naturam

609 3678 799 3748 species
824 3687 918 3744 est,
954 3686 1001 3731 et
1022 3678 1185 3746 magis
1224 3676 1379 3730 etiam
1408 3691 1585 3746 genus.
1619 3673 1968 3728 Particularia
2008 3691 2124 3728 vero
2156 3685 2204 3730 et

609 3770 898 3841 singularia
945 3789 972 3824 e
1001 3770 1284 3837 contrario,
1334 3768 1389 3822 in
1438 3768 1814 3822 multitudinem
1860 3785 2057 3839 semper
2077 3769 2205 3823 divis

608 3866 742 3921 dunt
788 3865 843 3919 id
873 3866 1010 3935 quod
1048 3881 1205 3919 unum
1234 3873 1337 3930 est,
1372 3863 1764 3934 participatione
1805 3863 1939 3917 enim
1980 3863 2203 3934 speciei,

610 3956 782 4028 plures
835 3956 1093 4023 homines,
1136 3964 1255 4010 sunt
1299 3971 1434 4009 unus
1483 3954 1633 4009 homo
1659 3999 1673 4023 ,
1721 3954 1774 4007 in
1811 3953 2205 4023 particularibus

610 4057 850 4104 autemet
876 4048 1244 4123 singularibus,
1277 4065 1411 4104 unus
1447 4058 1492 4104 et
1522 4049 2045 4121 communis,plures;
2078 4049 2208 4104 divi-

609 4142 771 4195 sivum
797 4142 930 4196 enim
963 4150 1037 4195 est
1068 4157 1262 4211 semper
1293 4141 1431 4210 quod
1457 4140 1716 4210 singulare
1744 4151 1849 4210 est,
1888 4140 2206 4196 collectivum

610 4239 779 4285 autem
809 4238 855 4285 et
877 4231 1212 4283 adunativum
1230 4230 1369 4299 quod
1398 4244 1663 4283 commune
1682 4241 1776 4284 est.

625 4354 632 4363 ν
683 4321 932 4377 Dividere
978 4321 1120 4375 enim
1160 4328 1246 4375 est
1298 4321 1353 4375 in
1398 4304 1794 4374 mUltitudinem
1847 4320 1988 4389 quod
2040 4336 2203 4376 unum

610 4423 736 4468 ante
767 4412 939 4469 fuerat
967 4412 1290 4468 dissolvere.
1330 4412 1623 4481 Omnisque
1662 4412 1860 4468 divisio
1898 4415 2205 4470 econtrario

608 4502 1056 4572 compositionem
1099 4502 1645 4574 conjunctiouemque
1692 4503 2003 4561 meditatur.
2051 4506 2204 4574 Quod

2304 3327 2503 3382 semper
2522 3314 2655 3367 enim
2679 3311 2858 3365 divisio
2887 3312 3083 3382 generis
3103 3312 3156 3365 in
3185 3312 3376 3380 species
3405 3312 3572 3383 plures
3594 3322 3701 3379 est,
3734 3329 3897 3383 genus

2307 3404 2515 3475 quidem
2539 3419 2736 3475 semper
2765 3403 2828 3456 de
2864 3404 3127 3471 speciebus
3150 3404 3481 3472 prmdicatur,
3519 3413 3565 3459 et
3610 3404 3783 3459 omnia
3817 3422 3904 3459 su-

2308 3496 2511 3566 periora
2539 3497 2601 3548 de
2639 3494 2996 3564 inferioribus,
3029 3496 3218 3566 species
3249 3505 3420 3551 autent
3450 3512 3610 3564 neque
3636 3497 3700 3551 de
3730 3500 3903 3569 proxi-

2309 3605 2392 3642 mo
2413 3587 2508 3641 sibi
2530 3603 2745 3657 genere,
2779 3603 2939 3658 neque
2959 3588 3021 3642 de
3041 3589 3409 3657 superioribus,
3437 3606 3596 3660 neque
3623 3592 3756 3645 enim
3786 3608 3902 3646 con.

2306 3680 2538 3735 vertitur.
2565 3679 2779 3747 Oportet
2807 3680 2942 3733 enim
2975 3690 3065 3734 aut
3088 3697 3235 3750 requa
3256 3682 3319 3735 de
3346 3683 3500 3753 a'quis
3521 3684 3793 3753 pradicari
3811 3724 3826 3750 ,
3850 3692 3903 3738 ut

2309 3771 2556 3825 hinnibile
2583 3772 2645 3825 de
2668 3787 2816 3841 equo,
2841 3780 2930 3824 aut
2963 3776 3165 3845 majora
3186 3774 3248 3828 de
3270 3775 3552 3829 minoribus
3571 3817 3587 3840 ,
3622 3785 3673 3828 ut
3707 3776 3902 3831 animal

2310 3863 2374 3918 de
2404 3864 2635 3929 homine,
2685 3865 2885 3919 minora
2911 3881 3028 3920 vero
3058 3866 3122 3919 de
3157 3867 3474 3936 majoribus,
3504 3868 3709 3922 minime
3756 3887 3776 3924 :
3813 3884 3903 3923 nec

2309 3958 2444 4011 enim
2469 3957 2665 4011 animal
2696 3957 2824 4011 dicis
2865 3974 2969 4012 esse
2996 3959 3284 4027 hominem,
3314 3962 3747 4030 quemadmodum
3777 3963 3903 4022 dicit

2309 4048 2571 4103 hominem
2592 4049 2821 4116 animal,
2849 4049 2912 4103 de
2942 4050 3125 4120 quibus
3154 4060 3321 4106 autem
3351 4054 3542 4122 species
3572 4055 3902 4124 pra’dicatur,

2311 4141 2375 4194 de
2402 4140 2481 4196 his
2513 4142 2800 4195 necessario
2829 4149 2877 4194 et
2904 4142 3092 4210 speciei
3118 4159 3275 4214 genus
3302 4144 3615 4214 pra‘dicatur
3637 4154 3684 4199 et
3706 4148 3903 4217 generis

2308 4249 2500 4304 genus,
2533 4249 2693 4301 usque
2720 4223 2790 4286 ad
2840 4232 3301 4303 generalissimum.
3336 4234 3398 4304 Si
3435 4238 3571 4291 enim
3610 4254 3785 4291 verum
3832 4249 3903 4294 est

2311 4324 2481 4378 dicere
2525 4339 2543 4378 :
2576 4323 2846 4378 Socratem
2871 4324 3128 4379 hominem
3149 4367 3163 4391 ,
3189 4326 3446 4381 hominem
3471 4340 3640 4384 autem
3671 4330 3863 4383 animal
3885 4370 3903 4397 ,

2308 4418 2504 4473 animal
2536 4434 2653 4473 vero
2679 4417 3046 4487 substantiam,
3076 4435 3248 4473 verum
3292 4431 3365 4475 est
3407 4419 3672 4476 Socratem
3711 4422 3905 4476 animal

2310 4510 2478 4565 dicere
2504 4519 2660 4580 atque
2684 4511 3022 4565 substantiam
3054 4526 3072 4563 :
3092 4524 3288 4580 semper
3308 4513 3467 4584 igitur
3495 4530 3609 4567 cum
3638 4515 3903 4584 superiora

607 4596 753 4652 enim
786 4611 906 4652 cum
937 4597 1008 4653 sit
1041 4612 1204 4653 unum
1243 4596 1610 4669 dispartiendo
1652 4598 1926 4666 dividitur,
1974 4601 2204 4672 idipsum
2231 4604 2286 4666 D
2309 4604 2372 4657 de
2398 4603 2729 4673 inferioribus
2764 4604 3129 4673 prwdicettlur,
3165 4604 3356 4674 species
3386 4605 3594 4674 quidem
3624 4607 3686 4658 de
3718 4606 3904 4660 indivi-

607 4701 678 4743 ex
711 4687 953 4757 pluribus
994 4704 1183 4747 rursus
1222 4690 1463 4760 partibus
1507 4690 1796 4748 adunando
1839 4695 2201 4766 componitur.

606 4776 679 4832 Ut
707 4779 868 4845 igitur
893 4783 1140 4848 superius
1170 4782 1373 4840 dictum
1419 4792 1521 4846 est,
1555 4783 1951 4840 individuorum
1983 4786 2200 4856 quidem

606 4868 1013 4924 similitudinem
1046 4872 1254 4939 species
1280 4873 1498 4939 colligit.
1529 4874 1842 4941 Specierum
1875 4891 2003 4929 vero
2035 4893 2203 4946 genus

607 4957 902 5015 similitudo
942 4966 1119 5014 autem
1151 4959 1286 5014 nihil
1314 4967 1399 5015 est
1431 4960 1575 5014 aliud
1616 4962 1721 5017 nisi
1743 4964 1989 5032 quaedam
2026 4966 2203 5021 unitas

606 5052 915 5124 qualitatis,
946 5065 1075 5121 ergo
1120 5052 1526 5108 substantialem
1564 5053 1973 5112 similitudinem
2006 5057 2203 5113 indivi-

607 5149 837 5203 duorum
882 5146 1089 5216 species
1119 5144 1375 5214 colligere
1407 5145 1749 5202 manifestum
1796 5156 1900 5202 est.
1939 5147 2200 5204 Substan-

607 5239 788 5294 tialem
816 5253 944 5294 vero
979 5236 1385 5294 similitudinem
1427 5240 1729 5308 specierum
1759 5255 1959 5311 genera
1985 5251 2203 5298 contra-

606 5330 744 5385 hunt
765 5369 782 5397 ,
825 5338 881 5386 et
904 5330 971 5386 ad
998 5330 1175 5402 seipsa
1201 5329 1488 5386 reducunt.
1515 5330 1722 5387 Rursus
1753 5333 1968 5402 generis
1996 5332 2203 5389 aduna-

609 5420 810 5476 tionem
840 5420 1155 5479 differentiae
1180 5421 1508 5479 distribuunt
1544 5422 1599 5479 in
1623 5424 1863 5494 species,
1892 5426 2202 5499 specieique

608 5511 991 5569 adunationem
1042 5514 1097 5569 in
1147 5514 1446 5586 singulares
1485 5514 1894 5588 individuasque
1936 5532 2197 5587 personas

608 5604 905 5661 accidentia
932 5608 1253 5676 partiuntur.
1277 5607 1408 5665 Cum
1437 5610 1597 5681 igitur
1626 5610 1729 5667 hoc
1758 5613 1829 5667 ita
1858 5613 1948 5679 sit,
1981 5627 2201 5669 necesse

608 5706 694 5755 est
720 5710 934 5768 semper
954 5713 1075 5755 cum
1104 5715 1135 5755 a
1162 5715 1361 5769 genere
1385 5700 1673 5759 descendis
1699 5704 1767 5758 ad
1794 5705 2034 5774 species,
2065 5704 2203 5759 divi-

613 5789 810 5864 dendo,
832 5804 1047 5865 semper
1074 5791 1251 5853 facere
1271 5791 1688 5857 multitudinem.
1712 5792 1845 5855 Cum
1875 5809 2004 5853 vero
2025 5811 2055 5855 a
2077 5810 2202 5869 spe-

2308 4695 2411 4750 duo
2441 4695 2828 4766 prwdicabitur,
2858 4712 3016 4767 genus
3039 4702 3211 4751 autem
3237 4706 3286 4751 et
3320 4697 3383 4752 de
3404 4700 3571 4767 specie
3598 4709 3643 4752 et
3671 4698 3733 4752 de
3768 4700 3904 4753 indi-

2308 4788 2502 4853 viduo;
2530 4787 2967 4859 generalissimum
2992 4796 3163 4841 autem
3194 4798 3240 4840 et
3267 4789 3332 4842 de
3354 4805 3553 4860 genere,
3588 4789 3721 4844 etde
3754 4806 3904 4861 gene-

2309 4880 2470 4943 ribus,
2496 4879 2539 4932 si
2562 4878 2715 4950 plura
2736 4887 2855 4933 sunt
2876 4878 3045 4932 media
3065 4888 3112 4931 et
3140 4877 3458 4947 subalterna,
3489 4880 3619 4933 etde
3642 4882 3829 4949 specie,
3856 4890 3905 4934 et

2308 4969 2371 5023 de
2392 4969 2659 5023 individuo
2694 4984 2711 5022 :
2748 4970 2935 5021 dicitur
2964 4970 3102 5023 enim
3134 4972 3573 5041 generalissimum
3606 4972 3811 5037 quidem
3837 4973 3903 5025 de

2310 5058 2543 5113 omnibus
2577 5058 2669 5110 sub
2692 5074 2745 5111 se
2774 5058 2954 5129 positis
2984 5062 3255 5130 generibus
3276 5070 3322 5116 et
3348 5062 3604 5128 speciebus
3642 5070 3688 5112 et
3711 5061 3902 5115 indiui-

2309 5149 2455 5215 duis;
2508 5166 2668 5221 genus
2711 5161 2882 5206 autem
2920 5154 3057 5221 quod
3086 5164 3203 5207 ante
3241 5152 3662 5221 specialissimum
3689 5162 3795 5219 est,
3839 5154 3903 5208 de

2307 5241 2539 5295 omnibus
2573 5242 2959 5312 specialissimis
3003 5252 3049 5298 et
3098 5245 3163 5297 de
3189 5242 3495 5306 individuis,
3535 5241 3703 5296 solum
3733 5254 3902 5300 autem

2307 5333 2497 5403 species
2524 5333 2587 5388 de
2610 5334 2841 5389 omnibus
2870 5335 3175 5397 individuis,
3207 5333 3529 5388 individuum
3569 5346 3737 5390 autent
3769 5354 3901 5407 prte-

2310 5427 2511 5482 dicatur
2533 5429 2597 5483 de
2618 5446 2720 5483 uno
2754 5429 2865 5485 solo
2893 5428 3217 5498 particulari.
3253 5425 3591 5482 Individuum
3624 5441 3794 5484 autem
3821 5430 3900 5482 di-

2310 5520 2441 5573 citur
2482 5519 2750 5588 Socrates,
2793 5530 2837 5575 et
2864 5520 2957 5572 hoc
2980 5517 3182 5584 album,
3227 5526 3272 5573 et
3315 5519 3395 5572 hic
3434 5521 3636 5577 veniens
3668 5522 3900 5593 Saphra-

2308 5612 2437 5666 nisci
2460 5611 2632 5681 ﬁlius,
2655 5612 2698 5667 si
2725 5610 2861 5666 solus
2890 5611 2955 5664 sit
2981 5609 3028 5663 ei
3057 5608 3296 5666 Socrates
3325 5612 3484 5679 ﬁlius.

2380 5698 2624 5760 Breviter
2666 5715 3001 5774 quaecunque
3040 5703 3286 5771 superius
3312 5703 3453 5759 dicta
3496 5714 3622 5758 sunt
3662 5720 3899 5759 comme-

2308 5806 2485 5857 morat
2509 5798 2613 5857 hoc
2640 5797 2838 5859 modo;
2869 5795 3025 5897 Cum,
3058 5795 3251 5871 inquit,
3290 5796 3742 5869 assignaverimus
3772 5798 3899 5873 quid

2796 5961 2913 5989 *κγ’
