  <div class='ocr_page' id='page_1' title='image "/cluster/home/n/w/nwhite01/storage/ocr_20150623/64/hvd.32044073505265/062.png"; bbox 0 0 4244 6254; ppageno 0'>
   <div class='ocr_carea' id='block_1_1' title="bbox 341 419 442 476">
    <p class='ocr_par' dir='ltr' id='par_1_1' title="bbox 341 419 442 476">
     <span class='ocr_line' id='line_1_1' title="bbox 341 419 442 476; baseline -0.02 0"><span class='ocrx_word' id='word_1_1' title='bbox 341 419 442 476; x_wconf 69' lang='grc'><strong>115</strong></span> 
     </span>
    </p>
   </div>
   <div class='ocr_carea' id='block_1_2' title="bbox 1268 404 2795 470">
    <p class='ocr_par' dir='ltr' id='par_1_2' title="bbox 1268 404 2795 470">
     <span class='ocr_line' id='line_1_2' title="bbox 1268 404 2795 470; baseline -0.003 -1"><span class='ocrx_word' id='word_1_2' title='bbox 1268 411 1336 469; x_wconf 84' lang='grc' dir='ltr'>ΙΝ</span> <span class='ocrx_word' id='word_1_3' title='bbox 1372 408 1817 470; x_wconf 81' lang='lat' dir='ltr'><strong>PORPHYRIUM</strong></span> <span class='ocrx_word' id='word_1_4' title='bbox 1854 404 2501 466; x_wconf 76' lang='lat' dir='ltr'><strong>COMMENTARIORUM</strong></span> <span class='ocrx_word' id='word_1_5' title='bbox 2539 407 2668 464; x_wconf 88' lang='lat' dir='ltr'><strong>LIB.</strong></span> <span class='ocrx_word' id='word_1_6' title='bbox 2709 406 2795 464; x_wconf 90' lang='lat' dir='ltr'><strong>IIl.</strong></span> 
     </span>
    </p>
   </div>
   <div class='ocr_carea' id='block_1_3' title="bbox 3521 413 3622 467">
    <p class='ocr_par' dir='ltr' id='par_1_3' title="bbox 3521 413 3622 467">
     <span class='ocr_line' id='line_1_3' title="bbox 3521 413 3622 467; baseline 0 0"><span class='ocrx_word' id='word_1_7' title='bbox 3521 413 3622 467; x_wconf 73' lang='lat' dir='ltr'><strong>IN</strong></span> 
     </span>
    </p>
   </div>
   <div class='ocr_carea' id='block_1_4' title="bbox 340 509 3639 604">
    <p class='ocr_par' dir='ltr' id='par_1_4' title="bbox 340 509 3639 604">
     <span class='ocr_line' id='line_1_4' title="bbox 340 509 3639 604; baseline -0.001 -14"><span class='ocrx_word' id='word_1_8' title='bbox 340 535 410 590; x_wconf 99' lang='lat' dir='ltr'><strong>sit</strong></span> <span class='ocrx_word' id='word_1_9' title='bbox 437 548 640 604; x_wconf 87' lang='lat' dir='ltr'><strong>genus,</strong></span> <span class='ocrx_word' id='word_1_10' title='bbox 680 540 733 590; x_wconf 88' lang='lat' dir='ltr'><strong>et</strong></span> <span class='ocrx_word' id='word_1_11' title='bbox 760 531 882 604; x_wconf 91' lang='lat' dir='ltr'><strong>quid</strong></span> <span class='ocrx_word' id='word_1_12' title='bbox 924 531 1133 602; x_wconf 84' lang='lat' dir='ltr'><strong>species</strong></span> <span class='ocrx_word' id='word_1_13' title='bbox 1175 543 1186 584; x_wconf 92' lang='lat'>:</span> <span class='ocrx_word' id='word_1_14' title='bbox 1228 543 1454 599; x_wconf 92' lang='lat' dir='ltr'><strong>eumque</strong></span> <span class='ocrx_word' id='word_1_15' title='bbox 1492 528 1604 583; x_wconf 85' lang='lat' dir='ltr'><strong>suis</strong></span> <span class='ocrx_word' id='word_1_16' title='bbox 1650 527 1810 582; x_wconf 82' lang='lat' dir='ltr'><strong>etiam</strong></span> <span class='ocrx_word' id='word_1_17' title='bbox 1865 541 1926 581; x_wconf 91' lang='lat' dir='ltr'><strong>ea</strong></span> <span class='ocrx_word' id='word_1_18' title='bbox 1957 523 2416 596; x_wconf 69' lang='lat' dir='ltr'><strong>Aprzcdicantur,</strong></span> <span class='ocrx_word' id='word_1_19' title='bbox 2459 531 2519 579; x_wconf 90' lang='lat' dir='ltr'><strong>ut</strong></span> <span class='ocrx_word' id='word_1_20' title='bbox 2561 523 2808 579; x_wconf 79' lang='lat' dir='ltr'><strong>Socrates</strong></span> <span class='ocrx_word' id='word_1_21' title='bbox 2857 533 2910 580; x_wconf 90' lang='lat' dir='ltr'><strong>et</strong></span> <span class='ocrx_word' id='word_1_22' title='bbox 2959 525 3136 594; x_wconf 88' lang='lat' dir='ltr'><strong>Plato,</strong></span> <span class='ocrx_word' id='word_1_23' title='bbox 3186 541 3354 598; x_wconf 90' lang='lat' dir='ltr'><strong>eaque</strong></span> <span class='ocrx_word' id='word_1_24' title='bbox 3390 509 3639 587; x_wconf 74' lang='lat' dir='ltr'><strong>maxime</strong></span> 
     </span>
    </p>
   </div>
   <div class='ocr_carea' id='block_1_5' title="bbox 345 622 1934 694">
    <p class='ocr_par' dir='ltr' id='par_1_5' title="bbox 345 622 1934 694">
     <span class='ocr_line' id='line_1_5' title="bbox 345 622 1934 694; baseline -0.003 -13"><span class='ocrx_word' id='word_1_25' title='bbox 345 626 757 681; x_wconf 73' lang='lat' dir='ltr'><strong>dil’llnitionibus</strong></span> <span class='ocrx_word' id='word_1_26' title='bbox 836 623 1404 694; x_wconf 88' lang='lat' dir='ltr'><strong>comprehenderimus</strong></span> <span class='ocrx_word' id='word_1_27' title='bbox 1485 622 1934 690; x_wconf 87' lang='lat' dir='ltr'><strong>docuerimusque</strong></span> 
     </span>
    </p>
   </div>
   <div class='ocr_carea' id='block_1_6' title="bbox 351 711 1931 787">
    <p class='ocr_par' dir='ltr' id='par_1_6' title="bbox 351 711 1931 787">
     <span class='ocr_line' id='line_1_6' title="bbox 351 711 1931 787; baseline -0.004 -16"><span class='ocrx_word' id='word_1_28' title='bbox 351 733 524 787; x_wconf 85' lang='lat' dir='ltr'><strong>genus</strong></span> <span class='ocrx_word' id='word_1_29' title='bbox 556 731 760 787; x_wconf 83' lang='lat' dir='ltr'><strong>semper</strong></span> <span class='ocrx_word' id='word_1_30' title='bbox 781 716 833 770; x_wconf 91' lang='lat' dir='ltr'><strong>in</strong></span> <span class='ocrx_word' id='word_1_31' title='bbox 857 715 1116 785; x_wconf 84' lang='lat' dir='ltr'><strong>plurimas</strong></span> <span class='ocrx_word' id='word_1_32' title='bbox 1148 713 1351 784; x_wconf 87' lang='lat' dir='ltr'><strong>species</strong></span> <span class='ocrx_word' id='word_1_33' title='bbox 1376 713 1531 779; x_wconf 89' lang='lat' dir='ltr'><strong>solvi,</strong></span> <span class='ocrx_word' id='word_1_34' title='bbox 1564 712 1716 778; x_wconf 92' lang='lat' dir='ltr'><strong>illud,</strong></span> <span class='ocrx_word' id='word_1_35' title='bbox 1740 711 1931 780; x_wconf 91' lang='lat' dir='ltr'><strong>inquit,</strong></span> 
     </span>
    </p>
   </div>
   <div class='ocr_carea' id='block_1_7' title="bbox 352 804 1932 882">
    <p class='ocr_par' dir='ltr' id='par_1_7' title="bbox 352 804 1932 882">
     <span class='ocr_line' id='line_1_7' title="bbox 352 804 1932 882; baseline -0.006 -15"><span class='ocrx_word' id='word_1_36' title='bbox 352 811 720 882; x_wconf 83' lang='lat' dir='ltr'><strong>adjungimus,</strong></span> <span class='ocrx_word' id='word_1_37' title='bbox 750 809 1003 880; x_wconf 89' lang='lat' dir='ltr'><strong>quoniam</strong></span> <span class='ocrx_word' id='word_1_38' title='bbox 1046 809 1223 863; x_wconf 89' lang='lat' dir='ltr'><strong>omnia</strong></span> <span class='ocrx_word' id='word_1_39' title='bbox 1257 807 1533 878; x_wconf 81' lang='lat' dir='ltr'><strong>superiora</strong></span> <span class='ocrx_word' id='word_1_40' title='bbox 1578 806 1644 861; x_wconf 92' lang='lat' dir='ltr'><strong>de</strong></span> <span class='ocrx_word' id='word_1_41' title='bbox 1668 804 1932 860; x_wconf 79' lang='lat' dir='ltr'><strong>inferiori-</strong></span> 
     </span>
    </p>
   </div>
   <div class='ocr_carea' id='block_1_8' title="bbox 354 898 1936 973">
    <p class='ocr_par' dir='ltr' id='par_1_8' title="bbox 354 898 1936 973">
     <span class='ocr_line' id='line_1_8' title="bbox 354 898 1936 973; baseline -0.006 -14"><span class='ocrx_word' id='word_1_42' title='bbox 354 903 456 959; x_wconf 90' lang='lat' dir='ltr'><strong>bus</strong></span> <span class='ocrx_word' id='word_1_43' title='bbox 501 902 879 973; x_wconf 84' lang='lat' dir='ltr'><strong>praedicantur,</strong></span> <span class='ocrx_word' id='word_1_44' title='bbox 912 899 1167 956; x_wconf 78' lang='lat' dir='ltr'><strong>inferiora</strong></span> <span class='ocrx_word' id='word_1_45' title='bbox 1199 900 1267 955; x_wconf 92' lang='lat' dir='ltr'><strong>de</strong></span> <span class='ocrx_word' id='word_1_46' title='bbox 1296 900 1663 969; x_wconf 87' lang='lat' dir='ltr'><strong>superioribus</strong></span> <span class='ocrx_word' id='word_1_47' title='bbox 1696 898 1936 952; x_wconf 90' lang='lat' dir='ltr'><strong>minime.</strong></span> 
     </span>
    </p>
   </div>
   <div class='ocr_carea' id='block_1_9' title="bbox 351 991 1938 1066">
    <p class='ocr_par' dir='ltr' id='par_1_9' title="bbox 351 991 1938 1066">
     <span class='ocr_line' id='line_1_9' title="bbox 351 991 1938 1066; baseline -0.004 -14"><span class='ocrx_word' id='word_1_48' title='bbox 351 997 418 1052; x_wconf 85' lang='lat' dir='ltr'><strong>Et</strong></span> <span class='ocrx_word' id='word_1_49' title='bbox 453 1012 513 1052; x_wconf 90' lang='lat' dir='ltr'><strong>ea</strong></span> <span class='ocrx_word' id='word_1_50' title='bbox 555 1011 668 1066; x_wconf 76' lang='lat' dir='ltr'><strong>qua:</strong></span> <span class='ocrx_word' id='word_1_51' title='bbox 712 1004 838 1050; x_wconf 90' lang='lat' dir='ltr'><strong>sunt</strong></span> <span class='ocrx_word' id='word_1_52' title='bbox 879 995 1031 1050; x_wconf 84' lang='lat' dir='ltr'><strong>utilia</strong></span> <span class='ocrx_word' id='word_1_53' title='bbox 1077 994 1142 1048; x_wconf 90' lang='lat' dir='ltr'><strong>de</strong></span> <span class='ocrx_word' id='word_1_54' title='bbox 1194 993 1589 1064; x_wconf 72' lang='lat' dir='ltr'><strong>prmdicationis</strong></span> <span class='ocrx_word' id='word_1_55' title='bbox 1630 991 1789 1047; x_wconf 87' lang='lat' dir='ltr'><strong>modo</strong></span> <span class='ocrx_word' id='word_1_56' title='bbox 1833 993 1938 1046; x_wconf 88' lang='lat' dir='ltr'><strong>rite</strong></span> 
     </span>
    </p>
   </div>
   <div class='ocr_carea' id='block_1_10' title="bbox 350 1082 1937 1157">
    <p class='ocr_par' dir='ltr' id='par_1_10' title="bbox 350 1082 1937 1157">
     <span class='ocr_line' id='line_1_10' title="bbox 350 1082 1937 1157; baseline -0.003 -15"><span class='ocrx_word' id='word_1_57' title='bbox 350 1095 661 1157; x_wconf 82' lang='lat' dir='ltr'><strong>pertractat.</strong></span> <span class='ocrx_word' id='word_1_58' title='bbox 693 1084 939 1141; x_wconf 89' lang='lat' dir='ltr'><strong>Ostendit</strong></span> <span class='ocrx_word' id='word_1_59' title='bbox 971 1093 1147 1139; x_wconf 90' lang='lat' dir='ltr'><strong>autem</strong></span> <span class='ocrx_word' id='word_1_60' title='bbox 1179 1100 1338 1138; x_wconf 92' lang='lat' dir='ltr'><strong>unum</strong></span> <span class='ocrx_word' id='word_1_61' title='bbox 1366 1098 1532 1154; x_wconf 90' lang='lat' dir='ltr'><strong>genus</strong></span> <span class='ocrx_word' id='word_1_62' title='bbox 1581 1084 1632 1137; x_wconf 95' lang='lat' dir='ltr'><strong>in</strong></span> <span class='ocrx_word' id='word_1_63' title='bbox 1681 1082 1937 1152; x_wconf 86' lang='lat' dir='ltr'><strong>plurimas</strong></span> 
     </span>
    </p>
   </div>
   <div class='ocr_carea' id='block_1_11' title="bbox 345 1175 1935 1248">
    <p class='ocr_par' dir='ltr' id='par_1_11' title="bbox 345 1175 1935 1248">
     <span class='ocr_line' id='line_1_11' title="bbox 345 1175 1935 1248; baseline -0.002 -14"><span class='ocrx_word' id='word_1_64' title='bbox 345 1179 550 1247; x_wconf 79' lang='lat' dir='ltr'><strong>species</strong></span> <span class='ocrx_word' id='word_1_65' title='bbox 592 1179 732 1236; x_wconf 90' lang='lat' dir='ltr'><strong>solvi</strong></span> <span class='ocrx_word' id='word_1_66' title='bbox 777 1193 990 1248; x_wconf 85' lang='lat' dir='ltr'><strong>semper</strong></span> <span class='ocrx_word' id='word_1_67' title='bbox 1028 1178 1294 1247; x_wconf 89' lang='lat' dir='ltr'><strong>assignata</strong></span> <span class='ocrx_word' id='word_1_68' title='bbox 1341 1176 1552 1246; x_wconf 79' lang='lat' dir='ltr'><strong>generis</strong></span> <span class='ocrx_word' id='word_1_69' title='bbox 1592 1175 1935 1231; x_wconf 85' lang='lat' dir='ltr'><strong>dilllnitione.</strong></span> 
     </span>
    </p>
   </div>
   <div class='ocr_carea' id='block_1_12' title="bbox 345 1266 1938 1338">
    <p class='ocr_par' dir='ltr' id='par_1_12' title="bbox 345 1266 1938 1338">
     <span class='ocr_line' id='line_1_12' title="bbox 345 1266 1938 1338; baseline -0.003 -14"><span class='ocrx_word' id='word_1_70' title='bbox 345 1269 495 1336; x_wconf 84' lang='lat' dir='ltr'><strong>Quod</strong></span> <span class='ocrx_word' id='word_1_71' title='bbox 527 1271 672 1326; x_wconf 83' lang='lat' dir='ltr'><strong>enim</strong></span> <span class='ocrx_word' id='word_1_72' title='bbox 699 1269 766 1326; x_wconf 92' lang='lat' dir='ltr'><strong>de</strong></span> <span class='ocrx_word' id='word_1_73' title='bbox 797 1269 1041 1338; x_wconf 86' lang='lat' dir='ltr'><strong>pluribus</strong></span> <span class='ocrx_word' id='word_1_74' title='bbox 1069 1269 1232 1324; x_wconf 88' lang='lat' dir='ltr'><strong>rebus</strong></span> <span class='ocrx_word' id='word_1_75' title='bbox 1262 1267 1444 1338; x_wconf 89' lang='lat' dir='ltr'><strong>specie</strong></span> <span class='ocrx_word' id='word_1_76' title='bbox 1482 1266 1852 1323; x_wconf 70' lang='lat' dir='ltr'><strong>differentibus</strong></span> <span class='ocrx_word' id='word_1_77' title='bbox 1884 1268 1938 1321; x_wconf 91' lang='lat' dir='ltr'><strong>in</strong></span> 
     </span>
    </p>
   </div>
   <div class='ocr_carea' id='block_1_13' title="bbox 346 1357 1936 1431">
    <p class='ocr_par' dir='ltr' id='par_1_13' title="bbox 346 1357 1936 1431">
     <span class='ocr_line' id='line_1_13' title="bbox 346 1357 1936 1431; baseline -0.003 -15"><span class='ocrx_word' id='word_1_78' title='bbox 346 1374 411 1416; x_wconf 87' lang='lat' dir='ltr'><strong>eo</strong></span> <span class='ocrx_word' id='word_1_79' title='bbox 448 1361 591 1431; x_wconf 91' lang='lat' dir='ltr'><strong>quod</strong></span> <span class='ocrx_word' id='word_1_80' title='bbox 622 1360 748 1431; x_wconf 89' lang='lat' dir='ltr'><strong>quid</strong></span> <span class='ocrx_word' id='word_1_81' title='bbox 777 1361 847 1416; x_wconf 86' lang='lat' dir='ltr'><strong>sit</strong></span> <span class='ocrx_word' id='word_1_82' title='bbox 876 1359 1282 1430; x_wconf 68' lang='lat' dir='ltr'><strong>praedicaretur,</strong></span> <span class='ocrx_word' id='word_1_83' title='bbox 1322 1372 1442 1412; x_wconf 90' lang='lat' dir='ltr'><strong>esse</strong></span> <span class='ocrx_word' id='word_1_84' title='bbox 1473 1357 1725 1412; x_wconf 81' lang='lat' dir='ltr'><strong>dilﬁnivit</strong></span> <span class='ocrx_word' id='word_1_85' title='bbox 1748 1373 1936 1427; x_wconf 88' lang='lat' dir='ltr'><strong>genus.</strong></span> 
     </span>
    </p>
   </div>
   <div class='ocr_carea' id='block_1_14' title="bbox 347 1446 1940 1519">
    <p class='ocr_par' dir='ltr' id='par_1_14' title="bbox 347 1446 1940 1519">
     <span class='ocr_line' id='line_1_14' title="bbox 347 1446 1940 1519; baseline -0.003 -14"><span class='ocrx_word' id='word_1_86' title='bbox 347 1449 488 1505; x_wconf 72' lang='lat' dir='ltr'><strong>Nihil</strong></span> <span class='ocrx_word' id='word_1_87' title='bbox 518 1459 700 1504; x_wconf 88' lang='lat' dir='ltr'><strong>autem</strong></span> <span class='ocrx_word' id='word_1_88' title='bbox 731 1457 858 1504; x_wconf 92' lang='lat' dir='ltr'><strong>sunt</strong></span> <span class='ocrx_word' id='word_1_89' title='bbox 879 1448 1126 1519; x_wconf 88' lang='lat' dir='ltr'><strong>plurimae</strong></span> <span class='ocrx_word' id='word_1_90' title='bbox 1154 1462 1241 1502; x_wconf 91' lang='lat' dir='ltr'><strong>res</strong></span> <span class='ocrx_word' id='word_1_91' title='bbox 1268 1446 1447 1518; x_wconf 86' lang='lat' dir='ltr'><strong>specie</strong></span> <span class='ocrx_word' id='word_1_92' title='bbox 1477 1447 1810 1513; x_wconf 81' lang='lat' dir='ltr'><strong>dillerentes,</strong></span> <span class='ocrx_word' id='word_1_93' title='bbox 1838 1447 1940 1501; x_wconf 90' lang='lat' dir='ltr'><strong>nisi</strong></span> 
     </span>
    </p>
   </div>
   <div class='ocr_carea' id='block_1_15' title="bbox 348 1537 1938 1611">
    <p class='ocr_par' dir='ltr' id='par_1_15' title="bbox 348 1537 1938 1611">
     <span class='ocr_line' id='line_1_15' title="bbox 348 1537 1938 1611; baseline -0.003 -17"><span class='ocrx_word' id='word_1_94' title='bbox 348 1540 599 1611; x_wconf 70' lang='lat' dir='ltr'><strong>plurimm</strong></span> <span class='ocrx_word' id='word_1_95' title='bbox 625 1540 866 1608; x_wconf 88' lang='lat' dir='ltr'><strong>species;</strong></span> <span class='ocrx_word' id='word_1_96' title='bbox 891 1538 957 1593; x_wconf 90' lang='lat' dir='ltr'><strong>de</strong></span> <span class='ocrx_word' id='word_1_97' title='bbox 978 1538 1174 1608; x_wconf 90' lang='lat' dir='ltr'><strong>quibus</strong></span> <span class='ocrx_word' id='word_1_98' title='bbox 1197 1545 1372 1592; x_wconf 87' lang='lat' dir='ltr'><strong>autem</strong></span> <span class='ocrx_word' id='word_1_99' title='bbox 1404 1537 1726 1606; x_wconf 65' lang='lat' dir='ltr'><strong>praedicatur</strong></span> <span class='ocrx_word' id='word_1_100' title='bbox 1751 1551 1938 1606; x_wconf 91' lang='lat' dir='ltr'><strong>genus,</strong></span> 
     </span>
    </p>
   </div>
   <div class='ocr_carea' id='block_1_16' title="bbox 352 1628 1938 1699">
    <p class='ocr_par' dir='ltr' id='par_1_16' title="bbox 352 1628 1938 1699">
     <span class='ocr_line' id='line_1_16' title="bbox 352 1628 1938 1699; baseline -0.003 -14"><span class='ocrx_word' id='word_1_101' title='bbox 352 1632 409 1686; x_wconf 93' lang='lat' dir='ltr'><strong>in</strong></span> <span class='ocrx_word' id='word_1_102' title='bbox 433 1645 495 1685; x_wconf 91' lang='lat' dir='ltr'><strong>ea</strong></span> <span class='ocrx_word' id='word_1_103' title='bbox 523 1631 636 1699; x_wconf 91' lang='lat' dir='ltr'><strong>ipsa</strong></span> <span class='ocrx_word' id='word_1_104' title='bbox 667 1629 997 1684; x_wconf 80' lang='lat' dir='ltr'><strong>dissolvitur.</strong></span> <span class='ocrx_word' id='word_1_105' title='bbox 1023 1629 1306 1684; x_wconf 70' lang='lat' dir='ltr'><strong>Osrensum</strong></span> <span class='ocrx_word' id='word_1_106' title='bbox 1336 1637 1417 1682; x_wconf 90' lang='lat' dir='ltr'><strong>est</strong></span> <span class='ocrx_word' id='word_1_107' title='bbox 1448 1628 1608 1699; x_wconf 82' lang='lat' dir='ltr'><strong>igitur</strong></span> <span class='ocrx_word' id='word_1_108' title='bbox 1637 1645 1706 1684; x_wconf 82' lang='lat' dir='ltr'><strong>ex</strong></span> <span class='ocrx_word' id='word_1_109' title='bbox 1737 1629 1938 1684; x_wconf 84' lang='lat' dir='ltr'><strong>diflini-</strong></span> 
     </span>
    </p>
   </div>
   <div class='ocr_carea' id='block_1_17' title="bbox 353 1721 1940 1793">
    <p class='ocr_par' dir='ltr' id='par_1_17' title="bbox 353 1721 1940 1793">
     <span class='ocr_line' id='line_1_17' title="bbox 353 1721 1940 1793; baseline 0.003 -17"><span class='ocrx_word' id='word_1_110' title='bbox 353 1723 515 1777; x_wconf 86' lang='lat' dir='ltr'><strong>tionis</strong></span> <span class='ocrx_word' id='word_1_111' title='bbox 540 1722 924 1791; x_wconf 80' lang='lat' dir='ltr'><strong>assignatione,</strong></span> <span class='ocrx_word' id='word_1_112' title='bbox 948 1722 1104 1774; x_wconf 88' lang='lat' dir='ltr'><strong>unius</strong></span> <span class='ocrx_word' id='word_1_113' title='bbox 1122 1721 1334 1791; x_wconf 81' lang='lat' dir='ltr'><strong>generis</strong></span> <span class='ocrx_word' id='word_1_114' title='bbox 1356 1735 1571 1791; x_wconf 89' lang='lat' dir='ltr'><strong>semper</strong></span> <span class='ocrx_word' id='word_1_115' title='bbox 1591 1737 1709 1778; x_wconf 91' lang='lat' dir='ltr'><strong>esse</strong></span> <span class='ocrx_word' id='word_1_116' title='bbox 1730 1725 1940 1793; x_wconf 78' lang='lat' dir='ltr'><strong>species</strong></span> 
     </span>
    </p>
   </div>
   <div class='ocr_carea' id='block_1_18' title="bbox 347 1812 1941 1886">
    <p class='ocr_par' dir='ltr' id='par_1_18' title="bbox 347 1812 1941 1886">
     <span class='ocr_line' id='line_1_18' title="bbox 347 1812 1941 1886; baseline 0.004 -21"><span class='ocrx_word' id='word_1_117' title='bbox 347 1813 530 1883; x_wconf 90' lang='lat' dir='ltr'><strong>plures</strong></span> <span class='ocrx_word' id='word_1_118' title='bbox 556 1853 570 1877; x_wconf 97' lang='lat'><strong>,</strong></span> <span class='ocrx_word' id='word_1_119' title='bbox 612 1827 735 1881; x_wconf 90' lang='lat' dir='ltr'><strong>quae</strong></span> <span class='ocrx_word' id='word_1_120' title='bbox 765 1827 883 1866; x_wconf 94' lang='lat' dir='ltr'><strong>cum</strong></span> <span class='ocrx_word' id='word_1_121' title='bbox 910 1812 978 1866; x_wconf 85' lang='lat' dir='ltr'><strong>ita</strong></span> <span class='ocrx_word' id='word_1_122' title='bbox 1007 1812 1144 1876; x_wconf 92' lang='lat' dir='ltr'><strong>sint,</strong></span> <span class='ocrx_word' id='word_1_123' title='bbox 1185 1828 1356 1881; x_wconf 88' lang='lat' dir='ltr'><strong>genus</strong></span> <span class='ocrx_word' id='word_1_124' title='bbox 1387 1814 1607 1883; x_wconf 89' lang='lat' dir='ltr'><strong>quidem</strong></span> <span class='ocrx_word' id='word_1_125' title='bbox 1650 1816 1718 1871; x_wconf 88' lang='lat' dir='ltr'><strong>de</strong></span> <span class='ocrx_word' id='word_1_126' title='bbox 1762 1817 1941 1886; x_wconf 80' lang='lat' dir='ltr'><strong>Specie</strong></span> 
     </span>
    </p>
   </div>
   <div class='ocr_carea' id='block_1_19' title="bbox 2038 616 3624 695">
    <p class='ocr_par' dir='ltr' id='par_1_19' title="bbox 2038 616 3624 695">
     <span class='ocr_line' id='line_1_19' title="bbox 2038 616 3624 695; baseline 0.006 -24"><span class='ocrx_word' id='word_1_127' title='bbox 2038 627 2160 672; x_wconf 92' lang='lat' dir='ltr'><strong>sunt</strong></span> <span class='ocrx_word' id='word_1_128' title='bbox 2203 616 2496 685; x_wconf 89' lang='lat' dir='ltr'><strong>individua,</strong></span> <span class='ocrx_word' id='word_1_129' title='bbox 2531 632 2648 687; x_wconf 89' lang='lat' dir='ltr'><strong>quae</strong></span> <span class='ocrx_word' id='word_1_130' title='bbox 2683 617 2784 671; x_wconf 87' lang='lat' dir='ltr'><strong>sub</strong></span> <span class='ocrx_word' id='word_1_131' title='bbox 2815 622 3154 689; x_wconf 89' lang='lat' dir='ltr'><strong>ostensione,</strong></span> <span class='ocrx_word' id='word_1_132' title='bbox 3192 622 3624 695; x_wconf 87' lang='lat' dir='ltr'><strong>indicationeque</strong></span> 
     </span>
    </p>
   </div>
   <div class='ocr_carea' id='block_1_20' title="bbox 2038 708 3625 786">
    <p class='ocr_par' dir='ltr' id='par_1_20' title="bbox 2038 708 3625 786">
     <span class='ocr_line' id='line_1_20' title="bbox 2038 708 3625 786; baseline 0.005 -23"><span class='ocrx_word' id='word_1_133' title='bbox 2038 708 2184 778; x_wconf 88' lang='lat' dir='ltr'><strong>digiti</strong></span> <span class='ocrx_word' id='word_1_134' title='bbox 2214 709 2431 776; x_wconf 87' lang='lat' dir='ltr'><strong>cadunt,</strong></span> <span class='ocrx_word' id='word_1_135' title='bbox 2465 718 2524 763; x_wconf 89' lang='lat' dir='ltr'><strong>ut</strong></span> <span class='ocrx_word' id='word_1_136' title='bbox 2552 709 2656 763; x_wconf 90' lang='lat' dir='ltr'><strong>hoc</strong></span> <span class='ocrx_word' id='word_1_137' title='bbox 2685 724 2986 777; x_wconf 83' lang='lat' dir='ltr'><strong>scamnum,</strong></span> <span class='ocrx_word' id='word_1_138' title='bbox 3014 721 3066 766; x_wconf 90' lang='lat' dir='ltr'><strong>et</strong></span> <span class='ocrx_word' id='word_1_139' title='bbox 3091 713 3177 769; x_wconf 91' lang='lat' dir='ltr'><strong>hic</strong></span> <span class='ocrx_word' id='word_1_140' title='bbox 3195 716 3436 784; x_wconf 89' lang='lat' dir='ltr'><strong>veniens,</strong></span> <span class='ocrx_word' id='word_1_141' title='bbox 3457 731 3625 786; x_wconf 89' lang='lat' dir='ltr'><strong>eaque</strong></span> 
     </span>
    </p>
   </div>
   <div class='ocr_carea' id='block_1_21' title="bbox 2038 800 3627 878">
    <p class='ocr_par' dir='ltr' id='par_1_21' title="bbox 2038 800 3627 878">
     <span class='ocr_line' id='line_1_21' title="bbox 2038 800 3627 878; baseline 0.005 -23"><span class='ocrx_word' id='word_1_142' title='bbox 2038 817 2161 872; x_wconf 78' lang='lat' dir='ltr'><strong>qua:</strong></span> <span class='ocrx_word' id='word_1_143' title='bbox 2192 816 2257 856; x_wconf 81' lang='lat' dir='ltr'><strong>ex</strong></span> <span class='ocrx_word' id='word_1_144' title='bbox 2303 802 2475 871; x_wconf 88' lang='lat' dir='ltr'><strong>aliqua</strong></span> <span class='ocrx_word' id='word_1_145' title='bbox 2508 800 2836 871; x_wconf 83' lang='lat' dir='ltr'><strong>preprietale</strong></span> <span class='ocrx_word' id='word_1_146' title='bbox 2885 803 3241 860; x_wconf 86' lang='lat' dir='ltr'><strong>accidentium</strong></span> <span class='ocrx_word' id='word_1_147' title='bbox 3282 807 3627 878; x_wconf 86' lang='lat' dir='ltr'><strong>designantur</strong></span> 
     </span>
    </p>
   </div>
   <div class='ocr_carea' id='block_1_22' title="bbox 2041 892 3630 965">
    <p class='ocr_par' dir='ltr' id='par_1_22' title="bbox 2041 892 3630 965">
     <span class='ocr_line' id='line_1_22' title="bbox 2041 892 3630 965; baseline 0.003 -16"><span class='ocrx_word' id='word_1_148' title='bbox 2041 902 2188 960; x_wconf 89' lang='lat' dir='ltr'><strong>nota,</strong></span> <span class='ocrx_word' id='word_1_149' title='bbox 2221 903 2278 949; x_wconf 91' lang='lat' dir='ltr'><strong>ut</strong></span> <span class='ocrx_word' id='word_1_150' title='bbox 2310 893 2352 948; x_wconf 88' lang='lat' dir='ltr'><strong>si</strong></span> <span class='ocrx_word' id='word_1_151' title='bbox 2393 894 2520 963; x_wconf 86' lang='lat' dir='ltr'><strong>quis</strong></span> <span class='ocrx_word' id='word_1_152' title='bbox 2557 892 2835 949; x_wconf 87' lang='lat' dir='ltr'><strong>Socratem</strong></span> <span class='ocrx_word' id='word_1_153' title='bbox 2864 894 3254 965; x_wconf 83' lang='lat' dir='ltr'><strong>signiﬁcatione</strong></span> <span class='ocrx_word' id='word_1_154' title='bbox 3295 899 3419 953; x_wconf 85' lang='lat' dir='ltr'><strong>velit</strong></span> <span class='ocrx_word' id='word_1_155' title='bbox 3451 910 3630 954; x_wconf 61' lang='lat' dir='ltr'><strong>osten-</strong></span> 
     </span>
    </p>
   </div>
   <div class='ocr_carea' id='block_1_23' title="bbox 2042 985 3632 1059">
    <p class='ocr_par' dir='ltr' id='par_1_23' title="bbox 2042 985 3632 1059">
     <span class='ocr_line' id='line_1_23' title="bbox 2042 985 3632 1059; baseline 0.003 -17"><span class='ocrx_word' id='word_1_156' title='bbox 2042 987 2192 1054; x_wconf 92' lang='lat' dir='ltr'><strong>dere,</strong></span> <span class='ocrx_word' id='word_1_157' title='bbox 2220 1001 2327 1040; x_wconf 90' lang='lat' dir='ltr'><strong>non</strong></span> <span class='ocrx_word' id='word_1_158' title='bbox 2355 985 2497 1040; x_wconf 87' lang='lat' dir='ltr'><strong>dicat</strong></span> <span class='ocrx_word' id='word_1_159' title='bbox 2524 985 2774 1042; x_wconf 89' lang='lat' dir='ltr'><strong>Socrates</strong></span> <span class='ocrx_word' id='word_1_160' title='bbox 2796 1030 2810 1055; x_wconf 95' lang='lat'><strong>,</strong></span> <span class='ocrx_word' id='word_1_161' title='bbox 2861 1002 2928 1044; x_wconf 92' lang='lat' dir='ltr'><strong>ne</strong></span> <span class='ocrx_word' id='word_1_162' title='bbox 2973 989 3044 1042; x_wconf 90' lang='lat' dir='ltr'><strong>sit</strong></span> <span class='ocrx_word' id='word_1_163' title='bbox 3071 987 3207 1043; x_wconf 90' lang='lat' dir='ltr'><strong>alius</strong></span> <span class='ocrx_word' id='word_1_164' title='bbox 3241 990 3330 1059; x_wconf 91' lang='lat' dir='ltr'><strong>qui</strong></span> <span class='ocrx_word' id='word_1_165' title='bbox 3361 991 3500 1047; x_wconf 75' lang='lat' dir='ltr'><strong>forte</strong></span> <span class='ocrx_word' id='word_1_166' title='bbox 3530 992 3632 1046; x_wconf 91' lang='lat' dir='ltr'><strong>hoc</strong></span> 
     </span>
    </p>
   </div>
   <div class='ocr_carea' id='block_1_24' title="bbox 2043 1077 3630 1153">
    <p class='ocr_par' dir='ltr' id='par_1_24' title="bbox 2043 1077 3630 1153">
     <span class='ocr_line' id='line_1_24' title="bbox 2043 1077 3630 1153; baseline 0.003 -19"><span class='ocrx_word' id='word_1_167' title='bbox 2043 1077 2263 1134; x_wconf 89' lang='lat' dir='ltr'><strong>nomine</strong></span> <span class='ocrx_word' id='word_1_168' title='bbox 2293 1088 2648 1150; x_wconf 91' lang='lat' dir='ltr'><strong>nuncupetur,</strong></span> <span class='ocrx_word' id='word_1_169' title='bbox 2678 1079 2772 1135; x_wconf 91' lang='lat' dir='ltr'><strong>sed</strong></span> <span class='ocrx_word' id='word_1_170' title='bbox 2805 1080 2948 1136; x_wconf 86' lang='lat' dir='ltr'><strong>dicat</strong></span> <span class='ocrx_word' id='word_1_171' title='bbox 2976 1080 3327 1150; x_wconf 84' lang='lat' dir='ltr'><strong>SOphronisci</strong></span> <span class='ocrx_word' id='word_1_172' title='bbox 3369 1083 3542 1153; x_wconf 81' lang='lat' dir='ltr'><strong>ﬁlius,</strong></span> <span class='ocrx_word' id='word_1_173' title='bbox 3586 1086 3630 1139; x_wconf 88' lang='lat' dir='ltr'><strong>si</strong></span> 
     </span>
    </p>
   </div>
   <div class='ocr_carea' id='block_1_25' title="bbox 2044 1170 3633 1240">
    <p class='ocr_par' dir='ltr' id='par_1_25' title="bbox 2044 1170 3633 1240">
     <span class='ocr_line' id='line_1_25' title="bbox 2044 1170 3633 1240; baseline 0.003 -16"><span class='ocrx_word' id='word_1_174' title='bbox 2044 1172 2235 1228; x_wconf 89' lang='lat' dir='ltr'><strong>unicus</strong></span> <span class='ocrx_word' id='word_1_175' title='bbox 2280 1170 2628 1240; x_wconf 87' lang='lat' dir='ltr'><strong>Sophronisei</strong></span> <span class='ocrx_word' id='word_1_176' title='bbox 2660 1170 2823 1227; x_wconf 79' lang='lat' dir='ltr'><strong>fuerit</strong></span> <span class='ocrx_word' id='word_1_177' title='bbox 2864 1190 2875 1225; x_wconf 91' lang='lat'>:</span> <span class='ocrx_word' id='word_1_178' title='bbox 2907 1171 3177 1227; x_wconf 90' lang='lat' dir='ltr'><strong>individua</strong></span> <span class='ocrx_word' id='word_1_179' title='bbox 3215 1173 3357 1228; x_wconf 91' lang='lat' dir='ltr'><strong>enim</strong></span> <span class='ocrx_word' id='word_1_180' title='bbox 3399 1175 3633 1230; x_wconf 81' lang='lat' dir='ltr'><strong>maxime</strong></span> 
     </span>
    </p>
   </div>
   <div class='ocr_carea' id='block_1_26' title="bbox 2044 1263 3633 1337">
    <p class='ocr_par' dir='ltr' id='par_1_26' title="bbox 2044 1263 3633 1337">
     <span class='ocr_line' id='line_1_26' title="bbox 2044 1263 3633 1337; baseline 0.003 -19"><span class='ocrx_word' id='word_1_181' title='bbox 2044 1263 2257 1320; x_wconf 89' lang='lat' dir='ltr'><strong>ostendi</strong></span> <span class='ocrx_word' id='word_1_182' title='bbox 2287 1272 2508 1334; x_wconf 91' lang='lat' dir='ltr'><strong>queunt,</strong></span> <span class='ocrx_word' id='word_1_183' title='bbox 2542 1265 2586 1319; x_wconf 88' lang='lat' dir='ltr'><strong>si</strong></span> <span class='ocrx_word' id='word_1_184' title='bbox 2610 1265 2692 1320; x_wconf 85' lang='lat' dir='ltr'><strong>vel</strong></span> <span class='ocrx_word' id='word_1_185' title='bbox 2718 1265 2878 1320; x_wconf 90' lang='lat' dir='ltr'><strong>tacito</strong></span> <span class='ocrx_word' id='word_1_186' title='bbox 2901 1266 3136 1331; x_wconf 87' lang='lat' dir='ltr'><strong>nomine,</strong></span> <span class='ocrx_word' id='word_1_187' title='bbox 3168 1268 3343 1322; x_wconf 79' lang='lat' dir='ltr'><strong>sensui</strong></span> <span class='ocrx_word' id='word_1_188' title='bbox 3378 1267 3481 1337; x_wconf 88' lang='lat' dir='ltr'><strong>ipsi</strong></span> <span class='ocrx_word' id='word_1_189' title='bbox 3508 1282 3633 1323; x_wconf 85' lang='lat' dir='ltr'><strong>ocu-</strong></span> 
     </span>
    </p>
   </div>
   <div class='ocr_carea' id='block_1_27' title="bbox 2045 1357 3634 1432">
    <p class='ocr_par' dir='ltr' id='par_1_27' title="bbox 2045 1357 3634 1432">
     <span class='ocr_line' id='line_1_27' title="bbox 2045 1357 3634 1432; baseline 0.004 -20"><span class='ocrx_word' id='word_1_190' title='bbox 2045 1358 2218 1414; x_wconf 90' lang='lat' dir='ltr'><strong>lorum</strong></span> <span class='ocrx_word' id='word_1_191' title='bbox 2273 1357 2473 1428; x_wconf 87' lang='lat' dir='ltr'><strong>digito,</strong></span> <span class='ocrx_word' id='word_1_192' title='bbox 2531 1367 2742 1416; x_wconf 88' lang='lat' dir='ltr'><strong>tactuve</strong></span> <span class='ocrx_word' id='word_1_193' title='bbox 2771 1368 3173 1426; x_wconf 89' lang='lat' dir='ltr'><strong>monstrentur,</strong></span> <span class='ocrx_word' id='word_1_194' title='bbox 3215 1361 3299 1416; x_wconf 94' lang='lat' dir='ltr'><strong>vel</strong></span> <span class='ocrx_word' id='word_1_195' title='bbox 3345 1377 3410 1416; x_wconf 82' lang='lat' dir='ltr'><strong>ex</strong></span> <span class='ocrx_word' id='word_1_196' title='bbox 3456 1362 3634 1432; x_wconf 90' lang='lat' dir='ltr'><strong>aliquo</strong></span> 
     </span>
    </p>
   </div>
   <div class='ocr_carea' id='block_1_28' title="bbox 2047 1449 3632 1520">
    <p class='ocr_par' dir='ltr' id='par_1_28' title="bbox 2047 1449 3632 1520">
     <span class='ocr_line' id='line_1_28' title="bbox 2047 1449 3632 1520; baseline 0.007 -18"><span class='ocrx_word' id='word_1_197' title='bbox 2047 1449 2262 1520; x_wconf 88' lang='lat' dir='ltr'><strong>proprio</strong></span> <span class='ocrx_word' id='word_1_198' title='bbox 2312 1449 2530 1504; x_wconf 90' lang='lat' dir='ltr'><strong>nomine</strong></span> <span class='ocrx_word' id='word_1_199' title='bbox 2558 1491 2573 1516; x_wconf 97' lang='lat'><strong>,</strong></span> <span class='ocrx_word' id='word_1_200' title='bbox 2605 1450 2649 1504; x_wconf 90' lang='lat' dir='ltr'><strong>si</strong></span> <span class='ocrx_word' id='word_1_201' title='bbox 2690 1451 2836 1506; x_wconf 88' lang='lat' dir='ltr'><strong>solus</strong></span> <span class='ocrx_word' id='word_1_202' title='bbox 2860 1450 2987 1506; x_wconf 93' lang='lat' dir='ltr'><strong>illud</strong></span> <span class='ocrx_word' id='word_1_203' title='bbox 3029 1450 3252 1520; x_wconf 88' lang='lat' dir='ltr'><strong>adeptus</strong></span> <span class='ocrx_word' id='word_1_204' title='bbox 3281 1461 3366 1508; x_wconf 92' lang='lat' dir='ltr'><strong>est</strong></span> <span class='ocrx_word' id='word_1_205' title='bbox 3391 1469 3586 1510; x_wconf 88' lang='lat' dir='ltr'><strong>nomen</strong></span> <span class='ocrx_word' id='word_1_206' title='bbox 3616 1472 3632 1513; x_wconf 91' lang='lat'><strong>:</strong></span> 
     </span>
    </p>
   </div>
   <div class='ocr_carea' id='block_1_29' title="bbox 2044 1541 3635 1614">
    <p class='ocr_par' dir='ltr' id='par_1_29' title="bbox 2044 1541 3635 1614">
     <span class='ocr_line' id='line_1_29' title="bbox 2044 1541 3635 1614; baseline 0.006 -20"><span class='ocrx_word' id='word_1_207' title='bbox 2044 1541 2130 1595; x_wconf 90' lang='lat' dir='ltr'><strong>vel</strong></span> <span class='ocrx_word' id='word_1_208' title='bbox 2161 1542 2206 1595; x_wconf 93' lang='lat' dir='ltr'><strong>si</strong></span> <span class='ocrx_word' id='word_1_209' title='bbox 2228 1555 2293 1595; x_wconf 79' lang='lat' dir='ltr'><strong>ex</strong></span> <span class='ocrx_word' id='word_1_210' title='bbox 2326 1542 2660 1611; x_wconf 89' lang='lat' dir='ltr'><strong>parentibus,</strong></span> <span class='ocrx_word' id='word_1_211' title='bbox 2692 1543 2736 1598; x_wconf 89' lang='lat' dir='ltr'><strong>si</strong></span> <span class='ocrx_word' id='word_1_212' title='bbox 2764 1543 2974 1598; x_wconf 88' lang='lat' dir='ltr'><strong>illorum</strong></span> <span class='ocrx_word' id='word_1_213' title='bbox 3004 1553 3088 1599; x_wconf 92' lang='lat' dir='ltr'><strong>est</strong></span> <span class='ocrx_word' id='word_1_214' title='bbox 3119 1547 3306 1600; x_wconf 91' lang='lat' dir='ltr'><strong>unicus</strong></span> <span class='ocrx_word' id='word_1_215' title='bbox 3338 1546 3508 1614; x_wconf 79' lang='lat' dir='ltr'><strong>illius,</strong></span> <span class='ocrx_word' id='word_1_216' title='bbox 3549 1549 3635 1604; x_wconf 86' lang='lat' dir='ltr'><strong>vel</strong></span> 
     </span>
    </p>
   </div>
   <div class='ocr_carea' id='block_1_30' title="bbox 2045 1634 3635 1708">
    <p class='ocr_par' dir='ltr' id='par_1_30' title="bbox 2045 1634 3635 1708">
     <span class='ocr_line' id='line_1_30' title="bbox 2045 1634 3635 1708; baseline 0.004 -20"><span class='ocrx_word' id='word_1_217' title='bbox 2045 1634 2091 1688; x_wconf 90' lang='lat' dir='ltr'><strong>si</strong></span> <span class='ocrx_word' id='word_1_218' title='bbox 2121 1649 2185 1688; x_wconf 81' lang='lat' dir='ltr'><strong>ex</strong></span> <span class='ocrx_word' id='word_1_219' title='bbox 2215 1635 2455 1702; x_wconf 91' lang='lat' dir='ltr'><strong>quolibet</strong></span> <span class='ocrx_word' id='word_1_220' title='bbox 2487 1635 2591 1688; x_wconf 90' lang='lat' dir='ltr'><strong>alio</strong></span> <span class='ocrx_word' id='word_1_221' title='bbox 2635 1636 2898 1692; x_wconf 89' lang='lat' dir='ltr'><strong>accidenti</strong></span> <span class='ocrx_word' id='word_1_222' title='bbox 2927 1638 3266 1708; x_wconf 87' lang='lat' dir='ltr'><strong>singularitas</strong></span> <span class='ocrx_word' id='word_1_223' title='bbox 3294 1639 3635 1695; x_wconf 85' lang='lat' dir='ltr'><strong>demonstra-</strong></span> 
     </span>
    </p>
   </div>
   <div class='ocr_carea' id='block_1_31' title="bbox 2046 1727 3636 1800">
    <p class='ocr_par' dir='ltr' id='par_1_31' title="bbox 2046 1727 3636 1800">
     <span class='ocr_line' id='line_1_31' title="bbox 2046 1727 3636 1800; baseline 0.004 -21"><span class='ocrx_word' id='word_1_224' title='bbox 2046 1735 2151 1789; x_wconf 91' lang='lat' dir='ltr'><strong>tur,</strong></span> <span class='ocrx_word' id='word_1_225' title='bbox 2202 1740 2268 1780; x_wconf 92' lang='lat' dir='ltr'><strong>eo</strong></span> <span class='ocrx_word' id='word_1_226' title='bbox 2297 1727 2440 1796; x_wconf 91' lang='lat' dir='ltr'><strong>quod</strong></span> <span class='ocrx_word' id='word_1_227' title='bbox 2486 1727 2780 1782; x_wconf 86' lang='lat' dir='ltr'><strong>accidentia</strong></span> <span class='ocrx_word' id='word_1_228' title='bbox 2807 1729 2872 1783; x_wconf 89' lang='lat' dir='ltr'><strong>ad</strong></span> <span class='ocrx_word' id='word_1_229' title='bbox 2901 1745 3056 1784; x_wconf 92' lang='lat' dir='ltr'><strong>unam</strong></span> <span class='ocrx_word' id='word_1_230' title='bbox 3090 1745 3148 1785; x_wconf 92' lang='lat' dir='ltr'><strong>se</strong></span> <span class='ocrx_word' id='word_1_231' title='bbox 3197 1730 3636 1800; x_wconf 66' lang='lat' dir='ltr'><strong>praedicationem</strong></span> 
     </span>
    </p>
   </div>
   <div class='ocr_carea' id='block_1_32' title="bbox 2047 1815 3634 1889">
    <p class='ocr_par' dir='ltr' id='par_1_32' title="bbox 2047 1815 3634 1889">
     <span class='ocr_line' id='line_1_32' title="bbox 2047 1815 3634 1889; baseline 0.004 -19"><span class='ocrx_word' id='word_1_232' title='bbox 2047 1815 2307 1883; x_wconf 88' lang='lat' dir='ltr'><strong>habeant,</strong></span> <span class='ocrx_word' id='word_1_233' title='bbox 2333 1818 2554 1888; x_wconf 86' lang='lat' dir='ltr'><strong>ejusque</strong></span> <span class='ocrx_word' id='word_1_234' title='bbox 2583 1820 2668 1873; x_wconf 92' lang='lat' dir='ltr'><strong>vel</strong></span> <span class='ocrx_word' id='word_1_235' title='bbox 2700 1821 3007 1889; x_wconf 71' lang='lat' dir='ltr'><strong>praedicatio</strong></span> <span class='ocrx_word' id='word_1_236' title='bbox 3030 1821 3111 1876; x_wconf 88' lang='lat' dir='ltr'><strong>vel</strong></span> <span class='ocrx_word' id='word_1_237' title='bbox 3140 1821 3301 1876; x_wconf 90' lang='lat' dir='ltr'><strong>dictio</strong></span> <span class='ocrx_word' id='word_1_238' title='bbox 3332 1837 3437 1877; x_wconf 90' lang='lat' dir='ltr'><strong>non</strong></span> <span class='ocrx_word' id='word_1_239' title='bbox 3459 1831 3634 1877; x_wconf 90' lang='lat' dir='ltr'><strong>trans-</strong></span> 
     </span>
    </p>
   </div>
   <div class='ocr_carea' id='block_1_33' title="bbox 347 1905 3634 1984">
    <p class='ocr_par' dir='ltr' id='par_1_33' title="bbox 347 1905 3634 1984">
     <span class='ocr_line' id='line_1_33' title="bbox 347 1905 3634 1984; baseline 0.003 -25"><span class='ocrx_word' id='word_1_240' title='bbox 347 1905 701 1975; x_wconf 84' lang='lat' dir='ltr'><strong>praedieatur,</strong></span> <span class='ocrx_word' id='word_1_241' title='bbox 736 1907 943 1974; x_wconf 76' lang='lat' dir='ltr'><strong>species</strong></span> <span class='ocrx_word' id='word_1_242' title='bbox 1000 1921 1131 1960; x_wconf 88' lang='lat' dir='ltr'><strong>vero</strong></span> <span class='ocrx_word' id='word_1_243' title='bbox 1178 1906 1244 1962; x_wconf 90' lang='lat' dir='ltr'><strong>de</strong></span> <span class='ocrx_word' id='word_1_244' title='bbox 1292 1907 1612 1972; x_wconf 85' lang='lat' dir='ltr'><strong>individuis,</strong></span> <span class='ocrx_word' id='word_1_245' title='bbox 1661 1910 1943 1978; x_wconf 89' lang='lat' dir='ltr'><strong>omniaque</strong></span> <span class='ocrx_word' id='word_1_246' title='bbox 1973 1912 2020 1974; x_wconf 83' lang='grc' dir='ltr'>Β</span> <span class='ocrx_word' id='word_1_247' title='bbox 2048 1922 2133 1967; x_wconf 91' lang='lat' dir='ltr'><strong>eat</strong></span> <span class='ocrx_word' id='word_1_248' title='bbox 2182 1912 2247 1966; x_wconf 90' lang='lat' dir='ltr'><strong>ad</strong></span> <span class='ocrx_word' id='word_1_249' title='bbox 2279 1912 2536 1977; x_wconf 89' lang='lat' dir='ltr'><strong>alterum,</strong></span> <span class='ocrx_word' id='word_1_250' title='bbox 2567 1913 2704 1967; x_wconf 89' lang='lat' dir='ltr'><strong>sicut</strong></span> <span class='ocrx_word' id='word_1_251' title='bbox 2737 1914 2948 1982; x_wconf 86' lang='lat' dir='ltr'><strong>generis</strong></span> <span class='ocrx_word' id='word_1_252' title='bbox 2979 1913 3119 1984; x_wconf 89' lang='lat' dir='ltr'><strong>quod</strong></span> <span class='ocrx_word' id='word_1_253' title='bbox 3149 1914 3216 1969; x_wconf 91' lang='lat' dir='ltr'><strong>ad</strong></span> <span class='ocrx_word' id='word_1_254' title='bbox 3243 1914 3483 1984; x_wconf 88' lang='lat' dir='ltr'><strong>species,</strong></span> <span class='ocrx_word' id='word_1_255' title='bbox 3513 1928 3634 1983; x_wconf 88' lang='lat' dir='ltr'><strong>spe-</strong></span> 
     </span>
    </p>
   </div>
   <div class='ocr_carea' id='block_1_34' title="bbox 345 1994 1938 2070">
    <p class='ocr_par' dir='ltr' id='par_1_34' title="bbox 345 1994 1938 2070">
     <span class='ocr_line' id='line_1_34' title="bbox 345 1994 1938 2070; baseline 0.004 -20"><span class='ocrx_word' id='word_1_256' title='bbox 345 1996 622 2066; x_wconf 89' lang='lat' dir='ltr'><strong>superiora</strong></span> <span class='ocrx_word' id='word_1_257' title='bbox 671 1994 737 2050; x_wconf 91' lang='lat' dir='ltr'><strong>de</strong></span> <span class='ocrx_word' id='word_1_258' title='bbox 765 1995 1140 2063; x_wconf 73' lang='lat' dir='ltr'><strong>inferioribus,</strong></span> <span class='ocrx_word' id='word_1_259' title='bbox 1177 1997 1436 2053; x_wconf 82' lang='lat' dir='ltr'><strong>inferiora</strong></span> <span class='ocrx_word' id='word_1_260' title='bbox 1477 1999 1546 2055; x_wconf 92' lang='lat' dir='ltr'><strong>de</strong></span> <span class='ocrx_word' id='word_1_261' title='bbox 1568 2001 1938 2070; x_wconf 89' lang='lat' dir='ltr'><strong>superioribus</strong></span> 
     </span>
    </p>
   </div>
   <div class='ocr_carea' id='block_1_35' title="bbox 346 2089 1940 2162">
    <p class='ocr_par' dir='ltr' id='par_1_35' title="bbox 346 2089 1940 2162">
     <span class='ocr_line' id='line_1_35' title="bbox 346 2089 1940 2162; baseline 0.003 -19"><span class='ocrx_word' id='word_1_262' title='bbox 346 2091 495 2145; x_wconf 90' lang='lat' dir='ltr'><strong>nullo</strong></span> <span class='ocrx_word' id='word_1_263' title='bbox 523 2089 705 2146; x_wconf 88' lang='lat' dir='ltr'><strong>modo.</strong></span> <span class='ocrx_word' id='word_1_264' title='bbox 744 2090 802 2145; x_wconf 92' lang='lat' dir='ltr'><strong>Id</strong></span> <span class='ocrx_word' id='word_1_265' title='bbox 833 2105 998 2161; x_wconf 88' lang='lat' dir='ltr'><strong>quare</strong></span> <span class='ocrx_word' id='word_1_266' title='bbox 1029 2090 1241 2146; x_wconf 83' lang='lat' dir='ltr'><strong>eveniat</strong></span> <span class='ocrx_word' id='word_1_267' title='bbox 1269 2094 1456 2162; x_wconf 86' lang='lat' dir='ltr'><strong>paucis</strong></span> <span class='ocrx_word' id='word_1_268' title='bbox 1484 2093 1780 2148; x_wconf 88' lang='lat' dir='ltr'><strong>absolvam.</strong></span> <span class='ocrx_word' id='word_1_269' title='bbox 1809 2093 1940 2160; x_wconf 74' lang='lat' dir='ltr'><strong>Qua:</strong></span> 
     </span>
    </p>
   </div>
   <div class='ocr_carea' id='block_1_36' title="bbox 348 2183 1940 2257">
    <p class='ocr_par' dir='ltr' id='par_1_36' title="bbox 348 2183 1940 2257">
     <span class='ocr_line' id='line_1_36' title="bbox 348 2183 1940 2257; baseline 0.003 -21"><span class='ocrx_word' id='word_1_270' title='bbox 348 2183 624 2251; x_wconf 80' lang='lat' dir='ltr'><strong>superiora</strong></span> <span class='ocrx_word' id='word_1_271' title='bbox 648 2192 792 2248; x_wconf 92' lang='lat' dir='ltr'><strong>sunt,</strong></span> <span class='ocrx_word' id='word_1_272' title='bbox 817 2183 1186 2240; x_wconf 78' lang='lat' dir='ltr'><strong>substantialis</strong></span> <span class='ocrx_word' id='word_1_273' title='bbox 1223 2201 1285 2241; x_wconf 90' lang='lat' dir='ltr'><strong>ea</strong></span> <span class='ocrx_word' id='word_1_274' title='bbox 1312 2201 1510 2256; x_wconf 91' lang='lat' dir='ltr'><strong>genera</strong></span> <span class='ocrx_word' id='word_1_275' title='bbox 1540 2201 1661 2242; x_wconf 88' lang='lat' dir='ltr'><strong>esse</strong></span> <span class='ocrx_word' id='word_1_276' title='bbox 1688 2187 1940 2257; x_wconf 82' lang='lat' dir='ltr'><strong>praedixi-</strong></span> 
     </span>
    </p>
   </div>
   <div class='ocr_carea' id='block_1_37' title="bbox 346 2279 1937 2349">
    <p class='ocr_par' dir='ltr' id='par_1_37' title="bbox 346 2279 1937 2349">
     <span class='ocr_line' id='line_1_37' title="bbox 346 2279 1937 2349; baseline 0.003 -20"><span class='ocrx_word' id='word_1_277' title='bbox 346 2289 464 2329; x_wconf 88' lang='lat' dir='ltr'><strong>mus</strong></span> <span class='ocrx_word' id='word_1_278' title='bbox 511 2293 524 2330; x_wconf 88' lang='lat'>:</span> <span class='ocrx_word' id='word_1_279' title='bbox 559 2289 658 2345; x_wconf 87' lang='lat' dir='ltr'><strong>qua</strong></span> <span class='ocrx_word' id='word_1_280' title='bbox 689 2291 816 2331; x_wconf 89' lang='lat' dir='ltr'><strong>vero</strong></span> <span class='ocrx_word' id='word_1_281' title='bbox 847 2290 1044 2346; x_wconf 87' lang='lat' dir='ltr'><strong>genera</strong></span> <span class='ocrx_word' id='word_1_282' title='bbox 1091 2287 1252 2343; x_wconf 91' lang='lat' dir='ltr'><strong>sunt,</strong></span> <span class='ocrx_word' id='word_1_283' title='bbox 1310 2279 1567 2349; x_wconf 88' lang='lat' dir='ltr'><strong>ampliora</strong></span> <span class='ocrx_word' id='word_1_284' title='bbox 1607 2287 1732 2333; x_wconf 90' lang='lat' dir='ltr'><strong>sunt</strong></span> <span class='ocrx_word' id='word_1_285' title='bbox 1779 2294 1937 2348; x_wconf 89' lang='lat' dir='ltr'><strong>quam</strong></span> 
     </span>
    </p>
   </div>
   <div class='ocr_carea' id='block_1_38' title="bbox 347 2368 1940 2440">
    <p class='ocr_par' dir='ltr' id='par_1_38' title="bbox 347 2368 1940 2440">
     <span class='ocr_line' id='line_1_38' title="bbox 347 2368 1940 2440; baseline 0.003 -18"><span class='ocrx_word' id='word_1_286' title='bbox 347 2381 676 2437; x_wconf 65' lang='lat' dir='ltr'><strong>unaquaeque</strong></span> <span class='ocrx_word' id='word_1_287' title='bbox 700 2369 930 2438; x_wconf 91' lang='lat' dir='ltr'><strong>species.</strong></span> <span class='ocrx_word' id='word_1_288' title='bbox 962 2368 1146 2440; x_wconf 87' lang='lat' dir='ltr'><strong>Neque</strong></span> <span class='ocrx_word' id='word_1_289' title='bbox 1167 2371 1313 2425; x_wconf 90' lang='lat' dir='ltr'><strong>enim</strong></span> <span class='ocrx_word' id='word_1_290' title='bbox 1339 2371 1394 2423; x_wconf 92' lang='lat' dir='ltr'><strong>in</strong></span> <span class='ocrx_word' id='word_1_291' title='bbox 1417 2370 1646 2439; x_wconf 87' lang='lat' dir='ltr'><strong>plurima</strong></span> <span class='ocrx_word' id='word_1_292' title='bbox 1674 2371 1940 2426; x_wconf 52' lang='lat' dir='ltr'><strong>dividere.</strong></span> 
     </span>
    </p>
   </div>
   <div class='ocr_carea' id='block_1_39' title="bbox 349 2461 1933 2533">
    <p class='ocr_par' dir='ltr' id='par_1_39' title="bbox 349 2461 1933 2533">
     <span class='ocr_line' id='line_1_39' title="bbox 349 2461 1933 2533; baseline 0.001 -18"><span class='ocrx_word' id='word_1_293' title='bbox 349 2470 432 2515; x_wconf 93' lang='lat' dir='ltr'><strong>tur</strong></span> <span class='ocrx_word' id='word_1_294' title='bbox 458 2477 648 2531; x_wconf 88' lang='lat' dir='ltr'><strong>genus,</strong></span> <span class='ocrx_word' id='word_1_295' title='bbox 681 2461 785 2515; x_wconf 91' lang='lat' dir='ltr'><strong>nisi</strong></span> <span class='ocrx_word' id='word_1_296' title='bbox 819 2461 885 2516; x_wconf 90' lang='lat' dir='ltr'><strong>ab</strong></span> <span class='ocrx_word' id='word_1_297' title='bbox 912 2477 1230 2533; x_wconf 91' lang='lat' dir='ltr'><strong>unaquaque</strong></span> <span class='ocrx_word' id='word_1_298' title='bbox 1259 2464 1438 2533; x_wconf 87' lang='lat' dir='ltr'><strong>specie</strong></span> <span class='ocrx_word' id='word_1_299' title='bbox 1461 2462 1635 2532; x_wconf 88' lang='lat' dir='ltr'><strong>majus</strong></span> <span class='ocrx_word' id='word_1_300' title='bbox 1656 2463 1933 2519; x_wconf 82' lang='lat' dir='ltr'><strong>existeret.</strong></span> 
     </span>
    </p>
   </div>
   <div class='ocr_carea' id='block_1_40' title="bbox 348 2551 1937 2623">
    <p class='ocr_par' dir='ltr' id='par_1_40' title="bbox 348 2551 1937 2623">
     <span class='ocr_line' id='line_1_40' title="bbox 348 2551 1937 2623; baseline 0.001 -17"><span class='ocrx_word' id='word_1_301' title='bbox 348 2551 400 2606; x_wconf 91' lang='lat' dir='ltr'><strong>Id</strong></span> <span class='ocrx_word' id='word_1_302' title='bbox 432 2568 553 2607; x_wconf 86' lang='lat' dir='ltr'><strong>cum</strong></span> <span class='ocrx_word' id='word_1_303' title='bbox 579 2553 653 2607; x_wconf 78' lang='lat' dir='ltr'><strong>i&#39;a</strong></span> <span class='ocrx_word' id='word_1_304' title='bbox 677 2551 776 2618; x_wconf 87' lang='lat' dir='ltr'><strong>sit,</strong></span> <span class='ocrx_word' id='word_1_305' title='bbox 804 2566 999 2608; x_wconf 87' lang='lat' dir='ltr'><strong>nomen</strong></span> <span class='ocrx_word' id='word_1_306' title='bbox 1028 2554 1243 2623; x_wconf 88' lang='lat' dir='ltr'><strong>generis</strong></span> <span class='ocrx_word' id='word_1_307' title='bbox 1274 2553 1371 2607; x_wconf 92' lang='lat' dir='ltr'><strong>toti</strong></span> <span class='ocrx_word' id='word_1_308' title='bbox 1398 2553 1653 2608; x_wconf 89' lang='lat' dir='ltr'><strong>convenit</strong></span> <span class='ocrx_word' id='word_1_309' title='bbox 1690 2553 1892 2622; x_wconf 90' lang='lat' dir='ltr'><strong>speciei</strong></span> <span class='ocrx_word' id='word_1_310' title='bbox 1923 2570 1937 2607; x_wconf 92' lang='lat'>:</span> 
     </span>
    </p>
   </div>
   <div class='ocr_carea' id='block_1_41' title="bbox 348 2643 1940 2715">
    <p class='ocr_par' dir='ltr' id='par_1_41' title="bbox 348 2643 1940 2715">
     <span class='ocr_line' id='line_1_41' title="bbox 348 2643 1940 2715; baseline -0.001 -16"><span class='ocrx_word' id='word_1_311' title='bbox 348 2661 453 2701; x_wconf 92' lang='lat' dir='ltr'><strong>non</strong></span> <span class='ocrx_word' id='word_1_312' title='bbox 487 2645 630 2700; x_wconf 90' lang='lat' dir='ltr'><strong>enim</strong></span> <span class='ocrx_word' id='word_1_313' title='bbox 671 2654 979 2715; x_wconf 71' lang='lat' dir='ltr'><strong>coaequatur</strong></span> <span class='ocrx_word' id='word_1_314' title='bbox 1015 2645 1188 2700; x_wconf 89' lang='lat' dir='ltr'><strong>solum</strong></span> <span class='ocrx_word' id='word_1_315' title='bbox 1231 2643 1432 2713; x_wconf 90' lang='lat' dir='ltr'><strong>speciei</strong></span> <span class='ocrx_word' id='word_1_316' title='bbox 1473 2644 1690 2713; x_wconf 89' lang='lat' dir='ltr'><strong>generis</strong></span> <span class='ocrx_word' id='word_1_317' title='bbox 1735 2643 1940 2713; x_wconf 84' lang='lat' dir='ltr'><strong>magni-</strong></span> 
     </span>
    </p>
   </div>
   <div class='ocr_carea' id='block_1_42' title="bbox 349 2733 1943 2805">
    <p class='ocr_par' dir='ltr' id='par_1_42' title="bbox 349 2733 1943 2805">
     <span class='ocr_line' id='line_1_42' title="bbox 349 2733 1943 2805; baseline -0.001 -16"><span class='ocrx_word' id='word_1_318' title='bbox 349 2734 507 2801; x_wconf 90' lang='lat' dir='ltr'><strong>tudo,</strong></span> <span class='ocrx_word' id='word_1_319' title='bbox 559 2735 910 2791; x_wconf 80' lang='lat' dir='ltr'><strong>verumetiam</strong></span> <span class='ocrx_word' id='word_1_320' title='bbox 978 2734 1213 2805; x_wconf 90' lang='lat' dir='ltr'><strong>speciem</strong></span> <span class='ocrx_word' id='word_1_321' title='bbox 1262 2734 1434 2804; x_wconf 87' lang='lat' dir='ltr'><strong>ipsam</strong></span> <span class='ocrx_word' id='word_1_322' title='bbox 1479 2733 1806 2803; x_wconf 89' lang='lat' dir='ltr'><strong>supervadit.</strong></span> <span class='ocrx_word' id='word_1_323' title='bbox 1859 2733 1943 2787; x_wconf 93' lang='lat' dir='ltr'><strong>ld-</strong></span> 
     </span>
    </p>
   </div>
   <div class='ocr_carea' id='block_1_43' title="bbox 349 2827 1941 2897">
    <p class='ocr_par' dir='ltr' id='par_1_43' title="bbox 349 2827 1941 2897">
     <span class='ocr_line' id='line_1_43' title="bbox 349 2827 1941 2897; baseline 0 -15"><span class='ocrx_word' id='word_1_324' title='bbox 349 2829 498 2882; x_wconf 89' lang='lat' dir='ltr'><strong>circo</strong></span> <span class='ocrx_word' id='word_1_325' title='bbox 538 2827 703 2897; x_wconf 89' lang='lat' dir='ltr'><strong>igitur</strong></span> <span class='ocrx_word' id='word_1_326' title='bbox 731 2828 906 2883; x_wconf 91' lang='lat' dir='ltr'><strong>omnis</strong></span> <span class='ocrx_word' id='word_1_327' title='bbox 944 2827 1107 2882; x_wconf 93' lang='lat' dir='ltr'><strong>homo</strong></span> <span class='ocrx_word' id='word_1_328' title='bbox 1129 2827 1326 2882; x_wconf 90' lang='lat' dir='ltr'><strong>animal</strong></span> <span class='ocrx_word' id='word_1_329' title='bbox 1357 2837 1468 2894; x_wconf 91' lang='lat' dir='ltr'><strong>est,</strong></span> <span class='ocrx_word' id='word_1_330' title='bbox 1502 2828 1755 2896; x_wconf 91' lang='lat' dir='ltr'><strong>quoniam</strong></span> <span class='ocrx_word' id='word_1_331' title='bbox 1803 2827 1941 2882; x_wconf 89' lang='lat' dir='ltr'><strong>intra</strong></span> 
     </span>
    </p>
   </div>
   <div class='ocr_carea' id='block_1_44' title="bbox 352 2901 1942 2973">
    <p class='ocr_par' dir='ltr' id='par_1_44' title="bbox 352 2901 1942 2973">
     <span class='ocr_line' id='line_1_44' title="bbox 352 2901 1942 2973; baseline 0.001 -1"><span class='ocrx_word' id='word_1_332' title='bbox 352 2918 601 2973; x_wconf 88' lang='lat' dir='ltr'><strong>animalis</strong></span> <span class='ocrx_word' id='word_1_333' title='bbox 657 2918 973 2973; x_wconf 88' lang='lat' dir='ltr'><strong>vocabulum</strong></span> <span class='ocrx_word' id='word_1_334' title='bbox 1026 2927 1079 2973; x_wconf 87' lang='lat' dir='ltr'><strong>et</strong></span> <span class='ocrx_word' id='word_1_335' title='bbox 1135 2919 1298 2973; x_wconf 90' lang='lat' dir='ltr'><strong>homo</strong></span> <span class='ocrx_word' id='word_1_336' title='bbox 1350 2927 1404 2973; x_wconf 90' lang='lat' dir='ltr'><strong>et</strong></span> <span class='ocrx_word' id='word_1_337' title='bbox 1451 2926 1646 2973; x_wconf 88' lang='lat' dir='ltr'><strong>caetera</strong></span> <span class='ocrx_word' id='word_1_338' title='bbox 1693 2901 1942 2973; x_wconf 86' lang='lat' dir='ltr'><strong>animalia</strong></span> 
     </span>
    </p>
   </div>
   <div class='ocr_carea' id='block_1_45' title="bbox 355 3008 1942 3074">
    <p class='ocr_par' dir='ltr' id='par_1_45' title="bbox 355 3008 1942 3074">
     <span class='ocr_line' id='line_1_45' title="bbox 355 3008 1942 3074; baseline 0 -10"><span class='ocrx_word' id='word_1_339' title='bbox 355 3008 720 3064; x_wconf 88' lang='lat' dir='ltr'><strong>continentur.</strong></span> <span class='ocrx_word' id='word_1_340' title='bbox 769 3009 837 3063; x_wconf 86' lang='lat' dir='ltr'><strong>At</strong></span> <span class='ocrx_word' id='word_1_341' title='bbox 875 3023 1007 3065; x_wconf 89' lang='lat' dir='ltr'><strong>vero</strong></span> <span class='ocrx_word' id='word_1_342' title='bbox 1044 3008 1223 3065; x_wconf 90' lang='lat' dir='ltr'><strong>nullus</strong></span> <span class='ocrx_word' id='word_1_343' title='bbox 1253 3008 1482 3074; x_wconf 80' lang='lat' dir='ltr'><strong>dixerit,</strong></span> <span class='ocrx_word' id='word_1_344' title='bbox 1537 3022 1696 3063; x_wconf 91' lang='lat' dir='ltr'><strong>omne</strong></span> <span class='ocrx_word' id='word_1_345' title='bbox 1747 3009 1942 3064; x_wconf 86' lang='lat' dir='ltr'><strong>animal</strong></span> 
     </span>
    </p>
   </div>
   <div class='ocr_carea' id='block_1_46' title="bbox 353 3099 1944 3170">
    <p class='ocr_par' dir='ltr' id='par_1_46' title="bbox 353 3099 1944 3170">
     <span class='ocr_line' id='line_1_46' title="bbox 353 3099 1944 3170; baseline 0.001 -15"><span class='ocrx_word' id='word_1_346' title='bbox 353 3101 513 3156; x_wconf 89' lang='lat' dir='ltr'><strong>homo</strong></span> <span class='ocrx_word' id='word_1_347' title='bbox 536 3108 645 3167; x_wconf 89' lang='lat' dir='ltr'><strong>est;</strong></span> <span class='ocrx_word' id='word_1_348' title='bbox 675 3115 780 3157; x_wconf 92' lang='lat' dir='ltr'><strong>non</strong></span> <span class='ocrx_word' id='word_1_349' title='bbox 813 3101 955 3156; x_wconf 92' lang='lat' dir='ltr'><strong>enim</strong></span> <span class='ocrx_word' id='word_1_350' title='bbox 983 3101 1226 3170; x_wconf 91' lang='lat' dir='ltr'><strong>pervenit</strong></span> <span class='ocrx_word' id='word_1_351' title='bbox 1248 3099 1314 3154; x_wconf 88' lang='lat' dir='ltr'><strong>ad</strong></span> <span class='ocrx_word' id='word_1_352' title='bbox 1347 3108 1514 3155; x_wconf 92' lang='lat' dir='ltr'><strong>totum</strong></span> <span class='ocrx_word' id='word_1_353' title='bbox 1544 3100 1743 3155; x_wconf 85' lang='lat' dir='ltr'><strong>animal</strong></span> <span class='ocrx_word' id='word_1_354' title='bbox 1768 3100 1944 3156; x_wconf 89' lang='lat' dir='ltr'><strong>homi-</strong></span> 
     </span>
    </p>
   </div>
   <div class='ocr_carea' id='block_1_47' title="bbox 351 3190 1941 3263">
    <p class='ocr_par' dir='ltr' id='par_1_47' title="bbox 351 3190 1941 3263">
     <span class='ocr_line' id='line_1_47' title="bbox 351 3190 1941 3263; baseline 0 -18"><span class='ocrx_word' id='word_1_355' title='bbox 351 3191 436 3245; x_wconf 89' lang='lat' dir='ltr'><strong>nis</strong></span> <span class='ocrx_word' id='word_1_356' title='bbox 472 3205 694 3259; x_wconf 88' lang='lat' dir='ltr'><strong>nomen,</strong></span> <span class='ocrx_word' id='word_1_357' title='bbox 739 3192 862 3263; x_wconf 87' lang='lat' dir='ltr'><strong>quia</strong></span> <span class='ocrx_word' id='word_1_358' title='bbox 886 3205 1005 3247; x_wconf 92' lang='lat' dir='ltr'><strong>cum</strong></span> <span class='ocrx_word' id='word_1_359' title='bbox 1044 3192 1113 3247; x_wconf 88' lang='lat' dir='ltr'><strong>sit</strong></span> <span class='ocrx_word' id='word_1_360' title='bbox 1138 3192 1338 3260; x_wconf 89' lang='lat' dir='ltr'><strong>minus,</strong></span> <span class='ocrx_word' id='word_1_361' title='bbox 1367 3191 1515 3246; x_wconf 90' lang='lat' dir='ltr'><strong>nullo</strong></span> <span class='ocrx_word' id='word_1_362' title='bbox 1538 3190 1698 3246; x_wconf 91' lang='lat' dir='ltr'><strong>modo</strong></span> <span class='ocrx_word' id='word_1_363' title='bbox 1726 3193 1941 3262; x_wconf 88' lang='lat' dir='ltr'><strong>generis</strong></span> 
     </span>
    </p>
   </div>
   <div class='ocr_carea' id='block_1_48' title="bbox 349 3281 2013 3354">
    <p class='ocr_par' dir='ltr' id='par_1_48' title="bbox 349 3281 2013 3354">
     <span class='ocr_line' id='line_1_48' title="bbox 349 3281 2013 3354; baseline 0.001 -20"><span class='ocrx_word' id='word_1_364' title='bbox 349 3283 610 3338; x_wconf 84' lang='lat' dir='ltr'><strong>vocabulo</strong></span> <span class='ocrx_word' id='word_1_365' title='bbox 656 3292 980 3354; x_wconf 77' lang='lat' dir='ltr'><strong>cozequatur.</strong></span> <span class='ocrx_word' id='word_1_366' title='bbox 1029 3282 1214 3353; x_wconf 86' lang='lat' dir='ltr'><strong>Itaque</strong></span> <span class='ocrx_word' id='word_1_367' title='bbox 1270 3297 1389 3352; x_wconf 81' lang='lat' dir='ltr'><strong>quae</strong></span> <span class='ocrx_word' id='word_1_368' title='bbox 1436 3281 1639 3351; x_wconf 88' lang='lat' dir='ltr'><strong>majora</strong></span> <span class='ocrx_word' id='word_1_369' title='bbox 1688 3291 1813 3336; x_wconf 90' lang='lat' dir='ltr'><strong>sunt</strong></span> <span class='ocrx_word' id='word_1_370' title='bbox 1870 3281 1936 3337; x_wconf 93' lang='lat' dir='ltr'><strong>de</strong></span> <span class='ocrx_word' id='word_1_371' title='bbox 1965 3282 2013 3348; x_wconf 86' lang='lat' dir='ltr'><strong><em>C</em></strong></span> 
     </span>
    </p>
   </div>
   <div class='ocr_carea' id='block_1_49' title="bbox 348 3373 1937 3446">
    <p class='ocr_par' dir='ltr' id='par_1_49' title="bbox 348 3373 1937 3446">
     <span class='ocr_line' id='line_1_49' title="bbox 348 3373 1937 3446; baseline -0.003 -15"><span class='ocrx_word' id='word_1_372' title='bbox 348 3375 644 3431; x_wconf 89' lang='lat' dir='ltr'><strong>minoribus</strong></span> <span class='ocrx_word' id='word_1_373' title='bbox 672 3374 1056 3446; x_wconf 75' lang='lat' dir='ltr'><strong>praedicantur,</strong></span> <span class='ocrx_word' id='word_1_374' title='bbox 1087 3389 1204 3444; x_wconf 73' lang='lat' dir='ltr'><strong>quae</strong></span> <span class='ocrx_word' id='word_1_375' title='bbox 1233 3387 1362 3428; x_wconf 89' lang='lat' dir='ltr'><strong>vero</strong></span> <span class='ocrx_word' id='word_1_376' title='bbox 1391 3373 1601 3427; x_wconf 89' lang='lat' dir='ltr'><strong>minora</strong></span> <span class='ocrx_word' id='word_1_377' title='bbox 1629 3380 1780 3438; x_wconf 89' lang='lat' dir='ltr'><strong>sunt,</strong></span> <span class='ocrx_word' id='word_1_378' title='bbox 1831 3386 1937 3426; x_wconf 92' lang='lat' dir='ltr'><strong>non</strong></span> 
     </span>
    </p>
   </div>
   <div class='ocr_carea' id='block_1_50' title="bbox 348 3466 1938 3538">
    <p class='ocr_par' dir='ltr' id='par_1_50' title="bbox 348 3466 1938 3538">
     <span class='ocr_line' id='line_1_50' title="bbox 348 3466 1938 3538; baseline -0.003 -13"><span class='ocrx_word' id='word_1_379' title='bbox 348 3477 733 3526; x_wconf 87' lang='lat' dir='ltr'><strong>convertuntur</strong></span> <span class='ocrx_word' id='word_1_380' title='bbox 769 3477 827 3524; x_wconf 91' lang='lat' dir='ltr'><strong>ut</strong></span> <span class='ocrx_word' id='word_1_381' title='bbox 860 3469 928 3524; x_wconf 90' lang='lat' dir='ltr'><strong>de</strong></span> <span class='ocrx_word' id='word_1_382' title='bbox 958 3466 1250 3538; x_wconf 86' lang='lat' dir='ltr'><strong>majoribus</strong></span> <span class='ocrx_word' id='word_1_383' title='bbox 1276 3466 1656 3537; x_wconf 85' lang='lat' dir='ltr'><strong>praedicentur.</strong></span> <span class='ocrx_word' id='word_1_384' title='bbox 1693 3468 1762 3521; x_wconf 87' lang='lat' dir='ltr'><strong>At</strong></span> <span class='ocrx_word' id='word_1_385' title='bbox 1808 3481 1938 3521; x_wconf 91' lang='lat' dir='ltr'><strong>vero</strong></span> 
     </span>
    </p>
   </div>
   <div class='ocr_carea' id='block_1_51' title="bbox 347 3559 1940 3634">
    <p class='ocr_par' dir='ltr' id='par_1_51' title="bbox 347 3559 1940 3634">
     <span class='ocr_line' id='line_1_51' title="bbox 347 3559 1940 3634; baseline -0.003 -16"><span class='ocrx_word' id='word_1_386' title='bbox 347 3564 518 3633; x_wconf 85' lang='lat' dir='ltr'><strong>siqua</strong></span> <span class='ocrx_word' id='word_1_387' title='bbox 541 3565 648 3619; x_wconf 90' lang='lat' dir='ltr'><strong>sint</strong></span> <span class='ocrx_word' id='word_1_388' title='bbox 677 3562 928 3634; x_wconf 73' lang='lat' dir='ltr'><strong>aequalia,</strong></span> <span class='ocrx_word' id='word_1_389' title='bbox 961 3576 1020 3617; x_wconf 92' lang='lat' dir='ltr'><strong>ea</strong></span> <span class='ocrx_word' id='word_1_390' title='bbox 1058 3561 1351 3616; x_wconf 79' lang='lat' dir='ltr'><strong>secundum</strong></span> <span class='ocrx_word' id='word_1_391' title='bbox 1384 3568 1591 3615; x_wconf 70' lang='lat' dir='ltr'><strong>naturce</strong></span> <span class='ocrx_word' id='word_1_392' title='bbox 1619 3559 1940 3629; x_wconf 79' lang='lat' dir='ltr'><strong>parilitatem</strong></span> 
     </span>
    </p>
   </div>
   <div class='ocr_carea' id='block_1_52' title="bbox 348 3653 1943 3724">
    <p class='ocr_par' dir='ltr' id='par_1_52' title="bbox 348 3653 1943 3724">
     <span class='ocr_line' id='line_1_52' title="bbox 348 3653 1943 3724; baseline -0.003 -11"><span class='ocrx_word' id='word_1_393' title='bbox 348 3658 591 3714; x_wconf 85' lang='lat' dir='ltr'><strong>converti</strong></span> <span class='ocrx_word' id='word_1_394' title='bbox 620 3671 846 3714; x_wconf 88' lang='lat' dir='ltr'><strong>necesse</strong></span> <span class='ocrx_word' id='word_1_395' title='bbox 875 3665 979 3723; x_wconf 91' lang='lat' dir='ltr'><strong>est,</strong></span> <span class='ocrx_word' id='word_1_396' title='bbox 1007 3663 1067 3710; x_wconf 93' lang='lat' dir='ltr'><strong>ut</strong></span> <span class='ocrx_word' id='word_1_397' title='bbox 1093 3653 1353 3710; x_wconf 89' lang='lat' dir='ltr'><strong>hinnibile</strong></span> <span class='ocrx_word' id='word_1_398' title='bbox 1392 3663 1552 3724; x_wconf 88' lang='lat' dir='ltr'><strong>atque</strong></span> <span class='ocrx_word' id='word_1_399' title='bbox 1582 3668 1781 3723; x_wconf 91' lang='lat' dir='ltr'><strong>equus,</strong></span> <span class='ocrx_word' id='word_1_400' title='bbox 1808 3669 1943 3724; x_wconf 89' lang='lat' dir='ltr'><strong>quo-</strong></span> 
     </span>
    </p>
   </div>
   <div class='ocr_carea' id='block_1_53' title="bbox 348 3745 1943 3816">
    <p class='ocr_par' dir='ltr' id='par_1_53' title="bbox 348 3745 1943 3816">
     <span class='ocr_line' id='line_1_53' title="bbox 348 3745 1943 3816; baseline -0.003 -12"><span class='ocrx_word' id='word_1_401' title='bbox 348 3750 494 3804; x_wconf 84' lang='lat' dir='ltr'><strong>niam</strong></span> <span class='ocrx_word' id='word_1_402' title='bbox 523 3749 595 3802; x_wconf 89' lang='lat' dir='ltr'><strong>ita</strong></span> <span class='ocrx_word' id='word_1_403' title='bbox 618 3748 833 3804; x_wconf 90' lang='lat' dir='ltr'><strong>sibimet</strong></span> <span class='ocrx_word' id='word_1_404' title='bbox 861 3753 1228 3816; x_wconf 66' lang='lat' dir='ltr'><strong>coaequantur,</strong></span> <span class='ocrx_word' id='word_1_405' title='bbox 1259 3753 1313 3800; x_wconf 89' lang='lat' dir='ltr'><strong>ut</strong></span> <span class='ocrx_word' id='word_1_406' title='bbox 1339 3759 1510 3814; x_wconf 89' lang='lat' dir='ltr'><strong>neque</strong></span> <span class='ocrx_word' id='word_1_407' title='bbox 1538 3760 1706 3815; x_wconf 88' lang='lat' dir='ltr'><strong>equus</strong></span> <span class='ocrx_word' id='word_1_408' title='bbox 1738 3746 1808 3800; x_wconf 90' lang='lat' dir='ltr'><strong>sit</strong></span> <span class='ocrx_word' id='word_1_409' title='bbox 1837 3745 1943 3800; x_wconf 90' lang='lat' dir='ltr'><strong>nisi</strong></span> 
     </span>
    </p>
   </div>
   <div class='ocr_carea' id='block_1_54' title="bbox 348 3837 1945 3911">
    <p class='ocr_par' dir='ltr' id='par_1_54' title="bbox 348 3837 1945 3911">
     <span class='ocr_line' id='line_1_54' title="bbox 348 3837 1945 3911; baseline -0.003 -15"><span class='ocrx_word' id='word_1_410' title='bbox 348 3839 648 3905; x_wconf 86' lang='lat' dir='ltr'><strong>hinnibile,</strong></span> <span class='ocrx_word' id='word_1_411' title='bbox 697 3854 874 3911; x_wconf 89' lang='lat' dir='ltr'><strong>neque</strong></span> <span class='ocrx_word' id='word_1_412' title='bbox 915 3839 1042 3908; x_wconf 90' lang='lat' dir='ltr'><strong>quid</strong></span> <span class='ocrx_word' id='word_1_413' title='bbox 1073 3840 1141 3894; x_wconf 92' lang='lat' dir='ltr'><strong>sit</strong></span> <span class='ocrx_word' id='word_1_414' title='bbox 1169 3837 1460 3907; x_wconf 84' lang='lat' dir='ltr'><strong>hinnibile,</strong></span> <span class='ocrx_word' id='word_1_415' title='bbox 1495 3838 1594 3892; x_wconf 87' lang='lat' dir='ltr'><strong>nisi</strong></span> <span class='ocrx_word' id='word_1_416' title='bbox 1638 3853 1822 3909; x_wconf 90' lang='lat' dir='ltr'><strong>equus.</strong></span> <span class='ocrx_word' id='word_1_417' title='bbox 1859 3837 1945 3892; x_wconf 85' lang='lat' dir='ltr'><strong>Fit</strong></span> 
     </span>
    </p>
   </div>
   <div class='ocr_carea' id='block_1_55' title="bbox 355 3930 1944 4002">
    <p class='ocr_par' dir='ltr' id='par_1_55' title="bbox 355 3930 1944 4002">
     <span class='ocr_line' id='line_1_55' title="bbox 355 3930 1944 4002; baseline -0.003 -15"><span class='ocrx_word' id='word_1_418' title='bbox 355 3945 484 4002; x_wconf 89' lang='lat' dir='ltr'><strong>ergo</strong></span> <span class='ocrx_word' id='word_1_419' title='bbox 514 3940 575 3987; x_wconf 88' lang='lat' dir='ltr'><strong>ut</strong></span> <span class='ocrx_word' id='word_1_420' title='bbox 625 3945 785 3987; x_wconf 90' lang='lat' dir='ltr'><strong>omne</strong></span> <span class='ocrx_word' id='word_1_421' title='bbox 824 3930 1083 3986; x_wconf 87' lang='lat' dir='ltr'><strong>binnibile</strong></span> <span class='ocrx_word' id='word_1_422' title='bbox 1113 3945 1280 4002; x_wconf 88' lang='lat' dir='ltr'><strong>equus</strong></span> <span class='ocrx_word' id='word_1_423' title='bbox 1308 3931 1417 3995; x_wconf 90' lang='lat' dir='ltr'><strong>sit,</strong></span> <span class='ocrx_word' id='word_1_424' title='bbox 1471 3938 1523 3984; x_wconf 92' lang='lat' dir='ltr'><strong>et</strong></span> <span class='ocrx_word' id='word_1_425' title='bbox 1561 3930 1736 3984; x_wconf 91' lang='lat' dir='ltr'><strong>omnis</strong></span> <span class='ocrx_word' id='word_1_426' title='bbox 1776 3944 1944 4000; x_wconf 90' lang='lat' dir='ltr'><strong>equus</strong></span> 
     </span>
    </p>
   </div>
   <div class='ocr_carea' id='block_1_56' title="bbox 355 4020 1947 4092">
    <p class='ocr_par' dir='ltr' id='par_1_56' title="bbox 355 4020 1947 4092">
     <span class='ocr_line' id='line_1_56' title="bbox 355 4020 1947 4092; baseline -0.003 -14"><span class='ocrx_word' id='word_1_427' title='bbox 355 4021 623 4078; x_wconf 89' lang='lat' dir='ltr'><strong>hinnibile</strong></span> <span class='ocrx_word' id='word_1_428' title='bbox 647 4061 662 4087; x_wconf 95' lang='lat'><strong>,</strong></span> <span class='ocrx_word' id='word_1_429' title='bbox 719 4035 838 4092; x_wconf 67' lang='lat' dir='ltr'><strong>quae</strong></span> <span class='ocrx_word' id='word_1_430' title='bbox 869 4035 989 4077; x_wconf 92' lang='lat' dir='ltr'><strong>cum</strong></span> <span class='ocrx_word' id='word_1_431' title='bbox 1020 4020 1090 4075; x_wconf 92' lang='lat' dir='ltr'><strong>ita</strong></span> <span class='ocrx_word' id='word_1_432' title='bbox 1121 4021 1224 4076; x_wconf 91' lang='lat' dir='ltr'><strong>sint</strong></span> <span class='ocrx_word' id='word_1_433' title='bbox 1265 4036 1324 4076; x_wconf 89' lang='lat' dir='ltr'><strong>ea</strong></span> <span class='ocrx_word' id='word_1_434' title='bbox 1358 4036 1477 4091; x_wconf 65' lang='lat' dir='ltr'><strong>quas</strong></span> <span class='ocrx_word' id='word_1_435' title='bbox 1517 4020 1794 4090; x_wconf 88' lang='lat' dir='ltr'><strong>superiora</strong></span> <span class='ocrx_word' id='word_1_436' title='bbox 1823 4028 1947 4074; x_wconf 86' lang='lat' dir='ltr'><strong>sunt</strong></span> 
     </span>
    </p>
   </div>
   <div class='ocr_carea' id='block_1_57' title="bbox 351 4109 1942 4182">
    <p class='ocr_par' dir='ltr' id='par_1_57' title="bbox 351 4109 1942 4182">
     <span class='ocr_line' id='line_1_57' title="bbox 351 4109 1942 4182; baseline -0.003 -13"><span class='ocrx_word' id='word_1_437' title='bbox 351 4127 460 4170; x_wconf 90' lang='lat' dir='ltr'><strong>non</strong></span> <span class='ocrx_word' id='word_1_438' title='bbox 491 4110 656 4168; x_wconf 92' lang='lat' dir='ltr'><strong>modo</strong></span> <span class='ocrx_word' id='word_1_439' title='bbox 682 4111 749 4167; x_wconf 86' lang='lat' dir='ltr'><strong>de</strong></span> <span class='ocrx_word' id='word_1_440' title='bbox 779 4112 880 4166; x_wconf 89' lang='lat' dir='ltr'><strong>sibi</strong></span> <span class='ocrx_word' id='word_1_441' title='bbox 917 4111 1172 4182; x_wconf 78' lang='lat' dir='ltr'><strong>proximis</strong></span> <span class='ocrx_word' id='word_1_442' title='bbox 1195 4111 1533 4166; x_wconf 84' lang='lat' dir='ltr'><strong>inferioribus</strong></span> <span class='ocrx_word' id='word_1_443' title='bbox 1563 4109 1942 4182; x_wconf 86' lang='lat' dir='ltr'><strong>praedicantur,</strong></span> 
     </span>
    </p>
   </div>
   <div class='ocr_carea' id='block_1_58' title="bbox 350 4202 1948 4278">
    <p class='ocr_par' dir='ltr' id='par_1_58' title="bbox 350 4202 1948 4278">
     <span class='ocr_line' id='line_1_58' title="bbox 350 4202 1948 4278; baseline -0.004 -16"><span class='ocrx_word' id='word_1_444' title='bbox 350 4208 702 4264; x_wconf 84' lang='lat' dir='ltr'><strong>verumetiam</strong></span> <span class='ocrx_word' id='word_1_445' title='bbox 732 4204 796 4261; x_wconf 93' lang='lat' dir='ltr'><strong>de</strong></span> <span class='ocrx_word' id='word_1_446' title='bbox 827 4205 1138 4260; x_wconf 83' lang='lat' dir='ltr'><strong>inferiorum</strong></span> <span class='ocrx_word' id='word_1_447' title='bbox 1171 4203 1516 4278; x_wconf 79' lang='lat' dir='ltr'><strong>inferioribus</strong></span> <span class='ocrx_word' id='word_1_448' title='bbox 1552 4220 1563 4255; x_wconf 90' lang='lat'>:</span> <span class='ocrx_word' id='word_1_449' title='bbox 1596 4217 1717 4257; x_wconf 91' lang='lat' dir='ltr'><strong>nam</strong></span> <span class='ocrx_word' id='word_1_450' title='bbox 1751 4203 1792 4256; x_wconf 88' lang='lat' dir='ltr'><strong>si</strong></span> <span class='ocrx_word' id='word_1_451' title='bbox 1819 4202 1948 4256; x_wconf 89' lang='lat' dir='ltr'><strong>illud</strong></span> 
     </span>
    </p>
   </div>
   <div class='ocr_carea' id='block_1_59' title="bbox 354 4294 1949 4369">
    <p class='ocr_par' dir='ltr' id='par_1_59' title="bbox 354 4294 1949 4369">
     <span class='ocr_line' id='line_1_59' title="bbox 354 4294 1949 4369; baseline -0.004 -13"><span class='ocrx_word' id='word_1_452' title='bbox 354 4299 639 4369; x_wconf 89' lang='lat' dir='ltr'><strong>recipitur,</strong></span> <span class='ocrx_word' id='word_1_453' title='bbox 671 4307 729 4352; x_wconf 90' lang='lat' dir='ltr'><strong>ut</strong></span> <span class='ocrx_word' id='word_1_454' title='bbox 760 4313 823 4354; x_wconf 91' lang='lat' dir='ltr'><strong>ea</strong></span> <span class='ocrx_word' id='word_1_455' title='bbox 854 4312 972 4369; x_wconf 87' lang='lat' dir='ltr'><strong>quae</strong></span> <span class='ocrx_word' id='word_1_456' title='bbox 997 4297 1280 4368; x_wconf 87' lang='lat' dir='ltr'><strong>superiora</strong></span> <span class='ocrx_word' id='word_1_457' title='bbox 1321 4304 1446 4351; x_wconf 91' lang='lat' dir='ltr'><strong>sunt</strong></span> <span class='ocrx_word' id='word_1_458' title='bbox 1497 4295 1562 4350; x_wconf 88' lang='lat' dir='ltr'><strong>de</strong></span> <span class='ocrx_word' id='word_1_459' title='bbox 1607 4294 1949 4349; x_wconf 81' lang='lat' dir='ltr'><strong>inferioribus</strong></span> 
     </span>
    </p>
   </div>
   <div class='ocr_carea' id='block_1_60' title="bbox 350 4389 1949 4463">
    <p class='ocr_par' dir='ltr' id='par_1_60' title="bbox 350 4389 1949 4463">
     <span class='ocr_line' id='line_1_60' title="bbox 350 4389 1949 4463; baseline -0.003 -16"><span class='ocrx_word' id='word_1_460' title='bbox 350 4392 734 4463; x_wconf 73' lang='lat' dir='ltr'><strong>prmdieentur,</strong></span> <span class='ocrx_word' id='word_1_461' title='bbox 762 4391 1077 4446; x_wconf 80' lang='lat' dir='ltr'><strong>inferiorum</strong></span> <span class='ocrx_word' id='word_1_462' title='bbox 1108 4390 1360 4446; x_wconf 81' lang='lat' dir='ltr'><strong>inferiora</strong></span> <span class='ocrx_word' id='word_1_463' title='bbox 1386 4389 1754 4460; x_wconf 82' lang='lat' dir='ltr'><strong>superioribus</strong></span> <span class='ocrx_word' id='word_1_464' title='bbox 1779 4389 1949 4443; x_wconf 91' lang='lat' dir='ltr'><strong>multo</strong></span> 
     </span>
    </p>
   </div>
   <div class='ocr_carea' id='block_1_61' title="bbox 353 4481 1951 4552">
    <p class='ocr_par' dir='ltr' id='par_1_61' title="bbox 353 4481 1951 4552">
     <span class='ocr_line' id='line_1_61' title="bbox 353 4481 1951 4552; baseline -0.001 -15"><span class='ocrx_word' id='word_1_465' title='bbox 353 4483 520 4552; x_wconf 87' lang='lat' dir='ltr'><strong>magis</strong></span> <span class='ocrx_word' id='word_1_466' title='bbox 543 4483 796 4538; x_wconf 77' lang='lat' dir='ltr'><strong>inferiora</strong></span> <span class='ocrx_word' id='word_1_467' title='bbox 839 4492 996 4550; x_wconf 89' lang='lat' dir='ltr'><strong>sunt,</strong></span> <span class='ocrx_word' id='word_1_468' title='bbox 1022 4485 1170 4538; x_wconf 91' lang='lat' dir='ltr'><strong>velut</strong></span> <span class='ocrx_word' id='word_1_469' title='bbox 1203 4483 1506 4537; x_wconf 88' lang='lat' dir='ltr'><strong>substantia</strong></span> <span class='ocrx_word' id='word_1_470' title='bbox 1534 4482 1856 4551; x_wconf 78' lang='lat' dir='ltr'><strong>praedicatur</strong></span> <span class='ocrx_word' id='word_1_471' title='bbox 1884 4481 1951 4536; x_wconf 89' lang='lat' dir='ltr'><strong>de</strong></span> 
     </span>
    </p>
   </div>
   <div class='ocr_carea' id='block_1_62' title="bbox 355 4570 1951 4642">
    <p class='ocr_par' dir='ltr' id='par_1_62' title="bbox 355 4570 1951 4642">
     <span class='ocr_line' id='line_1_62' title="bbox 355 4570 1951 4642; baseline -0.001 -16"><span class='ocrx_word' id='word_1_472' title='bbox 355 4572 570 4626; x_wconf 81' lang='lat' dir='ltr'><strong>animali</strong></span> <span class='ocrx_word' id='word_1_473' title='bbox 605 4572 746 4642; x_wconf 89' lang='lat' dir='ltr'><strong>quod</strong></span> <span class='ocrx_word' id='word_1_474' title='bbox 795 4581 879 4626; x_wconf 90' lang='lat' dir='ltr'><strong>est</strong></span> <span class='ocrx_word' id='word_1_475' title='bbox 911 4572 1164 4637; x_wconf 82' lang='lat' dir='ltr'><strong>inferius;</strong></span> <span class='ocrx_word' id='word_1_476' title='bbox 1207 4572 1299 4625; x_wconf 89' lang='lat' dir='ltr'><strong>sed</strong></span> <span class='ocrx_word' id='word_1_477' title='bbox 1333 4571 1551 4624; x_wconf 88' lang='lat' dir='ltr'><strong>animali</strong></span> <span class='ocrx_word' id='word_1_478' title='bbox 1597 4570 1819 4625; x_wconf 82' lang='lat' dir='ltr'><strong>inferius</strong></span> <span class='ocrx_word' id='word_1_479' title='bbox 1869 4578 1951 4624; x_wconf 83' lang='lat' dir='ltr'><strong>est</strong></span> 
     </span>
    </p>
   </div>
   <div class='ocr_carea' id='block_1_63' title="bbox 357 4661 2069 4734">
    <p class='ocr_par' dir='ltr' id='par_1_63' title="bbox 357 4661 2069 4734">
     <span class='ocr_line' id='line_1_63' title="bbox 357 4661 2069 4734; baseline -0.001 -18"><span class='ocrx_word' id='word_1_480' title='bbox 357 4663 534 4728; x_wconf 91' lang='lat' dir='ltr'><strong>homo,</strong></span> <span class='ocrx_word' id='word_1_481' title='bbox 565 4664 891 4733; x_wconf 76' lang='lat' dir='ltr'><strong>praedicatur</strong></span> <span class='ocrx_word' id='word_1_482' title='bbox 920 4663 1082 4734; x_wconf 88' lang='lat' dir='ltr'><strong>igitur</strong></span> <span class='ocrx_word' id='word_1_483' title='bbox 1108 4663 1270 4718; x_wconf 88' lang='lat' dir='ltr'><strong>etiam</strong></span> <span class='ocrx_word' id='word_1_484' title='bbox 1295 4661 1590 4717; x_wconf 91' lang='lat' dir='ltr'><strong>substantia</strong></span> <span class='ocrx_word' id='word_1_485' title='bbox 1617 4662 1684 4716; x_wconf 92' lang='lat' dir='ltr'><strong>de</strong></span> <span class='ocrx_word' id='word_1_486' title='bbox 1707 4661 1943 4716; x_wconf 89' lang='lat' dir='ltr'><strong>homine.</strong></span> <span class='ocrx_word' id='word_1_487' title='bbox 1977 4663 2030 4725; x_wconf 88' lang='lat' dir='ltr'><strong>D</strong></span> <span class='ocrx_word' id='word_1_488' title='bbox 2057 4661 2069 4734; x_wconf 76' lang='grc' dir='ltr'>ξ</span> 
     </span>
    </p>
   </div>
   <div class='ocr_carea' id='block_1_64' title="bbox 356 4752 1949 4821">
    <p class='ocr_par' dir='ltr' id='par_1_64' title="bbox 356 4752 1949 4821">
     <span class='ocr_line' id='line_1_64' title="bbox 356 4752 1949 4821; baseline -0.002 -12"><span class='ocrx_word' id='word_1_489' title='bbox 356 4754 560 4810; x_wconf 76' lang='lat' dir='ltr'><strong>Rursus</strong></span> <span class='ocrx_word' id='word_1_490' title='bbox 608 4755 862 4811; x_wconf 89' lang='lat' dir='ltr'><strong>Socrates</strong></span> <span class='ocrx_word' id='word_1_491' title='bbox 907 4755 1130 4810; x_wconf 80' lang='lat' dir='ltr'><strong>inferius</strong></span> <span class='ocrx_word' id='word_1_492' title='bbox 1172 4763 1256 4808; x_wconf 90' lang='lat' dir='ltr'><strong>est</strong></span> <span class='ocrx_word' id='word_1_493' title='bbox 1283 4753 1539 4818; x_wconf 84' lang='lat' dir='ltr'><strong>homine,</strong></span> <span class='ocrx_word' id='word_1_494' title='bbox 1566 4752 1949 4821; x_wconf 71' lang='lat' dir='ltr'><strong>prmdicabitur</strong></span> 
     </span>
    </p>
   </div>
   <div class='ocr_carea' id='block_1_65' title="bbox 357 4845 1948 4917">
    <p class='ocr_par' dir='ltr' id='par_1_65' title="bbox 357 4845 1948 4917">
     <span class='ocr_line' id='line_1_65' title="bbox 357 4845 1948 4917; baseline -0.003 -15"><span class='ocrx_word' id='word_1_495' title='bbox 357 4849 520 4917; x_wconf 84' lang='lat' dir='ltr'><strong>igitur</strong></span> <span class='ocrx_word' id='word_1_496' title='bbox 570 4849 866 4903; x_wconf 89' lang='lat' dir='ltr'><strong>substantia</strong></span> <span class='ocrx_word' id='word_1_497' title='bbox 899 4847 966 4903; x_wconf 91' lang='lat' dir='ltr'><strong>de</strong></span> <span class='ocrx_word' id='word_1_498' title='bbox 992 4848 1240 4904; x_wconf 88' lang='lat' dir='ltr'><strong>Socrate.</strong></span> <span class='ocrx_word' id='word_1_499' title='bbox 1282 4845 1468 4914; x_wconf 87' lang='lat' dir='ltr'><strong>Itaque</strong></span> <span class='ocrx_word' id='word_1_500' title='bbox 1497 4846 1704 4912; x_wconf 87' lang='lat' dir='ltr'><strong>species</strong></span> <span class='ocrx_word' id='word_1_501' title='bbox 1734 4845 1948 4914; x_wconf 85' lang='lat' dir='ltr'><strong>quidem</strong></span> 
     </span>
    </p>
   </div>
   <div class='ocr_carea' id='block_1_66' title="bbox 358 4935 1950 5009">
    <p class='ocr_par' dir='ltr' id='par_1_66' title="bbox 358 4935 1950 5009">
     <span class='ocr_line' id='line_1_66' title="bbox 358 4935 1950 5009; baseline -0.002 -16"><span class='ocrx_word' id='word_1_502' title='bbox 358 4937 423 4994; x_wconf 89' lang='lat' dir='ltr'><strong>de</strong></span> <span class='ocrx_word' id='word_1_503' title='bbox 457 4938 746 4994; x_wconf 89' lang='lat' dir='ltr'><strong>individuis</strong></span> <span class='ocrx_word' id='word_1_504' title='bbox 786 4938 1145 5009; x_wconf 72' lang='lat' dir='ltr'><strong>praedicantur</strong></span> <span class='ocrx_word' id='word_1_505' title='bbox 1181 4955 1192 4989; x_wconf 92' lang='lat'>:</span> <span class='ocrx_word' id='word_1_506' title='bbox 1232 4951 1429 5006; x_wconf 89' lang='lat' dir='ltr'><strong>genera</strong></span> <span class='ocrx_word' id='word_1_507' title='bbox 1464 4949 1592 4990; x_wconf 89' lang='lat' dir='ltr'><strong>vero</strong></span> <span class='ocrx_word' id='word_1_508' title='bbox 1627 4943 1681 4988; x_wconf 83' lang='lat' dir='ltr'><strong>et</strong></span> <span class='ocrx_word' id='word_1_509' title='bbox 1719 4935 1788 4990; x_wconf 91' lang='lat' dir='ltr'><strong>de</strong></span> <span class='ocrx_word' id='word_1_510' title='bbox 1828 4949 1950 5004; x_wconf 87' lang='lat' dir='ltr'><strong>spe-</strong></span> 
     </span>
    </p>
   </div>
   <div class='ocr_carea' id='block_1_67' title="bbox 356 5030 1942 5101">
    <p class='ocr_par' dir='ltr' id='par_1_67' title="bbox 356 5030 1942 5101">
     <span class='ocr_line' id='line_1_67' title="bbox 356 5030 1942 5101; baseline -0.005 -14"><span class='ocrx_word' id='word_1_511' title='bbox 356 5032 537 5087; x_wconf 89' lang='lat' dir='ltr'><strong>ciebus</strong></span> <span class='ocrx_word' id='word_1_512' title='bbox 567 5041 621 5087; x_wconf 92' lang='lat' dir='ltr'><strong>et</strong></span> <span class='ocrx_word' id='word_1_513' title='bbox 650 5033 717 5086; x_wconf 92' lang='lat' dir='ltr'><strong>de</strong></span> <span class='ocrx_word' id='word_1_514' title='bbox 759 5030 1079 5101; x_wconf 83' lang='lat' dir='ltr'><strong>individuis,</strong></span> <span class='ocrx_word' id='word_1_515' title='bbox 1127 5030 1270 5101; x_wconf 92' lang='lat' dir='ltr'><strong>quod</strong></span> <span class='ocrx_word' id='word_1_516' title='bbox 1303 5030 1543 5084; x_wconf 83' lang='lat' dir='ltr'><strong>converti</strong></span> <span class='ocrx_word' id='word_1_517' title='bbox 1587 5042 1691 5082; x_wconf 93' lang='lat' dir='ltr'><strong>non</strong></span> <span class='ocrx_word' id='word_1_518' title='bbox 1727 5035 1900 5095; x_wconf 91' lang='lat' dir='ltr'><strong>potest</strong></span> <span class='ocrx_word' id='word_1_519' title='bbox 1930 5043 1942 5078; x_wconf 89' lang='lat'><strong>:</strong></span> 
     </span>
    </p>
   </div>
   <div class='ocr_carea' id='block_1_68' title="bbox 360 5117 1956 5193">
    <p class='ocr_par' dir='ltr' id='par_1_68' title="bbox 360 5117 1956 5193">
     <span class='ocr_line' id='line_1_68' title="bbox 360 5117 1956 5193; baseline -0.004 -17"><span class='ocrx_word' id='word_1_520' title='bbox 360 5137 478 5177; x_wconf 88' lang='lat' dir='ltr'><strong>nam</strong></span> <span class='ocrx_word' id='word_1_521' title='bbox 522 5138 695 5193; x_wconf 91' lang='lat' dir='ltr'><strong>neque</strong></span> <span class='ocrx_word' id='word_1_522' title='bbox 733 5122 1003 5177; x_wconf 88' lang='lat' dir='ltr'><strong>individua</strong></span> <span class='ocrx_word' id='word_1_523' title='bbox 1033 5121 1100 5176; x_wconf 89' lang='lat' dir='ltr'><strong>de</strong></span> <span class='ocrx_word' id='word_1_524' title='bbox 1131 5121 1443 5191; x_wconf 85' lang='lat' dir='ltr'><strong>speciebus,</strong></span> <span class='ocrx_word' id='word_1_525' title='bbox 1479 5128 1530 5172; x_wconf 90' lang='lat' dir='ltr'><strong>et</strong></span> <span class='ocrx_word' id='word_1_526' title='bbox 1561 5119 1627 5174; x_wconf 92' lang='lat' dir='ltr'><strong>de</strong></span> <span class='ocrx_word' id='word_1_527' title='bbox 1670 5117 1956 5189; x_wconf 91' lang='lat' dir='ltr'><strong>generibus</strong></span> 
     </span>
    </p>
   </div>
   <div class='ocr_carea' id='block_1_69' title="bbox 357 5211 1959 5286">
    <p class='ocr_par' dir='ltr' id='par_1_69' title="bbox 357 5211 1959 5286">
     <span class='ocr_line' id='line_1_69' title="bbox 357 5211 1959 5286; baseline -0.004 -17"><span class='ocrx_word' id='word_1_528' title='bbox 357 5216 736 5286; x_wconf 67' lang='lat' dir='ltr'><strong>praedicantur,</strong></span> <span class='ocrx_word' id='word_1_529' title='bbox 776 5230 877 5271; x_wconf 90' lang='lat' dir='ltr'><strong>nec</strong></span> <span class='ocrx_word' id='word_1_530' title='bbox 923 5218 1132 5285; x_wconf 90' lang='lat' dir='ltr'><strong>species</strong></span> <span class='ocrx_word' id='word_1_531' title='bbox 1162 5215 1227 5269; x_wconf 91' lang='lat' dir='ltr'><strong>de</strong></span> <span class='ocrx_word' id='word_1_532' title='bbox 1258 5215 1563 5283; x_wconf 87' lang='lat' dir='ltr'><strong>generibus.</strong></span> <span class='ocrx_word' id='word_1_533' title='bbox 1602 5211 1783 5281; x_wconf 89' lang='lat' dir='ltr'><strong>Itaque</strong></span> <span class='ocrx_word' id='word_1_534' title='bbox 1816 5211 1873 5264; x_wconf 84' lang='lat' dir='ltr'><strong>lit</strong></span> <span class='ocrx_word' id='word_1_535' title='bbox 1898 5218 1959 5264; x_wconf 90' lang='lat' dir='ltr'><strong>ut</strong></span> 
     </span>
    </p>
   </div>
   <div class='ocr_carea' id='block_1_70' title="bbox 357 5301 1957 5378">
    <p class='ocr_par' dir='ltr' id='par_1_70' title="bbox 357 5301 1957 5378">
     <span class='ocr_line' id='line_1_70' title="bbox 357 5301 1957 5378; baseline -0.004 -18"><span class='ocrx_word' id='word_1_536' title='bbox 357 5324 523 5378; x_wconf 80' lang='lat' dir='ltr'><strong>genus</strong></span> <span class='ocrx_word' id='word_1_537' title='bbox 555 5307 770 5376; x_wconf 86' lang='lat' dir='ltr'><strong>quidem</strong></span> <span class='ocrx_word' id='word_1_538' title='bbox 800 5306 1273 5378; x_wconf 84' lang='lat' dir='ltr'><strong>generalissimum</strong></span> <span class='ocrx_word' id='word_1_539' title='bbox 1305 5304 1370 5358; x_wconf 92' lang='lat' dir='ltr'><strong>de</strong></span> <span class='ocrx_word' id='word_1_540' title='bbox 1399 5302 1648 5358; x_wconf 89' lang='lat' dir='ltr'><strong>omnibus</strong></span> <span class='ocrx_word' id='word_1_541' title='bbox 1688 5301 1957 5355; x_wconf 85' lang='lat' dir='ltr'><strong>subalter-</strong></span> 
     </span>
    </p>
   </div>
   <div class='ocr_carea' id='block_1_71' title="bbox 352 5392 1961 5469">
    <p class='ocr_par' dir='ltr' id='par_1_71' title="bbox 352 5392 1961 5469">
     <span class='ocr_line' id='line_1_71' title="bbox 352 5392 1961 5469; baseline -0.006 -15"><span class='ocrx_word' id='word_1_542' title='bbox 352 5400 439 5454; x_wconf 87' lang='lat' dir='ltr'><strong>nis</strong></span> <span class='ocrx_word' id='word_1_543' title='bbox 469 5399 758 5465; x_wconf 68' lang='lat' dir='ltr'><strong>generibus</strong></span> <span class='ocrx_word' id='word_1_544' title='bbox 782 5399 1084 5469; x_wconf 67' lang='lat' dir='ltr'><strong>praedicari,</strong></span> <span class='ocrx_word' id='word_1_545' title='bbox 1109 5407 1160 5454; x_wconf 89' lang='lat' dir='ltr'><strong>et</strong></span> <span class='ocrx_word' id='word_1_546' title='bbox 1191 5398 1258 5452; x_wconf 91' lang='lat' dir='ltr'><strong>de</strong></span> <span class='ocrx_word' id='word_1_547' title='bbox 1291 5395 1572 5466; x_wconf 84' lang='lat' dir='ltr'><strong>speciebus</strong></span> <span class='ocrx_word' id='word_1_548' title='bbox 1603 5401 1658 5446; x_wconf 93' lang='lat' dir='ltr'><strong>ct</strong></span> <span class='ocrx_word' id='word_1_549' title='bbox 1684 5393 1747 5445; x_wconf 90' lang='lat' dir='ltr'><strong>de</strong></span> <span class='ocrx_word' id='word_1_550' title='bbox 1767 5392 1961 5445; x_wconf 82' lang='lat' dir='ltr'><strong>indivi-</strong></span> 
     </span>
    </p>
   </div>
   <div class='ocr_carea' id='block_1_72' title="bbox 353 5485 1957 5558">
    <p class='ocr_par' dir='ltr' id='par_1_72' title="bbox 353 5485 1957 5558">
     <span class='ocr_line' id='line_1_72' title="bbox 353 5485 1957 5558; baseline -0.003 -14"><span class='ocrx_word' id='word_1_551' title='bbox 353 5490 481 5545; x_wconf 86' lang='lat' dir='ltr'><strong>duis</strong></span> <span class='ocrx_word' id='word_1_552' title='bbox 516 5488 704 5557; x_wconf 76' lang='lat' dir='ltr'><strong>pOSsit,</strong></span> <span class='ocrx_word' id='word_1_553' title='bbox 736 5491 800 5544; x_wconf 92' lang='lat' dir='ltr'><strong>de</strong></span> <span class='ocrx_word' id='word_1_554' title='bbox 829 5491 947 5558; x_wconf 89' lang='lat' dir='ltr'><strong>ipso</strong></span> <span class='ocrx_word' id='word_1_555' title='bbox 979 5485 1110 5546; x_wconf 82' lang='lat' dir='ltr'><strong>vero</strong></span> <span class='ocrx_word' id='word_1_556' title='bbox 1151 5490 1307 5545; x_wconf 86' lang='lat' dir='ltr'><strong>nihil.</strong></span> <span class='ocrx_word' id='word_1_557' title='bbox 1346 5489 1602 5544; x_wconf 90' lang='lat' dir='ltr'><strong>Ultimum</strong></span> <span class='ocrx_word' id='word_1_558' title='bbox 1636 5498 1764 5538; x_wconf 89' lang='lat' dir='ltr'><strong>vero</strong></span> <span class='ocrx_word' id='word_1_559' title='bbox 1789 5499 1957 5553; x_wconf 86' lang='lat' dir='ltr'><strong>genus</strong></span> 
     </span>
    </p>
   </div>
   <div class='ocr_carea' id='block_1_73' title="bbox 355 5576 1957 5652">
    <p class='ocr_par' dir='ltr' id='par_1_73' title="bbox 355 5576 1957 5652">
     <span class='ocr_line' id='line_1_73' title="bbox 355 5576 1957 5652; baseline -0.006 -15"><span class='ocrx_word' id='word_1_560' title='bbox 355 5581 409 5637; x_wconf 81' lang='lat' dir='ltr'><strong>id</strong></span> <span class='ocrx_word' id='word_1_561' title='bbox 443 5587 626 5634; x_wconf 90' lang='lat' dir='ltr'><strong>autem</strong></span> <span class='ocrx_word' id='word_1_562' title='bbox 654 5589 734 5632; x_wconf 91' lang='lat' dir='ltr'><strong>est</strong></span> <span class='ocrx_word' id='word_1_563' title='bbox 762 5582 902 5648; x_wconf 88' lang='lat' dir='ltr'><strong>quod</strong></span> <span class='ocrx_word' id='word_1_564' title='bbox 931 5592 1054 5637; x_wconf 89' lang='lat' dir='ltr'><strong>ante</strong></span> <span class='ocrx_word' id='word_1_565' title='bbox 1092 5580 1511 5652; x_wconf 86' lang='lat' dir='ltr'><strong>specialissimas</strong></span> <span class='ocrx_word' id='word_1_566' title='bbox 1544 5576 1753 5645; x_wconf 90' lang='lat' dir='ltr'><strong>species</strong></span> <span class='ocrx_word' id='word_1_567' title='bbox 1791 5576 1957 5629; x_wconf 92' lang='lat' dir='ltr'><strong>collo-</strong></span> 
     </span>
    </p>
   </div>
   <div class='ocr_carea' id='block_1_74' title="bbox 354 5667 1956 5743">
    <p class='ocr_par' dir='ltr' id='par_1_74' title="bbox 354 5667 1956 5743">
     <span class='ocr_line' id='line_1_74' title="bbox 354 5667 1956 5743; baseline -0.006 -11"><span class='ocrx_word' id='word_1_568' title='bbox 354 5685 512 5732; x_wconf 86' lang='lat' dir='ltr'><strong>catur</strong></span> <span class='ocrx_word' id='word_1_569' title='bbox 543 5674 664 5727; x_wconf 90' lang='lat' dir='ltr'><strong>sine</strong></span> <span class='ocrx_word' id='word_1_570' title='bbox 699 5672 901 5738; x_wconf 90' lang='lat' dir='ltr'><strong>medio,</strong></span> <span class='ocrx_word' id='word_1_571' title='bbox 930 5683 982 5727; x_wconf 92' lang='lat' dir='ltr'><strong>et</strong></span> <span class='ocrx_word' id='word_1_572' title='bbox 1006 5675 1073 5730; x_wconf 91' lang='lat' dir='ltr'><strong>de</strong></span> <span class='ocrx_word' id='word_1_573' title='bbox 1096 5676 1224 5730; x_wconf 88' lang='lat' dir='ltr'><strong>solis</strong></span> <span class='ocrx_word' id='word_1_574' title='bbox 1246 5672 1529 5743; x_wconf 88' lang='lat' dir='ltr'><strong>speciebus</strong></span> <span class='ocrx_word' id='word_1_575' title='bbox 1558 5667 1956 5738; x_wconf 83' lang='lat' dir='ltr'><strong>specialissimis</strong></span> 
     </span>
    </p>
   </div>
   <div class='ocr_carea' id='block_1_75' title="bbox 357 5759 1952 5835">
    <p class='ocr_par' dir='ltr' id='par_1_75' title="bbox 357 5759 1952 5835">
     <span class='ocr_line' id='line_1_75' title="bbox 357 5759 1952 5835; baseline -0.006 -12"><span class='ocrx_word' id='word_1_576' title='bbox 357 5767 460 5823; x_wconf 90' lang='lat' dir='ltr'><strong>dici</strong></span> <span class='ocrx_word' id='word_1_577' title='bbox 509 5772 687 5835; x_wconf 89' lang='lat' dir='ltr'><strong>potest</strong></span> <span class='ocrx_word' id='word_1_578' title='bbox 715 5772 772 5819; x_wconf 86' lang='lat' dir='ltr'><strong>et</strong></span> <span class='ocrx_word' id='word_1_579' title='bbox 799 5763 868 5819; x_wconf 90' lang='lat' dir='ltr'><strong>de</strong></span> <span class='ocrx_word' id='word_1_580' title='bbox 894 5777 1079 5819; x_wconf 86' lang='lat' dir='ltr'><strong>earum</strong></span> <span class='ocrx_word' id='word_1_581' title='bbox 1110 5765 1394 5820; x_wconf 90' lang='lat' dir='ltr'><strong>individuis</strong></span> <span class='ocrx_word' id='word_1_582' title='bbox 1425 5781 1438 5818; x_wconf 90' lang='lat'><strong>:</strong></span> <span class='ocrx_word' id='word_1_583' title='bbox 1482 5763 1692 5834; x_wconf 89' lang='lat' dir='ltr'><strong>species</strong></span> <span class='ocrx_word' id='word_1_584' title='bbox 1731 5773 1856 5814; x_wconf 91' lang='lat' dir='ltr'><strong>vero</strong></span> <span class='ocrx_word' id='word_1_585' title='bbox 1884 5759 1952 5814; x_wconf 86' lang='lat' dir='ltr'><strong>de</strong></span> 
     </span>
    </p>
   </div>
   <div class='ocr_carea' id='block_1_76' title="bbox 362 5851 1948 5926">
    <p class='ocr_par' dir='ltr' id='par_1_76' title="bbox 362 5851 1948 5926">
     <span class='ocr_line' id='line_1_76' title="bbox 362 5851 1948 5926; baseline -0.006 -12"><span class='ocrx_word' id='word_1_586' title='bbox 362 5858 650 5917; x_wconf 82' lang='lat' dir='ltr'><strong>individuis</strong></span> <span class='ocrx_word' id='word_1_587' title='bbox 677 5866 727 5914; x_wconf 85' lang='lat' dir='ltr'><strong>ut</strong></span> <span class='ocrx_word' id='word_1_588' title='bbox 763 5857 968 5916; x_wconf 86' lang='lat' dir='ltr'><strong>dictum</strong></span> <span class='ocrx_word' id='word_1_589' title='bbox 999 5865 1101 5926; x_wconf 72' lang='grc' dir='ltr'>εει,</span> <span class='ocrx_word' id='word_1_590' title='bbox 1136 5855 1403 5916; x_wconf 81' lang='lat' dir='ltr'><strong>individua</strong></span> <span class='ocrx_word' id='word_1_591' title='bbox 1434 5857 1572 5915; x_wconf 85' lang='lat' dir='ltr'><strong>enim</strong></span> <span class='ocrx_word' id='word_1_592' title='bbox 1616 5855 1685 5910; x_wconf 84' lang='lat' dir='ltr'><strong>de</strong></span> <span class='ocrx_word' id='word_1_593' title='bbox 1730 5851 1948 5922; x_wconf 79' lang='lat' dir='ltr'><strong>singulis</strong></span> 
     </span>
    </p>
   </div>
   <div class='ocr_carea' id='block_1_77' title="bbox 2047 2005 2824 2062">
    <p class='ocr_par' dir='ltr' id='par_1_77' title="bbox 2047 2005 2824 2062">
     <span class='ocr_line' id='line_1_77' title="bbox 2047 2005 2824 2062; baseline 0.003 -3"><span class='ocrx_word' id='word_1_594' title='bbox 2047 2005 2249 2061; x_wconf 86' lang='lat' dir='ltr'><strong>cierum</strong></span> <span class='ocrx_word' id='word_1_595' title='bbox 2280 2021 2403 2060; x_wconf 90' lang='lat' dir='ltr'><strong>vero</strong></span> <span class='ocrx_word' id='word_1_596' title='bbox 2437 2005 2500 2059; x_wconf 90' lang='lat' dir='ltr'><strong>ad</strong></span> <span class='ocrx_word' id='word_1_597' title='bbox 2532 2005 2824 2062; x_wconf 87' lang='lat' dir='ltr'><strong>individua.</strong></span> 
     </span>
    </p>
   </div>
   <div class='ocr_carea' id='block_1_78' title="bbox 2116 2115 3636 2188">
    <p class='ocr_par' dir='ltr' id='par_1_78' title="bbox 2116 2115 3636 2188">
     <span class='ocr_line' id='line_1_78' title="bbox 2116 2115 3636 2188; baseline 0.006 -21"><span class='ocrx_word' id='word_1_598' title='bbox 2116 2115 2397 2169; x_wconf 75' lang='lat' dir='ltr'><strong>Indiridua</strong></span> <span class='ocrx_word' id='word_1_599' title='bbox 2433 2125 2604 2168; x_wconf 85' lang='lat' dir='ltr'><strong>autem</strong></span> <span class='ocrx_word' id='word_1_600' title='bbox 2645 2117 2882 2170; x_wconf 81' lang='lat' dir='ltr'><strong>dicuntur</strong></span> <span class='ocrx_word' id='word_1_601' title='bbox 2921 2115 3259 2188; x_wconf 78' lang='lat' dir='ltr'><strong>hujusinodi,</strong></span> <span class='ocrx_word' id='word_1_602' title='bbox 3291 2119 3533 2187; x_wconf 83' lang='lat' dir='ltr'><strong>quoniam</strong></span> <span class='ocrx_word' id='word_1_603' title='bbox 3575 2137 3636 2176; x_wconf 76' lang='lat' dir='ltr'><strong>ex</strong></span> 
     </span>
    </p>
   </div>
   <div class='ocr_carea' id='block_1_79' title="bbox 2045 2207 3637 2282">
    <p class='ocr_par' dir='ltr' id='par_1_79' title="bbox 2045 2207 3637 2282">
     <span class='ocr_line' id='line_1_79' title="bbox 2045 2207 3637 2282; baseline 0.005 -24"><span class='ocrx_word' id='word_1_604' title='bbox 2045 2207 2443 2275; x_wconf 83' lang='lat' dir='ltr'><strong>praprietatibus</strong></span> <span class='ocrx_word' id='word_1_605' title='bbox 2483 2207 2712 2261; x_wconf 75' lang='lat' dir='ltr'><strong>consistit</strong></span> <span class='ocrx_word' id='word_1_606' title='bbox 2753 2208 3150 2279; x_wconf 84' lang='lat' dir='ltr'><strong>unumquodque</strong></span> <span class='ocrx_word' id='word_1_607' title='bbox 3176 2225 3382 2276; x_wconf 85' lang='lat' dir='ltr'><strong>eorum,</strong></span> <span class='ocrx_word' id='word_1_608' title='bbox 3421 2227 3637 2282; x_wconf 85' lang='lat' dir='ltr'><strong>quarum</strong></span> 
     </span>
    </p>
   </div>
   <div class='ocr_carea' id='block_1_80' title="bbox 2044 2294 3638 2363">
    <p class='ocr_par' dir='ltr' id='par_1_80' title="bbox 2044 2294 3638 2363">
     <span class='ocr_line' id='line_1_80' title="bbox 2044 2294 3638 2363; baseline 0.004 -17"><span class='ocrx_word' id='word_1_609' title='bbox 2044 2294 2275 2348; x_wconf 77' lang='lat' dir='ltr'><strong>collectio</strong></span> <span class='ocrx_word' id='word_1_610' title='bbox 2305 2311 2563 2363; x_wconf 82' lang='lat' dir='ltr'><strong>nunquam</strong></span> <span class='ocrx_word' id='word_1_611' title='bbox 2596 2296 2646 2346; x_wconf 88' lang='lat' dir='ltr'><strong>in</strong></span> <span class='ocrx_word' id='word_1_612' title='bbox 2677 2295 2782 2347; x_wconf 90' lang='lat' dir='ltr'><strong>alio</strong></span> <span class='ocrx_word' id='word_1_613' title='bbox 2804 2295 3026 2363; x_wconf 88' lang='lat' dir='ltr'><strong>quolibet</strong></span> <span class='ocrx_word' id='word_1_614' title='bbox 3047 2296 3224 2350; x_wconf 87' lang='lat' dir='ltr'><strong>eadem</strong></span> <span class='ocrx_word' id='word_1_615' title='bbox 3254 2298 3368 2351; x_wconf 87' lang='lat' dir='ltr'><strong>erit.</strong></span> <span class='ocrx_word' id='word_1_616' title='bbox 3408 2299 3638 2354; x_wconf 87' lang='lat' dir='ltr'><strong>Socratis</strong></span> 
     </span>
    </p>
   </div>
   <div class='ocr_carea' id='block_1_81' title="bbox 2043 2385 3637 2457">
    <p class='ocr_par' dir='ltr' id='par_1_81' title="bbox 2043 2385 3637 2457">
     <span class='ocr_line' id='line_1_81' title="bbox 2043 2385 3637 2457; baseline 0.003 -20"><span class='ocrx_word' id='word_1_617' title='bbox 2043 2385 2178 2437; x_wconf 88' lang='lat' dir='ltr'><strong>enim</strong></span> <span class='ocrx_word' id='word_1_618' title='bbox 2224 2385 2562 2452; x_wconf 79' lang='lat' dir='ltr'><strong>proprietates</strong></span> <span class='ocrx_word' id='word_1_619' title='bbox 2592 2400 2855 2454; x_wconf 83' lang='lat' dir='ltr'><strong>nunquam</strong></span> <span class='ocrx_word' id='word_1_620' title='bbox 2895 2386 2948 2436; x_wconf 88' lang='lat' dir='ltr'><strong>in</strong></span> <span class='ocrx_word' id='word_1_621' title='bbox 2997 2385 3171 2454; x_wconf 85' lang='lat' dir='ltr'><strong>aliqua</strong></span> <span class='ocrx_word' id='word_1_622' title='bbox 3212 2387 3433 2457; x_wconf 85' lang='lat' dir='ltr'><strong>quolibet</strong></span> <span class='ocrx_word' id='word_1_623' title='bbox 3491 2398 3637 2444; x_wconf 82' lang='lat' dir='ltr'><strong>erunt</strong></span> 
     </span>
    </p>
   </div>
   <div class='ocr_carea' id='block_1_82' title="bbox 2047 2474 3637 2552">
    <p class='ocr_par' dir='ltr' id='par_1_82' title="bbox 2047 2474 3637 2552">
     <span class='ocr_line' id='line_1_82' title="bbox 2047 2474 3637 2552; baseline 0.005 -25"><span class='ocrx_word' id='word_1_624' title='bbox 2047 2474 2441 2545; x_wconf 86' lang='lat' dir='ltr'><strong>particularium</strong></span> <span class='ocrx_word' id='word_1_625' title='bbox 2467 2475 2676 2527; x_wconf 78' lang='lat' dir='ltr'><strong>ewdem.</strong></span> <span class='ocrx_word' id='word_1_626' title='bbox 2711 2474 2811 2529; x_wconf 70' lang='lat' dir='ltr'><strong>Ha:</strong></span> <span class='ocrx_word' id='word_1_627' title='bbox 2842 2491 2954 2529; x_wconf 84' lang='lat' dir='ltr'><strong>vero</strong></span> <span class='ocrx_word' id='word_1_628' title='bbox 2983 2489 3099 2545; x_wconf 66' lang='lat' dir='ltr'><strong>quae</strong></span> <span class='ocrx_word' id='word_1_629' title='bbox 3123 2487 3238 2532; x_wconf 87' lang='lat' dir='ltr'><strong>sunt</strong></span> <span class='ocrx_word' id='word_1_630' title='bbox 3267 2479 3484 2534; x_wconf 78' lang='lat' dir='ltr'><strong>hominis</strong></span> <span class='ocrx_word' id='word_1_631' title='bbox 3513 2498 3637 2552; x_wconf 81' lang='lat' dir='ltr'><strong>pro-</strong></span> 
     </span>
    </p>
   </div>
   <div class='ocr_carea' id='block_1_83' title="bbox 2045 2565 3638 2638">
    <p class='ocr_par' dir='ltr' id='par_1_83' title="bbox 2045 2565 3638 2638">
     <span class='ocr_line' id='line_1_83' title="bbox 2045 2565 3638 2638; baseline 0.006 -21"><span class='ocrx_word' id='word_1_632' title='bbox 2045 2567 2283 2633; x_wconf 86' lang='lat' dir='ltr'><strong>prietates</strong></span> <span class='ocrx_word' id='word_1_633' title='bbox 2325 2580 2342 2616; x_wconf 88' lang='lat'><strong><em>:</em></strong></span> <span class='ocrx_word' id='word_1_634' title='bbox 2385 2565 2501 2616; x_wconf 87' lang='lat' dir='ltr'><strong>dico</strong></span> <span class='ocrx_word' id='word_1_635' title='bbox 2533 2573 2699 2618; x_wconf 83' lang='lat' dir='ltr'><strong>autent</strong></span> <span class='ocrx_word' id='word_1_636' title='bbox 2737 2566 2846 2634; x_wconf 83' lang='lat' dir='ltr'><strong>ejus</strong></span> <span class='ocrx_word' id='word_1_637' title='bbox 2885 2567 2973 2636; x_wconf 87' lang='lat' dir='ltr'><strong>qui</strong></span> <span class='ocrx_word' id='word_1_638' title='bbox 3015 2576 3086 2621; x_wconf 89' lang='lat' dir='ltr'><strong>est</strong></span> <span class='ocrx_word' id='word_1_639' title='bbox 3129 2572 3448 2638; x_wconf 84' lang='lat' dir='ltr'><strong>communis,</strong></span> <span class='ocrx_word' id='word_1_640' title='bbox 3492 2583 3638 2626; x_wconf 89' lang='lat' dir='ltr'><strong>erunt</strong></span> 
     </span>
    </p>
   </div>
   <div class='ocr_carea' id='block_1_84' title="bbox 2045 2655 3638 2732">
    <p class='ocr_par' dir='ltr' id='par_1_84' title="bbox 2045 2655 3638 2732">
     <span class='ocr_line' id='line_1_84' title="bbox 2045 2655 3638 2732; baseline 0.007 -23"><span class='ocrx_word' id='word_1_641' title='bbox 2045 2656 2235 2710; x_wconf 65' lang='lat' dir='ltr'><strong>aedem</strong></span> <span class='ocrx_word' id='word_1_642' title='bbox 2257 2655 2511 2725; x_wconf 85' lang='lat' dir='ltr'><strong>pluribus,</strong></span> <span class='ocrx_word' id='word_1_643' title='bbox 2537 2657 2698 2726; x_wconf 83' lang='lat' dir='ltr'><strong>magis</strong></span> <span class='ocrx_word' id='word_1_644' title='bbox 2723 2665 2890 2710; x_wconf 86' lang='lat' dir='ltr'><strong>autem</strong></span> <span class='ocrx_word' id='word_1_645' title='bbox 2910 2657 2963 2710; x_wconf 87' lang='lat' dir='ltr'><strong>in</strong></span> <span class='ocrx_word' id='word_1_646' title='bbox 2983 2660 3218 2716; x_wconf 86' lang='lat' dir='ltr'><strong>omnibus</strong></span> <span class='ocrx_word' id='word_1_647' title='bbox 3241 2663 3638 2732; x_wconf 86' lang='lat' dir='ltr'><strong>particularibus</strong></span> 
     </span>
    </p>
   </div>
   <div class='ocr_carea' id='block_1_85' title="bbox 2043 2745 3067 2838">
    <p class='ocr_par' dir='ltr' id='par_1_85' title="bbox 2043 2745 3067 2816">
     <span class='ocr_line' id='line_1_85' title="bbox 2043 2745 3067 2816; baseline 0.006 -17"><span class='ocrx_word' id='word_1_648' title='bbox 2043 2745 2331 2800; x_wconf 82' lang='lat' dir='ltr'><strong>hominibus</strong></span> <span class='ocrx_word' id='word_1_649' title='bbox 2355 2746 2407 2799; x_wconf 85' lang='lat' dir='ltr'><strong>in</strong></span> <span class='ocrx_word' id='word_1_650' title='bbox 2433 2763 2489 2800; x_wconf 90' lang='lat' dir='ltr'><strong>eo</strong></span> <span class='ocrx_word' id='word_1_651' title='bbox 2513 2747 2648 2816; x_wconf 84' lang='lat' dir='ltr'><strong>quod</strong></span> <span class='ocrx_word' id='word_1_652' title='bbox 2677 2746 2904 2804; x_wconf 84' lang='lat' dir='ltr'><strong>homines</strong></span> <span class='ocrx_word' id='word_1_653' title='bbox 2927 2760 3067 2806; x_wconf 89' lang='lat' dir='ltr'><strong>sunt.</strong></span> 
     </span>
    </p>
   </div>
   <div class='ocr_carea' id='block_1_86' title="bbox 2115 2858 3640 2939">
    <p class='ocr_par' dir='ltr' id='par_1_86' title="bbox 2115 2858 3640 2939">
     <span class='ocr_line' id='line_1_86' title="bbox 2115 2858 3640 2939; baseline 0.007 -26"><span class='ocrx_word' id='word_1_654' title='bbox 2115 2858 2381 2925; x_wconf 88' lang='lat' dir='ltr'><strong>Quoniam</strong></span> <span class='ocrx_word' id='word_1_655' title='bbox 2431 2858 2679 2928; x_wconf 88' lang='lat' dir='ltr'><strong>superius</strong></span> <span class='ocrx_word' id='word_1_656' title='bbox 2726 2859 3061 2915; x_wconf 90' lang='lat' dir='ltr'><strong>individuum</strong></span> <span class='ocrx_word' id='word_1_657' title='bbox 3101 2864 3429 2934; x_wconf 87' lang='lat' dir='ltr'><strong>appellavit,</strong></span> <span class='ocrx_word' id='word_1_658' title='bbox 3481 2868 3640 2939; x_wconf 85' lang='lat' dir='ltr'><strong>hujus</strong></span> 
     </span>
    </p>
   </div>
   <div class='ocr_carea' id='block_1_87' title="bbox 2045 2951 3640 3029">
    <p class='ocr_par' dir='ltr' id='par_1_87' title="bbox 2045 2951 3640 3029">
     <span class='ocr_line' id='line_1_87' title="bbox 2045 2951 3640 3029; baseline 0.006 -22"><span class='ocrx_word' id='word_1_659' title='bbox 2045 2951 2280 3007; x_wconf 89' lang='lat' dir='ltr'><strong>nominis</strong></span> <span class='ocrx_word' id='word_1_660' title='bbox 2331 2951 2595 3005; x_wconf 88' lang='lat' dir='ltr'><strong>rationem</strong></span> <span class='ocrx_word' id='word_1_661' title='bbox 2643 2958 2871 3005; x_wconf 91' lang='lat' dir='ltr'><strong>conatur</strong></span> <span class='ocrx_word' id='word_1_662' title='bbox 2917 2953 3203 3008; x_wconf 87' lang='lat' dir='ltr'><strong>ostendere</strong></span> <span class='ocrx_word' id='word_1_663' title='bbox 3246 2970 3260 3007; x_wconf 90' lang='lat'><strong>:</strong></span> <span class='ocrx_word' id='word_1_664' title='bbox 3303 2970 3367 3009; x_wconf 91' lang='lat' dir='ltr'><strong>ea</strong></span> <span class='ocrx_word' id='word_1_665' title='bbox 3411 2971 3640 3029; x_wconf 85' lang='lat' dir='ltr'><strong>namque</strong></span> 
     </span>
    </p>
   </div>
   <div class='ocr_carea' id='block_1_88' title="bbox 2045 3040 3642 3112">
    <p class='ocr_par' dir='ltr' id='par_1_88' title="bbox 2045 3040 3642 3112">
     <span class='ocr_line' id='line_1_88' title="bbox 2045 3040 3642 3112; baseline 0.003 -13"><span class='ocrx_word' id='word_1_666' title='bbox 2045 3045 2160 3099; x_wconf 88' lang='lat' dir='ltr'><strong>sola</strong></span> <span class='ocrx_word' id='word_1_667' title='bbox 2192 3041 2506 3098; x_wconf 89' lang='lat' dir='ltr'><strong>dividuntur</strong></span> <span class='ocrx_word' id='word_1_668' title='bbox 2532 3056 2652 3112; x_wconf 66' lang='lat' dir='ltr'><strong>qua:</strong></span> <span class='ocrx_word' id='word_1_669' title='bbox 2677 3040 2924 3111; x_wconf 88' lang='lat' dir='ltr'><strong>pluribus</strong></span> <span class='ocrx_word' id='word_1_670' title='bbox 2953 3043 3256 3099; x_wconf 86' lang='lat' dir='ltr'><strong>communia</strong></span> <span class='ocrx_word' id='word_1_671' title='bbox 3280 3055 3405 3101; x_wconf 89' lang='lat' dir='ltr'><strong>sunt</strong></span> <span class='ocrx_word' id='word_1_672' title='bbox 3439 3064 3452 3101; x_wconf 91' lang='lat'><strong>:</strong></span> <span class='ocrx_word' id='word_1_673' title='bbox 3482 3050 3534 3103; x_wconf 92' lang='lat' dir='ltr'><strong>iu</strong></span> <span class='ocrx_word' id='word_1_674' title='bbox 3558 3049 3642 3107; x_wconf 85' lang='lat' dir='ltr'><strong>his</strong></span> 
     </span>
    </p>
   </div>
   <div class='ocr_carea' id='block_1_89' title="bbox 2047 3133 3638 3213">
    <p class='ocr_par' dir='ltr' id='par_1_89' title="bbox 2047 3133 3638 3213">
     <span class='ocr_line' id='line_1_89' title="bbox 2047 3133 3638 3213; baseline 0.003 -20"><span class='ocrx_word' id='word_1_675' title='bbox 2047 3139 2191 3193; x_wconf 90' lang='lat' dir='ltr'><strong>enim</strong></span> <span class='ocrx_word' id='word_1_676' title='bbox 2216 3134 2638 3205; x_wconf 91' lang='lat' dir='ltr'><strong>unumquodque</strong></span> <span class='ocrx_word' id='word_1_677' title='bbox 2661 3133 2940 3200; x_wconf 88' lang='lat' dir='ltr'><strong>dividitur,</strong></span> <span class='ocrx_word' id='word_1_678' title='bbox 2968 3149 3196 3206; x_wconf 89' lang='lat' dir='ltr'><strong>quorum</strong></span> <span class='ocrx_word' id='word_1_679' title='bbox 3224 3146 3307 3194; x_wconf 91' lang='lat' dir='ltr'><strong>est</strong></span> <span class='ocrx_word' id='word_1_680' title='bbox 3330 3153 3638 3213; x_wconf 89' lang='lat' dir='ltr'><strong>commune,</strong></span> 
     </span>
    </p>
   </div>
   <div class='ocr_carea' id='block_1_90' title="bbox 2047 3226 3642 3302">
    <p class='ocr_par' dir='ltr' id='par_1_90' title="bbox 2047 3226 3642 3302">
     <span class='ocr_line' id='line_1_90' title="bbox 2047 3226 3642 3302; baseline 0.003 -18"><span class='ocrx_word' id='word_1_681' title='bbox 2047 3243 2381 3302; x_wconf 89' lang='lat' dir='ltr'><strong>quorumque</strong></span> <span class='ocrx_word' id='word_1_682' title='bbox 2414 3236 2659 3282; x_wconf 86' lang='lat' dir='ltr'><strong>naturam</strong></span> <span class='ocrx_word' id='word_1_683' title='bbox 2712 3240 2775 3281; x_wconf 91' lang='lat' dir='ltr'><strong>ac</strong></span> <span class='ocrx_word' id='word_1_684' title='bbox 2823 3226 3202 3284; x_wconf 89' lang='lat' dir='ltr'><strong>similationem</strong></span> <span class='ocrx_word' id='word_1_685' title='bbox 3235 3229 3495 3285; x_wconf 90' lang='lat' dir='ltr'><strong>continet.</strong></span> <span class='ocrx_word' id='word_1_686' title='bbox 3547 3232 3642 3288; x_wconf 88' lang='lat' dir='ltr'><strong>Illa</strong></span> 
     </span>
    </p>
   </div>
   <div class='ocr_carea' id='block_1_91' title="bbox 2045 3316 3640 3389">
    <p class='ocr_par' dir='ltr' id='par_1_91' title="bbox 2045 3316 3640 3389">
     <span class='ocr_line' id='line_1_91' title="bbox 2045 3316 3640 3389; baseline 0.001 -13"><span class='ocrx_word' id='word_1_687' title='bbox 2045 3336 2172 3376; x_wconf 90' lang='lat' dir='ltr'><strong>vero</strong></span> <span class='ocrx_word' id='word_1_688' title='bbox 2201 3321 2255 3374; x_wconf 92' lang='lat' dir='ltr'><strong>in</strong></span> <span class='ocrx_word' id='word_1_689' title='bbox 2284 3318 2477 3389; x_wconf 89' lang='lat' dir='ltr'><strong>quibus</strong></span> <span class='ocrx_word' id='word_1_690' title='bbox 2505 3332 2790 3373; x_wconf 88' lang='lat' dir='ltr'><strong>commune</strong></span> <span class='ocrx_word' id='word_1_691' title='bbox 2830 3316 3110 3387; x_wconf 89' lang='lat' dir='ltr'><strong>dividitur,</strong></span> <span class='ocrx_word' id='word_1_692' title='bbox 3147 3322 3419 3376; x_wconf 91' lang='lat' dir='ltr'><strong>communi</strong></span> <span class='ocrx_word' id='word_1_693' title='bbox 3449 3330 3640 3378; x_wconf 87' lang='lat' dir='ltr'><strong>natura</strong></span> 
     </span>
    </p>
   </div>
   <div class='ocr_carea' id='block_1_92' title="bbox 2040 3409 3642 3484">
    <p class='ocr_par' dir='ltr' id='par_1_92' title="bbox 2040 3409 3642 3484">
     <span class='ocr_line' id='line_1_92' title="bbox 2040 3409 3642 3484; baseline 0.002 -18"><span class='ocrx_word' id='word_1_694' title='bbox 2040 3412 2393 3484; x_wconf 87' lang='lat' dir='ltr'><strong>participant,</strong></span> <span class='ocrx_word' id='word_1_695' title='bbox 2429 3409 2832 3480; x_wconf 88' lang='lat' dir='ltr'><strong>proprietasque</strong></span> <span class='ocrx_word' id='word_1_696' title='bbox 2865 3409 3164 3464; x_wconf 90' lang='lat' dir='ltr'><strong>communis</strong></span> <span class='ocrx_word' id='word_1_697' title='bbox 3209 3411 3289 3467; x_wconf 88' lang='lat' dir='ltr'><strong>rei</strong></span> <span class='ocrx_word' id='word_1_698' title='bbox 3319 3411 3403 3467; x_wconf 86' lang='lat' dir='ltr'><strong>his</strong></span> <span class='ocrx_word' id='word_1_699' title='bbox 3447 3414 3642 3484; x_wconf 85' lang='lat' dir='ltr'><strong>quibus</strong></span> 
     </span>
    </p>
   </div>
   <div class='ocr_carea' id='block_1_93' title="bbox 2043 3500 3638 3571">
    <p class='ocr_par' dir='ltr' id='par_1_93' title="bbox 2043 3500 3638 3571">
     <span class='ocr_line' id='line_1_93' title="bbox 2043 3500 3638 3571; baseline 0 -12"><span class='ocrx_word' id='word_1_700' title='bbox 2043 3504 2345 3559; x_wconf 90' lang='lat' dir='ltr'><strong>communis</strong></span> <span class='ocrx_word' id='word_1_701' title='bbox 2372 3509 2454 3557; x_wconf 91' lang='lat' dir='ltr'><strong>est</strong></span> <span class='ocrx_word' id='word_1_702' title='bbox 2475 3500 2750 3556; x_wconf 89' lang='lat' dir='ltr'><strong>convenit.</strong></span> <span class='ocrx_word' id='word_1_703' title='bbox 2774 3501 2846 3555; x_wconf 86' lang='lat' dir='ltr'><strong>At</strong></span> <span class='ocrx_word' id='word_1_704' title='bbox 2865 3515 2992 3555; x_wconf 89' lang='lat' dir='ltr'><strong>vero</strong></span> <span class='ocrx_word' id='word_1_705' title='bbox 3013 3502 3312 3571; x_wconf 87' lang='lat' dir='ltr'><strong>proprietas</strong></span> <span class='ocrx_word' id='word_1_706' title='bbox 3337 3502 3638 3559; x_wconf 86' lang='lat' dir='ltr'><strong>individuo-</strong></span> 
     </span>
    </p>
   </div>
   <div class='ocr_carea' id='block_1_94' title="bbox 2043 3593 3638 3664">
    <p class='ocr_par' dir='ltr' id='par_1_94' title="bbox 2043 3593 3638 3664">
     <span class='ocr_line' id='line_1_94' title="bbox 2043 3593 3638 3664; baseline -0.003 -11"><span class='ocrx_word' id='word_1_707' title='bbox 2043 3612 2161 3653; x_wconf 83' lang='lat' dir='ltr'><strong>rum</strong></span> <span class='ocrx_word' id='word_1_708' title='bbox 2185 3596 2316 3652; x_wconf 91' lang='lat' dir='ltr'><strong>nulli</strong></span> <span class='ocrx_word' id='word_1_709' title='bbox 2343 3594 2645 3650; x_wconf 91' lang='lat' dir='ltr'><strong>communis</strong></span> <span class='ocrx_word' id='word_1_710' title='bbox 2668 3601 2771 3648; x_wconf 91' lang='lat' dir='ltr'><strong>est.</strong></span> <span class='ocrx_word' id='word_1_711' title='bbox 2801 3593 3038 3648; x_wconf 92' lang='lat' dir='ltr'><strong>Socratis</strong></span> <span class='ocrx_word' id='word_1_712' title='bbox 3064 3594 3206 3648; x_wconf 91' lang='lat' dir='ltr'><strong>enim</strong></span> <span class='ocrx_word' id='word_1_713' title='bbox 3236 3595 3558 3664; x_wconf 90' lang='lat' dir='ltr'><strong>proprietas,</strong></span> <span class='ocrx_word' id='word_1_714' title='bbox 3591 3597 3638 3650; x_wconf 89' lang='lat' dir='ltr'><strong>si</strong></span> 
     </span>
    </p>
   </div>
   <div class='ocr_carea' id='block_1_95' title="bbox 2045 3686 3639 3757">
    <p class='ocr_par' dir='ltr' id='par_1_95' title="bbox 2045 3686 3639 3757">
     <span class='ocr_line' id='line_1_95' title="bbox 2045 3686 3639 3757; baseline 0 -15"><span class='ocrx_word' id='word_1_715' title='bbox 2045 3688 2148 3743; x_wconf 81' lang='lat' dir='ltr'><strong>fuit</strong></span> <span class='ocrx_word' id='word_1_716' title='bbox 2174 3688 2380 3752; x_wconf 89' lang='lat' dir='ltr'><strong>calvus,</strong></span> <span class='ocrx_word' id='word_1_717' title='bbox 2407 3687 2597 3752; x_wconf 88' lang='lat' dir='ltr'><strong>simus,</strong></span> <span class='ocrx_word' id='word_1_718' title='bbox 2623 3699 2894 3756; x_wconf 87' lang='lat' dir='ltr'><strong>propensa</strong></span> <span class='ocrx_word' id='word_1_719' title='bbox 2922 3686 3066 3752; x_wconf 80' lang='lat' dir='ltr'><strong>alvo,</strong></span> <span class='ocrx_word' id='word_1_720' title='bbox 3098 3686 3415 3757; x_wconf 55' lang='lat' dir='ltr'><strong>exterisque</strong></span> <span class='ocrx_word' id='word_1_721' title='bbox 3444 3702 3639 3757; x_wconf 78' lang='lat' dir='ltr'><strong>corpo-</strong></span> 
     </span>
    </p>
   </div>
   <div class='ocr_carea' id='block_1_96' title="bbox 2047 3778 3640 3848">
    <p class='ocr_par' dir='ltr' id='par_1_96' title="bbox 2047 3778 3640 3848">
     <span class='ocr_line' id='line_1_96' title="bbox 2047 3778 3640 3848; baseline -0.001 -11"><span class='ocrx_word' id='word_1_722' title='bbox 2047 3782 2121 3837; x_wconf 92' lang='lat' dir='ltr'><strong>ris</strong></span> <span class='ocrx_word' id='word_1_723' title='bbox 2168 3780 2544 3844; x_wconf 90' lang='lat' dir='ltr'><strong>lineamentis,</strong></span> <span class='ocrx_word' id='word_1_724' title='bbox 2573 3787 2665 3834; x_wconf 90' lang='lat' dir='ltr'><strong>aut</strong></span> <span class='ocrx_word' id='word_1_725' title='bbox 2701 3793 2910 3834; x_wconf 92' lang='lat' dir='ltr'><strong>morum</strong></span> <span class='ocrx_word' id='word_1_726' title='bbox 2951 3778 3319 3848; x_wconf 90' lang='lat' dir='ltr'><strong>institutione,</strong></span> <span class='ocrx_word' id='word_1_727' title='bbox 3350 3790 3442 3836; x_wconf 88' lang='lat' dir='ltr'><strong>aut</strong></span> <span class='ocrx_word' id='word_1_728' title='bbox 3469 3783 3640 3836; x_wconf 78' lang='lat' dir='ltr'><strong>l‘omta</strong></span> 
     </span>
    </p>
   </div>
   <div class='ocr_carea' id='block_1_97' title="bbox 2046 3869 3641 3941">
    <p class='ocr_par' dir='ltr' id='par_1_97' title="bbox 2046 3869 3641 3941">
     <span class='ocr_line' id='line_1_97' title="bbox 2046 3869 3641 3941; baseline -0.002 -11"><span class='ocrx_word' id='word_1_729' title='bbox 2046 3875 2195 3930; x_wconf 89' lang='lat' dir='ltr'><strong>vocis</strong></span> <span class='ocrx_word' id='word_1_730' title='bbox 2227 3888 2334 3928; x_wconf 92' lang='lat' dir='ltr'><strong>non</strong></span> <span class='ocrx_word' id='word_1_731' title='bbox 2366 3869 2722 3928; x_wconf 90' lang='lat' dir='ltr'><strong>conveniebat</strong></span> <span class='ocrx_word' id='word_1_732' title='bbox 2753 3871 2807 3925; x_wconf 90' lang='lat' dir='ltr'><strong>in</strong></span> <span class='ocrx_word' id='word_1_733' title='bbox 2828 3871 3054 3926; x_wconf 90' lang='lat' dir='ltr'><strong>alterum</strong></span> <span class='ocrx_word' id='word_1_734' title='bbox 3086 3887 3099 3926; x_wconf 91' lang='lat'><strong>:</strong></span> <span class='ocrx_word' id='word_1_735' title='bbox 3126 3869 3212 3925; x_wconf 75' lang='lat' dir='ltr'><strong>ha:</strong></span> <span class='ocrx_word' id='word_1_736' title='bbox 3230 3871 3373 3927; x_wconf 89' lang='lat' dir='ltr'><strong>enim</strong></span> <span class='ocrx_word' id='word_1_737' title='bbox 3401 3873 3641 3941; x_wconf 88' lang='lat' dir='ltr'><strong>proprie-</strong></span> 
     </span>
    </p>
   </div>
   <div class='ocr_carea' id='block_1_98' title="bbox 2049 3959 3644 4034">
    <p class='ocr_par' dir='ltr' id='par_1_98' title="bbox 2049 3959 3644 4034">
     <span class='ocr_line' id='line_1_98' title="bbox 2049 3959 3644 4034; baseline -0.002 -13"><span class='ocrx_word' id='word_1_738' title='bbox 2049 3975 2223 4031; x_wconf 87' lang='lat' dir='ltr'><strong>tates,</strong></span> <span class='ocrx_word' id='word_1_739' title='bbox 2263 3978 2383 4034; x_wconf 67' lang='lat' dir='ltr'><strong>qute</strong></span> <span class='ocrx_word' id='word_1_740' title='bbox 2414 3978 2481 4018; x_wconf 80' lang='lat' dir='ltr'><strong>ex</strong></span> <span class='ocrx_word' id='word_1_741' title='bbox 2519 3959 2888 4017; x_wconf 87' lang='lat' dir='ltr'><strong>accidentibus</strong></span> <span class='ocrx_word' id='word_1_742' title='bbox 2935 3960 2984 4014; x_wconf 91' lang='lat' dir='ltr'><strong>ei</strong></span> <span class='ocrx_word' id='word_1_743' title='bbox 3035 3962 3402 4025; x_wconf 89' lang='lat' dir='ltr'><strong>obvenerant,</strong></span> <span class='ocrx_word' id='word_1_744' title='bbox 3432 3973 3486 4017; x_wconf 91' lang='lat' dir='ltr'><strong>et</strong></span> <span class='ocrx_word' id='word_1_745' title='bbox 3525 3963 3644 4031; x_wconf 85' lang='lat' dir='ltr'><strong>ejus</strong></span> 
     </span>
    </p>
   </div>
   <div class='ocr_carea' id='block_1_99' title="bbox 2048 4051 3642 4123">
    <p class='ocr_par' dir='ltr' id='par_1_99' title="bbox 2048 4051 3642 4123">
     <span class='ocr_line' id='line_1_99' title="bbox 2048 4051 3642 4123; baseline -0.004 -11"><span class='ocrx_word' id='word_1_746' title='bbox 2048 4059 2276 4112; x_wconf 82' lang='lat' dir='ltr'><strong>lormam</strong></span> <span class='ocrx_word' id='word_1_747' title='bbox 2325 4055 2658 4123; x_wconf 82' lang='lat' dir='ltr'><strong>ﬁguramque</strong></span> <span class='ocrx_word' id='word_1_748' title='bbox 2692 4052 3114 4118; x_wconf 78' lang='lat' dir='ltr'><strong>conjunxerant,</strong></span> <span class='ocrx_word' id='word_1_749' title='bbox 3149 4051 3202 4104; x_wconf 89' lang='lat' dir='ltr'><strong>in</strong></span> <span class='ocrx_word' id='word_1_750' title='bbox 3233 4051 3436 4105; x_wconf 91' lang='lat' dir='ltr'><strong>nullum</strong></span> <span class='ocrx_word' id='word_1_751' title='bbox 3475 4053 3642 4106; x_wconf 91' lang='lat' dir='ltr'><strong>alium</strong></span> 
     </span>
    </p>
   </div>
   <div class='ocr_carea' id='block_1_100' title="bbox 2053 4140 3642 4212">
    <p class='ocr_par' dir='ltr' id='par_1_100' title="bbox 2053 4140 3642 4212">
     <span class='ocr_line' id='line_1_100' title="bbox 2053 4140 3642 4212; baseline -0.004 -8"><span class='ocrx_word' id='word_1_752' title='bbox 2053 4144 2470 4204; x_wconf 90' lang='lat' dir='ltr'><strong>conveniebant.</strong></span> <span class='ocrx_word' id='word_1_753' title='bbox 2528 4142 2693 4212; x_wconf 91' lang='lat' dir='ltr'><strong>Cujus</strong></span> <span class='ocrx_word' id='word_1_754' title='bbox 2747 4155 2875 4196; x_wconf 90' lang='lat' dir='ltr'><strong>vero</strong></span> <span class='ocrx_word' id='word_1_755' title='bbox 2930 4141 3283 4211; x_wconf 85' lang='lat' dir='ltr'><strong>proprietates</strong></span> <span class='ocrx_word' id='word_1_756' title='bbox 3335 4140 3391 4196; x_wconf 91' lang='lat' dir='ltr'><strong>in</strong></span> <span class='ocrx_word' id='word_1_757' title='bbox 3435 4143 3642 4198; x_wconf 92' lang='lat' dir='ltr'><strong>nullum</strong></span> 
     </span>
    </p>
   </div>
   <div class='ocr_carea' id='block_1_101' title="bbox 2053 4233 3644 4306">
    <p class='ocr_par' dir='ltr' id='par_1_101' title="bbox 2053 4233 3644 4306">
     <span class='ocr_line' id='line_1_101' title="bbox 2053 4233 3644 4306; baseline -0.002 -13"><span class='ocrx_word' id='word_1_758' title='bbox 2053 4239 2214 4294; x_wconf 90' lang='lat' dir='ltr'><strong>alium</strong></span> <span class='ocrx_word' id='word_1_759' title='bbox 2258 4237 2620 4303; x_wconf 90' lang='lat' dir='ltr'><strong>conveniunt,</strong></span> <span class='ocrx_word' id='word_1_760' title='bbox 2661 4233 3020 4305; x_wconf 89' lang='lat' dir='ltr'><strong>proprietates</strong></span> <span class='ocrx_word' id='word_1_761' title='bbox 3061 4233 3178 4304; x_wconf 88' lang='lat' dir='ltr'><strong>ejus</strong></span> <span class='ocrx_word' id='word_1_762' title='bbox 3224 4234 3356 4289; x_wconf 91' lang='lat' dir='ltr'><strong>nulli</strong></span> <span class='ocrx_word' id='word_1_763' title='bbox 3397 4245 3644 4306; x_wconf 89' lang='lat' dir='ltr'><strong>poterant</strong></span> 
     </span>
    </p>
   </div>
   <div class='ocr_carea' id='block_1_102' title="bbox 2061 4329 3644 4400">
    <p class='ocr_par' dir='ltr' id='par_1_102' title="bbox 2061 4329 3644 4400">
     <span class='ocr_line' id='line_1_102' title="bbox 2061 4329 3644 4400; baseline -0.003 -12"><span class='ocrx_word' id='word_1_764' title='bbox 2061 4348 2181 4388; x_wconf 90' lang='lat' dir='ltr'><strong>esse</strong></span> <span class='ocrx_word' id='word_1_765' title='bbox 2212 4345 2546 4387; x_wconf 90' lang='lat' dir='ltr'><strong>communes.</strong></span> <span class='ocrx_word' id='word_1_766' title='bbox 2583 4329 2747 4400; x_wconf 86' lang='lat' dir='ltr'><strong>Cujus</strong></span> <span class='ocrx_word' id='word_1_767' title='bbox 2781 4339 2958 4384; x_wconf 91' lang='lat' dir='ltr'><strong>autem</strong></span> <span class='ocrx_word' id='word_1_768' title='bbox 2992 4330 3287 4399; x_wconf 72' lang='lat' dir='ltr'><strong>proprietas</strong></span> <span class='ocrx_word' id='word_1_769' title='bbox 3317 4330 3450 4384; x_wconf 90' lang='lat' dir='ltr'><strong>nulli</strong></span> <span class='ocrx_word' id='word_1_770' title='bbox 3496 4344 3644 4384; x_wconf 89' lang='lat' dir='ltr'><strong>com-</strong></span> 
     </span>
    </p>
   </div>
   <div class='ocr_carea' id='block_1_103' title="bbox 2055 4421 3642 4491">
    <p class='ocr_par' dir='ltr' id='par_1_103' title="bbox 2055 4421 3642 4491">
     <span class='ocr_line' id='line_1_103' title="bbox 2055 4421 3642 4491; baseline -0.003 -10"><span class='ocrx_word' id='word_1_771' title='bbox 2055 4427 2233 4482; x_wconf 90' lang='lat' dir='ltr'><strong>munis</strong></span> <span class='ocrx_word' id='word_1_772' title='bbox 2250 4433 2356 4491; x_wconf 88' lang='lat' dir='ltr'><strong>est,</strong></span> <span class='ocrx_word' id='word_1_773' title='bbox 2380 4424 2511 4478; x_wconf 93' lang='lat' dir='ltr'><strong>nihil</strong></span> <span class='ocrx_word' id='word_1_774' title='bbox 2530 4422 2764 4491; x_wconf 90' lang='lat' dir='ltr'><strong>estquod</strong></span> <span class='ocrx_word' id='word_1_775' title='bbox 2793 4422 2908 4490; x_wconf 90' lang='lat' dir='ltr'><strong>ejus</strong></span> <span class='ocrx_word' id='word_1_776' title='bbox 2940 4421 3319 4490; x_wconf 89' lang='lat' dir='ltr'><strong>proprietatem</strong></span> <span class='ocrx_word' id='word_1_777' title='bbox 3341 4422 3642 4491; x_wconf 90' lang='lat' dir='ltr'><strong>participet.</strong></span> 
     </span>
    </p>
   </div>
   <div class='ocr_carea' id='block_1_104' title="bbox 2058 4511 3646 4586">
    <p class='ocr_par' dir='ltr' id='par_1_104' title="bbox 2058 4511 3646 4586">
     <span class='ocr_line' id='line_1_104' title="bbox 2058 4511 3646 4586; baseline -0.005 -13"><span class='ocrx_word' id='word_1_778' title='bbox 2058 4518 2211 4586; x_wconf 86' lang='lat' dir='ltr'><strong>Quod</strong></span> <span class='ocrx_word' id='word_1_779' title='bbox 2237 4531 2365 4572; x_wconf 91' lang='lat' dir='ltr'><strong>vero</strong></span> <span class='ocrx_word' id='word_1_780' title='bbox 2385 4515 2490 4570; x_wconf 87' lang='lat' dir='ltr'><strong>tale</strong></span> <span class='ocrx_word' id='word_1_781' title='bbox 2509 4522 2590 4569; x_wconf 92' lang='lat' dir='ltr'><strong>est</strong></span> <span class='ocrx_word' id='word_1_782' title='bbox 2613 4521 2672 4567; x_wconf 92' lang='lat' dir='ltr'><strong>ut</strong></span> <span class='ocrx_word' id='word_1_783' title='bbox 2696 4512 3076 4581; x_wconf 87' lang='lat' dir='ltr'><strong>proprietatem</strong></span> <span class='ocrx_word' id='word_1_784' title='bbox 3095 4511 3211 4580; x_wconf 90' lang='lat' dir='ltr'><strong>ejus</strong></span> <span class='ocrx_word' id='word_1_785' title='bbox 3236 4511 3415 4566; x_wconf 90' lang='lat' dir='ltr'><strong>nullus</strong></span> <span class='ocrx_word' id='word_1_786' title='bbox 3431 4513 3646 4581; x_wconf 84' lang='lat' dir='ltr'><strong>partici-</strong></span> 
     </span>
    </p>
   </div>
   <div class='ocr_carea' id='block_1_105' title="bbox 2059 4603 3645 4681">
    <p class='ocr_par' dir='ltr' id='par_1_105' title="bbox 2059 4603 3645 4681">
     <span class='ocr_line' id='line_1_105' title="bbox 2059 4603 3645 4681; baseline -0.007 -16"><span class='ocrx_word' id='word_1_787' title='bbox 2059 4619 2150 4681; x_wconf 93' lang='lat' dir='ltr'><strong>pet</strong></span> <span class='ocrx_word' id='word_1_788' title='bbox 2173 4604 2337 4663; x_wconf 89' lang='lat' dir='ltr'><strong>dividi</strong></span> <span class='ocrx_word' id='word_1_789' title='bbox 2368 4608 2420 4661; x_wconf 90' lang='lat' dir='ltr'><strong>in</strong></span> <span class='ocrx_word' id='word_1_790' title='bbox 2448 4621 2510 4660; x_wconf 89' lang='lat' dir='ltr'><strong>ea</strong></span> <span class='ocrx_word' id='word_1_791' title='bbox 2539 4619 2657 4674; x_wconf 83' lang='lat' dir='ltr'><strong>quae</strong></span> <span class='ocrx_word' id='word_1_792' title='bbox 2679 4620 2788 4658; x_wconf 92' lang='lat' dir='ltr'><strong>non</strong></span> <span class='ocrx_word' id='word_1_793' title='bbox 2805 4603 3085 4671; x_wconf 88' lang='lat' dir='ltr'><strong>participat</strong></span> <span class='ocrx_word' id='word_1_794' title='bbox 3122 4617 3228 4656; x_wconf 90' lang='lat' dir='ltr'><strong>non</strong></span> <span class='ocrx_word' id='word_1_795' title='bbox 3257 4611 3435 4670; x_wconf 85' lang='lat' dir='ltr'><strong>potest</strong></span> <span class='ocrx_word' id='word_1_796' title='bbox 3461 4621 3474 4654; x_wconf 89' lang='lat'>:</span> <span class='ocrx_word' id='word_1_797' title='bbox 3499 4611 3645 4656; x_wconf 88' lang='lat' dir='ltr'><strong>recte</strong></span> 
     </span>
    </p>
   </div>
   <div class='ocr_carea' id='block_1_106' title="bbox 2057 4691 3645 4768">
    <p class='ocr_par' dir='ltr' id='par_1_106' title="bbox 2057 4691 3645 4768">
     <span class='ocr_line' id='line_1_106' title="bbox 2057 4691 3645 4768; baseline -0.005 -15"><span class='ocrx_word' id='word_1_798' title='bbox 2057 4699 2216 4768; x_wconf 86' lang='lat' dir='ltr'><strong>igitur</strong></span> <span class='ocrx_word' id='word_1_799' title='bbox 2265 4697 2378 4750; x_wconf 64' lang='lat' dir='ltr'><strong>haec</strong></span> <span class='ocrx_word' id='word_1_800' title='bbox 2418 4709 2646 4764; x_wconf 89' lang='lat' dir='ltr'><strong>quorum</strong></span> <span class='ocrx_word' id='word_1_801' title='bbox 2688 4693 3044 4761; x_wconf 87' lang='lat' dir='ltr'><strong>proprietates</strong></span> <span class='ocrx_word' id='word_1_802' title='bbox 3085 4692 3139 4743; x_wconf 91' lang='lat' dir='ltr'><strong>in</strong></span> <span class='ocrx_word' id='word_1_803' title='bbox 3167 4691 3330 4743; x_wconf 88' lang='lat' dir='ltr'><strong>alium</strong></span> <span class='ocrx_word' id='word_1_804' title='bbox 3359 4705 3467 4743; x_wconf 92' lang='lat' dir='ltr'><strong>non</strong></span> <span class='ocrx_word' id='word_1_805' title='bbox 3514 4704 3645 4746; x_wconf 90' lang='lat' dir='ltr'><strong>con-</strong></span> 
     </span>
    </p>
   </div>
   <div class='ocr_carea' id='block_1_107' title="bbox 2061 4781 3648 4853">
    <p class='ocr_par' dir='ltr' id='par_1_107' title="bbox 2061 4781 3648 4853">
     <span class='ocr_line' id='line_1_107' title="bbox 2061 4781 3648 4853; baseline -0.004 -8"><span class='ocrx_word' id='word_1_806' title='bbox 2061 4789 2320 4853; x_wconf 86' lang='lat' dir='ltr'><strong>veniunt,</strong></span> <span class='ocrx_word' id='word_1_807' title='bbox 2353 4785 2625 4839; x_wconf 84' lang='lat' dir='ltr'><strong>individua</strong></span> <span class='ocrx_word' id='word_1_808' title='bbox 2668 4789 3062 4850; x_wconf 86' lang='lat' dir='ltr'><strong>nuncupantur.</strong></span> <span class='ocrx_word' id='word_1_809' title='bbox 3121 4781 3190 4835; x_wconf 81' lang='lat' dir='ltr'><strong>At</strong></span> <span class='ocrx_word' id='word_1_810' title='bbox 3240 4795 3370 4836; x_wconf 90' lang='lat' dir='ltr'><strong>vero</strong></span> <span class='ocrx_word' id='word_1_811' title='bbox 3413 4781 3648 4839; x_wconf 88' lang='lat' dir='ltr'><strong>hominis</strong></span> 
     </span>
    </p>
   </div>
   <div class='ocr_carea' id='block_1_108' title="bbox 2059 4872 3651 4953">
    <p class='ocr_par' dir='ltr' id='par_1_108' title="bbox 2059 4872 3651 4953">
     <span class='ocr_line' id='line_1_108' title="bbox 2059 4872 3651 4953; baseline -0.005 -15"><span class='ocrx_word' id='word_1_812' title='bbox 2059 4881 2381 4953; x_wconf 84' lang='lat' dir='ltr'><strong>proprietas,</strong></span> <span class='ocrx_word' id='word_1_813' title='bbox 2401 4878 2466 4951; x_wconf 76' lang='lat' dir='ltr'><strong>id</strong></span> <span class='ocrx_word' id='word_1_814' title='bbox 2488 4885 2571 4931; x_wconf 91' lang='lat' dir='ltr'><strong>est</strong></span> <span class='ocrx_word' id='word_1_815' title='bbox 2602 4873 2852 4944; x_wconf 78' lang='lat' dir='ltr'><strong>Specialis</strong></span> <span class='ocrx_word' id='word_1_816' title='bbox 2887 4873 3139 4928; x_wconf 90' lang='lat' dir='ltr'><strong>convenit</strong></span> <span class='ocrx_word' id='word_1_817' title='bbox 3186 4874 3240 4929; x_wconf 92' lang='lat' dir='ltr'><strong>in</strong></span> <span class='ocrx_word' id='word_1_818' title='bbox 3278 4872 3554 4930; x_wconf 84' lang='lat' dir='ltr'><strong>Socratem</strong></span> <span class='ocrx_word' id='word_1_819' title='bbox 3594 4885 3651 4932; x_wconf 90' lang='lat' dir='ltr'><strong>et</strong></span> 
     </span>
    </p>
   </div>
   <div class='ocr_carea' id='block_1_109' title="bbox 2060 4966 3651 5038">
    <p class='ocr_par' dir='ltr' id='par_1_109' title="bbox 2060 4966 3651 5038">
     <span class='ocr_line' id='line_1_109' title="bbox 2060 4966 3651 5038; baseline -0.005 -8"><span class='ocrx_word' id='word_1_820' title='bbox 2060 4977 2337 5031; x_wconf 84' lang='lat' dir='ltr'><strong>Platonem</strong></span> <span class='ocrx_word' id='word_1_821' title='bbox 2363 4979 2418 5026; x_wconf 92' lang='lat' dir='ltr'><strong>et</strong></span> <span class='ocrx_word' id='word_1_822' title='bbox 2455 4971 2509 5025; x_wconf 94' lang='lat' dir='ltr'><strong>in</strong></span> <span class='ocrx_word' id='word_1_823' title='bbox 2531 4977 2789 5034; x_wconf 60' lang='lat' dir='ltr'><strong>caeteros,</strong></span> <span class='ocrx_word' id='word_1_824' title='bbox 2819 4982 3046 5038; x_wconf 87' lang='lat' dir='ltr'><strong>quorum</strong></span> <span class='ocrx_word' id='word_1_825' title='bbox 3077 4966 3432 5036; x_wconf 85' lang='lat' dir='ltr'><strong>proprietates</strong></span> <span class='ocrx_word' id='word_1_826' title='bbox 3469 4982 3535 5021; x_wconf 82' lang='lat' dir='ltr'><strong>ex</strong></span> <span class='ocrx_word' id='word_1_827' title='bbox 3564 4983 3651 5022; x_wconf 87' lang='lat' dir='ltr'><strong>ae-</strong></span> 
     </span>
    </p>
   </div>
   <div class='ocr_carea' id='block_1_110' title="bbox 2059 5062 3645 5134">
    <p class='ocr_par' dir='ltr' id='par_1_110' title="bbox 2059 5062 3645 5134">
     <span class='ocr_line' id='line_1_110' title="bbox 2059 5062 3645 5134; baseline -0.006 -9"><span class='ocrx_word' id='word_1_828' title='bbox 2059 5068 2360 5125; x_wconf 86' lang='lat' dir='ltr'><strong>eidentibus</strong></span> <span class='ocrx_word' id='word_1_829' title='bbox 2389 5067 2669 5122; x_wconf 90' lang='lat' dir='ltr'><strong>venientes</strong></span> <span class='ocrx_word' id='word_1_830' title='bbox 2689 5108 2704 5131; x_wconf 93' lang='lat'><strong>,</strong></span> <span class='ocrx_word' id='word_1_831' title='bbox 2733 5064 2786 5118; x_wconf 91' lang='lat' dir='ltr'><strong>in</strong></span> <span class='ocrx_word' id='word_1_832' title='bbox 2817 5062 3108 5134; x_wconf 89' lang='lat' dir='ltr'><strong>quemlibet</strong></span> <span class='ocrx_word' id='word_1_833' title='bbox 3138 5062 3300 5118; x_wconf 90' lang='lat' dir='ltr'><strong>alium</strong></span> <span class='ocrx_word' id='word_1_834' title='bbox 3321 5062 3645 5131; x_wconf 86' lang='lat' dir='ltr'><strong>singularem</strong></span> 
     </span>
    </p>
   </div>
   <div class='ocr_carea' id='block_1_111' title="bbox 2061 5156 2826 5216">
    <p class='ocr_par' dir='ltr' id='par_1_111' title="bbox 2061 5156 2826 5216">
     <span class='ocr_line' id='line_1_111' title="bbox 2061 5156 2826 5216; baseline -0.01 -1"><span class='ocrx_word' id='word_1_835' title='bbox 2061 5161 2208 5216; x_wconf 82' lang='lat' dir='ltr'><strong>nulla</strong></span> <span class='ocrx_word' id='word_1_836' title='bbox 2236 5159 2448 5213; x_wconf 89' lang='lat' dir='ltr'><strong>ratione</strong></span> <span class='ocrx_word' id='word_1_837' title='bbox 2478 5156 2826 5212; x_wconf 87' lang='lat' dir='ltr'><strong>conveniunt.</strong></span> 
     </span>
    </p>
   </div>
   <div class='ocr_carea' id='block_1_112' title="bbox 2134 5271 3650 5347">
    <p class='ocr_par' dir='ltr' id='par_1_112' title="bbox 2134 5271 3650 5347">
     <span class='ocr_line' id='line_1_112' title="bbox 2134 5271 3650 5347; baseline -0.004 -14"><span class='ocrx_word' id='word_1_838' title='bbox 2134 5279 2432 5333; x_wconf 87' lang='lat' dir='ltr'><strong>Continetur</strong></span> <span class='ocrx_word' id='word_1_839' title='bbox 2476 5277 2633 5347; x_wconf 79' lang='lat' dir='ltr'><strong>igitur</strong></span> <span class='ocrx_word' id='word_1_840' title='bbox 2677 5275 2997 5328; x_wconf 85' lang='lat' dir='ltr'><strong>individuum</strong></span> <span class='ocrx_word' id='word_1_841' title='bbox 3040 5273 3243 5342; x_wconf 80' lang='lat' dir='ltr'><strong>quidem</strong></span> <span class='ocrx_word' id='word_1_842' title='bbox 3295 5271 3384 5324; x_wconf 88' lang='lat' dir='ltr'><strong>sub</strong></span> <span class='ocrx_word' id='word_1_843' title='bbox 3435 5274 3600 5342; x_wconf 83' lang='lat' dir='ltr'><strong>specie</strong></span> <span class='ocrx_word' id='word_1_844' title='bbox 3634 5314 3650 5341; x_wconf 94' lang='lat'><strong>,</strong></span> 
     </span>
    </p>
   </div>
   <div class='ocr_carea' id='block_1_113' title="bbox 2063 5362 3650 5442">
    <p class='ocr_par' dir='ltr' id='par_1_113' title="bbox 2063 5362 3650 5442">
     <span class='ocr_line' id='line_1_113' title="bbox 2063 5362 3650 5442; baseline -0.005 -16"><span class='ocrx_word' id='word_1_845' title='bbox 2063 5373 2254 5442; x_wconf 84' lang='lat' dir='ltr'><strong>species</strong></span> <span class='ocrx_word' id='word_1_846' title='bbox 2285 5381 2452 5424; x_wconf 87' lang='lat' dir='ltr'><strong>autem</strong></span> <span class='ocrx_word' id='word_1_847' title='bbox 2480 5369 2570 5423; x_wconf 87' lang='lat' dir='ltr'><strong>sub</strong></span> <span class='ocrx_word' id='word_1_848' title='bbox 2601 5384 2801 5438; x_wconf 84' lang='lat' dir='ltr'><strong>genere.</strong></span> <span class='ocrx_word' id='word_1_849' title='bbox 2835 5367 3016 5419; x_wconf 89' lang='lat' dir='ltr'><strong>Totum</strong></span> <span class='ocrx_word' id='word_1_850' title='bbox 3055 5365 3188 5417; x_wconf 88' lang='lat' dir='ltr'><strong>enim</strong></span> <span class='ocrx_word' id='word_1_851' title='bbox 3217 5362 3419 5431; x_wconf 85' lang='lat' dir='ltr'><strong>quidem</strong></span> <span class='ocrx_word' id='word_1_852' title='bbox 3449 5374 3523 5415; x_wconf 89' lang='lat' dir='ltr'><strong>est</strong></span> <span class='ocrx_word' id='word_1_853' title='bbox 3556 5383 3650 5433; x_wconf 80' lang='lat' dir='ltr'><strong>ge-</strong></span> 
     </span>
    </p>
   </div>
   <div class='ocr_carea' id='block_1_114' title="bbox 2064 5457 3651 5530">
    <p class='ocr_par' dir='ltr' id='par_1_114' title="bbox 2064 5457 3651 5530">
     <span class='ocr_line' id='line_1_114' title="bbox 2064 5457 3651 5530; baseline -0.004 -13"><span class='ocrx_word' id='word_1_854' title='bbox 2064 5483 2190 5530; x_wconf 80' lang='lat' dir='ltr'><strong>nus,</strong></span> <span class='ocrx_word' id='word_1_855' title='bbox 2248 5464 2572 5517; x_wconf 74' lang='lat' dir='ltr'><strong>individuum</strong></span> <span class='ocrx_word' id='word_1_856' title='bbox 2614 5470 2780 5513; x_wconf 85' lang='lat' dir='ltr'><strong>autem</strong></span> <span class='ocrx_word' id='word_1_857' title='bbox 2812 5475 2964 5528; x_wconf 84' lang='lat' dir='ltr'><strong>pars,</strong></span> <span class='ocrx_word' id='word_1_858' title='bbox 3009 5457 3197 5526; x_wconf 83' lang='lat' dir='ltr'><strong>species</strong></span> <span class='ocrx_word' id='word_1_859' title='bbox 3233 5471 3347 5509; x_wconf 80' lang='lat' dir='ltr'><strong>vero</strong></span> <span class='ocrx_word' id='word_1_860' title='bbox 3386 5465 3547 5508; x_wconf 89' lang='lat' dir='ltr'><strong>totum</strong></span> <span class='ocrx_word' id='word_1_861' title='bbox 3601 5467 3651 5511; x_wconf 76' lang='lat' dir='ltr'><strong>et</strong></span> 
     </span>
    </p>
   </div>
   <div class='ocr_carea' id='block_1_115' title="bbox 2060 5548 3651 5627">
    <p class='ocr_par' dir='ltr' id='par_1_115' title="bbox 2060 5548 3651 5627">
     <span class='ocr_line' id='line_1_115' title="bbox 2060 5548 3651 5627; baseline -0.004 -18"><span class='ocrx_word' id='word_1_862' title='bbox 2060 5573 2179 5627; x_wconf 87' lang='lat' dir='ltr'><strong>pars</strong></span> <span class='ocrx_word' id='word_1_863' title='bbox 2206 5571 2221 5607; x_wconf 93' lang='lat'><strong><em>:</em></strong></span> <span class='ocrx_word' id='word_1_864' title='bbox 2255 5555 2344 5608; x_wconf 85' lang='lat' dir='ltr'><strong>sed</strong></span> <span class='ocrx_word' id='word_1_865' title='bbox 2371 5568 2492 5621; x_wconf 87' lang='lat' dir='ltr'><strong>pars</strong></span> <span class='ocrx_word' id='word_1_866' title='bbox 2525 5553 2728 5619; x_wconf 86' lang='lat' dir='ltr'><strong>quidem</strong></span> <span class='ocrx_word' id='word_1_867' title='bbox 2750 5548 2980 5611; x_wconf 86' lang='lat' dir='ltr'><strong>alterius,</strong></span> <span class='ocrx_word' id='word_1_868' title='bbox 3012 5556 3169 5600; x_wconf 88' lang='lat' dir='ltr'><strong>totum</strong></span> <span class='ocrx_word' id='word_1_869' title='bbox 3189 5562 3302 5601; x_wconf 84' lang='lat' dir='ltr'><strong>vero</strong></span> <span class='ocrx_word' id='word_1_870' title='bbox 3324 5563 3425 5600; x_wconf 85' lang='lat' dir='ltr'><strong>non</strong></span> <span class='ocrx_word' id='word_1_871' title='bbox 3441 5549 3651 5604; x_wconf 72' lang='lat' dir='ltr'><strong>alterius</strong></span> 
     </span>
    </p>
   </div>
   <div class='ocr_carea' id='block_1_116' title="bbox 2057 5637 3652 5710">
    <p class='ocr_par' dir='ltr' id='par_1_116' title="bbox 2057 5637 3652 5710">
     <span class='ocr_line' id='line_1_116' title="bbox 2057 5637 3652 5710; baseline -0.003 -9"><span class='ocrx_word' id='word_1_872' title='bbox 2057 5647 2147 5701; x_wconf 87' lang='lat' dir='ltr'><strong>sed</strong></span> <span class='ocrx_word' id='word_1_873' title='bbox 2193 5647 2247 5698; x_wconf 89' lang='lat' dir='ltr'><strong>in</strong></span> <span class='ocrx_word' id='word_1_874' title='bbox 2291 5644 2428 5696; x_wconf 83' lang='lat' dir='ltr'><strong>aliis.</strong></span> <span class='ocrx_word' id='word_1_875' title='bbox 2466 5641 2533 5695; x_wconf 89' lang='lat' dir='ltr'><strong>In</strong></span> <span class='ocrx_word' id='word_1_876' title='bbox 2576 5641 2808 5709; x_wconf 86' lang='lat' dir='ltr'><strong>partibus</strong></span> <span class='ocrx_word' id='word_1_877' title='bbox 2846 5639 2978 5692; x_wconf 89' lang='lat' dir='ltr'><strong>enim</strong></span> <span class='ocrx_word' id='word_1_878' title='bbox 3005 5648 3165 5692; x_wconf 89' lang='lat' dir='ltr'><strong>totum</strong></span> <span class='ocrx_word' id='word_1_879' title='bbox 3204 5649 3299 5693; x_wconf 87' lang='lat' dir='ltr'><strong>est.</strong></span> <span class='ocrx_word' id='word_1_880' title='bbox 3346 5637 3425 5693; x_wconf 87' lang='lat' dir='ltr'><strong>De</strong></span> <span class='ocrx_word' id='word_1_881' title='bbox 3472 5656 3652 5710; x_wconf 78' lang='lat' dir='ltr'><strong>genere</strong></span> 
     </span>
    </p>
   </div>
   <div class='ocr_carea' id='block_1_117' title="bbox 2060 5739 3653 5817">
    <p class='ocr_par' dir='ltr' id='par_1_117' title="bbox 2060 5739 3653 5817">
     <span class='ocr_line' id='line_1_117' title="bbox 2060 5739 3653 5817; baseline -0.003 -18"><span class='ocrx_word' id='word_1_882' title='bbox 2060 5747 2265 5817; x_wconf 85' lang='lat' dir='ltr'><strong>quidem</strong></span> <span class='ocrx_word' id='word_1_883' title='bbox 2318 5751 2363 5797; x_wconf 85' lang='lat' dir='ltr'><strong>et</strong></span> <span class='ocrx_word' id='word_1_884' title='bbox 2391 5742 2584 5810; x_wconf 84' lang='lat' dir='ltr'><strong>specie,</strong></span> <span class='ocrx_word' id='word_1_885' title='bbox 2620 5749 2666 5794; x_wconf 89' lang='lat' dir='ltr'><strong>et</strong></span> <span class='ocrx_word' id='word_1_886' title='bbox 2700 5739 2823 5809; x_wconf 87' lang='lat' dir='ltr'><strong>quid</strong></span> <span class='ocrx_word' id='word_1_887' title='bbox 2851 5739 2916 5791; x_wconf 85' lang='lat' dir='ltr'><strong>sit</strong></span> <span class='ocrx_word' id='word_1_888' title='bbox 2944 5739 3381 5811; x_wconf 84' lang='lat' dir='ltr'><strong>generalissimum</strong></span> <span class='ocrx_word' id='word_1_889' title='bbox 3401 5780 3415 5807; x_wconf 91' lang='lat'><strong>,</strong></span> <span class='ocrx_word' id='word_1_890' title='bbox 3449 5748 3494 5794; x_wconf 86' lang='lat' dir='ltr'><strong>et</strong></span> <span class='ocrx_word' id='word_1_891' title='bbox 3523 5743 3653 5809; x_wconf 86' lang='lat' dir='ltr'><strong>quid</strong></span> 
     </span>
    </p>
   </div>
   <div class='ocr_carea' id='block_1_118' title="bbox 2058 5841 3648 5917">
    <p class='ocr_par' dir='ltr' id='par_1_118' title="bbox 2058 5841 3648 5917">
     <span class='ocr_line' id='line_1_118' title="bbox 2058 5841 3648 5917; baseline -0.004 -18"><span class='ocrx_word' id='word_1_892' title='bbox 2058 5845 2507 5917; x_wconf 85' lang='lat' dir='ltr'><strong>specialissimum,</strong></span> <span class='ocrx_word' id='word_1_893' title='bbox 2540 5850 2586 5898; x_wconf 88' lang='lat' dir='ltr'><strong>et</strong></span> <span class='ocrx_word' id='word_1_894' title='bbox 2614 5857 2729 5914; x_wconf 71' lang='lat' dir='ltr'><strong>qua:</strong></span> <span class='ocrx_word' id='word_1_895' title='bbox 2755 5855 2940 5912; x_wconf 84' lang='lat' dir='ltr'><strong>genera</strong></span> <span class='ocrx_word' id='word_1_896' title='bbox 2959 5881 2975 5912; x_wconf 90' lang='lat'><strong>,</strong></span> <span class='ocrx_word' id='word_1_897' title='bbox 3007 5849 3054 5894; x_wconf 87' lang='lat' dir='ltr'><strong>et</strong></span> <span class='ocrx_word' id='word_1_898' title='bbox 3081 5841 3270 5910; x_wconf 86' lang='lat' dir='ltr'><strong>species</strong></span> <span class='ocrx_word' id='word_1_899' title='bbox 3293 5841 3465 5896; x_wconf 85' lang='lat' dir='ltr'><strong>eadem</strong></span> <span class='ocrx_word' id='word_1_900' title='bbox 3504 5849 3648 5906; x_wconf 80' lang='lat' dir='ltr'><strong>sunt,</strong></span> 
     </span>
    </p>
   </div>
  </div>
