  <div class='ocr_page' id='page_1' title='image "/cluster/home/n/w/nwhite01/storage/ocr_20150623/64/hvd.32044073505265/063.png"; bbox 0 0 4244 6254; ppageno 0'>
   <div class='ocr_carea' id='block_1_1' title="bbox 603 432 703 486">
    <p class='ocr_par' dir='ltr' id='par_1_1' title="bbox 603 432 703 486">
     <span class='ocr_line' id='line_1_1' title="bbox 603 432 703 486; baseline 0 -1"><span class='ocrx_word' id='word_1_1' title='bbox 603 432 703 486; x_wconf 72' lang='lat' dir='ltr'><strong>H5</strong></span> 
     </span>
    </p>
   </div>
   <div class='ocr_carea' id='block_1_2' title="bbox 1834 426 2621 486">
    <p class='ocr_par' dir='ltr' id='par_1_2' title="bbox 1834 426 2621 486">
     <span class='ocr_line' id='line_1_2' title="bbox 1834 426 2621 486; baseline -0.008 0"><span class='ocrx_word' id='word_1_2' title='bbox 1834 429 1943 486; x_wconf 85' lang='lat' dir='ltr'><strong>AN.</strong></span> <span class='ocrx_word' id='word_1_3' title='bbox 1979 428 2190 485; x_wconf 82' lang='lat' dir='ltr'><strong>MANL.</strong></span> <span class='ocrx_word' id='word_1_4' title='bbox 2223 426 2374 486; x_wconf 83' lang='lat' dir='ltr'><strong>SEV.</strong></span> <span class='ocrx_word' id='word_1_5' title='bbox 2402 427 2621 484; x_wconf 79' lang='lat' dir='ltr'><strong>&#39;BOETII</strong></span> 
     </span>
    </p>
   </div>
   <div class='ocr_carea' id='block_1_3' title="bbox 3767 434 3865 486">
    <p class='ocr_par' dir='ltr' id='par_1_3' title="bbox 3767 434 3865 486">
     <span class='ocr_line' id='line_1_3' title="bbox 3767 434 3865 486; baseline -0.02 -1"><span class='ocrx_word' id='word_1_6' title='bbox 3767 434 3865 486; x_wconf 78' lang='lat' dir='ltr'><strong>“fi</strong></span> 
     </span>
    </p>
   </div>
   <div class='ocr_carea' id='block_1_4' title="bbox 604 547 3866 620">
    <p class='ocr_par' dir='ltr' id='par_1_4' title="bbox 604 547 3866 620">
     <span class='ocr_line' id='line_1_4' title="bbox 604 547 3866 620; baseline 0 -17"><span class='ocrx_word' id='word_1_7' title='bbox 604 560 650 603; x_wconf 91' lang='lat' dir='ltr'><strong>et</strong></span> <span class='ocrx_word' id='word_1_8' title='bbox 679 566 790 618; x_wconf 68' lang='lat' dir='ltr'><strong>quia</strong></span> <span class='ocrx_word' id='word_1_9' title='bbox 819 549 1078 602; x_wconf 82' lang='lat' dir='ltr'><strong>individua</strong></span> <span class='ocrx_word' id='word_1_10' title='bbox 1099 590 1113 613; x_wconf 89' lang='lat'><strong>,</strong></span> <span class='ocrx_word' id='word_1_11' title='bbox 1142 556 1186 602; x_wconf 85' lang='lat' dir='ltr'><strong>et</strong></span> <span class='ocrx_word' id='word_1_12' title='bbox 1221 558 1339 616; x_wconf 79' lang='lat' dir='ltr'><strong>quot</strong></span> <span class='ocrx_word' id='word_1_13' title='bbox 1369 549 1529 604; x_wconf 86' lang='lat' dir='ltr'><strong>modis</strong></span> <span class='ocrx_word' id='word_1_14' title='bbox 1558 566 1714 620; x_wconf 83' lang='lat' dir='ltr'><strong>genus</strong></span> <span class='ocrx_word' id='word_1_15' title='bbox 1742 556 1793 604; x_wconf 88' lang='lat' dir='ltr'><strong>et</strong></span> <span class='ocrx_word' id='word_1_16' title='bbox 1818 552 2008 620; x_wconf 75' lang='lat' dir='ltr'><strong>species</strong></span> <span class='ocrx_word' id='word_1_17' title='bbox 2037 550 2178 604; x_wconf 85' lang='lat' dir='ltr'><strong>dica-</strong></span> <span class='ocrx_word' id='word_1_18' title='bbox 2204 552 2261 612; x_wconf 74' lang='grc' dir='ltr'><strong>Α</strong></span> <span class='ocrx_word' id='word_1_19' title='bbox 2289 548 2489 603; x_wconf 94' lang='lat' dir='ltr'><strong>Idcirco</strong></span> <span class='ocrx_word' id='word_1_20' title='bbox 2529 547 2672 601; x_wconf 90' lang='lat' dir='ltr'><strong>enim</strong></span> <span class='ocrx_word' id='word_1_21' title='bbox 2704 554 2871 600; x_wconf 91' lang='lat' dir='ltr'><strong>totum</strong></span> <span class='ocrx_word' id='word_1_22' title='bbox 2913 547 3127 615; x_wconf 78' lang='lat' dir='ltr'><strong>dicitur,</strong></span> <span class='ocrx_word' id='word_1_23' title='bbox 3179 549 3301 616; x_wconf 97' lang='lat' dir='ltr'><strong>quia</strong></span> <span class='ocrx_word' id='word_1_24' title='bbox 3354 548 3501 617; x_wconf 87' lang='lat' dir='ltr'><strong>plura</strong></span> <span class='ocrx_word' id='word_1_25' title='bbox 3531 547 3768 602; x_wconf 88' lang='lat' dir='ltr'><strong>continet</strong></span> <span class='ocrx_word' id='word_1_26' title='bbox 3813 559 3866 604; x_wconf 92' lang='lat' dir='ltr'><strong>et</strong></span> 
     </span>
    </p>
   </div>
   <div class='ocr_carea' id='block_1_5' title="bbox 606 641 1376 708">
    <p class='ocr_par' dir='ltr' id='par_1_5' title="bbox 606 641 1376 708">
     <span class='ocr_line' id='line_1_5' title="bbox 606 641 1376 708; baseline -0.001 -15"><span class='ocrx_word' id='word_1_27' title='bbox 606 650 710 703; x_wconf 85' lang='lat' dir='ltr'><strong>tur,</strong></span> <span class='ocrx_word' id='word_1_28' title='bbox 734 641 1033 708; x_wconf 68' lang='lat' dir='ltr'><strong>sufﬁcienter</strong></span> <span class='ocrx_word' id='word_1_29' title='bbox 1055 642 1247 693; x_wconf 83' lang='lat' dir='ltr'><strong>dictum</strong></span> <span class='ocrx_word' id='word_1_30' title='bbox 1284 644 1376 692; x_wconf 76' lang='lat' dir='ltr'><strong>est.</strong></span> 
     </span>
    </p>
   </div>
   <div class='ocr_carea' id='block_1_6' title="bbox 679 728 2181 799">
    <p class='ocr_par' dir='ltr' id='par_1_6' title="bbox 679 728 2181 799">
     <span class='ocr_line' id='line_1_6' title="bbox 679 728 2181 799; baseline 0.004 -17"><span class='ocrx_word' id='word_1_31' title='bbox 679 728 953 783; x_wconf 83' lang='lat' dir='ltr'><strong>Retractat</strong></span> <span class='ocrx_word' id='word_1_32' title='bbox 983 730 1160 783; x_wconf 84' lang='lat' dir='ltr'><strong>omnia</strong></span> <span class='ocrx_word' id='word_1_33' title='bbox 1186 729 1420 784; x_wconf 83' lang='lat' dir='ltr'><strong>breviter</strong></span> <span class='ocrx_word' id='word_1_34' title='bbox 1446 746 1563 799; x_wconf 74' lang='lat' dir='ltr'><strong>qua:</strong></span> <span class='ocrx_word' id='word_1_35' title='bbox 1588 745 1749 799; x_wconf 81' lang='lat' dir='ltr'><strong>supra</strong></span> <span class='ocrx_word' id='word_1_36' title='bbox 1768 732 1925 786; x_wconf 88' lang='lat' dir='ltr'><strong>latius</strong></span> <span class='ocrx_word' id='word_1_37' title='bbox 1950 732 2181 788; x_wconf 78' lang='lat' dir='ltr'><strong>absolvit</strong></span> 
     </span>
    </p>
   </div>
   <div class='ocr_carea' id='block_1_7' title="bbox 602 819 2181 892">
    <p class='ocr_par' dir='ltr' id='par_1_7' title="bbox 602 819 2181 892">
     <span class='ocr_line' id='line_1_7' title="bbox 602 819 2181 892; baseline 0.003 -19"><span class='ocrx_word' id='word_1_38' title='bbox 602 819 789 873; x_wconf 85' lang='lat' dir='ltr'><strong>dicens</strong></span> <span class='ocrx_word' id='word_1_39' title='bbox 837 820 1165 873; x_wconf 88' lang='lat' dir='ltr'><strong>individuum</strong></span> <span class='ocrx_word' id='word_1_40' title='bbox 1199 835 1227 873; x_wconf 89' lang='lat' dir='ltr'><strong>a</strong></span> <span class='ocrx_word' id='word_1_41' title='bbox 1253 821 1430 888; x_wconf 82' lang='lat' dir='ltr'><strong>Specie</strong></span> <span class='ocrx_word' id='word_1_42' title='bbox 1471 822 1763 887; x_wconf 79' lang='lat' dir='ltr'><strong>contineri,</strong></span> <span class='ocrx_word' id='word_1_43' title='bbox 1803 823 2008 892; x_wconf 88' lang='lat' dir='ltr'><strong>species</strong></span> <span class='ocrx_word' id='word_1_44' title='bbox 2052 838 2181 879; x_wconf 89' lang='lat' dir='ltr'><strong>vero</strong></span> 
     </span>
    </p>
   </div>
   <div class='ocr_carea' id='block_1_8' title="bbox 601 910 2180 981">
    <p class='ocr_par' dir='ltr' id='par_1_8' title="bbox 601 910 2180 981">
     <span class='ocr_line' id='line_1_8' title="bbox 601 910 2180 981; baseline 0.004 -17"><span class='ocrx_word' id='word_1_45' title='bbox 601 911 748 978; x_wconf 87' lang='lat' dir='ltr'><strong>ipsas</strong></span> <span class='ocrx_word' id='word_1_46' title='bbox 779 925 808 963; x_wconf 92' lang='lat' dir='ltr'><strong>a</strong></span> <span class='ocrx_word' id='word_1_47' title='bbox 838 925 1055 979; x_wconf 80' lang='lat' dir='ltr'><strong>genere,</strong></span> <span class='ocrx_word' id='word_1_48' title='bbox 1090 910 1350 981; x_wconf 87' lang='lat' dir='ltr'><strong>hujusque</strong></span> <span class='ocrx_word' id='word_1_49' title='bbox 1378 926 1590 965; x_wconf 80' lang='lat' dir='ltr'><strong>causam</strong></span> <span class='ocrx_word' id='word_1_50' title='bbox 1614 913 1842 968; x_wconf 84' lang='lat' dir='ltr'><strong>reddens</strong></span> <span class='ocrx_word' id='word_1_51' title='bbox 1867 915 1942 967; x_wconf 90' lang='lat' dir='ltr'><strong>ait</strong></span> <span class='ocrx_word' id='word_1_52' title='bbox 1974 932 1985 967; x_wconf 89' lang='lat'><strong>:</strong></span> <span class='ocrx_word' id='word_1_53' title='bbox 2011 914 2180 970; x_wconf 85' lang='lat' dir='ltr'><strong>Omne</strong></span> 
     </span>
    </p>
   </div>
   <div class='ocr_carea' id='block_1_9' title="bbox 601 988 2177 1071">
    <p class='ocr_par' dir='ltr' id='par_1_9' title="bbox 601 988 2177 1071">
     <span class='ocr_line' id='line_1_9' title="bbox 601 988 2177 1071; baseline 0.003 -17"><span class='ocrx_word' id='word_1_54' title='bbox 601 1015 769 1066; x_wconf 76' lang='lat' dir='ltr'><strong>genus</strong></span> <span class='ocrx_word' id='word_1_55' title='bbox 802 1010 968 1053; x_wconf 91' lang='lat' dir='ltr'><strong>totum</strong></span> <span class='ocrx_word' id='word_1_56' title='bbox 999 1010 1100 1065; x_wconf 87' lang='lat' dir='ltr'><strong>est,</strong></span> <span class='ocrx_word' id='word_1_57' title='bbox 1134 1000 1463 1056; x_wconf 87' lang='lat' dir='ltr'><strong>individuum</strong></span> <span class='ocrx_word' id='word_1_58' title='bbox 1494 1016 1621 1056; x_wconf 84' lang='lat' dir='ltr'><strong>vero</strong></span> <span class='ocrx_word' id='word_1_59' title='bbox 1653 1019 1795 1071; x_wconf 89' lang='lat' dir='ltr'><strong>pars.</strong></span> <span class='ocrx_word' id='word_1_60' title='bbox 1827 1005 2006 1059; x_wconf 89' lang='lat' dir='ltr'><strong>Genus</strong></span> <span class='ocrx_word' id='word_1_61' title='bbox 2035 988 2177 1059; x_wconf 78' lang='lat' dir='ltr'><strong>enim</strong></span> 
     </span>
    </p>
   </div>
   <div class='ocr_carea' id='block_1_10' title="bbox 598 1091 2180 1164">
    <p class='ocr_par' dir='ltr' id='par_1_10' title="bbox 598 1091 2180 1164">
     <span class='ocr_line' id='line_1_10' title="bbox 598 1091 2180 1164; baseline 0.004 -19"><span class='ocrx_word' id='word_1_62' title='bbox 598 1092 654 1145; x_wconf 89' lang='lat' dir='ltr'><strong>in</strong></span> <span class='ocrx_word' id='word_1_63' title='bbox 683 1106 746 1146; x_wconf 91' lang='lat' dir='ltr'><strong>eo</strong></span> <span class='ocrx_word' id='word_1_64' title='bbox 777 1091 916 1159; x_wconf 91' lang='lat' dir='ltr'><strong>quod</strong></span> <span class='ocrx_word' id='word_1_65' title='bbox 942 1100 1109 1146; x_wconf 90' lang='lat' dir='ltr'><strong>totum</strong></span> <span class='ocrx_word' id='word_1_66' title='bbox 1149 1101 1262 1155; x_wconf 90' lang='lat' dir='ltr'><strong>est,</strong></span> <span class='ocrx_word' id='word_1_67' title='bbox 1296 1095 1534 1148; x_wconf 85' lang='lat' dir='ltr'><strong>continet</strong></span> <span class='ocrx_word' id='word_1_68' title='bbox 1564 1102 1732 1150; x_wconf 87' lang='lat' dir='ltr'><strong>totum</strong></span> <span class='ocrx_word' id='word_1_69' title='bbox 1756 1137 1770 1157; x_wconf 86' lang='lat'><strong>,</strong></span> <span class='ocrx_word' id='word_1_70' title='bbox 1808 1103 1863 1148; x_wconf 89' lang='lat' dir='ltr'><strong>et</strong></span> <span class='ocrx_word' id='word_1_71' title='bbox 1895 1096 1937 1149; x_wconf 89' lang='lat' dir='ltr'><strong>si</strong></span> <span class='ocrx_word' id='word_1_72' title='bbox 1973 1096 2180 1164; x_wconf 81' lang='lat' dir='ltr'><strong>species</strong></span> 
     </span>
    </p>
   </div>
   <div class='ocr_carea' id='block_1_11' title="bbox 600 1185 2179 1256">
    <p class='ocr_par' dir='ltr' id='par_1_11' title="bbox 600 1185 2179 1256">
     <span class='ocr_line' id='line_1_11' title="bbox 600 1185 2179 1256; baseline 0.004 -19"><span class='ocrx_word' id='word_1_73' title='bbox 600 1196 722 1237; x_wconf 89' lang='lat' dir='ltr'><strong>esse</strong></span> <span class='ocrx_word' id='word_1_74' title='bbox 739 1189 914 1251; x_wconf 83' lang='lat' dir='ltr'><strong>potest</strong></span> <span class='ocrx_word' id='word_1_75' title='bbox 942 1200 954 1236; x_wconf 90' lang='lat'><strong>:</strong></span> <span class='ocrx_word' id='word_1_76' title='bbox 981 1193 1147 1238; x_wconf 91' lang='lat' dir='ltr'><strong>totum</strong></span> <span class='ocrx_word' id='word_1_77' title='bbox 1168 1185 1309 1239; x_wconf 89' lang='lat' dir='ltr'><strong>enim</strong></span> <span class='ocrx_word' id='word_1_78' title='bbox 1331 1200 1435 1238; x_wconf 92' lang='lat' dir='ltr'><strong>non</strong></span> <span class='ocrx_word' id='word_1_79' title='bbox 1459 1195 1508 1240; x_wconf 93' lang='lat' dir='ltr'><strong>ut</strong></span> <span class='ocrx_word' id='word_1_80' title='bbox 1529 1198 1699 1255; x_wconf 78' lang='lat' dir='ltr'><strong>genus</strong></span> <span class='ocrx_word' id='word_1_81' title='bbox 1729 1198 1807 1241; x_wconf 87' lang='lat' dir='ltr'><strong>est</strong></span> <span class='ocrx_word' id='word_1_82' title='bbox 1833 1188 2061 1256; x_wconf 80' lang='lat' dir='ltr'><strong>species,</strong></span> <span class='ocrx_word' id='word_1_83' title='bbox 2083 1186 2179 1243; x_wconf 85' lang='lat' dir='ltr'><strong>sed</strong></span> 
     </span>
    </p>
   </div>
   <div class='ocr_carea' id='block_1_12' title="bbox 599 1277 2179 1348">
    <p class='ocr_par' dir='ltr' id='par_1_12' title="bbox 599 1277 2179 1348">
     <span class='ocr_line' id='line_1_12' title="bbox 599 1277 2179 1348; baseline 0.001 -18"><span class='ocrx_word' id='word_1_84' title='bbox 599 1282 659 1330; x_wconf 92' lang='lat' dir='ltr'><strong>ut</strong></span> <span class='ocrx_word' id='word_1_85' title='bbox 683 1290 742 1329; x_wconf 90' lang='lat' dir='ltr'><strong>ea</strong></span> <span class='ocrx_word' id='word_1_86' title='bbox 774 1290 891 1344; x_wconf 69' lang='lat' dir='ltr'><strong>qua:</strong></span> <span class='ocrx_word' id='word_1_87' title='bbox 911 1278 1230 1345; x_wconf 87' lang='lat' dir='ltr'><strong>supponitur</strong></span> <span class='ocrx_word' id='word_1_88' title='bbox 1246 1278 1447 1345; x_wconf 88' lang='lat' dir='ltr'><strong>generi.</strong></span> <span class='ocrx_word' id='word_1_89' title='bbox 1481 1277 1662 1332; x_wconf 90' lang='lat' dir='ltr'><strong>Genus</strong></span> <span class='ocrx_word' id='word_1_90' title='bbox 1692 1278 1848 1346; x_wconf 86' lang='lat' dir='ltr'><strong>igitur</strong></span> <span class='ocrx_word' id='word_1_91' title='bbox 1875 1278 1928 1331; x_wconf 90' lang='lat' dir='ltr'><strong>in</strong></span> <span class='ocrx_word' id='word_1_92' title='bbox 1950 1293 2013 1332; x_wconf 80' lang='lat' dir='ltr'><strong>eo</strong></span> <span class='ocrx_word' id='word_1_93' title='bbox 2035 1279 2179 1348; x_wconf 91' lang='lat' dir='ltr'><strong>quod</strong></span> 
     </span>
    </p>
   </div>
   <div class='ocr_carea' id='block_1_13' title="bbox 554 1368 2179 1438">
    <p class='ocr_par' dir='ltr' id='par_1_13' title="bbox 554 1368 2179 1438">
     <span class='ocr_line' id='line_1_13' title="bbox 554 1368 2179 1438; baseline 0.001 -16"><span class='ocrx_word' id='word_1_94' title='bbox 554 1408 569 1422; x_wconf 94' lang='lat'><strong>.</strong></span> <span class='ocrx_word' id='word_1_95' title='bbox 597 1382 767 1437; x_wconf 81' lang='lat' dir='ltr'><strong>genus</strong></span> <span class='ocrx_word' id='word_1_96' title='bbox 796 1376 904 1431; x_wconf 90' lang='lat' dir='ltr'><strong>est,</strong></span> <span class='ocrx_word' id='word_1_97' title='bbox 929 1376 1097 1422; x_wconf 89' lang='lat' dir='ltr'><strong>totum</strong></span> <span class='ocrx_word' id='word_1_98' title='bbox 1129 1375 1213 1422; x_wconf 92' lang='lat' dir='ltr'><strong>est</strong></span> <span class='ocrx_word' id='word_1_99' title='bbox 1242 1368 1521 1435; x_wconf 84' lang='lat' dir='ltr'><strong>speciebus</strong></span> <span class='ocrx_word' id='word_1_100' title='bbox 1554 1385 1567 1421; x_wconf 89' lang='lat'>:</span> <span class='ocrx_word' id='word_1_101' title='bbox 1591 1384 1804 1438; x_wconf 87' lang='lat' dir='ltr'><strong>semper</strong></span> <span class='ocrx_word' id='word_1_102' title='bbox 1833 1368 1972 1423; x_wconf 91' lang='lat' dir='ltr'><strong>enim</strong></span> <span class='ocrx_word' id='word_1_103' title='bbox 2012 1368 2179 1423; x_wconf 92' lang='lat' dir='ltr'><strong>conti-</strong></span> 
     </span>
    </p>
   </div>
   <div class='ocr_carea' id='block_1_14' title="bbox 598 1457 2181 1528">
    <p class='ocr_par' dir='ltr' id='par_1_14' title="bbox 598 1457 2181 1528">
     <span class='ocr_line' id='line_1_14' title="bbox 598 1457 2181 1528; baseline 0 -16"><span class='ocrx_word' id='word_1_104' title='bbox 598 1464 692 1512; x_wconf 90' lang='lat' dir='ltr'><strong>net</strong></span> <span class='ocrx_word' id='word_1_105' title='bbox 716 1471 827 1512; x_wconf 89' lang='lat' dir='ltr'><strong>eas.</strong></span> <span class='ocrx_word' id='word_1_106' title='bbox 867 1460 932 1510; x_wconf 84' lang='lat' dir='ltr'><strong>At</strong></span> <span class='ocrx_word' id='word_1_107' title='bbox 962 1471 1092 1512; x_wconf 84' lang='lat' dir='ltr'><strong>vero</strong></span> <span class='ocrx_word' id='word_1_108' title='bbox 1123 1457 1454 1512; x_wconf 60' lang='lat' dir='ltr'><strong>individuum</strong></span> <span class='ocrx_word' id='word_1_109' title='bbox 1484 1473 1697 1528; x_wconf 88' lang='lat' dir='ltr'><strong>semper</strong></span> <span class='ocrx_word' id='word_1_110' title='bbox 1725 1465 1810 1513; x_wconf 89' lang='lat' dir='ltr'><strong>est</strong></span> <span class='ocrx_word' id='word_1_111' title='bbox 1851 1472 1971 1526; x_wconf 90' lang='lat' dir='ltr'><strong>pars</strong></span> <span class='ocrx_word' id='word_1_112' title='bbox 1996 1499 2010 1522; x_wconf 91' lang='lat'><strong>,</strong></span> <span class='ocrx_word' id='word_1_113' title='bbox 2046 1474 2181 1513; x_wconf 89' lang='lat' dir='ltr'><strong>nun-</strong></span> 
     </span>
    </p>
   </div>
   <div class='ocr_carea' id='block_1_15' title="bbox 597 1538 2174 1617">
    <p class='ocr_par' dir='ltr' id='par_1_15' title="bbox 597 1538 2174 1617">
     <span class='ocr_line' id='line_1_15' title="bbox 597 1538 2174 1617; baseline 0.001 -16"><span class='ocrx_word' id='word_1_114' title='bbox 597 1561 758 1616; x_wconf 83' lang='lat' dir='ltr'><strong>quam</strong></span> <span class='ocrx_word' id='word_1_115' title='bbox 788 1547 930 1602; x_wconf 90' lang='lat' dir='ltr'><strong>enim</strong></span> <span class='ocrx_word' id='word_1_116' title='bbox 974 1548 1147 1616; x_wconf 88' lang='lat' dir='ltr'><strong>ipsum</strong></span> <span class='ocrx_word' id='word_1_117' title='bbox 1178 1548 1374 1617; x_wconf 73' lang='lat' dir='ltr'><strong>aliquid</strong></span> <span class='ocrx_word' id='word_1_118' title='bbox 1404 1538 1501 1603; x_wconf 84' lang='lat' dir='ltr'><strong>sua</strong></span> <span class='ocrx_word' id='word_1_119' title='bbox 1530 1549 1855 1617; x_wconf 85' lang='lat' dir='ltr'><strong>proprietate</strong></span> <span class='ocrx_word' id='word_1_120' title='bbox 1882 1549 2174 1604; x_wconf 85' lang='lat' dir='ltr'><strong>concludit.</strong></span> 
     </span>
    </p>
   </div>
   <div class='ocr_carea' id='block_1_16' title="bbox 596 1640 2175 1709">
    <p class='ocr_par' dir='ltr' id='par_1_16' title="bbox 596 1640 2175 1709">
     <span class='ocr_line' id='line_1_16' title="bbox 596 1640 2175 1709; baseline 0 -15"><span class='ocrx_word' id='word_1_121' title='bbox 596 1640 816 1708; x_wconf 71' lang='lat' dir='ltr'><strong>Species</strong></span> <span class='ocrx_word' id='word_1_122' title='bbox 856 1654 1021 1706; x_wconf 87' lang='lat' dir='ltr'><strong>vero,</strong></span> <span class='ocrx_word' id='word_1_123' title='bbox 1073 1647 1125 1693; x_wconf 88' lang='lat' dir='ltr'><strong>et</strong></span> <span class='ocrx_word' id='word_1_124' title='bbox 1182 1655 1302 1707; x_wconf 84' lang='lat' dir='ltr'><strong>pars</strong></span> <span class='ocrx_word' id='word_1_125' title='bbox 1335 1651 1387 1694; x_wconf 91' lang='lat' dir='ltr'><strong>et</strong></span> <span class='ocrx_word' id='word_1_126' title='bbox 1414 1649 1580 1695; x_wconf 92' lang='lat' dir='ltr'><strong>totum</strong></span> <span class='ocrx_word' id='word_1_127' title='bbox 1632 1649 1742 1700; x_wconf 89' lang='lat' dir='ltr'><strong>est.</strong></span> <span class='ocrx_word' id='word_1_128' title='bbox 1794 1655 1913 1708; x_wconf 87' lang='lat' dir='ltr'><strong>pars</strong></span> <span class='ocrx_word' id='word_1_129' title='bbox 1961 1640 2175 1709; x_wconf 85' lang='lat' dir='ltr'><strong>quidem</strong></span> 
     </span>
    </p>
   </div>
   <div class='ocr_carea' id='block_1_17' title="bbox 597 1731 2174 1800">
    <p class='ocr_par' dir='ltr' id='par_1_17' title="bbox 597 1731 2174 1800">
     <span class='ocr_line' id='line_1_17' title="bbox 597 1731 2174 1800; baseline 0.001 -17"><span class='ocrx_word' id='word_1_130' title='bbox 597 1732 809 1799; x_wconf 80' lang='lat' dir='ltr'><strong>generis</strong></span> <span class='ocrx_word' id='word_1_131' title='bbox 831 1775 846 1799; x_wconf 93' lang='lat'><strong>,</strong></span> <span class='ocrx_word' id='word_1_132' title='bbox 892 1739 1060 1785; x_wconf 90' lang='lat' dir='ltr'><strong>totum</strong></span> <span class='ocrx_word' id='word_1_133' title='bbox 1092 1746 1220 1785; x_wconf 89' lang='lat' dir='ltr'><strong>vero</strong></span> <span class='ocrx_word' id='word_1_134' title='bbox 1261 1731 1570 1785; x_wconf 86' lang='lat' dir='ltr'><strong>individuis.</strong></span> <span class='ocrx_word' id='word_1_135' title='bbox 1608 1732 1813 1786; x_wconf 87' lang='lat' dir='ltr'><strong>Etcum</strong></span> <span class='ocrx_word' id='word_1_136' title='bbox 1843 1745 1967 1800; x_wconf 89' lang='lat' dir='ltr'><strong>pars</strong></span> <span class='ocrx_word' id='word_1_137' title='bbox 1996 1741 2079 1785; x_wconf 92' lang='lat' dir='ltr'><strong>est</strong></span> <span class='ocrx_word' id='word_1_138' title='bbox 2107 1732 2174 1785; x_wconf 89' lang='lat' dir='ltr'><strong>ad</strong></span> 
     </span>
    </p>
   </div>
   <div class='ocr_carea' id='block_1_18' title="bbox 598 1821 2172 1891">
    <p class='ocr_par' dir='ltr' id='par_1_18' title="bbox 598 1821 2172 1891">
     <span class='ocr_line' id='line_1_18' title="bbox 598 1821 2172 1891; baseline 0.002 -18"><span class='ocrx_word' id='word_1_139' title='bbox 598 1821 1023 1890; x_wconf 68' lang='lat' dir='ltr'><strong>singularitatem</strong></span> <span class='ocrx_word' id='word_1_140' title='bbox 1055 1821 1307 1889; x_wconf 79' lang='lat' dir='ltr'><strong>refertur,</strong></span> <span class='ocrx_word' id='word_1_141' title='bbox 1338 1838 1456 1877; x_wconf 86' lang='lat' dir='ltr'><strong>cum</strong></span> <span class='ocrx_word' id='word_1_142' title='bbox 1493 1828 1659 1877; x_wconf 90' lang='lat' dir='ltr'><strong>totum</strong></span> <span class='ocrx_word' id='word_1_143' title='bbox 1696 1822 1761 1877; x_wconf 88' lang='lat' dir='ltr'><strong>ad</strong></span> <span class='ocrx_word' id='word_1_144' title='bbox 1792 1823 2172 1891; x_wconf 91' lang='lat' dir='ltr'><strong>pluralitatem.</strong></span> 
     </span>
    </p>
   </div>
   <div class='ocr_carea' id='block_1_19' title="bbox 2284 637 3867 707">
    <p class='ocr_par' dir='ltr' id='par_1_19' title="bbox 2284 637 3867 707">
     <span class='ocr_line' id='line_1_19' title="bbox 2284 637 3867 707; baseline -0.001 -13"><span class='ocrx_word' id='word_1_145' title='bbox 2284 648 2520 694; x_wconf 89' lang='lat' dir='ltr'><strong>coercet.</strong></span> <span class='ocrx_word' id='word_1_146' title='bbox 2556 637 2684 691; x_wconf 80' lang='lat' dir='ltr'><strong>Nam</strong></span> <span class='ocrx_word' id='word_1_147' title='bbox 2720 647 2777 690; x_wconf 91' lang='lat' dir='ltr'><strong>ut</strong></span> <span class='ocrx_word' id='word_1_148' title='bbox 2821 651 2943 705; x_wconf 88' lang='lat' dir='ltr'><strong>pars</strong></span> <span class='ocrx_word' id='word_1_149' title='bbox 2970 638 3040 692; x_wconf 85' lang='lat' dir='ltr'><strong>sit</strong></span> <span class='ocrx_word' id='word_1_150' title='bbox 3066 638 3288 707; x_wconf 87' lang='lat' dir='ltr'><strong>aliquid,</strong></span> <span class='ocrx_word' id='word_1_151' title='bbox 3322 654 3482 692; x_wconf 88' lang='lat' dir='ltr'><strong>unum</strong></span> <span class='ocrx_word' id='word_1_152' title='bbox 3511 639 3683 705; x_wconf 86' lang='lat' dir='ltr'><strong>ipsum</strong></span> <span class='ocrx_word' id='word_1_153' title='bbox 3714 639 3867 693; x_wconf 90' lang='lat' dir='ltr'><strong>unius</strong></span> 
     </span>
    </p>
   </div>
   <div class='ocr_carea' id='block_1_20' title="bbox 2284 731 3867 802">
    <p class='ocr_par' dir='ltr' id='par_1_20' title="bbox 2284 731 3867 802">
     <span class='ocr_line' id='line_1_20' title="bbox 2284 731 3867 802; baseline 0 -17"><span class='ocrx_word' id='word_1_154' title='bbox 2284 747 2406 802; x_wconf 87' lang='lat' dir='ltr'><strong>pars</strong></span> <span class='ocrx_word' id='word_1_155' title='bbox 2450 746 2570 786; x_wconf 89' lang='lat' dir='ltr'><strong>esse</strong></span> <span class='ocrx_word' id='word_1_156' title='bbox 2605 731 2802 800; x_wconf 88' lang='lat' dir='ltr'><strong>poterit</strong></span> <span class='ocrx_word' id='word_1_157' title='bbox 2856 748 2869 784; x_wconf 89' lang='lat'><strong>:</strong></span> <span class='ocrx_word' id='word_1_158' title='bbox 2912 740 2969 784; x_wconf 92' lang='lat' dir='ltr'><strong>ut</strong></span> <span class='ocrx_word' id='word_1_159' title='bbox 2999 746 3130 785; x_wconf 86' lang='lat' dir='ltr'><strong>vero</strong></span> <span class='ocrx_word' id='word_1_160' title='bbox 3158 740 3323 784; x_wconf 90' lang='lat' dir='ltr'><strong>totum</strong></span> <span class='ocrx_word' id='word_1_161' title='bbox 3357 732 3458 796; x_wconf 89' lang='lat' dir='ltr'><strong>sit,</strong></span> <span class='ocrx_word' id='word_1_162' title='bbox 3504 746 3663 785; x_wconf 93' lang='lat' dir='ltr'><strong>unum</strong></span> <span class='ocrx_word' id='word_1_163' title='bbox 3696 732 3867 801; x_wconf 89' lang='lat' dir='ltr'><strong>ipsum</strong></span> 
     </span>
    </p>
   </div>
   <div class='ocr_carea' id='block_1_21' title="bbox 2281 823 3868 894">
    <p class='ocr_par' dir='ltr' id='par_1_21' title="bbox 2281 823 3868 894">
     <span class='ocr_line' id='line_1_21' title="bbox 2281 823 3868 894; baseline 0.001 -17"><span class='ocrx_word' id='word_1_164' title='bbox 2281 823 2438 878; x_wconf 89' lang='lat' dir='ltr'><strong>unius</strong></span> <span class='ocrx_word' id='word_1_165' title='bbox 2472 831 2638 876; x_wconf 91' lang='lat' dir='ltr'><strong>totum</strong></span> <span class='ocrx_word' id='word_1_166' title='bbox 2664 837 2782 876; x_wconf 90' lang='lat' dir='ltr'><strong>esse</strong></span> <span class='ocrx_word' id='word_1_167' title='bbox 2806 836 2913 876; x_wconf 92' lang='lat' dir='ltr'><strong>non</strong></span> <span class='ocrx_word' id='word_1_168' title='bbox 2943 824 3155 889; x_wconf 88' lang='lat' dir='ltr'><strong>poterit.</strong></span> <span class='ocrx_word' id='word_1_169' title='bbox 3183 823 3387 877; x_wconf 91' lang='lat' dir='ltr'><strong>Idcirco</strong></span> <span class='ocrx_word' id='word_1_170' title='bbox 3408 825 3627 879; x_wconf 84' lang='lat' dir='ltr'><strong>alterius</strong></span> <span class='ocrx_word' id='word_1_171' title='bbox 3656 826 3868 894; x_wconf 86' lang='lat' dir='ltr'><strong>quidem</strong></span> 
     </span>
    </p>
   </div>
   <div class='ocr_carea' id='block_1_22' title="bbox 2285 917 3873 988">
    <p class='ocr_par' dir='ltr' id='par_1_22' title="bbox 2285 917 3873 988">
     <span class='ocr_line' id='line_1_22' title="bbox 2285 917 3873 988; baseline 0.002 -17"><span class='ocrx_word' id='word_1_172' title='bbox 2285 932 2409 988; x_wconf 90' lang='lat' dir='ltr'><strong>pars</strong></span> <span class='ocrx_word' id='word_1_173' title='bbox 2453 926 2536 973; x_wconf 89' lang='lat' dir='ltr'><strong>est</strong></span> <span class='ocrx_word' id='word_1_174' title='bbox 2586 919 2831 986; x_wconf 88' lang='lat' dir='ltr'><strong>species,</strong></span> <span class='ocrx_word' id='word_1_175' title='bbox 2878 917 2998 971; x_wconf 87' lang='lat' dir='ltr'><strong>aliis</strong></span> <span class='ocrx_word' id='word_1_176' title='bbox 3042 931 3173 972; x_wconf 85' lang='lat' dir='ltr'><strong>vero</strong></span> <span class='ocrx_word' id='word_1_177' title='bbox 3216 926 3413 983; x_wconf 89' lang='lat' dir='ltr'><strong>totum;</strong></span> <span class='ocrx_word' id='word_1_178' title='bbox 3449 919 3541 973; x_wconf 89' lang='lat' dir='ltr'><strong>sed</strong></span> <span class='ocrx_word' id='word_1_179' title='bbox 3572 918 3638 973; x_wconf 92' lang='lat' dir='ltr'><strong>de</strong></span> <span class='ocrx_word' id='word_1_180' title='bbox 3673 933 3873 988; x_wconf 82' lang='lat' dir='ltr'><strong>genere</strong></span> 
     </span>
    </p>
   </div>
   <div class='ocr_carea' id='block_1_23' title="bbox 2281 1008 3871 1079">
    <p class='ocr_par' dir='ltr' id='par_1_23' title="bbox 2281 1008 3871 1079">
     <span class='ocr_line' id='line_1_23' title="bbox 2281 1008 3871 1079; baseline 0.001 -16"><span class='ocrx_word' id='word_1_181' title='bbox 2281 1009 2496 1079; x_wconf 89' lang='lat' dir='ltr'><strong>quidem</strong></span> <span class='ocrx_word' id='word_1_182' title='bbox 2525 1018 2578 1063; x_wconf 85' lang='lat' dir='ltr'><strong>et</strong></span> <span class='ocrx_word' id='word_1_183' title='bbox 2600 1010 2781 1079; x_wconf 88' lang='lat' dir='ltr'><strong>specie</strong></span> <span class='ocrx_word' id='word_1_184' title='bbox 2805 1008 3004 1063; x_wconf 90' lang='lat' dir='ltr'><strong>dictum</strong></span> <span class='ocrx_word' id='word_1_185' title='bbox 3037 1020 3149 1075; x_wconf 89' lang='lat' dir='ltr'><strong>est,</strong></span> <span class='ocrx_word' id='word_1_186' title='bbox 3181 1019 3233 1063; x_wconf 91' lang='lat' dir='ltr'><strong>et</strong></span> <span class='ocrx_word' id='word_1_187' title='bbox 3262 1008 3389 1079; x_wconf 89' lang='lat' dir='ltr'><strong>quid</strong></span> <span class='ocrx_word' id='word_1_188' title='bbox 3432 1010 3501 1064; x_wconf 89' lang='lat' dir='ltr'><strong>sit</strong></span> <span class='ocrx_word' id='word_1_189' title='bbox 3526 1011 3871 1078; x_wconf 84' lang='lat' dir='ltr'><strong>generalissi-</strong></span> 
     </span>
    </p>
   </div>
   <div class='ocr_carea' id='block_1_24' title="bbox 2284 1100 3869 1170">
    <p class='ocr_par' dir='ltr' id='par_1_24' title="bbox 2284 1100 3869 1170">
     <span class='ocr_line' id='line_1_24' title="bbox 2284 1100 3869 1170; baseline 0 -17"><span class='ocrx_word' id='word_1_190' title='bbox 2284 1116 2428 1154; x_wconf 85' lang='lat' dir='ltr'><strong>mum</strong></span> <span class='ocrx_word' id='word_1_191' title='bbox 2460 1115 2665 1169; x_wconf 85' lang='lat' dir='ltr'><strong>genus:</strong></span> <span class='ocrx_word' id='word_1_192' title='bbox 2692 1100 2943 1169; x_wconf 89' lang='lat' dir='ltr'><strong>quoniam</strong></span> <span class='ocrx_word' id='word_1_193' title='bbox 2985 1100 3039 1153; x_wconf 91' lang='lat' dir='ltr'><strong>id</strong></span> <span class='ocrx_word' id='word_1_194' title='bbox 3076 1100 3163 1154; x_wconf 91' lang='lat' dir='ltr'><strong>cui</strong></span> <span class='ocrx_word' id='word_1_195' title='bbox 3194 1101 3393 1154; x_wconf 89' lang='lat' dir='ltr'><strong>nullum</strong></span> <span class='ocrx_word' id='word_1_196' title='bbox 3424 1101 3569 1155; x_wconf 89' lang='lat' dir='ltr'><strong>aliud</strong></span> <span class='ocrx_word' id='word_1_197' title='bbox 3607 1116 3869 1170; x_wconf 80' lang='lat' dir='ltr'><strong>superpo-</strong></span> 
     </span>
    </p>
   </div>
   <div class='ocr_carea' id='block_1_25' title="bbox 2282 1192 3869 1261">
    <p class='ocr_par' dir='ltr' id='par_1_25' title="bbox 2282 1192 3869 1261">
     <span class='ocr_line' id='line_1_25' title="bbox 2282 1192 3869 1261; baseline 0.001 -16"><span class='ocrx_word' id='word_1_198' title='bbox 2282 1192 2427 1246; x_wconf 90' lang='lat' dir='ltr'><strong>nitur</strong></span> <span class='ocrx_word' id='word_1_199' title='bbox 2454 1207 2643 1261; x_wconf 85' lang='lat' dir='ltr'><strong>genus,</strong></span> <span class='ocrx_word' id='word_1_200' title='bbox 2667 1199 2723 1247; x_wconf 90' lang='lat' dir='ltr'><strong>et</strong></span> <span class='ocrx_word' id='word_1_201' title='bbox 2742 1192 2867 1261; x_wconf 91' lang='lat' dir='ltr'><strong>quid</strong></span> <span class='ocrx_word' id='word_1_202' title='bbox 2896 1192 3287 1261; x_wconf 88' lang='lat' dir='ltr'><strong>specialissima</strong></span> <span class='ocrx_word' id='word_1_203' title='bbox 3312 1193 3523 1261; x_wconf 76' lang='lat' dir='ltr'><strong>Species</strong></span> <span class='ocrx_word' id='word_1_204' title='bbox 3559 1210 3570 1243; x_wconf 92' lang='lat'>:</span> <span class='ocrx_word' id='word_1_205' title='bbox 3616 1194 3869 1261; x_wconf 85' lang='lat' dir='ltr'><strong>quoniam</strong></span> 
     </span>
    </p>
   </div>
   <div class='ocr_carea' id='block_1_26' title="bbox 2281 1284 3869 1354">
    <p class='ocr_par' dir='ltr' id='par_1_26' title="bbox 2281 1284 3869 1354">
     <span class='ocr_line' id='line_1_26' title="bbox 2281 1284 3869 1354; baseline -0.002 -14"><span class='ocrx_word' id='word_1_206' title='bbox 2281 1299 2344 1340; x_wconf 92' lang='lat' dir='ltr'><strong>ea</strong></span> <span class='ocrx_word' id='word_1_207' title='bbox 2373 1285 2459 1339; x_wconf 90' lang='lat' dir='ltr'><strong>cui</strong></span> <span class='ocrx_word' id='word_1_208' title='bbox 2482 1284 2690 1354; x_wconf 88' lang='lat' dir='ltr'><strong>species</strong></span> <span class='ocrx_word' id='word_1_209' title='bbox 2707 1286 2849 1339; x_wconf 89' lang='lat' dir='ltr'><strong>nulla</strong></span> <span class='ocrx_word' id='word_1_210' title='bbox 2864 1285 3203 1354; x_wconf 86' lang='lat' dir='ltr'><strong>supponitur,</strong></span> <span class='ocrx_word' id='word_1_211' title='bbox 3228 1294 3281 1339; x_wconf 90' lang='lat' dir='ltr'><strong>et</strong></span> <span class='ocrx_word' id='word_1_212' title='bbox 3302 1298 3419 1354; x_wconf 63' lang='lat' dir='ltr'><strong>qua}</strong></span> <span class='ocrx_word' id='word_1_213' title='bbox 3445 1299 3642 1353; x_wconf 89' lang='lat' dir='ltr'><strong>genera</strong></span> <span class='ocrx_word' id='word_1_214' title='bbox 3665 1284 3869 1339; x_wconf 68' lang='lat' dir='ltr'><strong>eaidem</strong></span> 
     </span>
    </p>
   </div>
   <div class='ocr_carea' id='block_1_27' title="bbox 2282 1367 3913 1446">
    <p class='ocr_par' dir='ltr' id='par_1_27' title="bbox 2282 1367 3913 1446">
     <span class='ocr_line' id='line_1_27' title="bbox 2282 1367 3913 1446; baseline 0 -17"><span class='ocrx_word' id='word_1_215' title='bbox 2282 1384 2405 1430; x_wconf 86' lang='lat' dir='ltr'><strong>sunt</strong></span> <span class='ocrx_word' id='word_1_216' title='bbox 2431 1385 2485 1431; x_wconf 91' lang='lat' dir='ltr'><strong>et</strong></span> <span class='ocrx_word' id='word_1_217' title='bbox 2512 1377 2738 1446; x_wconf 83' lang='lat' dir='ltr'><strong>species,</strong></span> <span class='ocrx_word' id='word_1_218' title='bbox 2771 1375 2979 1431; x_wconf 88' lang='lat' dir='ltr'><strong>scilicet</strong></span> <span class='ocrx_word' id='word_1_219' title='bbox 2998 1376 3304 1431; x_wconf 87' lang='lat' dir='ltr'><strong>subalterna</strong></span> <span class='ocrx_word' id='word_1_220' title='bbox 3327 1376 3523 1446; x_wconf 91' lang='lat' dir='ltr'><strong>quibus</strong></span> <span class='ocrx_word' id='word_1_221' title='bbox 3555 1376 3753 1445; x_wconf 88' lang='lat' dir='ltr'><strong>aliquid</strong></span> <span class='ocrx_word' id='word_1_222' title='bbox 3782 1389 3868 1429; x_wconf 89' lang='lat' dir='ltr'><strong>su-</strong></span> <span class='ocrx_word' id='word_1_223' title='bbox 3908 1367 3913 1373; x_wconf 85' lang='grc'><strong>’</strong></span> 
     </span>
    </p>
   </div>
   <div class='ocr_carea' id='block_1_28' title="bbox 2282 1470 3869 1541">
    <p class='ocr_par' dir='ltr' id='par_1_28' title="bbox 2282 1470 3869 1541">
     <span class='ocr_line' id='line_1_28' title="bbox 2282 1470 3869 1541; baseline 0.001 -18"><span class='ocrx_word' id='word_1_224' title='bbox 2282 1471 2615 1540; x_wconf 86' lang='lat' dir='ltr'><strong>praponitur,</strong></span> <span class='ocrx_word' id='word_1_225' title='bbox 2640 1471 2840 1540; x_wconf 85' lang='lat' dir='ltr'><strong>aliquid</strong></span> <span class='ocrx_word' id='word_1_226' title='bbox 2868 1486 2997 1526; x_wconf 88' lang='lat' dir='ltr'><strong>vero</strong></span> <span class='ocrx_word' id='word_1_227' title='bbox 3024 1470 3372 1540; x_wconf 87' lang='lat' dir='ltr'><strong>supponitur;</strong></span> <span class='ocrx_word' id='word_1_228' title='bbox 3405 1487 3523 1541; x_wconf 70' lang='lat' dir='ltr'><strong>qua:</strong></span> <span class='ocrx_word' id='word_1_229' title='bbox 3549 1474 3707 1527; x_wconf 91' lang='lat' dir='ltr'><strong>etiam</strong></span> <span class='ocrx_word' id='word_1_230' title='bbox 3735 1472 3869 1525; x_wconf 87' lang='lat' dir='ltr'><strong>indi-</strong></span> 
     </span>
    </p>
   </div>
   <div class='ocr_carea' id='block_1_29' title="bbox 2281 1559 3870 1630">
    <p class='ocr_par' dir='ltr' id='par_1_29' title="bbox 2281 1559 3870 1630">
     <span class='ocr_line' id='line_1_29' title="bbox 2281 1559 3870 1630; baseline 0.001 -16"><span class='ocrx_word' id='word_1_231' title='bbox 2281 1560 2462 1624; x_wconf 84' lang='lat' dir='ltr'><strong>vidua,</strong></span> <span class='ocrx_word' id='word_1_232' title='bbox 2494 1575 2558 1615; x_wconf 89' lang='lat' dir='ltr'><strong>ea</strong></span> <span class='ocrx_word' id='word_1_233' title='bbox 2589 1560 3031 1629; x_wconf 89' lang='lat' dir='ltr'><strong>scilicetquorum</strong></span> <span class='ocrx_word' id='word_1_234' title='bbox 3048 1559 3405 1630; x_wconf 85' lang='lat' dir='ltr'><strong>proprietates</strong></span> <span class='ocrx_word' id='word_1_235' title='bbox 3423 1562 3572 1615; x_wconf 87' lang='lat' dir='ltr'><strong>alteri</strong></span> <span class='ocrx_word' id='word_1_236' title='bbox 3596 1571 3870 1626; x_wconf 84' lang='lat' dir='ltr'><strong>nequeunt</strong></span> 
     </span>
    </p>
   </div>
   <div class='ocr_carea' id='block_1_30' title="bbox 2280 1650 3865 1719">
    <p class='ocr_par' dir='ltr' id='par_1_30' title="bbox 2280 1650 3865 1719">
     <span class='ocr_line' id='line_1_30' title="bbox 2280 1650 3865 1719; baseline 0.001 -17"><span class='ocrx_word' id='word_1_237' title='bbox 2280 1650 2607 1715; x_wconf 77' lang='lat' dir='ltr'><strong>convenire,</strong></span> <span class='ocrx_word' id='word_1_238' title='bbox 2637 1656 2693 1705; x_wconf 91' lang='lat' dir='ltr'><strong>et</strong></span> <span class='ocrx_word' id='word_1_239' title='bbox 2740 1658 2870 1719; x_wconf 93' lang='lat' dir='ltr'><strong>quot</strong></span> <span class='ocrx_word' id='word_1_240' title='bbox 2899 1650 3071 1705; x_wconf 90' lang='lat' dir='ltr'><strong>modis</strong></span> <span class='ocrx_word' id='word_1_241' title='bbox 3099 1665 3271 1719; x_wconf 87' lang='lat' dir='ltr'><strong>genus</strong></span> <span class='ocrx_word' id='word_1_242' title='bbox 3308 1659 3361 1705; x_wconf 92' lang='lat' dir='ltr'><strong>et</strong></span> <span class='ocrx_word' id='word_1_243' title='bbox 3406 1651 3615 1719; x_wconf 88' lang='lat' dir='ltr'><strong>species</strong></span> <span class='ocrx_word' id='word_1_244' title='bbox 3654 1651 3865 1704; x_wconf 87' lang='lat' dir='ltr'><strong>dicitur.</strong></span> 
     </span>
    </p>
   </div>
   <div class='ocr_carea' id='block_1_31' title="bbox 2284 1737 3865 1809">
    <p class='ocr_par' dir='ltr' id='par_1_31' title="bbox 2284 1737 3865 1809">
     <span class='ocr_line' id='line_1_31' title="bbox 2284 1737 3865 1809; baseline 0.002 -17"><span class='ocrx_word' id='word_1_245' title='bbox 2284 1737 2463 1794; x_wconf 90' lang='lat' dir='ltr'><strong>Genus</strong></span> <span class='ocrx_word' id='word_1_246' title='bbox 2485 1741 2698 1809; x_wconf 90' lang='lat' dir='ltr'><strong>quidem</strong></span> <span class='ocrx_word' id='word_1_247' title='bbox 2722 1748 2813 1795; x_wconf 92' lang='lat' dir='ltr'><strong>aut</strong></span> <span class='ocrx_word' id='word_1_248' title='bbox 2833 1742 2881 1794; x_wconf 91' lang='lat' dir='ltr'><strong>in</strong></span> <span class='ocrx_word' id='word_1_249' title='bbox 2899 1740 3259 1809; x_wconf 85' lang='lat' dir='ltr'><strong>multitudine,</strong></span> <span class='ocrx_word' id='word_1_250' title='bbox 3283 1750 3374 1796; x_wconf 91' lang='lat' dir='ltr'><strong>aut</strong></span> <span class='ocrx_word' id='word_1_251' title='bbox 3396 1741 3447 1795; x_wconf 91' lang='lat' dir='ltr'><strong>in</strong></span> <span class='ocrx_word' id='word_1_252' title='bbox 3470 1745 3865 1809; x_wconf 89' lang='lat' dir='ltr'><strong>procreatione,</strong></span> 
     </span>
    </p>
   </div>
   <div class='ocr_carea' id='block_1_32' title="bbox 2280 1831 3866 1901">
    <p class='ocr_par' dir='ltr' id='par_1_32' title="bbox 2280 1831 3866 1901">
     <span class='ocr_line' id='line_1_32' title="bbox 2280 1831 3866 1901; baseline 0.002 -20"><span class='ocrx_word' id='word_1_253' title='bbox 2280 1840 2376 1883; x_wconf 90' lang='lat' dir='ltr'><strong>aut</strong></span> <span class='ocrx_word' id='word_1_254' title='bbox 2400 1831 2453 1884; x_wconf 93' lang='lat' dir='ltr'><strong>in</strong></span> <span class='ocrx_word' id='word_1_255' title='bbox 2481 1833 2885 1900; x_wconf 85' lang='lat' dir='ltr'><strong>participatione</strong></span> <span class='ocrx_word' id='word_1_256' title='bbox 2913 1833 3227 1887; x_wconf 67' lang='lat' dir='ltr'><strong>substantia:</strong></span> <span class='ocrx_word' id='word_1_257' title='bbox 3252 1832 3515 1898; x_wconf 87' lang='lat' dir='ltr'><strong>consistit,</strong></span> <span class='ocrx_word' id='word_1_258' title='bbox 3545 1833 3750 1901; x_wconf 88' lang='lat' dir='ltr'><strong>species</strong></span> <span class='ocrx_word' id='word_1_259' title='bbox 3774 1837 3866 1884; x_wconf 84' lang='lat' dir='ltr'><strong>&#39;au-</strong></span> 
     </span>
    </p>
   </div>
   <div class='ocr_carea' id='block_1_33' title="bbox 598 1908 3865 1990">
    <p class='ocr_par' dir='ltr' id='par_1_33' title="bbox 598 1908 3865 1990">
     <span class='ocr_line' id='line_1_33' title="bbox 598 1908 3865 1990; baseline 0.002 -23"><span class='ocrx_word' id='word_1_260' title='bbox 598 1914 860 1981; x_wconf 85' lang='lat' dir='ltr'><strong>Quoniam</strong></span> <span class='ocrx_word' id='word_1_261' title='bbox 891 1914 1031 1968; x_wconf 88' lang='lat' dir='ltr'><strong>enim</strong></span> <span class='ocrx_word' id='word_1_262' title='bbox 1052 1956 1066 1979; x_wconf 90' lang='lat'><strong>,</strong></span> <span class='ocrx_word' id='word_1_263' title='bbox 1098 1930 1260 1968; x_wconf 90' lang='lat' dir='ltr'><strong>unum</strong></span> <span class='ocrx_word' id='word_1_264' title='bbox 1292 1928 1460 1983; x_wconf 85' lang='lat' dir='ltr'><strong>genus</strong></span> <span class='ocrx_word' id='word_1_265' title='bbox 1504 1914 1742 1983; x_wconf 88' lang='lat' dir='ltr'><strong>pluribus</strong></span> <span class='ocrx_word' id='word_1_266' title='bbox 1770 1913 2049 1982; x_wconf 89' lang='lat' dir='ltr'><strong>speciebus</strong></span> <span class='ocrx_word' id='word_1_267' title='bbox 2087 1928 2177 1968; x_wconf 68' lang='lat' dir='ltr'><strong>suo</strong></span> <span class='ocrx_word' id='word_1_268' title='bbox 2209 1916 2260 1980; x_wconf 87' lang='lat' dir='ltr'><strong>B</strong></span> <span class='ocrx_word' id='word_1_269' title='bbox 2286 1926 2391 1973; x_wconf 90' lang='lat' dir='ltr'><strong>tem</strong></span> <span class='ocrx_word' id='word_1_270' title='bbox 2421 1935 2486 1974; x_wconf 85' lang='lat' dir='ltr'><strong>ex</strong></span> <span class='ocrx_word' id='word_1_271' title='bbox 2520 1921 2706 1990; x_wconf 83' lang='lat' dir='ltr'><strong>figura,</strong></span> <span class='ocrx_word' id='word_1_272' title='bbox 2740 1908 2835 1975; x_wconf 72' lang='lat' dir='ltr'><strong>aui</strong></span> <span class='ocrx_word' id='word_1_273' title='bbox 2870 1936 2933 1976; x_wconf 85' lang='lat' dir='ltr'><strong>ex</strong></span> <span class='ocrx_word' id='word_1_274' title='bbox 2960 1922 3175 1990; x_wconf 83' lang='lat' dir='ltr'><strong>generis</strong></span> <span class='ocrx_word' id='word_1_275' title='bbox 3197 1922 3570 1990; x_wconf 88' lang='lat' dir='ltr'><strong>suppositione</strong></span> <span class='ocrx_word' id='word_1_276' title='bbox 3591 1966 3604 1990; x_wconf 91' lang='lat'><strong>,</strong></span> <span class='ocrx_word' id='word_1_277' title='bbox 3634 1929 3690 1974; x_wconf 90' lang='lat' dir='ltr'><strong>ut</strong></span> <span class='ocrx_word' id='word_1_278' title='bbox 3720 1920 3865 1974; x_wconf 84' lang='lat' dir='ltr'><strong>suffi-</strong></span> 
     </span>
    </p>
   </div>
   <div class='ocr_carea' id='block_1_34' title="bbox 596 2005 2175 2076">
    <p class='ocr_par' dir='ltr' id='par_1_34' title="bbox 596 2005 2175 2076">
     <span class='ocr_line' id='line_1_34' title="bbox 596 2005 2175 2076; baseline -0.003 -13"><span class='ocrx_word' id='word_1_279' title='bbox 596 2016 776 2075; x_wconf 86' lang='lat' dir='ltr'><strong>perest</strong></span> <span class='ocrx_word' id='word_1_280' title='bbox 795 2047 809 2073; x_wconf 94' lang='lat'><strong>,</strong></span> <span class='ocrx_word' id='word_1_281' title='bbox 844 2020 949 2060; x_wconf 89' lang='lat' dir='ltr'><strong>una</strong></span> <span class='ocrx_word' id='word_1_282' title='bbox 971 2007 1221 2074; x_wconf 81' lang='lat' dir='ltr'><strong>quaelibet</strong></span> <span class='ocrx_word' id='word_1_283' title='bbox 1248 2007 1455 2075; x_wconf 87' lang='lat' dir='ltr'><strong>species</strong></span> <span class='ocrx_word' id='word_1_284' title='bbox 1480 2021 1604 2076; x_wconf 85' lang='lat' dir='ltr'><strong>pars</strong></span> <span class='ocrx_word' id='word_1_285' title='bbox 1634 2016 1712 2061; x_wconf 89' lang='lat' dir='ltr'><strong>est</strong></span> <span class='ocrx_word' id='word_1_286' title='bbox 1736 2007 1976 2075; x_wconf 82' lang='lat' dir='ltr'><strong>generis,</strong></span> <span class='ocrx_word' id='word_1_287' title='bbox 2009 2005 2061 2059; x_wconf 92' lang='lat' dir='ltr'><strong>id</strong></span> <span class='ocrx_word' id='word_1_288' title='bbox 2090 2015 2175 2059; x_wconf 83' lang='lat' dir='ltr'><strong>est</strong></span> 
     </span>
    </p>
   </div>
   <div class='ocr_carea' id='block_1_35' title="bbox 597 2098 2175 2170">
    <p class='ocr_par' dir='ltr' id='par_1_35' title="bbox 597 2098 2175 2170">
     <span class='ocr_line' id='line_1_35' title="bbox 597 2098 2175 2170; baseline 0 -17"><span class='ocrx_word' id='word_1_289' title='bbox 597 2100 773 2156; x_wconf 87' lang='lat' dir='ltr'><strong>unius.</strong></span> <span class='ocrx_word' id='word_1_290' title='bbox 827 2100 1088 2167; x_wconf 81' lang='lat' dir='ltr'><strong>Quoniam</strong></span> <span class='ocrx_word' id='word_1_291' title='bbox 1133 2109 1311 2154; x_wconf 88' lang='lat' dir='ltr'><strong>autem</strong></span> <span class='ocrx_word' id='word_1_292' title='bbox 1361 2100 1568 2170; x_wconf 87' lang='lat' dir='ltr'><strong>species</strong></span> <span class='ocrx_word' id='word_1_293' title='bbox 1605 2098 1844 2169; x_wconf 88' lang='lat' dir='ltr'><strong>pluribus</strong></span> <span class='ocrx_word' id='word_1_294' title='bbox 1888 2098 2175 2154; x_wconf 87' lang='lat' dir='ltr'><strong>individuis</strong></span> 
     </span>
    </p>
   </div>
   <div class='ocr_carea' id='block_1_36' title="bbox 596 2189 2174 2261">
    <p class='ocr_par' dir='ltr' id='par_1_36' title="bbox 596 2189 2174 2261">
     <span class='ocr_line' id='line_1_36' title="bbox 596 2189 2174 2261; baseline -0.001 -15"><span class='ocrx_word' id='word_1_295' title='bbox 596 2201 817 2261; x_wconf 79' lang='lat' dir='ltr'><strong>praeest,</strong></span> <span class='ocrx_word' id='word_1_296' title='bbox 842 2206 946 2247; x_wconf 90' lang='lat' dir='ltr'><strong>non</strong></span> <span class='ocrx_word' id='word_1_297' title='bbox 976 2202 1060 2248; x_wconf 88' lang='lat' dir='ltr'><strong>est</strong></span> <span class='ocrx_word' id='word_1_298' title='bbox 1088 2192 1180 2247; x_wconf 93' lang='lat' dir='ltr'><strong>uni</strong></span> <span class='ocrx_word' id='word_1_299' title='bbox 1221 2191 1493 2247; x_wconf 81' lang='lat' dir='ltr'><strong>individuo</strong></span> <span class='ocrx_word' id='word_1_300' title='bbox 1524 2199 1726 2257; x_wconf 90' lang='lat' dir='ltr'><strong>totum,</strong></span> <span class='ocrx_word' id='word_1_301' title='bbox 1770 2189 1867 2244; x_wconf 90' lang='lat' dir='ltr'><strong>sed</strong></span> <span class='ocrx_word' id='word_1_302' title='bbox 1905 2190 2174 2257; x_wconf 85' lang='lat' dir='ltr'><strong>plurimis.</strong></span> 
     </span>
    </p>
   </div>
   <div class='ocr_carea' id='block_1_37' title="bbox 2284 2004 3865 2081">
    <p class='ocr_par' dir='ltr' id='par_1_37' title="bbox 2284 2004 3865 2081">
     <span class='ocr_line' id='line_1_37' title="bbox 2284 2004 3865 2081; baseline -0.001 -16"><span class='ocrx_word' id='word_1_303' title='bbox 2284 2012 2487 2067; x_wconf 88' lang='lat' dir='ltr'><strong>cienter</strong></span> <span class='ocrx_word' id='word_1_304' title='bbox 2518 2014 2717 2068; x_wconf 86' lang='lat' dir='ltr'><strong>dictum</strong></span> <span class='ocrx_word' id='word_1_305' title='bbox 2771 2023 2873 2068; x_wconf 92' lang='lat' dir='ltr'><strong>est.</strong></span> <span class='ocrx_word' id='word_1_306' title='bbox 2904 2004 3106 2081; x_wconf 83' lang='lat' dir='ltr'><strong>Quibus</strong></span> <span class='ocrx_word' id='word_1_307' title='bbox 3154 2013 3429 2078; x_wconf 86' lang='lat' dir='ltr'><strong>absolutis,</strong></span> <span class='ocrx_word' id='word_1_308' title='bbox 3459 2015 3673 2067; x_wconf 89' lang='lat' dir='ltr'><strong>modum</strong></span> <span class='ocrx_word' id='word_1_309' title='bbox 3717 2014 3865 2065; x_wconf 80' lang='lat' dir='ltr'><strong>volu-</strong></span> 
     </span>
    </p>
   </div>
   <div class='ocr_carea' id='block_1_38' title="bbox 2286 2104 3866 2175">
    <p class='ocr_par' dir='ltr' id='par_1_38' title="bbox 2286 2104 3866 2175">
     <span class='ocr_line' id='line_1_38' title="bbox 2286 2104 3866 2175; baseline -0.001 -17"><span class='ocrx_word' id='word_1_310' title='bbox 2286 2105 2445 2158; x_wconf 88' lang='lat' dir='ltr'><strong>minis</strong></span> <span class='ocrx_word' id='word_1_311' title='bbox 2488 2106 2816 2171; x_wconf 89' lang='lat' dir='ltr'><strong>terminabo,</strong></span> <span class='ocrx_word' id='word_1_312' title='bbox 2849 2114 2905 2159; x_wconf 89' lang='lat' dir='ltr'><strong>ut</strong></span> <span class='ocrx_word' id='word_1_313' title='bbox 2931 2108 3102 2175; x_wconf 85' lang='lat' dir='ltr'><strong>quarti</strong></span> <span class='ocrx_word' id='word_1_314' title='bbox 3132 2119 3255 2160; x_wconf 89' lang='lat' dir='ltr'><strong>area</strong></span> <span class='ocrx_word' id='word_1_315' title='bbox 3287 2106 3407 2159; x_wconf 88' lang='lat' dir='ltr'><strong>libri</strong></span> <span class='ocrx_word' id='word_1_316' title='bbox 3434 2104 3749 2159; x_wconf 75' lang='lat' dir='ltr'><strong>differentiae</strong></span> <span class='ocrx_word' id='word_1_317' title='bbox 3774 2118 3866 2158; x_wconf 90' lang='lat' dir='ltr'><strong>re-</strong></span> 
     </span>
    </p>
   </div>
   <div class='ocr_carea' id='block_1_39' title="bbox 2288 2205 2552 2250">
    <p class='ocr_par' dir='ltr' id='par_1_39' title="bbox 2288 2205 2552 2250">
     <span class='ocr_line' id='line_1_39' title="bbox 2288 2205 2552 2250; baseline 0 -2"><span class='ocrx_word' id='word_1_318' title='bbox 2288 2205 2552 2250; x_wconf 72' lang='lat' dir='ltr'><strong>SBI‘VBIUI‘.</strong></span> 
     </span>
    </p>
   </div>
   <div class='ocr_carea' id='block_1_40' title="bbox 1672 2366 2779 2547">
    <p class='ocr_par' dir='ltr' id='par_1_40' title="bbox 1672 2366 2779 2547">
     <span class='ocr_line' id='line_1_40' title="bbox 1672 2366 2779 2547; baseline 0.005 -20"><span class='ocrx_word' id='word_1_319' title='bbox 1672 2428 2052 2527; x_wconf 80' lang='lat' dir='ltr'><strong>LIBER</strong></span> <span class='ocrx_word' id='word_1_320' title='bbox 2129 2422 2779 2547; x_wconf 79' lang='lat' dir='ltr'><strong>QUARTUS.</strong></span> 
     </span>
    </p>
   </div>
   <div class='ocr_carea' id='block_1_41' title="bbox 668 2660 2183 2736">
    <p class='ocr_par' dir='ltr' id='par_1_41' title="bbox 668 2660 2183 2736">
     <span class='ocr_line' id='line_1_41' title="bbox 668 2660 2183 2736; baseline -0.01 -7"><span class='ocrx_word' id='word_1_321' title='bbox 668 2672 743 2729; x_wconf 91' lang='lat' dir='ltr'><strong>De</strong></span> <span class='ocrx_word' id='word_1_322' title='bbox 772 2666 1072 2726; x_wconf 81' lang='lat' dir='ltr'><strong>differentia</strong></span> <span class='ocrx_word' id='word_1_323' title='bbox 1098 2663 1388 2736; x_wconf 86' lang='lat' dir='ltr'><strong>disputanti</strong></span> <span class='ocrx_word' id='word_1_324' title='bbox 1421 2677 1526 2717; x_wconf 91' lang='lat' dir='ltr'><strong>non</strong></span> <span class='ocrx_word' id='word_1_325' title='bbox 1566 2676 1719 2730; x_wconf 74' lang='lat' dir='ltr'><strong>teque</strong></span> <span class='ocrx_word' id='word_1_326' title='bbox 1746 2660 1876 2715; x_wconf 90' lang='lat' dir='ltr'><strong>illud</strong></span> <span class='ocrx_word' id='word_1_327' title='bbox 1908 2662 2067 2715; x_wconf 89' lang='lat' dir='ltr'><strong>debet</strong></span> <span class='ocrx_word' id='word_1_328' title='bbox 2095 2675 2183 2715; x_wconf 83' lang='lat' dir='ltr'><strong>oc-</strong></span> 
     </span>
    </p>
   </div>
   <div class='ocr_carea' id='block_1_42' title="bbox 595 2753 2178 2831">
    <p class='ocr_par' dir='ltr' id='par_1_42' title="bbox 595 2753 2178 2831">
     <span class='ocr_line' id='line_1_42' title="bbox 595 2753 2178 2831; baseline -0.011 -9"><span class='ocrx_word' id='word_1_329' title='bbox 595 2778 843 2828; x_wconf 88' lang='lat' dir='ltr'><strong>currere,</strong></span> <span class='ocrx_word' id='word_1_330' title='bbox 897 2761 1037 2831; x_wconf 88' lang='lat' dir='ltr'><strong>quod</strong></span> <span class='ocrx_word' id='word_1_331' title='bbox 1100 2760 1150 2812; x_wconf 92' lang='lat' dir='ltr'><strong>in</strong></span> <span class='ocrx_word' id='word_1_332' title='bbox 1198 2756 1408 2825; x_wconf 82' lang='lat' dir='ltr'><strong>generis</strong></span> <span class='ocrx_word' id='word_1_333' title='bbox 1469 2755 1774 2824; x_wconf 89' lang='lat' dir='ltr'><strong>specieique</strong></span> <span class='ocrx_word' id='word_1_334' title='bbox 1830 2760 2059 2806; x_wconf 86' lang='lat' dir='ltr'><strong>tractatu</strong></span> <span class='ocrx_word' id='word_1_335' title='bbox 2111 2753 2178 2805; x_wconf 89' lang='lat' dir='ltr'><strong>de</strong></span> 
     </span>
    </p>
   </div>
   <div class='ocr_carea' id='block_1_43' title="bbox 593 2846 2178 2921">
    <p class='ocr_par' dir='ltr' id='par_1_43' title="bbox 593 2846 2178 2921">
     <span class='ocr_line' id='line_1_43' title="bbox 593 2846 2178 2921; baseline -0.009 -6"><span class='ocrx_word' id='word_1_336' title='bbox 593 2856 966 2915; x_wconf 84' lang='lat' dir='ltr'><strong>collocationis</strong></span> <span class='ocrx_word' id='word_1_337' title='bbox 996 2853 1184 2908; x_wconf 90' lang='lat' dir='ltr'><strong>ordine</strong></span> <span class='ocrx_word' id='word_1_338' title='bbox 1213 2850 1572 2921; x_wconf 67' lang='lat' dir='ltr'><strong>quaerebatur.</strong></span> <span class='ocrx_word' id='word_1_339' title='bbox 1604 2848 1714 2903; x_wconf 91' lang='lat' dir='ltr'><strong>Illic</strong></span> <span class='ocrx_word' id='word_1_340' title='bbox 1757 2848 1897 2903; x_wconf 86' lang='lat' dir='ltr'><strong>enim</strong></span> <span class='ocrx_word' id='word_1_341' title='bbox 1931 2846 2178 2901; x_wconf 88' lang='lat' dir='ltr'><strong>memini-</strong></span> 
     </span>
    </p>
   </div>
   <div class='ocr_carea' id='block_1_44' title="bbox 592 2940 2177 3018">
    <p class='ocr_par' dir='ltr' id='par_1_44' title="bbox 592 2940 2177 3018">
     <span class='ocr_line' id='line_1_44' title="bbox 592 2940 2177 3018; baseline -0.008 -14"><span class='ocrx_word' id='word_1_342' title='bbox 592 2960 718 3005; x_wconf 86' lang='lat' dir='ltr'><strong>mus</strong></span> <span class='ocrx_word' id='word_1_343' title='bbox 736 2947 1068 3018; x_wconf 86' lang='lat' dir='ltr'><strong>lnquisltum,</strong></span> <span class='ocrx_word' id='word_1_344' title='bbox 1090 2959 1183 2999; x_wconf 92' lang='lat' dir='ltr'><strong>cur</strong></span> <span class='ocrx_word' id='word_1_345' title='bbox 1201 2952 1345 2998; x_wconf 84' lang='lat' dir='ltr'><strong>esset</strong></span> <span class='ocrx_word' id='word_1_346' title='bbox 1359 2942 1607 2996; x_wconf 89' lang='lat' dir='ltr'><strong>omnibus</strong></span> <span class='ocrx_word' id='word_1_347' title='bbox 1631 2940 1968 3009; x_wconf 68' lang='lat' dir='ltr'><strong>prmpositum</strong></span> <span class='ocrx_word' id='word_1_348' title='bbox 1987 2953 2177 3009; x_wconf 83' lang='lat' dir='ltr'><strong>genus,</strong></span> 
     </span>
    </p>
   </div>
   <div class='ocr_carea' id='block_1_45' title="bbox 595 3035 2185 3112">
    <p class='ocr_par' dir='ltr' id='par_1_45' title="bbox 595 3035 2185 3112">
     <span class='ocr_line' id='line_1_45' title="bbox 595 3035 2185 3112; baseline -0.006 -14"><span class='ocrx_word' id='word_1_349' title='bbox 595 3051 655 3098; x_wconf 94' lang='lat' dir='ltr'><strong>ut</strong></span> <span class='ocrx_word' id='word_1_350' title='bbox 700 3042 751 3096; x_wconf 89' lang='lat' dir='ltr'><strong>id</strong></span> <span class='ocrx_word' id='word_1_351' title='bbox 798 3042 1028 3112; x_wconf 89' lang='lat' dir='ltr'><strong>primum</strong></span> <span class='ocrx_word' id='word_1_352' title='bbox 1078 3040 1143 3093; x_wconf 90' lang='lat' dir='ltr'><strong>ad</strong></span> <span class='ocrx_word' id='word_1_353' title='bbox 1190 3036 1607 3105; x_wconf 88' lang='lat' dir='ltr'><strong>disputationem</strong></span> <span class='ocrx_word' id='word_1_354' title='bbox 1654 3035 1883 3099; x_wconf 87' lang='lat' dir='ltr'><strong>veniret,</strong></span> <span class='ocrx_word' id='word_1_355' title='bbox 1923 3048 2019 3087; x_wconf 90' lang='lat' dir='ltr'><strong>cur</strong></span> <span class='ocrx_word' id='word_1_356' title='bbox 2061 3044 2185 3102; x_wconf 89' lang='lat' dir='ltr'><strong>post</strong></span> 
     </span>
    </p>
   </div>
   <div class='ocr_carea' id='block_1_46' title="bbox 595 3128 2181 3205">
    <p class='ocr_par' dir='ltr' id='par_1_46' title="bbox 595 3128 2181 3205">
     <span class='ocr_line' id='line_1_46' title="bbox 595 3128 2181 3205; baseline -0.006 -17"><span class='ocrx_word' id='word_1_357' title='bbox 595 3145 767 3205; x_wconf 78' lang='lat' dir='ltr'><strong>genus</strong></span> <span class='ocrx_word' id='word_1_358' title='bbox 793 3132 1000 3201; x_wconf 88' lang='lat' dir='ltr'><strong>species</strong></span> <span class='ocrx_word' id='word_1_359' title='bbox 1022 3138 1165 3185; x_wconf 89' lang='lat' dir='ltr'><strong>esset</strong></span> <span class='ocrx_word' id='word_1_360' title='bbox 1193 3128 1418 3197; x_wconf 77' lang='lat' dir='ltr'><strong>injecta;</strong></span> <span class='ocrx_word' id='word_1_361' title='bbox 1453 3141 1596 3180; x_wconf 88' lang='lat' dir='ltr'><strong>nunc</strong></span> <span class='ocrx_word' id='word_1_362' title='bbox 1624 3141 1753 3181; x_wconf 87' lang='lat' dir='ltr'><strong>vero</strong></span> <span class='ocrx_word' id='word_1_363' title='bbox 1790 3141 2181 3194; x_wconf 85' lang='lat' dir='ltr'><strong>supervacuum</strong></span> 
     </span>
    </p>
   </div>
   <div class='ocr_carea' id='block_1_47' title="bbox 594 3215 2177 3287">
    <p class='ocr_par' dir='ltr' id='par_1_47' title="bbox 594 3215 2177 3287">
     <span class='ocr_line' id='line_1_47' title="bbox 594 3215 2177 3287; baseline -0.005 -10"><span class='ocrx_word' id='word_1_364' title='bbox 594 3232 679 3277; x_wconf 84' lang='lat' dir='ltr'><strong>est</strong></span> <span class='ocrx_word' id='word_1_365' title='bbox 708 3223 887 3277; x_wconf 87' lang='lat' dir='ltr'><strong>dicere</strong></span> <span class='ocrx_word' id='word_1_366' title='bbox 927 3235 1022 3274; x_wconf 90' lang='lat' dir='ltr'><strong>cur</strong></span> <span class='ocrx_word' id='word_1_367' title='bbox 1053 3229 1171 3287; x_wconf 91' lang='lat' dir='ltr'><strong>post</strong></span> <span class='ocrx_word' id='word_1_368' title='bbox 1220 3218 1453 3285; x_wconf 87' lang='lat' dir='ltr'><strong>speciem</strong></span> <span class='ocrx_word' id='word_1_369' title='bbox 1472 3216 1789 3271; x_wconf 72' lang='lat' dir='ltr'><strong>differentia</strong></span> <span class='ocrx_word' id='word_1_370' title='bbox 1828 3225 2038 3284; x_wconf 91' lang='lat' dir='ltr'><strong>sumpta</strong></span> <span class='ocrx_word' id='word_1_371' title='bbox 2088 3215 2177 3281; x_wconf 88' lang='lat' dir='ltr'><strong>sit,</strong></span> 
     </span>
    </p>
   </div>
   <div class='ocr_carea' id='block_1_48' title="bbox 2287 2668 3859 2740">
    <p class='ocr_par' dir='ltr' id='par_1_48' title="bbox 2287 2668 3859 2740">
     <span class='ocr_line' id='line_1_48' title="bbox 2287 2668 3859 2740; baseline 0.006 -23"><span class='ocrx_word' id='word_1_372' title='bbox 2287 2677 2504 2734; x_wconf 82' lang='lat' dir='ltr'><strong>genere,</strong></span> <span class='ocrx_word' id='word_1_373' title='bbox 2533 2668 2731 2736; x_wconf 89' lang='lat' dir='ltr'><strong>specie,</strong></span> <span class='ocrx_word' id='word_1_374' title='bbox 2781 2683 3024 2739; x_wconf 90' lang='lat' dir='ltr'><strong>numero,</strong></span> <span class='ocrx_word' id='word_1_375' title='bbox 3071 2669 3122 2725; x_wconf 92' lang='lat' dir='ltr'><strong>in</strong></span> <span class='ocrx_word' id='word_1_376' title='bbox 3153 2672 3343 2740; x_wconf 87' lang='lat' dir='ltr'><strong>quibus</strong></span> <span class='ocrx_word' id='word_1_377' title='bbox 3374 2669 3617 2725; x_wconf 83' lang='lat' dir='ltr'><strong>omnibus</strong></span> <span class='ocrx_word' id='word_1_378' title='bbox 3656 2682 3743 2725; x_wconf 87' lang='lat' dir='ltr'><strong>aut</strong></span> <span class='ocrx_word' id='word_1_379' title='bbox 3766 2686 3859 2726; x_wconf 84' lang='lat' dir='ltr'><strong>.se-</strong></span> 
     </span>
    </p>
   </div>
   <div class='ocr_carea' id='block_1_49' title="bbox 2287 2754 3861 2829">
    <p class='ocr_par' dir='ltr' id='par_1_49' title="bbox 2287 2754 3861 2829">
     <span class='ocr_line' id='line_1_49' title="bbox 2287 2754 3861 2829; baseline 0.008 -24"><span class='ocrx_word' id='word_1_380' title='bbox 2287 2754 2518 2808; x_wconf 88' lang='lat' dir='ltr'><strong>cundum</strong></span> <span class='ocrx_word' id='word_1_381' title='bbox 2563 2758 2939 2816; x_wconf 86' lang='lat' dir='ltr'><strong>substantiales</strong></span> <span class='ocrx_word' id='word_1_382' title='bbox 2976 2762 3231 2829; x_wconf 86' lang='lat' dir='ltr'><strong>quasdam</strong></span> <span class='ocrx_word' id='word_1_383' title='bbox 3272 2761 3598 2816; x_wconf 78' lang='lat' dir='ltr'><strong>differentias</strong></span> <span class='ocrx_word' id='word_1_384' title='bbox 3640 2762 3736 2815; x_wconf 86' lang='lat' dir='ltr'><strong>alia</strong></span> <span class='ocrx_word' id='word_1_385' title='bbox 3778 2777 3861 2817; x_wconf 90' lang='lat' dir='ltr'><strong>res</strong></span> 
     </span>
    </p>
   </div>
   <div class='ocr_carea' id='block_1_50' title="bbox 2285 2840 3861 2923">
    <p class='ocr_par' dir='ltr' id='par_1_50' title="bbox 2285 2840 3861 2923">
     <span class='ocr_line' id='line_1_50' title="bbox 2285 2840 3861 2923; baseline 0.006 -25"><span class='ocrx_word' id='word_1_386' title='bbox 2285 2840 2445 2900; x_wconf 88' lang='lat' dir='ltr'><strong>distat</strong></span> <span class='ocrx_word' id='word_1_387' title='bbox 2468 2847 2536 2899; x_wconf 85' lang='lat' dir='ltr'><strong>ab</strong></span> <span class='ocrx_word' id='word_1_388' title='bbox 2558 2850 2681 2913; x_wconf 86' lang='lat' dir='ltr'><strong>alia,</strong></span> <span class='ocrx_word' id='word_1_389' title='bbox 2712 2860 2803 2904; x_wconf 86' lang='lat' dir='ltr'><strong>aut</strong></span> <span class='ocrx_word' id='word_1_390' title='bbox 2843 2854 3138 2907; x_wconf 90' lang='lat' dir='ltr'><strong>secundum</strong></span> <span class='ocrx_word' id='word_1_391' title='bbox 3171 2846 3435 2908; x_wconf 86' lang='lat' dir='ltr'><strong>accidens.</strong></span> <span class='ocrx_word' id='word_1_392' title='bbox 3470 2853 3599 2907; x_wconf 84' lang='lat' dir='ltr'><strong>Nam</strong></span> <span class='ocrx_word' id='word_1_393' title='bbox 3628 2871 3745 2923; x_wconf 69' lang='lat' dir='ltr'><strong>quae</strong></span> <span class='ocrx_word' id='word_1_394' title='bbox 3772 2870 3861 2923; x_wconf 83' lang='lat' dir='ltr'><strong>ge-</strong></span> 
     </span>
    </p>
   </div>
   <div class='ocr_carea' id='block_1_51' title="bbox 2284 2936 3861 3014">
    <p class='ocr_par' dir='ltr' id='par_1_51' title="bbox 2284 2936 3861 3014">
     <span class='ocr_line' id='line_1_51' title="bbox 2284 2936 3861 3014; baseline 0.007 -24"><span class='ocrx_word' id='word_1_395' title='bbox 2284 2950 2416 2991; x_wconf 88' lang='lat' dir='ltr'><strong>nere</strong></span> <span class='ocrx_word' id='word_1_396' title='bbox 2456 2936 2538 2992; x_wconf 88' lang='lat' dir='ltr'><strong>vel</strong></span> <span class='ocrx_word' id='word_1_397' title='bbox 2581 2941 2759 3008; x_wconf 90' lang='lat' dir='ltr'><strong>specie</strong></span> <span class='ocrx_word' id='word_1_398' title='bbox 2788 2940 3010 3008; x_wconf 89' lang='lat' dir='ltr'><strong>distant,</strong></span> <span class='ocrx_word' id='word_1_399' title='bbox 3059 2945 3503 2999; x_wconf 89' lang='lat' dir='ltr'><strong>substantialibus</strong></span> <span class='ocrx_word' id='word_1_400' title='bbox 3544 2946 3861 3014; x_wconf 81' lang='lat' dir='ltr'><strong>quibusdam</strong></span> 
     </span>
    </p>
   </div>
   <div class='ocr_carea' id='block_1_52' title="bbox 2283 3028 3861 3109">
    <p class='ocr_par' dir='ltr' id='par_1_52' title="bbox 2283 3028 3861 3109">
     <span class='ocr_line' id='line_1_52' title="bbox 2283 3028 3861 3109; baseline 0.006 -26"><span class='ocrx_word' id='word_1_401' title='bbox 2283 3028 2602 3086; x_wconf 69' lang='lat' dir='ltr'><strong>differentiis</strong></span> <span class='ocrx_word' id='word_1_402' title='bbox 2640 3033 2938 3104; x_wconf 82' lang='lat' dir='ltr'><strong>disgregata</strong></span> <span class='ocrx_word' id='word_1_403' title='bbox 2968 3044 3110 3101; x_wconf 90' lang='lat' dir='ltr'><strong>sunt,</strong></span> <span class='ocrx_word' id='word_1_404' title='bbox 3153 3036 3352 3090; x_wconf 88' lang='lat' dir='ltr'><strong>idcirco</strong></span> <span class='ocrx_word' id='word_1_405' title='bbox 3378 3038 3626 3106; x_wconf 87' lang='lat' dir='ltr'><strong>quoniam</strong></span> <span class='ocrx_word' id='word_1_406' title='bbox 3664 3053 3861 3109; x_wconf 86' lang='lat' dir='ltr'><strong>genera</strong></span> 
     </span>
    </p>
   </div>
   <div class='ocr_carea' id='block_1_53' title="bbox 2284 3123 3861 3195">
    <p class='ocr_par' dir='ltr' id='par_1_53' title="bbox 2284 3123 3861 3195">
     <span class='ocr_line' id='line_1_53' title="bbox 2284 3123 3861 3195; baseline 0.005 -20"><span class='ocrx_word' id='word_1_407' title='bbox 2284 3126 2338 3175; x_wconf 92' lang='lat' dir='ltr'><strong>et</strong></span> <span class='ocrx_word' id='word_1_408' title='bbox 2376 3123 2584 3191; x_wconf 87' lang='lat' dir='ltr'><strong>species</strong></span> <span class='ocrx_word' id='word_1_409' title='bbox 2618 3126 2933 3195; x_wconf 81' lang='lat' dir='ltr'><strong>quibusdam</strong></span> <span class='ocrx_word' id='word_1_410' title='bbox 2971 3126 3285 3183; x_wconf 81' lang='lat' dir='ltr'><strong>differentiis</strong></span> <span class='ocrx_word' id='word_1_411' title='bbox 3311 3127 3749 3184; x_wconf 90' lang='lat' dir='ltr'><strong>substantialibus</strong></span> <span class='ocrx_word' id='word_1_412' title='bbox 3780 3128 3861 3183; x_wconf 91' lang='lat' dir='ltr'><strong>in-</strong></span> 
     </span>
    </p>
   </div>
   <div class='ocr_carea' id='block_1_54' title="bbox 2286 3211 3860 3288">
    <p class='ocr_par' dir='ltr' id='par_1_54' title="bbox 2286 3211 3860 3288">
     <span class='ocr_line' id='line_1_54' title="bbox 2286 3211 3860 3288; baseline 0.003 -21"><span class='ocrx_word' id='word_1_413' title='bbox 2286 3211 2602 3271; x_wconf 85' lang='lat' dir='ltr'><strong>formantur.</strong></span> <span class='ocrx_word' id='word_1_414' title='bbox 2630 3215 2761 3271; x_wconf 88' lang='lat' dir='ltr'><strong>Nam</strong></span> <span class='ocrx_word' id='word_1_415' title='bbox 2787 3233 2909 3273; x_wconf 86' lang='lat' dir='ltr'><strong>cum</strong></span> <span class='ocrx_word' id='word_1_416' title='bbox 2946 3218 3108 3273; x_wconf 89' lang='lat' dir='ltr'><strong>homo</strong></span> <span class='ocrx_word' id='word_1_417' title='bbox 3131 3219 3197 3273; x_wconf 90' lang='lat' dir='ltr'><strong>ab</strong></span> <span class='ocrx_word' id='word_1_418' title='bbox 3231 3219 3421 3273; x_wconf 87' lang='lat' dir='ltr'><strong>arbore</strong></span> <span class='ocrx_word' id='word_1_419' title='bbox 3453 3232 3648 3288; x_wconf 81' lang='lat' dir='ltr'><strong>genere</strong></span> <span class='ocrx_word' id='word_1_420' title='bbox 3679 3219 3860 3283; x_wconf 90' lang='lat' dir='ltr'><strong>distet,</strong></span> 
     </span>
    </p>
   </div>
   <div class='ocr_carea' id='block_1_55' title="bbox 595 3274 3858 3383">
    <p class='ocr_par' dir='ltr' id='par_1_55' title="bbox 595 3274 3858 3383">
     <span class='ocr_line' id='line_1_55' title="bbox 595 3274 3858 3383; baseline -0.001 -14"><span class='ocrx_word' id='word_1_421' title='bbox 595 3326 718 3370; x_wconf 90' lang='lat' dir='ltr'><strong>cum</strong></span> <span class='ocrx_word' id='word_1_422' title='bbox 742 3315 867 3368; x_wconf 90' lang='lat' dir='ltr'><strong>illud</strong></span> <span class='ocrx_word' id='word_1_423' title='bbox 890 3313 999 3383; x_wconf 85' lang='lat' dir='ltr'><strong>jam</strong></span> <span class='ocrx_word' id='word_1_424' title='bbox 1024 3312 1182 3366; x_wconf 83' lang='lat' dir='ltr'><strong>fuerit</strong></span> <span class='ocrx_word' id='word_1_425' title='bbox 1212 3310 1518 3379; x_wconf 89' lang='lat' dir='ltr'><strong>inquisitum</strong></span> <span class='ocrx_word' id='word_1_426' title='bbox 1543 3323 1638 3363; x_wconf 92' lang='lat' dir='ltr'><strong>cur</strong></span> <span class='ocrx_word' id='word_1_427' title='bbox 1664 3323 1770 3364; x_wconf 91' lang='lat' dir='ltr'><strong>non</strong></span> <span class='ocrx_word' id='word_1_428' title='bbox 1787 3320 1909 3364; x_wconf 87' lang='lat' dir='ltr'><strong>ante</strong></span> <span class='ocrx_word' id='word_1_429' title='bbox 1939 3312 2174 3379; x_wconf 82' lang='lat' dir='ltr'><strong>speciem</strong></span> <span class='ocrx_word' id='word_1_430' title='bbox 2210 3274 2261 3340; x_wconf 68' lang='grc' dir='ltr'>Ο</span> <span class='ocrx_word' id='word_1_431' title='bbox 2288 3311 2538 3367; x_wconf 90' lang='lat' dir='ltr'><strong>animalis</strong></span> <span class='ocrx_word' id='word_1_432' title='bbox 2578 3312 2849 3366; x_wconf 87' lang='lat' dir='ltr'><strong>sensibilis</strong></span> <span class='ocrx_word' id='word_1_433' title='bbox 2886 3313 3112 3383; x_wconf 89' lang='lat' dir='ltr'><strong>qualitas</strong></span> <span class='ocrx_word' id='word_1_434' title='bbox 3148 3314 3200 3366; x_wconf 90' lang='lat' dir='ltr'><strong>in</strong></span> <span class='ocrx_word' id='word_1_435' title='bbox 3231 3326 3295 3366; x_wconf 91' lang='lat' dir='ltr'><strong>eo</strong></span> <span class='ocrx_word' id='word_1_436' title='bbox 3321 3310 3677 3366; x_wconf 72' lang='lat' dir='ltr'><strong>differentiam</strong></span> <span class='ocrx_word' id='word_1_437' title='bbox 3716 3310 3858 3366; x_wconf 91' lang='lat' dir='ltr'><strong>facit.</strong></span> 
     </span>
    </p>
   </div>
   <div class='ocr_carea' id='block_1_56' title="bbox 595 3402 2176 3471">
    <p class='ocr_par' dir='ltr' id='par_1_56' title="bbox 595 3402 2176 3471">
     <span class='ocr_line' id='line_1_56' title="bbox 595 3402 2176 3471; baseline -0.003 -10"><span class='ocrx_word' id='word_1_438' title='bbox 595 3406 857 3462; x_wconf 83' lang='lat' dir='ltr'><strong>collocata</strong></span> <span class='ocrx_word' id='word_1_439' title='bbox 888 3409 974 3458; x_wconf 91' lang='lat' dir='ltr'><strong>sit.</strong></span> <span class='ocrx_word' id='word_1_440' title='bbox 1007 3403 1157 3469; x_wconf 87' lang='lat' dir='ltr'><strong>Quod</strong></span> <span class='ocrx_word' id='word_1_441' title='bbox 1178 3403 1220 3456; x_wconf 89' lang='lat' dir='ltr'><strong>si</strong></span> <span class='ocrx_word' id='word_1_442' title='bbox 1252 3404 1443 3455; x_wconf 75' lang='lat' dir='ltr'><strong>mirum</strong></span> <span class='ocrx_word' id='word_1_443' title='bbox 1470 3402 1746 3457; x_wconf 77' lang='lat' dir='ltr'><strong>videbatur</strong></span> <span class='ocrx_word' id='word_1_444' title='bbox 1768 3404 1999 3471; x_wconf 84' lang='lat' dir='ltr'><strong>speciem</strong></span> <span class='ocrx_word' id='word_1_445' title='bbox 2024 3404 2176 3458; x_wconf 72' lang='lat' dir='ltr'><strong>diffe-</strong></span> 
     </span>
    </p>
   </div>
   <div class='ocr_carea' id='block_1_57' title="bbox 596 3496 2176 3567">
    <p class='ocr_par' dir='ltr' id='par_1_57' title="bbox 596 3496 2176 3567">
     <span class='ocr_line' id='line_1_57' title="bbox 596 3496 2176 3567; baseline -0.001 -14"><span class='ocrx_word' id='word_1_446' title='bbox 596 3500 787 3554; x_wconf 65' lang='lat' dir='ltr'><strong>rentia:</strong></span> <span class='ocrx_word' id='word_1_447' title='bbox 828 3497 1291 3567; x_wconf 87' lang='lat' dir='ltr'><strong>indisputationis</strong></span> <span class='ocrx_word' id='word_1_448' title='bbox 1340 3497 1457 3551; x_wconf 85' lang='lat' dir='ltr'><strong>loco</strong></span> <span class='ocrx_word' id='word_1_449' title='bbox 1488 3496 1651 3551; x_wconf 85' lang='lat' dir='ltr'><strong>fuisse</strong></span> <span class='ocrx_word' id='word_1_450' title='bbox 1704 3502 2061 3565; x_wconf 69' lang='lat' dir='ltr'><strong>praepositam,</strong></span> <span class='ocrx_word' id='word_1_451' title='bbox 2109 3515 2176 3552; x_wconf 93' lang='lat' dir='ltr'><strong>eo</strong></span> 
     </span>
    </p>
   </div>
   <div class='ocr_carea' id='block_1_58' title="bbox 598 3588 2179 3661">
    <p class='ocr_par' dir='ltr' id='par_1_58' title="bbox 598 3588 2179 3661">
     <span class='ocr_line' id='line_1_58' title="bbox 598 3588 2179 3661; baseline -0.001 -17"><span class='ocrx_word' id='word_1_452' title='bbox 598 3591 739 3661; x_wconf 87' lang='lat' dir='ltr'><strong>quod</strong></span> <span class='ocrx_word' id='word_1_453' title='bbox 770 3590 1068 3644; x_wconf 66' lang='lat' dir='ltr'><strong>differentia</strong></span> <span class='ocrx_word' id='word_1_454' title='bbox 1101 3588 1462 3642; x_wconf 86' lang='lat' dir='ltr'><strong>centinentior</strong></span> <span class='ocrx_word' id='word_1_455' title='bbox 1490 3603 1551 3642; x_wconf 87' lang='lat' dir='ltr'><strong>ac</strong></span> <span class='ocrx_word' id='word_1_456' title='bbox 1588 3593 1755 3658; x_wconf 84' lang='lat' dir='ltr'><strong>magis</strong></span> <span class='ocrx_word' id='word_1_457' title='bbox 1784 3590 2008 3657; x_wconf 85' lang='lat' dir='ltr'><strong>amplior</strong></span> <span class='ocrx_word' id='word_1_458' title='bbox 2035 3598 2179 3643; x_wconf 84' lang='lat' dir='ltr'><strong>esset</strong></span> 
     </span>
    </p>
   </div>
   <div class='ocr_carea' id='block_1_59' title="bbox 598 3680 2177 3751">
    <p class='ocr_par' dir='ltr' id='par_1_59' title="bbox 598 3680 2177 3751">
     <span class='ocr_line' id='line_1_59' title="bbox 598 3680 2177 3751; baseline -0.001 -14"><span class='ocrx_word' id='word_1_459' title='bbox 598 3682 802 3751; x_wconf 82' lang='lat' dir='ltr'><strong>Specie,</strong></span> <span class='ocrx_word' id='word_1_460' title='bbox 836 3683 959 3750; x_wconf 90' lang='lat' dir='ltr'><strong>quid</strong></span> <span class='ocrx_word' id='word_1_461' title='bbox 992 3687 1075 3735; x_wconf 86' lang='lat' dir='ltr'><strong>est</strong></span> <span class='ocrx_word' id='word_1_462' title='bbox 1098 3681 1238 3749; x_wconf 90' lang='lat' dir='ltr'><strong>quod</strong></span> <span class='ocrx_word' id='word_1_463' title='bbox 1269 3682 1435 3750; x_wconf 86' lang='lat' dir='ltr'><strong>possit</strong></span> <span class='ocrx_word' id='word_1_464' title='bbox 1464 3682 1690 3751; x_wconf 89' lang='lat' dir='ltr'><strong>quisque</strong></span> <span class='ocrx_word' id='word_1_465' title='bbox 1720 3680 1921 3743; x_wconf 89' lang='lat' dir='ltr'><strong>mirari.</strong></span> <span class='ocrx_word' id='word_1_466' title='bbox 1963 3682 2005 3736; x_wconf 91' lang='lat' dir='ltr'><strong>si</strong></span> <span class='ocrx_word' id='word_1_467' title='bbox 2037 3697 2177 3735; x_wconf 86' lang='lat' dir='ltr'><strong>eam-</strong></span> 
     </span>
    </p>
   </div>
   <div class='ocr_carea' id='block_1_60' title="bbox 598 3772 2177 3841">
    <p class='ocr_par' dir='ltr' id='par_1_60' title="bbox 598 3772 2177 3841">
     <span class='ocr_line' id='line_1_60' title="bbox 598 3772 2177 3841; baseline -0.002 -12"><span class='ocrx_word' id='word_1_468' title='bbox 598 3774 721 3829; x_wconf 87' lang='lat' dir='ltr'><strong>dem</strong></span> <span class='ocrx_word' id='word_1_469' title='bbox 752 3772 1105 3828; x_wconf 85' lang='lat' dir='ltr'><strong>differentiam</strong></span> <span class='ocrx_word' id='word_1_470' title='bbox 1130 3780 1254 3827; x_wconf 81' lang='lat' dir='ltr'><strong>ante</strong></span> <span class='ocrx_word' id='word_1_471' title='bbox 1286 3773 1557 3841; x_wconf 74' lang='lat' dir='ltr'><strong>proprium</strong></span> <span class='ocrx_word' id='word_1_472' title='bbox 1589 3781 1749 3841; x_wconf 90' lang='lat' dir='ltr'><strong>atque</strong></span> <span class='ocrx_word' id='word_1_473' title='bbox 1793 3773 2039 3827; x_wconf 91' lang='lat' dir='ltr'><strong>accidens</strong></span> <span class='ocrx_word' id='word_1_474' title='bbox 2064 3772 2177 3826; x_wconf 88' lang='lat' dir='ltr'><strong>col-</strong></span> 
     </span>
    </p>
   </div>
   <div class='ocr_carea' id='block_1_61' title="bbox 599 3864 2179 3936">
    <p class='ocr_par' dir='ltr' id='par_1_61' title="bbox 599 3864 2179 3936">
     <span class='ocr_line' id='line_1_61' title="bbox 599 3864 2179 3936; baseline -0.003 -13"><span class='ocrx_word' id='word_1_475' title='bbox 599 3866 873 3923; x_wconf 72' lang='lat' dir='ltr'><strong>locaveiit.</strong></span> <span class='ocrx_word' id='word_1_476' title='bbox 904 3866 1037 3921; x_wconf 91' lang='lat' dir='ltr'><strong>Cum</strong></span> <span class='ocrx_word' id='word_1_477' title='bbox 1069 3865 1341 3935; x_wconf 89' lang='lat' dir='ltr'><strong>proprium</strong></span> <span class='ocrx_word' id='word_1_478' title='bbox 1371 3867 1525 3919; x_wconf 86' lang='lat' dir='ltr'><strong>unius</strong></span> <span class='ocrx_word' id='word_1_479' title='bbox 1544 3880 1757 3936; x_wconf 88' lang='lat' dir='ltr'><strong>semper</strong></span> <span class='ocrx_word' id='word_1_480' title='bbox 1783 3866 1853 3921; x_wconf 90' lang='lat' dir='ltr'><strong>sit</strong></span> <span class='ocrx_word' id='word_1_481' title='bbox 1873 3864 2090 3935; x_wconf 89' lang='lat' dir='ltr'><strong>speciei,</strong></span> <span class='ocrx_word' id='word_1_482' title='bbox 2122 3872 2179 3918; x_wconf 94' lang='lat' dir='ltr'><strong>ut</strong></span> 
     </span>
    </p>
   </div>
   <div class='ocr_carea' id='block_1_62' title="bbox 597 3958 2174 4028">
    <p class='ocr_par' dir='ltr' id='par_1_62' title="bbox 597 3958 2174 4028">
     <span class='ocr_line' id='line_1_62' title="bbox 597 3958 2174 4028; baseline -0.002 -15"><span class='ocrx_word' id='word_1_483' title='bbox 597 3959 867 4028; x_wconf 79' lang='lat' dir='ltr'><strong>p05terius</strong></span> <span class='ocrx_word' id='word_1_484' title='bbox 914 3958 1384 4024; x_wconf 88' lang='lat' dir='ltr'><strong>demonstrabitur,</strong></span> <span class='ocrx_word' id='word_1_485' title='bbox 1412 3958 1658 4013; x_wconf 89' lang='lat' dir='ltr'><strong>accidens</strong></span> <span class='ocrx_word' id='word_1_486' title='bbox 1700 3972 1825 4013; x_wconf 89' lang='lat' dir='ltr'><strong>vero</strong></span> <span class='ocrx_word' id='word_1_487' title='bbox 1851 3958 2174 4012; x_wconf 83' lang='lat' dir='ltr'><strong>exteriorem</strong></span> 
     </span>
    </p>
   </div>
   <div class='ocr_carea' id='block_1_63' title="bbox 599 4053 2177 4122">
    <p class='ocr_par' dir='ltr' id='par_1_63' title="bbox 599 4053 2177 4122">
     <span class='ocr_line' id='line_1_63' title="bbox 599 4053 2177 4122; baseline 0.001 -17"><span class='ocrx_word' id='word_1_488' title='bbox 599 4053 888 4122; x_wconf 87' lang='lat' dir='ltr'><strong>quamdam</strong></span> <span class='ocrx_word' id='word_1_489' title='bbox 913 4053 1158 4107; x_wconf 86' lang='lat' dir='ltr'><strong>ostendat</strong></span> <span class='ocrx_word' id='word_1_490' title='bbox 1182 4061 1446 4119; x_wconf 89' lang='lat' dir='ltr'><strong>naturam,</strong></span> <span class='ocrx_word' id='word_1_491' title='bbox 1480 4068 1579 4107; x_wconf 90' lang='lat' dir='ltr'><strong>nec</strong></span> <span class='ocrx_word' id='word_1_492' title='bbox 1600 4053 1819 4107; x_wconf 91' lang='lat' dir='ltr'><strong>omnino</strong></span> <span class='ocrx_word' id='word_1_493' title='bbox 1849 4053 1901 4108; x_wconf 90' lang='lat' dir='ltr'><strong>in</strong></span> <span class='ocrx_word' id='word_1_494' title='bbox 1934 4054 2177 4108; x_wconf 85' lang='lat' dir='ltr'><strong>substan-</strong></span> 
     </span>
    </p>
   </div>
   <div class='ocr_carea' id='block_1_64' title="bbox 599 4143 2173 4214">
    <p class='ocr_par' dir='ltr' id='par_1_64' title="bbox 599 4143 2173 4214">
     <span class='ocr_line' id='line_1_64' title="bbox 599 4143 2173 4214; baseline 0.001 -19"><span class='ocrx_word' id='word_1_495' title='bbox 599 4144 670 4196; x_wconf 86' lang='lat' dir='ltr'><strong>tia</strong></span> <span class='ocrx_word' id='word_1_496' title='bbox 701 4145 1039 4211; x_wconf 79' lang='lat' dir='ltr'><strong>prtcdicetur,</strong></span> <span class='ocrx_word' id='word_1_497' title='bbox 1071 4143 1371 4197; x_wconf 75' lang='lat' dir='ltr'><strong>differentia</strong></span> <span class='ocrx_word' id='word_1_498' title='bbox 1396 4157 1524 4197; x_wconf 85' lang='lat' dir='ltr'><strong>vero</strong></span> <span class='ocrx_word' id='word_1_499' title='bbox 1554 4154 1837 4214; x_wconf 90' lang='lat' dir='ltr'><strong>utrumque</strong></span> <span class='ocrx_word' id='word_1_500' title='bbox 1882 4146 2173 4211; x_wconf 77' lang='lat' dir='ltr'><strong>cuntineat,</strong></span> 
     </span>
    </p>
   </div>
   <div class='ocr_carea' id='block_1_65' title="bbox 597 4233 2172 4302">
    <p class='ocr_par' dir='ltr' id='par_1_65' title="bbox 597 4233 2172 4302">
     <span class='ocr_line' id='line_1_65' title="bbox 597 4233 2172 4302; baseline 0 -14"><span class='ocrx_word' id='word_1_501' title='bbox 597 4243 657 4288; x_wconf 91' lang='lat' dir='ltr'><strong>et</strong></span> <span class='ocrx_word' id='word_1_502' title='bbox 680 4234 746 4287; x_wconf 91' lang='lat' dir='ltr'><strong>de</strong></span> <span class='ocrx_word' id='word_1_503' title='bbox 774 4233 1013 4302; x_wconf 90' lang='lat' dir='ltr'><strong>pluribus</strong></span> <span class='ocrx_word' id='word_1_504' title='bbox 1046 4234 1322 4299; x_wconf 83' lang='lat' dir='ltr'><strong>speciebus</strong></span> <span class='ocrx_word' id='word_1_505' title='bbox 1345 4242 1398 4287; x_wconf 90' lang='lat' dir='ltr'><strong>et</strong></span> <span class='ocrx_word' id='word_1_506' title='bbox 1426 4234 1477 4286; x_wconf 91' lang='lat' dir='ltr'><strong>in</strong></span> <span class='ocrx_word' id='word_1_507' title='bbox 1511 4234 1805 4288; x_wconf 91' lang='lat' dir='ltr'><strong>substantia</strong></span> <span class='ocrx_word' id='word_1_508' title='bbox 1834 4237 2172 4302; x_wconf 75' lang='lat' dir='ltr'><strong>przedicetur.</strong></span> 
     </span>
    </p>
   </div>
   <div class='ocr_carea' id='block_1_66' title="bbox 596 4324 2178 4394">
    <p class='ocr_par' dir='ltr' id='par_1_66' title="bbox 596 4324 2178 4394">
     <span class='ocr_line' id='line_1_66' title="bbox 596 4324 2178 4394; baseline -0.001 -14"><span class='ocrx_word' id='word_1_509' title='bbox 596 4326 705 4380; x_wconf 88' lang='lat' dir='ltr'><strong>Sed</strong></span> <span class='ocrx_word' id='word_1_510' title='bbox 739 4326 852 4380; x_wconf 66' lang='lat' dir='ltr'><strong>hmc</strong></span> <span class='ocrx_word' id='word_1_511' title='bbox 879 4326 1155 4392; x_wconf 88' lang='lat' dir='ltr'><strong>hactenus,</strong></span> <span class='ocrx_word' id='word_1_512' title='bbox 1182 4338 1322 4379; x_wconf 92' lang='lat' dir='ltr'><strong>nunc</strong></span> <span class='ocrx_word' id='word_1_513' title='bbox 1352 4324 1419 4378; x_wconf 87' lang='lat' dir='ltr'><strong>ad</strong></span> <span class='ocrx_word' id='word_1_514' title='bbox 1450 4325 1566 4394; x_wconf 90' lang='lat' dir='ltr'><strong>ipsa</strong></span> <span class='ocrx_word' id='word_1_515' title='bbox 1591 4324 1871 4393; x_wconf 86' lang='lat' dir='ltr'><strong>Porphyrii</strong></span> <span class='ocrx_word' id='word_1_516' title='bbox 1895 4325 2059 4380; x_wconf 89' lang='lat' dir='ltr'><strong>verba</strong></span> <span class='ocrx_word' id='word_1_517' title='bbox 2092 4339 2178 4379; x_wconf 90' lang='lat' dir='ltr'><strong>re-</strong></span> 
     </span>
    </p>
   </div>
   <div class='ocr_carea' id='block_1_67' title="bbox 596 4418 838 4474">
    <p class='ocr_par' dir='ltr' id='par_1_67' title="bbox 596 4418 838 4474">
     <span class='ocr_line' id='line_1_67' title="bbox 596 4418 838 4474; baseline 0.004 -2"><span class='ocrx_word' id='word_1_518' title='bbox 596 4418 838 4474; x_wconf 87' lang='lat' dir='ltr'><strong>deamus.</strong></span> 
     </span>
    </p>
   </div>
   <div class='ocr_carea' id='block_1_68' title="bbox 1090 4509 1681 4567">
    <p class='ocr_par' dir='ltr' id='par_1_68' title="bbox 1090 4509 1681 4567">
     <span class='ocr_line' id='line_1_68' title="bbox 1090 4509 1681 4567; baseline -0.002 -2"><span class='ocrx_word' id='word_1_519' title='bbox 1090 4511 1177 4566; x_wconf 88' lang='lat' dir='ltr'><strong>DE</strong></span> <span class='ocrx_word' id='word_1_520' title='bbox 1208 4509 1681 4567; x_wconf 84' lang='lat' dir='ltr'><strong>DIFFERENTIA.</strong></span> 
     </span>
    </p>
   </div>
   <div class='ocr_carea' id='block_1_69' title="bbox 668 4598 2177 4674">
    <p class='ocr_par' dir='ltr' id='par_1_69' title="bbox 668 4598 2177 4674">
     <span class='ocr_line' id='line_1_69' title="bbox 668 4598 2177 4674; baseline 0.001 -22"><span class='ocrx_word' id='word_1_521' title='bbox 668 4598 975 4670; x_wconf 76' lang='lat' dir='ltr'><strong>Di/ferentia</strong></span> <span class='ocrx_word' id='word_1_522' title='bbox 1009 4619 1126 4657; x_wconf 86' lang='lat' dir='ltr'><strong>vero</strong></span> <span class='ocrx_word' id='word_1_523' title='bbox 1154 4604 1505 4671; x_wconf 82' lang='lat' dir='ltr'><strong>communiter,</strong></span> <span class='ocrx_word' id='word_1_524' title='bbox 1538 4604 1763 4673; x_wconf 82' lang='lat' dir='ltr'><strong>proprie,</strong></span> <span class='ocrx_word' id='word_1_525' title='bbox 1796 4611 1841 4656; x_wconf 87' lang='lat' dir='ltr'><strong>et</strong></span> <span class='ocrx_word' id='word_1_526' title='bbox 1872 4602 2033 4674; x_wconf 85' lang='lat' dir='ltr'><strong>magis</strong></span> <span class='ocrx_word' id='word_1_527' title='bbox 2054 4617 2177 4671; x_wconf 87' lang='lat' dir='ltr'><strong>pro-</strong></span> 
     </span>
    </p>
   </div>
   <div class='ocr_carea' id='block_1_70' title="bbox 597 4694 2175 4767">
    <p class='ocr_par' dir='ltr' id='par_1_70' title="bbox 597 4694 2175 4767">
     <span class='ocr_line' id='line_1_70' title="bbox 597 4694 2175 4767; baseline 0.001 -21"><span class='ocrx_word' id='word_1_528' title='bbox 597 4694 707 4763; x_wconf 82' lang='lat' dir='ltr'><strong>prie</strong></span> <span class='ocrx_word' id='word_1_529' title='bbox 746 4696 953 4750; x_wconf 85' lang='lat' dir='ltr'><strong>dicitur.</strong></span> <span class='ocrx_word' id='word_1_530' title='bbox 987 4696 1338 4750; x_wconf 82' lang='lat' dir='ltr'><strong>Communiter</strong></span> <span class='ocrx_word' id='word_1_531' title='bbox 1364 4696 1567 4767; x_wconf 81' lang='lat' dir='ltr'><strong>quidem</strong></span> <span class='ocrx_word' id='word_1_532' title='bbox 1618 4695 1825 4763; x_wconf 67' lang='lat' dir='ltr'><strong>di/Terre</strong></span> <span class='ocrx_word' id='word_1_533' title='bbox 1853 4696 2069 4749; x_wconf 85' lang='lat' dir='ltr'><strong>alterum</strong></span> <span class='ocrx_word' id='word_1_534' title='bbox 2114 4694 2175 4747; x_wconf 83' lang='lat' dir='ltr'><strong>ab</strong></span> 
     </span>
    </p>
   </div>
   <div class='ocr_carea' id='block_1_71' title="bbox 596 4786 2173 4858">
    <p class='ocr_par' dir='ltr' id='par_1_71' title="bbox 596 4786 2173 4858">
     <span class='ocr_line' id='line_1_71' title="bbox 596 4786 2173 4858; baseline 0.003 -24"><span class='ocrx_word' id='word_1_535' title='bbox 596 4786 757 4835; x_wconf 85' lang='lat' dir='ltr'><strong>altero</strong></span> <span class='ocrx_word' id='word_1_536' title='bbox 787 4788 992 4850; x_wconf 83' lang='lat' dir='ltr'><strong>dicitur,</strong></span> <span class='ocrx_word' id='word_1_537' title='bbox 1036 4793 1276 4851; x_wconf 86' lang='lat' dir='ltr'><strong>quoniam</strong></span> <span class='ocrx_word' id='word_1_538' title='bbox 1319 4790 1573 4843; x_wconf 86' lang='lat' dir='ltr'><strong>alteritate</strong></span> <span class='ocrx_word' id='word_1_539' title='bbox 1597 4790 1817 4858; x_wconf 85' lang='lat' dir='ltr'><strong>quadam</strong></span> <span class='ocrx_word' id='word_1_540' title='bbox 1846 4786 2015 4854; x_wconf 69' lang='lat' dir='ltr'><strong>diﬂert</strong></span> <span class='ocrx_word' id='word_1_541' title='bbox 2046 4802 2173 4856; x_wconf 86' lang='lat' dir='ltr'><strong>quo-</strong></span> 
     </span>
    </p>
   </div>
   <div class='ocr_carea' id='block_1_72' title="bbox 599 4876 2175 4945">
    <p class='ocr_par' dir='ltr' id='par_1_72' title="bbox 599 4876 2175 4945">
     <span class='ocr_line' id='line_1_72' title="bbox 599 4876 2175 4945; baseline 0.003 -20"><span class='ocrx_word' id='word_1_542' title='bbox 599 4888 796 4942; x_wconf 83' lang='lat' dir='ltr'><strong>cunque</strong></span> <span class='ocrx_word' id='word_1_543' title='bbox 844 4876 1015 4939; x_wconf 86' lang='lat' dir='ltr'><strong>modo,</strong></span> <span class='ocrx_word' id='word_1_544' title='bbox 1062 4880 1140 4930; x_wconf 85' lang='lat' dir='ltr'><strong>vel</strong></span> <span class='ocrx_word' id='word_1_545' title='bbox 1176 4892 1207 4928; x_wconf 89' lang='lat' dir='ltr'><strong>a</strong></span> <span class='ocrx_word' id='word_1_546' title='bbox 1245 4881 1408 4945; x_wconf 82' lang='lat' dir='ltr'><strong>seipso</strong></span> <span class='ocrx_word' id='word_1_547' title='bbox 1446 4882 1525 4931; x_wconf 78' lang='lat' dir='ltr'><strong>vel</strong></span> <span class='ocrx_word' id='word_1_548' title='bbox 1562 4881 1626 4930; x_wconf 85' lang='lat' dir='ltr'><strong>ab</strong></span> <span class='ocrx_word' id='word_1_549' title='bbox 1659 4879 1764 4931; x_wconf 80' lang='lat' dir='ltr'><strong>alio</strong></span> <span class='ocrx_word' id='word_1_550' title='bbox 1789 4878 2013 4943; x_wconf 53' lang='lat' dir='ltr'><strong>adi/fert</strong></span> <span class='ocrx_word' id='word_1_551' title='bbox 2041 4879 2175 4931; x_wconf 79' lang='lat' dir='ltr'><strong>enim</strong></span> 
     </span>
    </p>
   </div>
   <div class='ocr_carea' id='block_1_73' title="bbox 601 4965 2173 5037">
    <p class='ocr_par' dir='ltr' id='par_1_73' title="bbox 601 4965 2173 5037">
     <span class='ocr_line' id='line_1_73' title="bbox 601 4965 2173 5037; baseline 0.001 -15"><span class='ocrx_word' id='word_1_552' title='bbox 601 4966 840 5022; x_wconf 79' lang='lat' dir='ltr'><strong>Socrates</strong></span> <span class='ocrx_word' id='word_1_553' title='bbox 866 4982 897 5020; x_wconf 92' lang='lat' dir='ltr'><strong>a</strong></span> <span class='ocrx_word' id='word_1_554' title='bbox 929 4965 1141 5022; x_wconf 84' lang='lat' dir='ltr'><strong>Platone</strong></span> <span class='ocrx_word' id='word_1_555' title='bbox 1160 4969 1410 5022; x_wconf 83' lang='lat' dir='ltr'><strong>alteritate</strong></span> <span class='ocrx_word' id='word_1_556' title='bbox 1434 4971 1676 5037; x_wconf 89' lang='lat' dir='ltr'><strong>quadam,</strong></span> <span class='ocrx_word' id='word_1_557' title='bbox 1700 4980 1745 5022; x_wconf 86' lang='lat' dir='ltr'><strong>et</strong></span> <span class='ocrx_word' id='word_1_558' title='bbox 1766 4971 1872 5037; x_wconf 85' lang='lat' dir='ltr'><strong>ipse</strong></span> <span class='ocrx_word' id='word_1_559' title='bbox 1889 4986 1919 5022; x_wconf 91' lang='lat' dir='ltr'><strong>a</strong></span> <span class='ocrx_word' id='word_1_560' title='bbox 1943 4985 1996 5022; x_wconf 86' lang='lat' dir='ltr'><strong>se</strong></span> <span class='ocrx_word' id='word_1_561' title='bbox 2016 4985 2173 5036; x_wconf 86' lang='lat' dir='ltr'><strong>puero</strong></span> 
     </span>
    </p>
   </div>
   <div class='ocr_carea' id='block_1_74' title="bbox 596 5060 2174 5135">
    <p class='ocr_par' dir='ltr' id='par_1_74' title="bbox 596 5060 2174 5135">
     <span class='ocr_line' id='line_1_74' title="bbox 596 5060 2174 5135; baseline 0.001 -22"><span class='ocrx_word' id='word_1_562' title='bbox 596 5061 706 5135; x_wconf 79' lang='lat' dir='ltr'><strong>jam</strong></span> <span class='ocrx_word' id='word_1_563' title='bbox 735 5061 812 5113; x_wconf 83' lang='lat' dir='ltr'><strong>vir</strong></span> <span class='ocrx_word' id='word_1_564' title='bbox 839 5060 1026 5128; x_wconf 74' lang='lat' dir='ltr'><strong>factus,</strong></span> <span class='ocrx_word' id='word_1_565' title='bbox 1059 5068 1107 5114; x_wconf 90' lang='lat' dir='ltr'><strong>et</strong></span> <span class='ocrx_word' id='word_1_566' title='bbox 1131 5078 1162 5113; x_wconf 94' lang='lat' dir='ltr'><strong>a</strong></span> <span class='ocrx_word' id='word_1_567' title='bbox 1181 5077 1235 5115; x_wconf 90' lang='lat' dir='ltr'><strong>se</strong></span> <span class='ocrx_word' id='word_1_568' title='bbox 1266 5061 1479 5131; x_wconf 75' lang='lat' dir='ltr'><strong>faciente</strong></span> <span class='ocrx_word' id='word_1_569' title='bbox 1504 5061 1698 5129; x_wconf 84' lang='lat' dir='ltr'><strong>aliquid</strong></span> <span class='ocrx_word' id='word_1_570' title='bbox 1729 5076 1845 5112; x_wconf 81' lang='lat' dir='ltr'><strong>cum</strong></span> <span class='ocrx_word' id='word_1_571' title='bbox 1873 5061 2101 5129; x_wconf 80' lang='lat' dir='ltr'><strong>quiescit,</strong></span> <span class='ocrx_word' id='word_1_572' title='bbox 2125 5068 2174 5114; x_wconf 85' lang='lat' dir='ltr'><strong>et</strong></span> 
     </span>
    </p>
   </div>
   <div class='ocr_carea' id='block_1_75' title="bbox 598 5151 2176 5221">
    <p class='ocr_par' dir='ltr' id='par_1_75' title="bbox 598 5151 2176 5221">
     <span class='ocr_line' id='line_1_75' title="bbox 598 5151 2176 5221; baseline 0.001 -16"><span class='ocrx_word' id='word_1_573' title='bbox 598 5168 793 5221; x_wconf 86' lang='lat' dir='ltr'><strong>semper</strong></span> <span class='ocrx_word' id='word_1_574' title='bbox 815 5152 868 5204; x_wconf 86' lang='lat' dir='ltr'><strong>in</strong></span> <span class='ocrx_word' id='word_1_575' title='bbox 894 5153 1068 5221; x_wconf 85' lang='lat' dir='ltr'><strong>aliqua</strong></span> <span class='ocrx_word' id='word_1_576' title='bbox 1095 5154 1246 5205; x_wconf 89' lang='lat' dir='ltr'><strong>modo</strong></span> <span class='ocrx_word' id='word_1_577' title='bbox 1274 5151 1495 5206; x_wconf 81' lang='lat' dir='ltr'><strong>habendi</strong></span> <span class='ocrx_word' id='word_1_578' title='bbox 1525 5168 1577 5206; x_wconf 86' lang='lat' dir='ltr'><strong>se</strong></span> <span class='ocrx_word' id='word_1_579' title='bbox 1612 5152 1950 5205; x_wconf 83' lang='lat' dir='ltr'><strong>alteritatibus</strong></span> <span class='ocrx_word' id='word_1_580' title='bbox 1978 5163 2176 5221; x_wconf 77' lang='lat' dir='ltr'><strong>specta-</strong></span> 
     </span>
    </p>
   </div>
   <div class='ocr_carea' id='block_1_76' title="bbox 598 5240 2173 5314">
    <p class='ocr_par' dir='ltr' id='par_1_76' title="bbox 598 5240 2173 5314">
     <span class='ocr_line' id='line_1_76' title="bbox 598 5240 2173 5314; baseline 0.001 -19"><span class='ocrx_word' id='word_1_581' title='bbox 598 5251 701 5298; x_wconf 85' lang='lat' dir='ltr'><strong>tur.</strong></span> <span class='ocrx_word' id='word_1_582' title='bbox 739 5240 957 5313; x_wconf 85' lang='lat' dir='ltr'><strong>Pr0prie</strong></span> <span class='ocrx_word' id='word_1_583' title='bbox 983 5255 1151 5298; x_wconf 75' lang='lat' dir='ltr'><strong>autem</strong></span> <span class='ocrx_word' id='word_1_584' title='bbox 1180 5243 1387 5312; x_wconf 74' lang='lat' dir='ltr'><strong>di/ferre</strong></span> <span class='ocrx_word' id='word_1_585' title='bbox 1423 5246 1644 5299; x_wconf 87' lang='lat' dir='ltr'><strong>alterum</strong></span> <span class='ocrx_word' id='word_1_586' title='bbox 1677 5246 1738 5299; x_wconf 84' lang='lat' dir='ltr'><strong>ab</strong></span> <span class='ocrx_word' id='word_1_587' title='bbox 1767 5244 1928 5298; x_wconf 81' lang='lat' dir='ltr'><strong>altera</strong></span> <span class='ocrx_word' id='word_1_588' title='bbox 1959 5244 2173 5314; x_wconf 84' lang='lat' dir='ltr'><strong>dicitur,</strong></span> 
     </span>
    </p>
   </div>
   <div class='ocr_carea' id='block_1_77' title="bbox 596 5322 2173 5405">
    <p class='ocr_par' dir='ltr' id='par_1_77' title="bbox 596 5322 2173 5405">
     <span class='ocr_line' id='line_1_77' title="bbox 596 5322 2173 5405; baseline 0.004 -18"><span class='ocrx_word' id='word_1_589' title='bbox 596 5322 801 5402; x_wconf 76' lang='lat' dir='ltr'><strong>quando</strong></span> <span class='ocrx_word' id='word_1_590' title='bbox 826 5336 1154 5405; x_wconf 82' lang='lat' dir='ltr'><strong>inseparabili</strong></span> <span class='ocrx_word' id='word_1_591' title='bbox 1174 5335 1433 5392; x_wconf 86' lang='lat' dir='ltr'><strong>accidente</strong></span> <span class='ocrx_word' id='word_1_592' title='bbox 1457 5338 1671 5391; x_wconf 85' lang='lat' dir='ltr'><strong>alterum</strong></span> <span class='ocrx_word' id='word_1_593' title='bbox 1700 5337 1763 5390; x_wconf 84' lang='lat' dir='ltr'><strong>ab</strong></span> <span class='ocrx_word' id='word_1_594' title='bbox 1789 5338 1948 5392; x_wconf 84' lang='lat' dir='ltr'><strong>altero</strong></span> <span class='ocrx_word' id='word_1_595' title='bbox 1977 5337 2173 5403; x_wconf 69' lang='lat' dir='ltr'><strong>ili/fert.</strong></span> 
     </span>
    </p>
   </div>
   <div class='ocr_carea' id='block_1_78' title="bbox 598 5424 2175 5496">
    <p class='ocr_par' dir='ltr' id='par_1_78' title="bbox 598 5424 2175 5496">
     <span class='ocr_line' id='line_1_78' title="bbox 598 5424 2175 5496; baseline 0.003 -17"><span class='ocrx_word' id='word_1_596' title='bbox 598 5424 952 5495; x_wconf 80' lang='lat' dir='ltr'><strong>Inseparabt&#39;le</strong></span> <span class='ocrx_word' id='word_1_597' title='bbox 980 5444 1097 5484; x_wconf 84' lang='lat' dir='ltr'><strong>vero</strong></span> <span class='ocrx_word' id='word_1_598' title='bbox 1125 5430 1356 5484; x_wconf 84' lang='lat' dir='ltr'><strong>accidens</strong></span> <span class='ocrx_word' id='word_1_599' title='bbox 1379 5439 1473 5496; x_wconf 89' lang='lat' dir='ltr'><strong>est,</strong></span> <span class='ocrx_word' id='word_1_600' title='bbox 1503 5437 1557 5483; x_wconf 85' lang='lat' dir='ltr'><strong>ut</strong></span> <span class='ocrx_word' id='word_1_601' title='bbox 1583 5431 1693 5484; x_wconf 84' lang='lat' dir='ltr'><strong>nasi</strong></span> <span class='ocrx_word' id='word_1_602' title='bbox 1715 5430 1952 5495; x_wconf 81' lang='lat' dir='ltr'><strong>curvitas,</strong></span> <span class='ocrx_word' id='word_1_603' title='bbox 1979 5430 2175 5484; x_wconf 78' lang='lat' dir='ltr'><strong>etesitas</strong></span> 
     </span>
    </p>
   </div>
   <div class='ocr_carea' id='block_1_79' title="bbox 598 5518 2175 5595">
    <p class='ocr_par' dir='ltr' id='par_1_79' title="bbox 598 5518 2175 5595">
     <span class='ocr_line' id='line_1_79' title="bbox 598 5518 2175 5595; baseline 0.006 -26"><span class='ocrx_word' id='word_1_604' title='bbox 598 5518 885 5585; x_wconf 78' lang='lat' dir='ltr'><strong>oculorum,</strong></span> <span class='ocrx_word' id='word_1_605' title='bbox 916 5528 965 5572; x_wconf 86' lang='lat' dir='ltr'><strong>et</strong></span> <span class='ocrx_word' id='word_1_606' title='bbox 988 5521 1203 5579; x_wconf 64' lang='lat' dir='ltr'><strong>cicatrix</strong></span> <span class='ocrx_word' id='word_1_607' title='bbox 1224 5538 1339 5577; x_wconf 86' lang='lat' dir='ltr'><strong>cum</strong></span> <span class='ocrx_word' id='word_1_608' title='bbox 1360 5538 1422 5576; x_wconf 79' lang='lat' dir='ltr'><strong>ea:</strong></span> <span class='ocrx_word' id='word_1_609' title='bbox 1441 5523 1645 5577; x_wconf 84' lang='lat' dir='ltr'><strong>vulnere</strong></span> <span class='ocrx_word' id='word_1_610' title='bbox 1664 5522 1975 5577; x_wconf 75' lang='lat' dir='ltr'><strong>occalluerit.</strong></span> <span class='ocrx_word' id='word_1_611' title='bbox 2007 5523 2175 5595; x_wconf 85' lang='lat' dir='ltr'><strong>Magis</strong></span> 
     </span>
    </p>
   </div>
   <div class='ocr_carea' id='block_1_80' title="bbox 597 5608 2235 5685">
    <p class='ocr_par' dir='ltr' id='par_1_80' title="bbox 597 5608 2235 5685">
     <span class='ocr_line' id='line_1_80' title="bbox 597 5608 2235 5685; baseline 0.004 -25"><span class='ocrx_word' id='word_1_612' title='bbox 597 5618 767 5662; x_wconf 88' lang='lat' dir='ltr'><strong>autem</strong></span> <span class='ocrx_word' id='word_1_613' title='bbox 794 5612 997 5681; x_wconf 84' lang='lat' dir='ltr'><strong>preprie</strong></span> <span class='ocrx_word' id='word_1_614' title='bbox 1017 5610 1239 5666; x_wconf 76' lang='lat' dir='ltr'><strong>alterum</strong></span> <span class='ocrx_word' id='word_1_615' title='bbox 1254 5608 1462 5679; x_wconf 74' lang='lat' dir='ltr'><strong>di/ferre</strong></span> <span class='ocrx_word' id='word_1_616' title='bbox 1480 5612 1543 5667; x_wconf 85' lang='lat' dir='ltr'><strong>ab</strong></span> <span class='ocrx_word' id='word_1_617' title='bbox 1559 5614 1721 5669; x_wconf 80' lang='lat' dir='ltr'><strong>altera</strong></span> <span class='ocrx_word' id='word_1_618' title='bbox 1744 5615 1951 5681; x_wconf 89' lang='lat' dir='ltr'><strong>dicitur,</strong></span> <span class='ocrx_word' id='word_1_619' title='bbox 1974 5614 2175 5685; x_wconf 79' lang='lat' dir='ltr'><strong>quando</strong></span> <span class='ocrx_word' id='word_1_620' title='bbox 2224 5649 2235 5655; x_wconf 86' lang='lat'><strong><em>-</em></strong></span> 
     </span>
    </p>
   </div>
   <div class='ocr_carea' id='block_1_81' title="bbox 597 5700 2177 5776">
    <p class='ocr_par' dir='ltr' id='par_1_81' title="bbox 597 5700 2177 5776">
     <span class='ocr_line' id='line_1_81' title="bbox 597 5700 2177 5776; baseline 0.004 -25"><span class='ocrx_word' id='word_1_621' title='bbox 597 5700 837 5768; x_wconf 74' lang='lat' dir='ltr'><strong>speci/ica</strong></span> <span class='ocrx_word' id='word_1_622' title='bbox 881 5700 1170 5768; x_wconf 70' lang='lat' dir='ltr'><strong>diﬂ&#39;erentia</strong></span> <span class='ocrx_word' id='word_1_623' title='bbox 1213 5704 1411 5772; x_wconf 66' lang='lat' dir='ltr'><strong>diﬁert,</strong></span> <span class='ocrx_word' id='word_1_624' title='bbox 1455 5706 1884 5776; x_wconf 78' lang='lat' dir='ltr'><strong>quemadmodum</strong></span> <span class='ocrx_word' id='word_1_625' title='bbox 1924 5706 2075 5760; x_wconf 82' lang='lat' dir='ltr'><strong>hante</strong></span> <span class='ocrx_word' id='word_1_626' title='bbox 2114 5704 2177 5758; x_wconf 87' lang='lat' dir='ltr'><strong>ab</strong></span> 
     </span>
    </p>
   </div>
   <div class='ocr_carea' id='block_1_82' title="bbox 597 5791 2065 5866">
    <p class='ocr_par' dir='ltr' id='par_1_82' title="bbox 597 5791 2065 5866">
     <span class='ocr_line' id='line_1_82' title="bbox 597 5791 2065 5866; baseline 0.003 -23"><span class='ocrx_word' id='word_1_627' title='bbox 597 5804 725 5861; x_wconf 78' lang='lat' dir='ltr'><strong>equo</strong></span> <span class='ocrx_word' id='word_1_628' title='bbox 749 5791 987 5859; x_wconf 72' lang='lat' dir='ltr'><strong>speci/ica</strong></span> <span class='ocrx_word' id='word_1_629' title='bbox 1010 5792 1300 5860; x_wconf 70' lang='lat' dir='ltr'><strong>differentia</strong></span> <span class='ocrx_word' id='word_1_630' title='bbox 1320 5795 1494 5861; x_wconf 76' lang='lat' dir='ltr'><strong>differt</strong></span> <span class='ocrx_word' id='word_1_631' title='bbox 1524 5798 1767 5851; x_wconf 82' lang='lat' dir='ltr'><strong>rationali</strong></span> <span class='ocrx_word' id='word_1_632' title='bbox 1805 5798 2065 5866; x_wconf 86' lang='lat' dir='ltr'><strong>qualitate.</strong></span> 
     </span>
    </p>
   </div>
   <div class='ocr_carea' id='block_1_83' title="bbox 668 5880 2175 5953">
    <p class='ocr_par' dir='ltr' id='par_1_83' title="bbox 668 5880 2175 5953">
     <span class='ocr_line' id='line_1_83' title="bbox 668 5880 2175 5953; baseline 0.001 -16"><span class='ocrx_word' id='word_1_633' title='bbox 668 5880 862 5937; x_wconf 79' lang='lat' dir='ltr'><strong>Tribus</strong></span> <span class='ocrx_word' id='word_1_634' title='bbox 907 5882 1078 5938; x_wconf 83' lang='lat' dir='ltr'><strong>modis</strong></span> <span class='ocrx_word' id='word_1_635' title='bbox 1125 5885 1269 5940; x_wconf 89' lang='lat' dir='ltr'><strong>aliud</strong></span> <span class='ocrx_word' id='word_1_636' title='bbox 1314 5886 1381 5939; x_wconf 88' lang='lat' dir='ltr'><strong>ab</strong></span> <span class='ocrx_word' id='word_1_637' title='bbox 1425 5886 1532 5940; x_wconf 82' lang='lat' dir='ltr'><strong>alio</strong></span> <span class='ocrx_word' id='word_1_638' title='bbox 1575 5887 1775 5940; x_wconf 87' lang='lat' dir='ltr'><strong>distare</strong></span> <span class='ocrx_word' id='word_1_639' title='bbox 1807 5886 2175 5953; x_wconf 62' lang='lat' dir='ltr'><strong>praediximus,</strong></span> 
     </span>
    </p>
   </div>
   <div class='ocr_carea' id='block_1_84' title="bbox 2281 3402 3856 3474">
    <p class='ocr_par' dir='ltr' id='par_1_84' title="bbox 2281 3402 3856 3474">
     <span class='ocr_line' id='line_1_84' title="bbox 2281 3402 3856 3474; baseline 0 -16"><span class='ocrx_word' id='word_1_640' title='bbox 2281 3402 2474 3458; x_wconf 86' lang='lat' dir='ltr'><strong>Addita</strong></span> <span class='ocrx_word' id='word_1_641' title='bbox 2496 3402 2638 3458; x_wconf 90' lang='lat' dir='ltr'><strong>enim</strong></span> <span class='ocrx_word' id='word_1_642' title='bbox 2673 3405 2941 3459; x_wconf 90' lang='lat' dir='ltr'><strong>sensibilis</strong></span> <span class='ocrx_word' id='word_1_643' title='bbox 2964 3405 3190 3474; x_wconf 90' lang='lat' dir='ltr'><strong>qualitas</strong></span> <span class='ocrx_word' id='word_1_644' title='bbox 3212 3403 3468 3468; x_wconf 90' lang='lat' dir='ltr'><strong>animato,</strong></span> <span class='ocrx_word' id='word_1_645' title='bbox 3484 3404 3676 3457; x_wconf 89' lang='lat' dir='ltr'><strong>animal</strong></span> <span class='ocrx_word' id='word_1_646' title='bbox 3702 3403 3856 3459; x_wconf 89' lang='lat' dir='ltr'><strong>facit:</strong></span> 
     </span>
    </p>
   </div>
   <div class='ocr_carea' id='block_1_85' title="bbox 2281 3496 3859 3566">
    <p class='ocr_par' dir='ltr' id='par_1_85' title="bbox 2281 3496 3859 3566">
     <span class='ocr_line' id='line_1_85' title="bbox 2281 3496 3859 3566; baseline -0.001 -15"><span class='ocrx_word' id='word_1_647' title='bbox 2281 3497 2454 3551; x_wconf 89' lang='lat' dir='ltr'><strong>eidem</strong></span> <span class='ocrx_word' id='word_1_648' title='bbox 2487 3496 2730 3552; x_wconf 80' lang='lat' dir='ltr'><strong>detracta</strong></span> <span class='ocrx_word' id='word_1_649' title='bbox 2778 3498 2905 3553; x_wconf 85' lang='lat' dir='ltr'><strong>facit</strong></span> <span class='ocrx_word' id='word_1_650' title='bbox 2946 3499 3296 3551; x_wconf 89' lang='lat' dir='ltr'><strong>inanimatum</strong></span> <span class='ocrx_word' id='word_1_651' title='bbox 3340 3504 3498 3566; x_wconf 85' lang='lat' dir='ltr'><strong>atque</strong></span> <span class='ocrx_word' id='word_1_652' title='bbox 3528 3496 3859 3563; x_wconf 86' lang='lat' dir='ltr'><strong>insensibile,</strong></span> 
     </span>
    </p>
   </div>
   <div class='ocr_carea' id='block_1_86' title="bbox 2280 3588 3860 3657">
    <p class='ocr_par' dir='ltr' id='par_1_86' title="bbox 2280 3588 3860 3657">
     <span class='ocr_line' id='line_1_86' title="bbox 2280 3588 3860 3657; baseline 0 -16"><span class='ocrx_word' id='word_1_653' title='bbox 2280 3604 2398 3656; x_wconf 70' lang='lat' dir='ltr'><strong>qua:</strong></span> <span class='ocrx_word' id='word_1_654' title='bbox 2427 3588 2648 3657; x_wconf 81' lang='lat' dir='ltr'><strong>virgulta</strong></span> <span class='ocrx_word' id='word_1_655' title='bbox 2694 3597 2856 3653; x_wconf 92' lang='lat' dir='ltr'><strong>sunt;</strong></span> <span class='ocrx_word' id='word_1_656' title='bbox 2896 3588 3054 3657; x_wconf 79' lang='lat' dir='ltr'><strong>igitur</strong></span> <span class='ocrx_word' id='word_1_657' title='bbox 3092 3589 3251 3643; x_wconf 91' lang='lat' dir='ltr'><strong>homo</strong></span> <span class='ocrx_word' id='word_1_658' title='bbox 3282 3596 3445 3656; x_wconf 90' lang='lat' dir='ltr'><strong>atque</strong></span> <span class='ocrx_word' id='word_1_659' title='bbox 3475 3589 3637 3643; x_wconf 87' lang='lat' dir='ltr'><strong>arbor</strong></span> <span class='ocrx_word' id='word_1_660' title='bbox 3665 3601 3860 3657; x_wconf 64' lang='lat' dir='ltr'><strong>genere</strong></span> 
     </span>
    </p>
   </div>
   <div class='ocr_carea' id='block_1_87' title="bbox 2282 3678 3859 3748">
    <p class='ocr_par' dir='ltr' id='par_1_87' title="bbox 2282 3678 3859 3748">
     <span class='ocr_line' id='line_1_87' title="bbox 2282 3678 3859 3748; baseline -0.001 -15"><span class='ocrx_word' id='word_1_661' title='bbox 2282 3678 2531 3733; x_wconf 74' lang='lat' dir='ltr'><strong>differunt</strong></span> <span class='ocrx_word' id='word_1_662' title='bbox 2565 3695 2577 3731; x_wconf 91' lang='lat'>:</span> <span class='ocrx_word' id='word_1_663' title='bbox 2610 3690 2834 3748; x_wconf 90' lang='lat' dir='ltr'><strong>utraque</strong></span> <span class='ocrx_word' id='word_1_664' title='bbox 2878 3679 3021 3733; x_wconf 91' lang='lat' dir='ltr'><strong>enim</strong></span> <span class='ocrx_word' id='word_1_665' title='bbox 3072 3680 3172 3734; x_wconf 88' lang='lat' dir='ltr'><strong>sub</strong></span> <span class='ocrx_word' id='word_1_666' title='bbox 3202 3678 3448 3733; x_wconf 88' lang='lat' dir='ltr'><strong>animalis</strong></span> <span class='ocrx_word' id='word_1_667' title='bbox 3491 3693 3685 3747; x_wconf 86' lang='lat' dir='ltr'><strong>genere</strong></span> <span class='ocrx_word' id='word_1_668' title='bbox 3735 3678 3859 3747; x_wconf 90' lang='lat' dir='ltr'><strong>poni</strong></span> 
     </span>
    </p>
   </div>
   <div class='ocr_carea' id='block_1_88' title="bbox 2282 3771 3857 3844">
    <p class='ocr_par' dir='ltr' id='par_1_88' title="bbox 2282 3771 3857 3844">
     <span class='ocr_line' id='line_1_88' title="bbox 2282 3771 3857 3844; baseline -0.004 -15"><span class='ocrx_word' id='word_1_669' title='bbox 2282 3791 2385 3830; x_wconf 93' lang='lat' dir='ltr'><strong>non</strong></span> <span class='ocrx_word' id='word_1_670' title='bbox 2406 3780 2647 3844; x_wconf 89' lang='lat' dir='ltr'><strong>possunt,</strong></span> <span class='ocrx_word' id='word_1_671' title='bbox 2665 3789 2785 3828; x_wconf 92' lang='lat' dir='ltr'><strong>nam</strong></span> <span class='ocrx_word' id='word_1_672' title='bbox 2809 3773 3105 3829; x_wconf 74' lang='lat' dir='ltr'><strong>differentia</strong></span> <span class='ocrx_word' id='word_1_673' title='bbox 3129 3771 3367 3827; x_wconf 87' lang='lat' dir='ltr'><strong>sensibili</strong></span> <span class='ocrx_word' id='word_1_674' title='bbox 3386 3771 3673 3826; x_wconf 89' lang='lat' dir='ltr'><strong>secundum</strong></span> <span class='ocrx_word' id='word_1_675' title='bbox 3691 3785 3857 3838; x_wconf 81' lang='lat' dir='ltr'><strong>genus</strong></span> 
     </span>
    </p>
   </div>
   <div class='ocr_carea' id='block_1_89' title="bbox 2281 3861 3855 3939">
    <p class='ocr_par' dir='ltr' id='par_1_89' title="bbox 2281 3861 3855 3939">
     <span class='ocr_line' id='line_1_89' title="bbox 2281 3861 3855 3939; baseline -0.005 -16"><span class='ocrx_word' id='word_1_676' title='bbox 2281 3869 2607 3939; x_wconf 84' lang='lat' dir='ltr'><strong>discrepant,</strong></span> <span class='ocrx_word' id='word_1_677' title='bbox 2640 3884 2758 3939; x_wconf 72' lang='lat' dir='ltr'><strong>qum</strong></span> <span class='ocrx_word' id='word_1_678' title='bbox 2786 3868 2940 3921; x_wconf 90' lang='lat' dir='ltr'><strong>unius</strong></span> <span class='ocrx_word' id='word_1_679' title='bbox 2969 3883 3033 3922; x_wconf 81' lang='lat' dir='ltr'><strong>ex</strong></span> <span class='ocrx_word' id='word_1_680' title='bbox 3060 3865 3346 3936; x_wconf 72' lang='lat' dir='ltr'><strong>propositis</strong></span> <span class='ocrx_word' id='word_1_681' title='bbox 3370 3873 3569 3919; x_wconf 89' lang='lat' dir='ltr'><strong>tantum</strong></span> <span class='ocrx_word' id='word_1_682' title='bbox 3592 3877 3779 3933; x_wconf 89' lang='lat' dir='ltr'><strong>genus,</strong></span> <span class='ocrx_word' id='word_1_683' title='bbox 3804 3861 3855 3915; x_wconf 88' lang='lat' dir='ltr'><strong>Id</strong></span> 
     </span>
    </p>
   </div>
   <div class='ocr_carea' id='block_1_90' title="bbox 2282 3952 3860 4025">
    <p class='ocr_par' dir='ltr' id='par_1_90' title="bbox 2282 3952 3860 4025">
     <span class='ocr_line' id='line_1_90' title="bbox 2282 3952 3860 4025; baseline -0.006 -10"><span class='ocrx_word' id='word_1_684' title='bbox 2282 3970 2363 4015; x_wconf 88' lang='lat' dir='ltr'><strong>est</strong></span> <span class='ocrx_word' id='word_1_685' title='bbox 2420 3959 2651 4014; x_wconf 88' lang='lat' dir='ltr'><strong>hominis</strong></span> <span class='ocrx_word' id='word_1_686' title='bbox 2680 3956 2950 4025; x_wconf 87' lang='lat' dir='ltr'><strong>informat,</strong></span> <span class='ocrx_word' id='word_1_687' title='bbox 2990 3966 3048 4011; x_wconf 94' lang='lat' dir='ltr'><strong>ut</strong></span> <span class='ocrx_word' id='word_1_688' title='bbox 3079 3957 3276 4011; x_wconf 91' lang='lat' dir='ltr'><strong>dictum</strong></span> <span class='ocrx_word' id='word_1_689' title='bbox 3308 3965 3408 4009; x_wconf 88' lang='lat' dir='ltr'><strong>est.</strong></span> <span class='ocrx_word' id='word_1_690' title='bbox 3450 3952 3540 4007; x_wconf 92' lang='lat' dir='ltr'><strong>Illa</strong></span> <span class='ocrx_word' id='word_1_691' title='bbox 3570 3966 3697 4006; x_wconf 86' lang='lat' dir='ltr'><strong>vero</strong></span> <span class='ocrx_word' id='word_1_692' title='bbox 3742 3967 3860 4020; x_wconf 67' lang='lat' dir='ltr'><strong>quae</strong></span> 
     </span>
    </p>
   </div>
   <div class='ocr_carea' id='block_1_91' title="bbox 2281 4045 3859 4121">
    <p class='ocr_par' dir='ltr' id='par_1_91' title="bbox 2281 4045 3859 4121">
     <span class='ocr_line' id='line_1_91' title="bbox 2281 4045 3859 4121; baseline -0.007 -14"><span class='ocrx_word' id='word_1_693' title='bbox 2281 4054 2460 4121; x_wconf 88' lang='lat' dir='ltr'><strong>specie</strong></span> <span class='ocrx_word' id='word_1_694' title='bbox 2504 4052 2702 4105; x_wconf 86' lang='lat' dir='ltr'><strong>distant</strong></span> <span class='ocrx_word' id='word_1_695' title='bbox 2756 4048 3092 4104; x_wconf 85' lang='lat' dir='ltr'><strong>manifesmm</strong></span> <span class='ocrx_word' id='word_1_696' title='bbox 3142 4056 3254 4112; x_wconf 92' lang='lat' dir='ltr'><strong>est,</strong></span> <span class='ocrx_word' id='word_1_697' title='bbox 3296 4045 3434 4114; x_wconf 77' lang='lat' dir='ltr'><strong>quod</strong></span> <span class='ocrx_word' id='word_1_698' title='bbox 3483 4046 3597 4114; x_wconf 87' lang='lat' dir='ltr'><strong>ipsa</strong></span> <span class='ocrx_word' id='word_1_699' title='bbox 3646 4058 3859 4111; x_wconf 88' lang='lat' dir='ltr'><strong>quoque</strong></span> 
     </span>
    </p>
   </div>
   <div class='ocr_carea' id='block_1_92' title="bbox 2282 4135 3858 4206">
    <p class='ocr_par' dir='ltr' id='par_1_92' title="bbox 2282 4135 3858 4206">
     <span class='ocr_line' id='line_1_92' title="bbox 2282 4135 3858 4206; baseline -0.007 -7"><span class='ocrx_word' id='word_1_700' title='bbox 2282 4144 2598 4199; x_wconf 73' lang='lat' dir='ltr'><strong>differentiis</strong></span> <span class='ocrx_word' id='word_1_701' title='bbox 2626 4139 3058 4196; x_wconf 88' lang='lat' dir='ltr'><strong>substantialibus</strong></span> <span class='ocrx_word' id='word_1_702' title='bbox 3085 4139 3413 4206; x_wconf 90' lang='lat' dir='ltr'><strong>discrepant,</strong></span> <span class='ocrx_word' id='word_1_703' title='bbox 3441 4138 3495 4189; x_wconf 89' lang='lat' dir='ltr'><strong>ut</strong></span> <span class='ocrx_word' id='word_1_704' title='bbox 3520 4135 3677 4189; x_wconf 89' lang='lat' dir='ltr'><strong>homo</strong></span> <span class='ocrx_word' id='word_1_705' title='bbox 3696 4141 3858 4202; x_wconf 84' lang='lat' dir='ltr'><strong>atque</strong></span> 
     </span>
    </p>
   </div>
   <div class='ocr_carea' id='block_1_93' title="bbox 2282 4230 3938 4307">
    <p class='ocr_par' dir='ltr' id='par_1_93' title="bbox 2282 4230 3938 4307">
     <span class='ocr_line' id='line_1_93' title="bbox 2282 4230 3938 4307; baseline -0.008 -13"><span class='ocrx_word' id='word_1_706' title='bbox 2282 4251 2451 4305; x_wconf 88' lang='lat' dir='ltr'><strong>equus</strong></span> <span class='ocrx_word' id='word_1_707' title='bbox 2486 4235 2798 4289; x_wconf 86' lang='lat' dir='ltr'><strong>differentiis</strong></span> <span class='ocrx_word' id='word_1_708' title='bbox 2833 4231 3269 4289; x_wconf 86' lang='lat' dir='ltr'><strong>substantialibus</strong></span> <span class='ocrx_word' id='word_1_709' title='bbox 3306 4230 3662 4285; x_wconf 87' lang='lat' dir='ltr'><strong>rationalitate</strong></span> <span class='ocrx_word' id='word_1_710' title='bbox 3700 4237 3859 4295; x_wconf 85' lang='lat' dir='ltr'><strong>atque</strong></span> <span class='ocrx_word' id='word_1_711' title='bbox 3930 4300 3938 4307; x_wconf 18' lang='grc' dir='ltr'><strong><em>ψ</em></strong></span> 
     </span>
    </p>
   </div>
   <div class='ocr_carea' id='block_1_94' title="bbox 2283 4322 3855 4392">
    <p class='ocr_par' dir='ltr' id='par_1_94' title="bbox 2283 4322 3855 4392">
     <span class='ocr_line' id='line_1_94' title="bbox 2283 4322 3855 4392; baseline -0.005 -10"><span class='ocrx_word' id='word_1_712' title='bbox 2283 4328 2692 4382; x_wconf 86' lang='lat' dir='ltr'><strong>irrationalitate</strong></span> <span class='ocrx_word' id='word_1_713' title='bbox 2730 4326 2949 4381; x_wconf 86' lang='lat' dir='ltr'><strong>distant.</strong></span> <span class='ocrx_word' id='word_1_714' title='bbox 2990 4325 3066 4379; x_wconf 87' lang='lat' dir='ltr'><strong>Ea</strong></span> <span class='ocrx_word' id='word_1_715' title='bbox 3106 4340 3233 4380; x_wconf 90' lang='lat' dir='ltr'><strong>vero</strong></span> <span class='ocrx_word' id='word_1_716' title='bbox 3262 4339 3380 4392; x_wconf 77' lang='lat' dir='ltr'><strong>quae</strong></span> <span class='ocrx_word' id='word_1_717' title='bbox 3415 4322 3682 4377; x_wconf 87' lang='lat' dir='ltr'><strong>individua</strong></span> <span class='ocrx_word' id='word_1_718' title='bbox 3714 4331 3855 4387; x_wconf 90' lang='lat' dir='ltr'><strong>sunt,</strong></span> 
     </span>
    </p>
   </div>
   <div class='ocr_carea' id='block_1_95' title="bbox 2282 4415 3857 4488">
    <p class='ocr_par' dir='ltr' id='par_1_95' title="bbox 2282 4415 3857 4488">
     <span class='ocr_line' id='line_1_95' title="bbox 2282 4415 3857 4488; baseline -0.008 -12"><span class='ocrx_word' id='word_1_719' title='bbox 2282 4431 2335 4477; x_wconf 89' lang='lat' dir='ltr'><strong>et</strong></span> <span class='ocrx_word' id='word_1_720' title='bbox 2364 4422 2479 4475; x_wconf 93' lang='lat' dir='ltr'><strong>solo</strong></span> <span class='ocrx_word' id='word_1_721' title='bbox 2502 4436 2726 4476; x_wconf 91' lang='lat' dir='ltr'><strong>numero</strong></span> <span class='ocrx_word' id='word_1_722' title='bbox 2746 4421 3067 4488; x_wconf 89' lang='lat' dir='ltr'><strong>discrepant,</strong></span> <span class='ocrx_word' id='word_1_723' title='bbox 3094 4417 3223 4473; x_wconf 89' lang='lat' dir='ltr'><strong>solis</strong></span> <span class='ocrx_word' id='word_1_724' title='bbox 3247 4416 3613 4474; x_wconf 77' lang='lat' dir='ltr'><strong>accidentibus</strong></span> <span class='ocrx_word' id='word_1_725' title='bbox 3640 4415 3857 4480; x_wconf 79' lang='lat' dir='ltr'><strong>distant,</strong></span> 
     </span>
    </p>
   </div>
   <div class='ocr_carea' id='block_1_96' title="bbox 2285 4506 3856 4579">
    <p class='ocr_par' dir='ltr' id='par_1_96' title="bbox 2285 4506 3856 4579">
     <span class='ocr_line' id='line_1_96' title="bbox 2285 4506 3856 4579; baseline -0.009 -10"><span class='ocrx_word' id='word_1_726' title='bbox 2285 4515 2401 4569; x_wconf 77' lang='lat' dir='ltr'><strong>haec</strong></span> <span class='ocrx_word' id='word_1_727' title='bbox 2445 4522 2622 4567; x_wconf 87' lang='lat' dir='ltr'><strong>autem</strong></span> <span class='ocrx_word' id='word_1_728' title='bbox 2674 4521 2798 4566; x_wconf 91' lang='lat' dir='ltr'><strong>sunt</strong></span> <span class='ocrx_word' id='word_1_729' title='bbox 2840 4512 2924 4566; x_wconf 91' lang='lat' dir='ltr'><strong>vel</strong></span> <span class='ocrx_word' id='word_1_730' title='bbox 2967 4509 3283 4579; x_wconf 89' lang='lat' dir='ltr'><strong>separabilia</strong></span> <span class='ocrx_word' id='word_1_731' title='bbox 3330 4508 3411 4561; x_wconf 86' lang='lat' dir='ltr'><strong>vel</strong></span> <span class='ocrx_word' id='word_1_732' title='bbox 3466 4506 3856 4572; x_wconf 81' lang='lat' dir='ltr'><strong>inscparabilia.</strong></span> 
     </span>
    </p>
   </div>
   <div class='ocr_carea' id='block_1_97' title="bbox 2288 4597 3859 4674">
    <p class='ocr_par' dir='ltr' id='par_1_97' title="bbox 2288 4597 3859 4674">
     <span class='ocr_line' id='line_1_97' title="bbox 2288 4597 3859 4674; baseline -0.009 -13"><span class='ocrx_word' id='word_1_733' title='bbox 2288 4605 2611 4672; x_wconf 89' lang='lat' dir='ltr'><strong>Separabilia</strong></span> <span class='ocrx_word' id='word_1_734' title='bbox 2634 4603 2867 4674; x_wconf 89' lang='lat' dir='ltr'><strong>quidem,</strong></span> <span class='ocrx_word' id='word_1_735' title='bbox 2890 4610 2949 4657; x_wconf 90' lang='lat' dir='ltr'><strong>ut</strong></span> <span class='ocrx_word' id='word_1_736' title='bbox 2978 4602 3199 4668; x_wconf 79' lang='lat' dir='ltr'><strong>moveri,</strong></span> <span class='ocrx_word' id='word_1_737' title='bbox 3226 4600 3459 4654; x_wconf 88' lang='lat' dir='ltr'><strong>dormire</strong></span> <span class='ocrx_word' id='word_1_738' title='bbox 3484 4617 3497 4665; x_wconf 91' lang='lat'><strong>;</strong></span> <span class='ocrx_word' id='word_1_739' title='bbox 3527 4599 3687 4653; x_wconf 85' lang='lat' dir='ltr'><strong>distat</strong></span> <span class='ocrx_word' id='word_1_740' title='bbox 3718 4597 3859 4652; x_wconf 87' lang='lat' dir='ltr'><strong>enim</strong></span> 
     </span>
    </p>
   </div>
   <div class='ocr_carea' id='block_1_98' title="bbox 2283 4688 3891 4764">
    <p class='ocr_par' dir='ltr' id='par_1_98' title="bbox 2283 4688 3891 4764">
     <span class='ocr_line' id='line_1_98' title="bbox 2283 4688 3891 4764; baseline -0.006 -15"><span class='ocrx_word' id='word_1_741' title='bbox 2283 4697 2417 4750; x_wconf 89' lang='lat' dir='ltr'><strong>alius</strong></span> <span class='ocrx_word' id='word_1_742' title='bbox 2451 4695 2518 4749; x_wconf 89' lang='lat' dir='ltr'><strong>ab</strong></span> <span class='ocrx_word' id='word_1_743' title='bbox 2550 4695 2651 4748; x_wconf 90' lang='lat' dir='ltr'><strong>alio</strong></span> <span class='ocrx_word' id='word_1_744' title='bbox 2682 4694 2821 4764; x_wconf 89' lang='lat' dir='ltr'><strong>quod</strong></span> <span class='ocrx_word' id='word_1_745' title='bbox 2854 4692 2942 4747; x_wconf 91' lang='lat' dir='ltr'><strong>ille</strong></span> <span class='ocrx_word' id='word_1_746' title='bbox 2982 4706 3171 4745; x_wconf 92' lang='lat' dir='ltr'><strong>somno</strong></span> <span class='ocrx_word' id='word_1_747' title='bbox 3200 4699 3495 4760; x_wconf 88' lang='lat' dir='ltr'><strong>prematur,</strong></span> <span class='ocrx_word' id='word_1_748' title='bbox 3540 4689 3626 4741; x_wconf 90' lang='lat' dir='ltr'><strong>hic</strong></span> <span class='ocrx_word' id='word_1_749' title='bbox 3655 4688 3854 4756; x_wconf 84' lang='lat' dir='ltr'><strong>vigilet.</strong></span> <span class='ocrx_word' id='word_1_750' title='bbox 3890 4700 3891 4703; x_wconf 75' lang='lat'>‘</span> 
     </span>
    </p>
   </div>
   <div class='ocr_carea' id='block_1_99' title="bbox 2283 4778 3863 4852">
    <p class='ocr_par' dir='ltr' id='par_1_99' title="bbox 2283 4778 3863 4852">
     <span class='ocr_line' id='line_1_99' title="bbox 2283 4778 3863 4852; baseline -0.006 -11"><span class='ocrx_word' id='word_1_751' title='bbox 2283 4786 2451 4841; x_wconf 90' lang='lat' dir='ltr'><strong>Distat</strong></span> <span class='ocrx_word' id='word_1_752' title='bbox 2493 4784 2619 4839; x_wconf 89' lang='lat' dir='ltr'><strong>item</strong></span> <span class='ocrx_word' id='word_1_753' title='bbox 2670 4782 3115 4852; x_wconf 89' lang='lat' dir='ltr'><strong>inseparabilibus</strong></span> <span class='ocrx_word' id='word_1_754' title='bbox 3159 4780 3555 4844; x_wconf 87' lang='lat' dir='ltr'><strong>accidentlbus,</strong></span> <span class='ocrx_word' id='word_1_755' title='bbox 3603 4778 3742 4846; x_wconf 84' lang='lat' dir='ltr'><strong>quod</strong></span> <span class='ocrx_word' id='word_1_756' title='bbox 3777 4778 3863 4832; x_wconf 72' lang='lat' dir='ltr'><strong>hic</strong></span> 
     </span>
    </p>
   </div>
   <div class='ocr_carea' id='block_1_100' title="bbox 2282 4868 3856 4942">
    <p class='ocr_par' dir='ltr' id='par_1_100' title="bbox 2282 4868 3856 4942">
     <span class='ocr_line' id='line_1_100' title="bbox 2282 4868 3856 4942; baseline -0.007 -11"><span class='ocrx_word' id='word_1_757' title='bbox 2282 4885 2500 4932; x_wconf 72' lang='lat' dir='ltr'><strong>staturre</strong></span> <span class='ocrx_word' id='word_1_758' title='bbox 2528 4875 2597 4928; x_wconf 90' lang='lat' dir='ltr'><strong>sit</strong></span> <span class='ocrx_word' id='word_1_759' title='bbox 2622 4874 2899 4942; x_wconf 86' lang='lat' dir='ltr'><strong>longioris,</strong></span> <span class='ocrx_word' id='word_1_760' title='bbox 2932 4872 3019 4926; x_wconf 91' lang='lat' dir='ltr'><strong>hic</strong></span> <span class='ocrx_word' id='word_1_761' title='bbox 3051 4870 3288 4925; x_wconf 86' lang='lat' dir='ltr'><strong>minime.</strong></span> <span class='ocrx_word' id='word_1_762' title='bbox 3319 4871 3446 4936; x_wconf 71' lang='lat' dir='ltr'><strong>Quae</strong></span> <span class='ocrx_word' id='word_1_763' title='bbox 3474 4885 3593 4925; x_wconf 89' lang='lat' dir='ltr'><strong>cum</strong></span> <span class='ocrx_word' id='word_1_764' title='bbox 3624 4868 3691 4921; x_wconf 88' lang='lat' dir='ltr'><strong>ita</strong></span> <span class='ocrx_word' id='word_1_765' title='bbox 3730 4869 3856 4932; x_wconf 92' lang='lat' dir='ltr'><strong>sint,</strong></span> 
     </span>
    </p>
   </div>
   <div class='ocr_carea' id='block_1_101' title="bbox 2281 4952 3860 5019">
    <p class='ocr_par' dir='ltr' id='par_1_101' title="bbox 2281 4952 3860 5019">
     <span class='ocr_line' id='line_1_101' title="bbox 2281 4952 3860 5019; baseline -0.006 0"><span class='ocrx_word' id='word_1_766' title='bbox 2281 4963 2632 5019; x_wconf 87' lang='lat' dir='ltr'><strong>internarium</strong></span> <span class='ocrx_word' id='word_1_767' title='bbox 2656 4977 2937 5015; x_wconf 88' lang='lat' dir='ltr'><strong>numerum</strong></span> <span class='ocrx_word' id='word_1_768' title='bbox 2962 4962 3056 5015; x_wconf 87' lang='lat' dir='ltr'><strong>has</strong></span> <span class='ocrx_word' id='word_1_769' title='bbox 3077 4952 3494 5016; x_wconf 74' lang='lat' dir='ltr'><strong>differentiarum</strong></span> <span class='ocrx_word' id='word_1_770' title='bbox 3526 4959 3860 5011; x_wconf 77' lang='lat' dir='ltr'><strong>diversitates</strong></span> 
     </span>
    </p>
   </div>
   <div class='ocr_carea' id='block_1_102' title="bbox 2286 5044 3863 5122">
    <p class='ocr_par' dir='ltr' id='par_1_102' title="bbox 2286 5044 3863 5122">
     <span class='ocr_line' id='line_1_102' title="bbox 2286 5044 3863 5122; baseline -0.006 -13"><span class='ocrx_word' id='word_1_771' title='bbox 2286 5053 2618 5122; x_wconf 82' lang='lat' dir='ltr'><strong>Porphyrius</strong></span> <span class='ocrx_word' id='word_1_772' title='bbox 2649 5050 2875 5117; x_wconf 83' lang='lat' dir='ltr'><strong>colligit,</strong></span> <span class='ocrx_word' id='word_1_773' title='bbox 2907 5048 3094 5120; x_wconf 86' lang='lat' dir='ltr'><strong>hisque</strong></span> <span class='ocrx_word' id='word_1_774' title='bbox 3120 5052 3232 5119; x_wconf 90' lang='lat' dir='ltr'><strong>ipse</strong></span> <span class='ocrx_word' id='word_1_775' title='bbox 3273 5052 3485 5103; x_wconf 88' lang='lat' dir='ltr'><strong>nomina</strong></span> <span class='ocrx_word' id='word_1_776' title='bbox 3518 5044 3709 5114; x_wconf 88' lang='lat' dir='ltr'><strong>quibus</strong></span> <span class='ocrx_word' id='word_1_777' title='bbox 3737 5053 3863 5114; x_wconf 88' lang='lat' dir='ltr'><strong>post</strong></span> 
     </span>
    </p>
   </div>
   <div class='ocr_carea' id='block_1_103' title="bbox 2282 5139 3859 5212">
    <p class='ocr_par' dir='ltr' id='par_1_103' title="bbox 2282 5139 3859 5212">
     <span class='ocr_line' id='line_1_103' title="bbox 2282 5139 3859 5212; baseline -0.005 -12"><span class='ocrx_word' id='word_1_778' title='bbox 2282 5154 2482 5210; x_wconf 84' lang='lat' dir='ltr'><strong>utatur,</strong></span> <span class='ocrx_word' id='word_1_779' title='bbox 2509 5144 2747 5212; x_wconf 91' lang='lat' dir='ltr'><strong>apponit,</strong></span> <span class='ocrx_word' id='word_1_780' title='bbox 2780 5143 2963 5198; x_wconf 86' lang='lat' dir='ltr'><strong>dicens</strong></span> <span class='ocrx_word' id='word_1_781' title='bbox 2994 5162 3004 5194; x_wconf 90' lang='lat'>:</span> <span class='ocrx_word' id='word_1_782' title='bbox 3044 5143 3226 5197; x_wconf 91' lang='lat' dir='ltr'><strong>Omnis</strong></span> <span class='ocrx_word' id='word_1_783' title='bbox 3257 5141 3549 5194; x_wconf 83' lang='lat' dir='ltr'><strong>differentia</strong></span> <span class='ocrx_word' id='word_1_784' title='bbox 3592 5139 3673 5191; x_wconf 88' lang='lat' dir='ltr'><strong>vel</strong></span> <span class='ocrx_word' id='word_1_785' title='bbox 3706 5152 3859 5192; x_wconf 86' lang='lat' dir='ltr'><strong>com-</strong></span> 
     </span>
    </p>
   </div>
   <div class='ocr_carea' id='block_1_104' title="bbox 2282 5234 3857 5305">
    <p class='ocr_par' dir='ltr' id='par_1_104' title="bbox 2282 5234 3857 5305">
     <span class='ocr_line' id='line_1_104' title="bbox 2282 5234 3857 5305; baseline -0.006 -10"><span class='ocrx_word' id='word_1_786' title='bbox 2282 5238 2519 5295; x_wconf 87' lang='lat' dir='ltr'><strong>muniter</strong></span> <span class='ocrx_word' id='word_1_787' title='bbox 2549 5236 2630 5290; x_wconf 85' lang='lat' dir='ltr'><strong>vel</strong></span> <span class='ocrx_word' id='word_1_788' title='bbox 2671 5234 2905 5305; x_wconf 88' lang='lat' dir='ltr'><strong>propria,</strong></span> <span class='ocrx_word' id='word_1_789' title='bbox 2937 5235 3018 5289; x_wconf 90' lang='lat' dir='ltr'><strong>vel</strong></span> <span class='ocrx_word' id='word_1_790' title='bbox 3051 5235 3217 5301; x_wconf 71' lang='lat' dir='ltr'><strong>magis</strong></span> <span class='ocrx_word' id='word_1_791' title='bbox 3255 5234 3465 5301; x_wconf 82' lang='lat' dir='ltr'><strong>propria</strong></span> <span class='ocrx_word' id='word_1_792' title='bbox 3497 5239 3857 5299; x_wconf 88' lang='lat' dir='ltr'><strong>nuncupatur.</strong></span> 
     </span>
    </p>
   </div>
   <div class='ocr_carea' id='block_1_105' title="bbox 2280 5322 3861 5398">
    <p class='ocr_par' dir='ltr' id='par_1_105' title="bbox 2280 5322 3861 5398">
     <span class='ocr_line' id='line_1_105' title="bbox 2280 5322 3861 5398; baseline -0.004 -12"><span class='ocrx_word' id='word_1_793' title='bbox 2280 5329 2649 5387; x_wconf 87' lang='lat' dir='ltr'><strong>Communiter</strong></span> <span class='ocrx_word' id='word_1_794' title='bbox 2679 5328 2892 5398; x_wconf 89' lang='lat' dir='ltr'><strong>quidem</strong></span> <span class='ocrx_word' id='word_1_795' title='bbox 2922 5341 3039 5382; x_wconf 88' lang='lat' dir='ltr'><strong>eam</strong></span> <span class='ocrx_word' id='word_1_796' title='bbox 3083 5322 3433 5379; x_wconf 81' lang='lat' dir='ltr'><strong>differentiam</strong></span> <span class='ocrx_word' id='word_1_797' title='bbox 3476 5336 3692 5378; x_wconf 86' lang='lat' dir='ltr'><strong>sumens</strong></span> <span class='ocrx_word' id='word_1_798' title='bbox 3724 5339 3861 5394; x_wconf 77' lang='lat' dir='ltr'><strong>qum</strong></span> 
     </span>
    </p>
   </div>
   <div class='ocr_carea' id='block_1_106' title="bbox 2281 5414 3858 5495">
    <p class='ocr_par' dir='ltr' id='par_1_106' title="bbox 2281 5414 3858 5495">
     <span class='ocr_line' id='line_1_106' title="bbox 2281 5414 3858 5495; baseline -0.011 -15"><span class='ocrx_word' id='word_1_799' title='bbox 2281 5424 2552 5495; x_wconf 90' lang='lat' dir='ltr'><strong>quodlibet</strong></span> <span class='ocrx_word' id='word_1_800' title='bbox 2586 5421 2830 5477; x_wconf 90' lang='lat' dir='ltr'><strong>accidens</strong></span> <span class='ocrx_word' id='word_1_801' title='bbox 2864 5424 3200 5482; x_wconf 86' lang='lat' dir='ltr'><strong>monstraret,</strong></span> <span class='ocrx_word' id='word_1_802' title='bbox 3236 5431 3355 5485; x_wconf 85' lang='lat' dir='ltr'><strong>quae</strong></span> <span class='ocrx_word' id='word_1_803' title='bbox 3384 5414 3437 5471; x_wconf 90' lang='lat' dir='ltr'><strong>in</strong></span> <span class='ocrx_word' id='word_1_804' title='bbox 3459 5416 3687 5487; x_wconf 81' lang='lat' dir='ltr'><strong>quadam</strong></span> <span class='ocrx_word' id='word_1_805' title='bbox 3721 5418 3858 5470; x_wconf 77' lang='lat' dir='ltr'><strong>alte.</strong></span> 
     </span>
    </p>
   </div>
   <div class='ocr_carea' id='block_1_107' title="bbox 2284 5509 3859 5581">
    <p class='ocr_par' dir='ltr' id='par_1_107' title="bbox 2284 5509 3859 5581">
     <span class='ocr_line' id='line_1_107' title="bbox 2284 5509 3859 5581; baseline -0.008 -6"><span class='ocrx_word' id='word_1_806' title='bbox 2284 5521 2441 5575; x_wconf 88' lang='lat' dir='ltr'><strong>ritate</strong></span> <span class='ocrx_word' id='word_1_807' title='bbox 2471 5517 2733 5581; x_wconf 85' lang='lat' dir='ltr'><strong>consistit,</strong></span> <span class='ocrx_word' id='word_1_808' title='bbox 2762 5523 2819 5569; x_wconf 90' lang='lat' dir='ltr'><strong>ut</strong></span> <span class='ocrx_word' id='word_1_809' title='bbox 2845 5514 2890 5570; x_wconf 91' lang='lat' dir='ltr'><strong>si</strong></span> <span class='ocrx_word' id='word_1_810' title='bbox 2913 5512 3062 5567; x_wconf 83' lang='lat' dir='ltr'><strong>Plato</strong></span> <span class='ocrx_word' id='word_1_811' title='bbox 3083 5525 3112 5564; x_wconf 92' lang='lat' dir='ltr'><strong>a</strong></span> <span class='ocrx_word' id='word_1_812' title='bbox 3129 5511 3349 5566; x_wconf 87' lang='lat' dir='ltr'><strong>Socrate</strong></span> <span class='ocrx_word' id='word_1_813' title='bbox 3373 5511 3580 5565; x_wconf 65' lang='lat' dir='ltr'><strong>rl‘ti&#39;uat</strong></span> <span class='ocrx_word' id='word_1_814' title='bbox 3606 5511 3747 5580; x_wconf 91' lang='lat' dir='ltr'><strong>quod</strong></span> <span class='ocrx_word' id='word_1_815' title='bbox 3773 5509 3859 5563; x_wconf 87' lang='lat' dir='ltr'><strong>ille</strong></span> 
     </span>
    </p>
   </div>
   <div class='ocr_carea' id='block_1_108' title="bbox 2284 5601 3859 5671">
    <p class='ocr_par' dir='ltr' id='par_1_108' title="bbox 2284 5601 3859 5671">
     <span class='ocr_line' id='line_1_108' title="bbox 2284 5601 3859 5671; baseline -0.008 -6"><span class='ocrx_word' id='word_1_816' title='bbox 2284 5612 2471 5667; x_wconf 82' lang='lat' dir='ltr'><strong>sedeat</strong></span> <span class='ocrx_word' id='word_1_817' title='bbox 2502 5610 2585 5664; x_wconf 92' lang='lat' dir='ltr'><strong>hic</strong></span> <span class='ocrx_word' id='word_1_818' title='bbox 2617 5606 2871 5671; x_wconf 88' lang='lat' dir='ltr'><strong>ambulet,</strong></span> <span class='ocrx_word' id='word_1_819' title='bbox 2902 5603 2983 5658; x_wconf 89' lang='lat' dir='ltr'><strong>vel</strong></span> <span class='ocrx_word' id='word_1_820' title='bbox 3012 5601 3153 5671; x_wconf 90' lang='lat' dir='ltr'><strong>quod</strong></span> <span class='ocrx_word' id='word_1_821' title='bbox 3182 5601 3272 5658; x_wconf 90' lang='lat' dir='ltr'><strong>ille</strong></span> <span class='ocrx_word' id='word_1_822' title='bbox 3300 5617 3489 5664; x_wconf 74' lang='lat' dir='ltr'><strong>senex,</strong></span> <span class='ocrx_word' id='word_1_823' title='bbox 3526 5603 3612 5657; x_wconf 81' lang='lat' dir='ltr'><strong>hic</strong></span> <span class='ocrx_word' id='word_1_824' title='bbox 3636 5616 3763 5656; x_wconf 90' lang='lat' dir='ltr'><strong>vero</strong></span> <span class='ocrx_word' id='word_1_825' title='bbox 3793 5602 3859 5654; x_wconf 87' lang='lat' dir='ltr'><strong>sit</strong></span> 
     </span>
    </p>
   </div>
   <div class='ocr_carea' id='block_1_109' title="bbox 2276 5693 3857 5773">
    <p class='ocr_par' dir='ltr' id='par_1_109' title="bbox 2276 5693 3857 5773">
     <span class='ocr_line' id='line_1_109' title="bbox 2276 5693 3857 5773; baseline -0.01 -16"><span class='ocrx_word' id='word_1_826' title='bbox 2276 5702 2528 5773; x_wconf 87' lang='lat' dir='ltr'><strong>juvenis;</strong></span> <span class='ocrx_word' id='word_1_827' title='bbox 2579 5714 2607 5754; x_wconf 88' lang='lat' dir='ltr'><strong>a</strong></span> <span class='ocrx_word' id='word_1_828' title='bbox 2636 5700 2811 5767; x_wconf 71' lang='lat' dir='ltr'><strong>seipso</strong></span> <span class='ocrx_word' id='word_1_829' title='bbox 2838 5695 2996 5751; x_wconf 90' lang='lat' dir='ltr'><strong>etiam</strong></span> <span class='ocrx_word' id='word_1_830' title='bbox 3025 5707 3168 5749; x_wconf 69' lang='lat' dir='ltr'><strong>smne</strong></span> <span class='ocrx_word' id='word_1_831' title='bbox 3199 5693 3387 5763; x_wconf 79' lang='lat' dir='ltr'><strong>aliquis</strong></span> <span class='ocrx_word' id='word_1_832' title='bbox 3419 5693 3633 5747; x_wconf 66' lang='lat' dir='ltr'><strong>ditferre</strong></span> <span class='ocrx_word' id='word_1_833' title='bbox 3664 5699 3857 5759; x_wconf 87' lang='lat' dir='ltr'><strong>potest,</strong></span> 
     </span>
    </p>
   </div>
   <div class='ocr_carea' id='block_1_110' title="bbox 2283 5780 3856 5857">
    <p class='ocr_par' dir='ltr' id='par_1_110' title="bbox 2283 5780 3856 5857">
     <span class='ocr_line' id='line_1_110' title="bbox 2283 5780 3856 5857; baseline -0.01 -10"><span class='ocrx_word' id='word_1_834' title='bbox 2283 5802 2338 5847; x_wconf 90' lang='lat' dir='ltr'><strong>ut</strong></span> <span class='ocrx_word' id='word_1_835' title='bbox 2372 5792 2414 5844; x_wconf 92' lang='lat' dir='ltr'><strong>si</strong></span> <span class='ocrx_word' id='word_1_836' title='bbox 2448 5806 2587 5845; x_wconf 71' lang='lat' dir='ltr'><strong>nunc</strong></span> <span class='ocrx_word' id='word_1_837' title='bbox 2615 5788 2831 5857; x_wconf 89' lang='lat' dir='ltr'><strong>quidem</strong></span> <span class='ocrx_word' id='word_1_838' title='bbox 2862 5784 3022 5840; x_wconf 82' lang='lat' dir='ltr'><strong>faciat</strong></span> <span class='ocrx_word' id='word_1_839' title='bbox 3046 5784 3243 5856; x_wconf 88' lang='lat' dir='ltr'><strong>aliquid</strong></span> <span class='ocrx_word' id='word_1_840' title='bbox 3274 5799 3396 5839; x_wconf 89' lang='lat' dir='ltr'><strong>cum</strong></span> <span class='ocrx_word' id='word_1_841' title='bbox 3422 5794 3544 5836; x_wconf 85' lang='lat' dir='ltr'><strong>ante</strong></span> <span class='ocrx_word' id='word_1_842' title='bbox 3574 5780 3856 5849; x_wconf 84' lang='lat' dir='ltr'><strong>quieverit,</strong></span> 
     </span>
    </p>
   </div>
   <div class='ocr_carea' id='block_1_111' title="bbox 2284 5872 3856 5946">
    <p class='ocr_par' dir='ltr' id='par_1_111' title="bbox 2284 5872 3856 5946">
     <span class='ocr_line' id='line_1_111' title="bbox 2284 5872 3856 5946; baseline -0.008 -9"><span class='ocrx_word' id='word_1_843' title='bbox 2284 5885 2366 5937; x_wconf 88' lang='lat' dir='ltr'><strong>vel</strong></span> <span class='ocrx_word' id='word_1_844' title='bbox 2398 5883 2443 5937; x_wconf 91' lang='lat' dir='ltr'><strong>si</strong></span> <span class='ocrx_word' id='word_1_845' title='bbox 2474 5894 2614 5936; x_wconf 91' lang='lat' dir='ltr'><strong>nunc</strong></span> <span class='ocrx_word' id='word_1_846' title='bbox 2643 5878 2952 5933; x_wconf 88' lang='lat' dir='ltr'><strong>adolescens</strong></span> <span class='ocrx_word' id='word_1_847' title='bbox 2980 5878 3088 5946; x_wconf 86' lang='lat' dir='ltr'><strong>jam</strong></span> <span class='ocrx_word' id='word_1_848' title='bbox 3126 5876 3297 5931; x_wconf 87' lang='lat' dir='ltr'><strong>factus</strong></span> <span class='ocrx_word' id='word_1_849' title='bbox 3323 5875 3412 5941; x_wconf 80' lang='lat' dir='ltr'><strong>sit,</strong></span> <span class='ocrx_word' id='word_1_850' title='bbox 3441 5887 3562 5927; x_wconf 90' lang='lat' dir='ltr'><strong>cum</strong></span> <span class='ocrx_word' id='word_1_851' title='bbox 3601 5872 3751 5940; x_wconf 84' lang='lat' dir='ltr'><strong>prius</strong></span> <span class='ocrx_word' id='word_1_852' title='bbox 3779 5878 3856 5925; x_wconf 84' lang='lat' dir='ltr'><strong>te-</strong></span> 
     </span>
    </p>
   </div>
  </div>
