4244 6254
325 465 425 522 H7

1218 466 1285 522 IN
1320 462 1763 522 POBPHYRIUM
1800 459 2451 520 COMMENTARIORUM
2490 461 2619 517 LIB.
2663 462 2749 516 IV.

3485 438 3621 519 iis

316 604 451 674 nera
498 591 725 648 vixisset
754 591 987 646 infantia.
1028 590 1354 645 Communes
1379 596 1556 642 autem
1585 584 1902 641 differentia:
1930 583 2175 653 Amagis
2223 581 2452 650 propriis
2501 593 2628 634 vero
2672 578 2963 634 secundum
3007 595 3176 651 genus
3227 594 3289 635 ac
3331 581 3588 649 speciem.

327 696 654 757 nuncupata:
681 694 826 752 sunt,
857 686 1105 755 quoniam
1144 686 1336 739 nullius
1365 683 1593 753 propria:
1618 692 1738 737 esse
1779 692 1903 747 pos-

325 787 459 843 sunt
498 777 832 842 differentiae,
868 783 925 832 et
956 791 1078 846 qua:
1117 773 1439 845 separabilia
1467 771 1760 827 accidentia
1788 767 1903 824 sola

325 863 647 941 significant.
678 870 809 925 Nam
838 878 895 925 et
919 877 1065 923 stare
1095 876 1148 924 et
1174 868 1363 923 sedere
1392 875 1446 922 et
1483 864 1661 919 facere
1703 859 1902 931 aliquid

324 977 391 1019 ac
427 979 533 1019 non
565 962 768 1029 facere,
795 961 1087 1017 multorum
1116 970 1277 1031 atque
1305 958 1439 1014 adeo
1486 956 1724 1012 omnium
1755 962 1899 1020 sunt,

322 1064 379 1111 et
402 1054 718 1125 separabilia
747 1068 869 1110 esse
893 1052 1185 1109 accidentia
1207 1050 1548 1107 manifestum
1570 1057 1672 1105 est.
1698 1047 1901 1114 Quibus

322 1149 370 1213 si
398 1162 501 1219 qua
529 1145 810 1213 diﬂ‘erunt,
841 1146 1215 1202 communibus
1243 1143 1559 1201 differentiis
1584 1142 1787 1197 distare
1819 1139 1902 1193 di-

319 1253 531 1299 cuntur.
585 1242 856 1299 Prteterea
905 1255 1128 1311 puerum
1170 1253 1290 1295 esse
1318 1250 1477 1309 atque
1505 1236 1899 1292 adolescentem

321 1336 405 1392 vel
427 1348 633 1393 senem.
659 1348 722 1389 ea
746 1347 959 1405 quoque
989 1332 1254 1388 veraciter
1275 1328 1593 1401 separabilia
1613 1333 1739 1382 sunt
1759 1324 1900 1381 acci-

318 1426 523 1483 dentia.
544 1426 678 1483 Nam
693 1440 763 1481 ex
785 1423 1015 1494 pueritia
1035 1423 1107 1478 ad
1130 1422 1567 1489 adolescentiam,
1598 1428 1757 1489 atque
1777 1418 1904 1475 hinc

318 1519 389 1576 ad
414 1532 565 1575 εθιιω
583 1527 776 1584 tutem,
797 1517 864 1572 ab
894 1517 991 1571 hac
1015 1517 1250 1586 denique
1289 1516 1355 1571 ad
1384 1514 1708 1585 decrepitam
1738 1526 1903 1582 usque

320 1619 562 1676 aetatem,
594 1617 803 1665 natura:
831 1610 993 1679 ipsius
1015 1611 1335 1666 necessitate
1364 1608 1747 1678 progredimur.
1772 1605 1900 1661 Illud

320 1702 552 1758 forsitan
576 1702 650 1755 sit
674 1700 965 1757 dubitabile
991 1701 1059 1756 de
1082 1702 1497 1771 uniuscujusque
1518 1700 1688 1755 forma
1709 1713 1898 1768 corpo-

317 1794 415 1858 ris,
463 1810 533 1848 an
561 1796 670 1848 ullo
696 1795 856 1849 modo
884 1795 1120 1864 separari
1145 1804 1321 1862 queat.
1352 1794 1458 1849 Sed
1487 1809 1546 1847 ea
1578 1806 1788 1863 quoque
1817 1800 1899 1847 est

320 1886 637 1959 separabilis
667 1885 859 1953 forma,
908 1886 1106 1940 nullius
1131 1888 1273 1941 enim
1302 1885 1552 1940 diuturna
1580 1898 1645 1940 ac
1689 1884 1899 1939 stabilis

2083 671 2452 728 Universalitcr
2478 686 2600 743 ergo
2644 672 2807 724 omnis
2838 671 3127 738 differentia
3155 673 3424 726 alteratum
3457 676 3582 742 facit

2008 766 2210 820 cuilibet
2245 765 2535 830 adveniens,
2583 763 2671 817 sed
2700 780 2759 816 ea
2792 779 2907 833 qua:
2939 774 3011 817 est
3038 766 3368 818 communiter
3399 776 3443 818 et
3468 783 3589 835 pro-

2004 856 2133 927 prie,
2168 856 2436 909 alteratum
2459 854 2614 923 facit:
2636 851 2729 904 illa
2756 862 2922 904 autem
2945 868 3059 922 qua:
3078 862 3149 905 est
3173 855 3332 924 magis
3360 855 3584 923 praprie,
3624 836 3625 839 η

2003 944 2168 1001 aliud.
2204 943 2622 1011 Di/ferentiarum
2644 943 2799 1004 enim,
2830 944 2948 997 alia:
2975 943 3178 1009 quidem
3202 942 3470 997 alteratum
3503 947 3585 1008 fa-

2004 1039 2166 1102 ciunt,
2198 1037 2313 1091 alia:
2341 1053 2454 1090 vero
2484 1037 2649 1090 aliud.
2707 1034 2828 1089 Illae
2857 1034 3013 1107 igitur
3036 1050 3149 1105 qua:
3189 1035 3381 1105 faciunt
3416 1037 3584 1103 aliud,

2002 1125 2253 1197 speciﬁca:
2280 1134 2547 1191 vocantur,
2580 1125 2685 1179 illa:
2704 1142 2821 1179 vero
2847 1141 2961 1195 qua:
2978 1124 3269 1190 alteratum,
3295 1127 3588 1196 simpliciter

2003 1216 2344 1286 differentiis:
2376 1217 2595 1270 animali
2645 1217 2777 1269 enim
2805 1216 3072 1270 rationalis
3102 1214 3392 1281 differentia
3429 1216 3585 1268 adve-

2002 1310 2147 1365 niens
2172 1307 2319 1363 aliud
2343 1308 2491 1379 facit,
2524 1318 2571 1363 et
2620 1309 2841 1377 speciem
2870 1308 3109 1361 animalis
3134 1306 3279 1376 facit.
3322 1304 3431 1359 Illa
3471 1321 3588 1360 vero

2002 1418 2115 1473 qua:
2144 1412 2215 1457 est
2246 1402 2498 1469 movendi,
2530 1402 2801 1455 alteralum
2832 1402 2952 1470 facit
2996 1418 3028 1453 a
3061 1399 3364 1468 quiescente.
3414 1397 3588 1463 Quare

2001 1498 2112 1555 hac
2133 1499 2336 1568 quidem
2365 1499 2531 1568 aliud,
2560 1500 2653 1553 illa
2676 1515 2789 1552 vero
2815 1501 3087 1553 alteratum
3116 1498 3281 1551 solum
3298 1485 3442 1569 facit.

2077 1591 2264 1646 Omnis
2318 1589 2614 1646 differentia
2668 1589 2892 1645 alterius
2938 1592 3006 1645 ab
3053 1590 3221 1643 altero
3272 1588 3584 1643 distantiam

2002 1681 2149 1738 facit.
2183 1681 2290 1739 Sed
2313 1681 2427 1738 hasc
2453 1699 2570 1753 qua:
2594 1680 2724 1737 facit
2746 1681 3048 1749 alteratum,
3074 1683 3157 1735 vel
3180 1691 3263 1736 est
3287 1683 3586 1735 communis
3618 1664 3623 1677 ⁷

2000 1776 2083 1831 vel
2113 1776 2395 1831 continens
2420 1776 2501 1829 vel
2531 1790 2651 1829 cum
2673 1774 2903 1843 quodam
2932 1775 3148 1845 pr0prio
3177 1784 3231 1830 et
3265 1774 3433 1844 magis
3464 1790 3587 1843 pro-
3611 1776 3616 1780 ’

2003 1869 2119 1937 prio
2150 1866 2571 1922 diﬂerentiarum
2628 1866 2809 1932 modo,
2842 1882 3008 1936 quare
3054 1866 3309 1937 quidquid
3353 1866 3589 1935 qualibet

319 1954 487 2035 forma
510 1979 786 2048 perdurat.
805 1979 1008 2034 Idcirco
1024 1994 1124 2035 nec
1147 1979 1457 2049 peregrinus
1480 1989 1632 2049 pater
1651 1979 1894 2035 relictum
1928 1954 1978 2018 B
2006 1960 2214 2014 ratione
2236 1960 2301 2014 ab
2324 1959 2428 2013 alio
2458 1958 2728 2014 diversum
2762 1969 2865 2025 est,
2910 1959 3191 2014 alteralunt
3222 1973 3341 2014 esse
3370 1958 3584 2013 dicitur.

319 2071 463 2131 domi
492 2085 739 2141 puerum,
767 2072 813 2125 si
838 2070 1235 2127 adolescentem
1260 2073 1429 2127 redux
1460 2073 1675 2140 viderit,
1722 2080 1899 2142 potest

318 2175 611 2233 agnoscere
633 2179 649 2216 :
677 2162 843 2218 forma
870 2161 1013 2218 enim
1032 2176 1248 2233 semper
1267 2178 1387 2234 qua;
1408 2174 1530 2219 ante
1556 2163 1747 2230 fuerat,
1778 2178 1899 2232 per-

320 2262 579 2322 mutatur,
609 2263 772 2324 atque
800 2256 915 2325 ipsa
940 2256 1181 2310 alteritas
1207 2270 1308 2325 qua
1333 2256 1594 2312 distamus
1631 2257 1701 2311 ab
1728 2256 1897 2311 altera

318 2361 532 2418 semper
575 2347 789 2405 diversa
821 2357 919 2404 est.
952 2347 1173 2404 Constat
1200 2350 1360 2421 igitur
1392 2351 1527 2405 hanc
1557 2366 1895 2405 communem

318 2441 674 2497 differentiam
706 2442 1093 2513 separabilibus
1140 2445 1370 2499 maxime
1403 2444 1770 2499 accidentibus
1797 2458 1894 2514 ap-

320 2535 526 2606 plicari,
571 2536 786 2605 propria
817 2546 949 2591 vero
975 2545 1058 2591 est
1081 2550 1202 2607 qua:
1231 2537 1609 2607 inseparabilia
1634 2534 1900 2605 significat

318 2625 638 2682 accidentia.
674 2627 749 2682 Ea
779 2626 1085 2697 huiusmodi
1111 2637 1235 2682 sunt
1257 2637 1315 2681 ut
1344 2627 1391 2681 si
1442 2627 1562 2697 quis
1588 2626 1764 2683 caesiis
1804 2642 1901 2681 na-

316 2725 503 2775 scatur
526 2719 720 2786 oculis,
749 2718 795 2773 si
827 2720 946 2789 quis
974 2721 1201 2774 incurvo
1231 2732 1398 2774 naso:
1430 2720 1555 2773 dum
1585 2719 1727 2773 enim
1751 2718 1902 2773 adest

318 2827 480 2868 nasus
506 2822 667 2883 atque
706 2813 864 2879 oculi,
896 2814 987 2868 ille
1034 2813 1249 2879 caesius,
1300 2813 1389 2867 ille
1437 2826 1650 2880 semper
1671 2812 1773 2866 erit
1811 2800 1894 2865 in-

318 2916 541 2972 curvus,
571 2912 731 2973 atque
758 2903 859 2960 hoc
889 2918 983 2974 per
1025 2914 1290 2959 naturam.
1323 2905 1457 2961 Sunt
1496 2918 1621 2959 vero
1648 2904 1748 2957 alia
1778 2917 1899 2973 qua!

324 3008 425 3065 per
454 2995 703 3051 accidens
730 2997 1042 3067 corporibus
1074 2997 1225 3063 fiunt,
1258 3004 1315 3051 ut
1353 2996 1398 3050 si
1434 2997 1518 3051 cui
1548 2995 1734 3050 vulnus
1764 2994 1903 3050 infli-

320 3100 465 3148 ctum
515 3089 769 3145 cicatrice
817 3088 978 3143 fuerit
1019 3088 1328 3154 obductum,
1363 3087 1465 3143 hoc
1507 3087 1551 3141 si
1589 3087 1919 3143 occalluerit‘

318 3183 587 3253 propriam
626 3180 981 3237 differentiam
1035 3180 1159 3235 facit
1193 3198 1205 3234 :
1237 3178 1455 3235 distabit
1482 3179 1625 3234 enim
1670 3180 1806 3234 alter
1833 3179 1901 3233 ab

2002 2050 2058 2107 Si
2092 2065 2216 2105 vero
2244 2049 2535 2104 accesserit
2583 2050 2657 2105 illi
2688 2049 3012 2115 diversitati,
3058 2060 3113 2104 ut
3149 2051 3309 2106 etiam
3339 2050 3587 2117 Specilica

2001 2142 2229 2212 quadam
2251 2138 2551 2195 differentia
2568 2140 2639 2194 sit
2656 2140 2948 2204 diversum,
2965 2155 3070 2194 non
3089 2143 3365 2194 alteratum
3390 2140 3583 2204 solum,
3618 2204 3619 2207 η

2000 2249 2185 2289 verum
2216 2233 2376 2288 etiam
2400 2232 2542 2287 aliud
2588 2246 2705 2286 esse
2737 2231 3076 2300 przedicatur.
3126 2232 3381 2285 AIlL‘I'aIIO
3428 2232 3621 2299 igitur~

2003 2328 2287 2383 continens
2314 2337 2419 2394 est,
2450 2326 2591 2380 aliud
2644 2340 2771 2380 vero
2804 2326 2942 2378 intra
2980 2325 3313 2395 alteratiOnis
3355 2325 3586 2391 spatium
3614 2378 3619 2383 ,

2002 2421 2335 2485 continetur;
2376 2419 2535 2488 igitur
2573 2432 2733 2473 omne
2780 2418 2922 2487 quod
2967 2418 3108 2472 aliud
3153 2428 3256 2487 est,
3303 2419 3616 2480 alteratum,

2001 2520 2107 2579 est,
2131 2512 2225 2568 sed
2258 2527 2360 2566 non
2383 2526 2541 2567 omne
2572 2512 2711 2581 quod
2742 2511 3025 2565 alteratum
3056 2521 3160 2575 est,
3188 2512 3327 2566 aliud
3357 2512 3460 2566 dici
3493 2528 3587 2581 po-
3613 2565 3616 2569 ,

2004 2613 2130 2659 test.
2164 2605 2346 2674 ltaque
2381 2605 2427 2657 si
2454 2603 2816 2659 accidentibus
2845 2602 3113 2673 aliquibus
3142 2604 3301 2658 fuerit
3336 2604 3471 2658 facta
3507 2586 3619 2658 di?

2002 2697 2251 2763 versitas,
2300 2695 2581 2751 alteratum
2611 2694 2827 2766 quidem
2873 2696 3120 2750 eliectum
3169 2703 3270 2750 est.
3321 2677 3619 2762 Quoniam:

2003 2788 2220 2858 quidem
2252 2788 2489 2858 quolibet
2510 2787 2692 2853 modo,
2724 2787 2807 2841 vel
2832 2800 2901 2840 ex
2925 2785 3586 2855 quibuslibetdaflerentiis

2004 2882 2337 2938 considerata
2358 2882 2643 2937 diversitas
2657 2879 3030 2935 alterationem
3043 2878 3424 2947 facitintelligi,
3439 2880 3581 2933 aliud
3610 2928 3613 2931 .

2005 2990 2138 3031 vero
2191 2988 2295 3028 non
2338 2974 2430 3042 fit,
2480 2974 2583 3029 nisi
2623 2970 2963 3025 substantiali
3012 2967 3311 3024 differentia
3357 2972 3586 3024 alterum

2005 3070 2073 3137 ab
2102 3069 2274 3125 altero
2325 3066 2485 3122 fuerit
2532 3065 2897 3120 dissociatum.
2944 3063 3126 3134 Itaque
3169 3075 3481 3116 communes
3531 3071 3587 3117 et

2007 3159 2239 3232 propriae
2265 3157 2597 3219 differentiae,
2624 3155 2876 3225 quoniam
2895 3152 3250 3209 accidentium
3275 3152 3361 3223 (ut
3382 3151 3585 3205 dictum
3606 3204 3611 3213 ,

316 3245 491 3330 alte-ro
528 3273 668 3343 quod
699 3272 785 3328 hic
810 3271 1116 3326 cicatricem
1148 3270 1361 3337 habeat,
1388 3271 1474 3325 ille
1496 3284 1624 3325 vero
1653 3270 1896 3336 minime,
1937 3335 1946 3343 Α

2008 3252 2111 3323 est)
2141 3259 2265 3308 sunt
2300 3266 2417 3320 qua:
2459 3248 2631 3305 solum
2659 3247 2894 3303 efﬁciunt
2920 3247 3228 3311 alteratum,
3273 3245 3416 3299 aliud
3458 3260 3611 3301 vero.

316 3375 697 3437 postremoque
731 3365 783 3418 in
829 3362 913 3418 his
958 3362 1207 3418 omnibus
1232 3362 1313 3416 vel
1346 3361 1731 3431 separabilibus
1760 3360 1899 3415 acci-
1927 3335 1946 3397 ί

2005 3345 2225 3401 minime
2252 3332 2454 3413 zmagis
2476 3351 2653 3397 autem
2682 3342 2932 3411 propriae,
2959 3342 3213 3412 quoniam
3234 3341 3585 3396 substantiam
3606 3394 3611 3401 ,

317 3457 566 3513 dentibus
589 3455 674 3511 vel
704 3453 1175 3524 inseparabilibus,
1204 3452 1303 3506 alia
1336 3456 1457 3506 sunt
1485 3452 1798 3507 naturaliter
1817 3466 1899 3507 ac-

316 3549 578 3615 cidentia,
633 3549 735 3603 alia
786 3548 1144 3603 extrinsecus.
1200 3544 1523 3599 Naturaliter
1572 3544 1786 3615 quidem
1838 3552 1898 3600 ut

317 3641 544 3709 pueritia
574 3639 659 3695 vel
690 3639 939 3709 juventus
965 3645 1017 3692 et
1049 3637 1210 3692 totius
1239 3636 1591 3693 conformatio
1629 3639 1893 3707 corporis.

318 3732 514 3803 Sicque
559 3730 706 3787 caesii
750 3730 910 3795 oculi,
954 3737 1009 3785 et
1054 3729 1291 3784 curvitas
1332 3729 1469 3795 nasi,
1520 3737 1574 3784 et
1621 3731 1898 3799 superiora

319 3825 536 3893 quidem
566 3821 811 3889 exempla
841 3818 1151 3888 separabilis
1187 3818 1477 3876 accidentis
1520 3833 1614 3889 per
1652 3831 1896 3877 naturam

322 3924 471 3981 sunt,
502 3900 796 3983 posteriora
842 3926 972 3966 vero
1000 3912 1366 3981 inseparabilis
1412 3911 1723 3968 accidentis.
1769 3914 1896 3968 Item

323 4005 662 4062 extrinsecus
688 4003 770 4059 vel
799 4003 1087 4068 ambulare,
1114 4005 1197 4059 vel
1240 4019 1459 4061 currere
1486 4023 1497 4057 :
1530 4004 1597 4059 id‘
1620 4004 1761 4060 enim
1793 4020 1898 4060 non

322 4107 535 4163 natura,
571 4095 666 4152 sed
691 4095 803 4151 sola
832 4095 988 4151 affert
1010 4096 1269 4153 voluntas.
1304 4096 1502 4152 Natura
1532 4111 1658 4153 vero
1694 4105 1897 4152 tantum

321 4205 480 4263 posse
500 4188 650 4245 dedit
679 4204 781 4244 non
806 4190 964 4243 etiam
988 4188 1184 4255 facere,
1217 4201 1374 4262 atque
1402 4191 1517 4244 haec
1541 4198 1665 4243 sunt
1685 4203 1900 4259 separa-

322 4280 456 4340 biles
480 4272 773 4337 accidentis
802 4279 1137 4335 extrinsecus
1180 4278 1440 4334 venientis
1486 4280 1753 4351 exempla.
1805 4279 1900 4335 Illa
1968 4330 1971 4334 .

1923 4356 1928 4361 “
2002 4354 2293 4411 rentiarum
2323 4352 2443 4407 alia:
2472 4352 2761 4407 alteratunt
2790 4351 3014 4418 faciunt,
3042 4353 3162 4409 alia:
3188 4367 3317 4408 vero
3346 4351 3509 4414 aliud,
3532 4360 3603 4404 et.

323 4387 449 4430 vero
489 4372 866 4442 inseparabilis
896 4370 1189 4426 accidentis
1239 4371 1593 4437 extrinsecus,
1627 4382 1685 4427 ut
1722 4371 1766 4427 si
1793 4388 1899 4444 qua

324 4465 541 4523 cicatrix
580 4464 809 4521 obducta
848 4464 1053 4519 vulneri
1093 4463 1423 4519 occalluerit.
1464 4463 1628 4535 Magis
1670 4467 1901 4535 propria:

326 4568 501 4615 autem
540 4556 857 4613 differentiae
901 4556 1278 4627 prmdicantur,
1320 4574 1439 4626 qua:
1485 4573 1589 4612 non
1626 4557 1898 4624 accidens,

326 4650 419 4706 sed
450 4649 795 4705 substantiam
830 4646 1084 4717 formant,
1115 4659 1171 4704 ut
1212 4648 1440 4706 hominis
1470 4651 1857 4706 rationabilitas
1884 4670 1894 4704 :
1926 4702 1949 4717 _,

2006 3444 2191 3493 tenent
2221 3445 2275 3489 et
2308 3435 2360 3488 in
2398 3434 2622 3504 subjecti
2649 3433 2817 3487 forma
2849 3433 3229 3503 praedicantur,
3274 3447 3381 3487 non
3426 3433 3587 3488 modo

2002 3532 2287 3587 alteratum
2317 3528 2455 3599 quod
2484 3537 2568 3585 est
2593 3541 2897 3593 commune,
2928 3534 2984 3582 et
3010 3524 3346 3582 substantiali
3366 3534 3422 3580 et
3446 3527 3589 3581 acci-

2003 3623 2203 3679 dentali
2230 3620 2567 3687 differentia,
2598 3618 2692 3675 sed
2717 3618 2879 3674 etiam
2910 3618 3055 3672 aliud
3084 3616 3305 3685 faciunt,
3339 3616 3481 3687 quod
3524 3632 3610 3673 ea.

2002 3716 2115 3771 sola
2146 3714 2338 3769 retinet
2357 3711 2673 3775 differentia,
2701 3725 2822 3781 qua:
2841 3708 3189 3765 substantiam
3211 3709 3450 3765 continet
3475 3710 3586 3766 lor-

2002 3821 2252 3875 mamque
2281 3803 2526 3875 subjecti.
2560 3803 2733 3872 Atque
2760 3802 2845 3857 hac
2873 3801 3088 3872 quidem
3118 3800 3436 3858 dilicrentia:
3469 3816 3588 3872 qua:

2001 3896 2197 3951 faciunt
2230 3895 2395 3960 aliud,
2424 3894 2690 3964 specificai
2717 3902 3096 3963 nuncupantur
3122 3893 3326 3949 idcirco
3342 3893 3485 3963 quod
3508 3893 3590 3948 ef-

2002 3984 2189 4039 ficiunt
2218 3986 2473 4054 speciem,
2503 3997 2681 4052 quam,
2723 3996 2844 4037 cum
2876 3982 3316 4037 substantialibus
3337 3982 3588 4039 differen-

2004 4080 2093 4134 tiis
2115 4076 2541 4143 informaverint,
2573 4074 2773 4129 faciunt
2802 4074 2869 4128 ab
2897 4073 3019 4127 aliis
3048 4075 3116 4128 ita
3146 4088 3267 4129 esse
3292 4074 3585 4139 diversam,

2001 4181 2063 4228 ut
2102 4186 2207 4227 non
2254 4170 2497 4224 alterum.
2531 4167 2704 4223 solum
2748 4168 2841 4233 sit,
2881 4181 3070 4222 verum
3101 4167 3260 4221 etiam
3294 4174 3403 4220 tota
3440 4166 3603 4245 aliud

2002 4277 2123 4333 esse
2150 4262 2495 4333 praedicetur.
2528 4260 2711 4330 Itaque
2739 4260 2798 4315 fit
2826 4259 3135 4331 bujusmodi
3165 4258 3354 4315 divisio
3392 4276 3406 4314 :
3436 4258 3589 4314 diffe-

2004 4444 2108 4499 illze
2128 4444 2343 4515 quidem
2371 4459 2489 4513 qua:
2518 4442 2718 4498 faciunt
2738 4443 3044 4509 alteratum,
3077 4442 3396 4514 simpliciter
3422 4458 3584 4512 puro-

2005 4554 2109 4609 que
2132 4538 2347 4592 nomine
2385 4536 2698 4592 differentia:
2729 4544 3122 4606 nuncupantur,
3155 4535 3261 4590 illa:
3291 4545 3421 4590 vero
3465 4551 3584 4604 qum

2007 4629 2173 4697 aliud,
2226 4628 2491 4699 specifica:
2531 4628 2847 4684 differentiae
2895 4625 3273 4697 praedicantur.
3304 4625 3479 4695 Atque
3527 4634 3587 4676 ut

327 4742 502 4799 differt
539 4740 681 4796 enim
714 4742 875 4796 homo
906 4755 936 4794 a
977 4711 1188 4796 caeteris
1218 4741 1358 4811 quod
1398 4742 1675 4796 rationalis
1702 4751 1785 4797 est
1811 4742 1897 4798 vel
1925 4711 1980 4775 Π
2005 4720 2212 4793 Nam“s
2239 4720 2438 4788 liqueat
2466 4718 2591 4811 quid
2620 4719 2690 4772 sit
2714 4718 3021 4811 alteratum,
3056 4715 3258 4785 etquid
3300 4712 3602 4811 alium-tali,

328 4834 468 4905 quod
495 4832 753 4889 mortalis.
791 4833 884 4888 Ila:
914 4840 1043 4887 sunt
1072 4832 1231 4902 igitur
1261 4832 1428 4902 magis
1474 4833 1727 4903 propriae,
1779 4849 1899 4905 quae

329 4936 624 4983 monstrant
670 4927 1088 4996 uniuscujusque
1135 4928 1507 4983 substantiam.
1553 4926 1683 4982 Nam
1716 4930 1760 4983 si
1794 4928 1901 4984 illa:

327 5016 537 5089 quidem
560 5018 762 5074 idcirco
786 5032 1103 5073 communes
1127 5018 1397 5085 dicuntur,
1426 5020 1548 5091 quia
1578 5020 1904 5091 separabiles

328 5119 483 5182 atque
531 5112 771 5168 omnium
822 5118 967 5180 sunt,
1004 5110 1119 5165 alia:
1149 5119 1325 5167 autem
1356 5112 1605 5181 propriae,
1653 5112 1909 5181 quoniam

329 5203 561 5273 separari
611 5220 717 5257 non
764 5210 1007 5270 possunt,
1051 5201 1293 5271 quamvis
1321 5201 1428 5256 sint
1455 5202 1508 5256 in
1550 5201 1910 5259 accidentium

327 5308 571 5363 numero,
614 5293 721 5348 illae
754 5293 875 5363 jure
905 5292 1074 5362 magis
1122 5290 1352 5361 propria:
1381 5290 1756 5361 praedicantur,
1786 5306 1907 5360 qua:

326 5403 435 5443 non
485 5386 648 5440 modo
690 5400 720 5438 a
749 5385 989 5454 subjecto
1019 5382 1262 5453 separari
1290 5397 1397 5437 non
1448 5390 1691 5451 possunt,
1722 5394 1905 5438 verum

326 5479 496 5532 etiam
529 5470 780 5542 subjectis
810 5476 943 5544 ipsis
990 5474 1227 5543 speciem
1250 5471 1713 5541 substantiamque
1750 5472 1909 5541 perfi-

328 5569 500 5625 ciunt.
529 5560 607 5620 Ex
642 5563 723 5620 his
752 5560 908 5635 igitur
942 5567 1109 5623 tribus
1130 5566 1552 5623 differentiarum
1584 5563 1904 5620 diversitati-

330 5661 453 5725 bus,
483 5657 538 5713 id
568 5663 653 5712 est
677 5657 1069 5724 communibus,
1105 5656 1358 5728 prapriis,
1405 5664 1461 5711 et
1489 5655 1657 5727 magis
1685 5654 1909 5727 propriis

335 5752 467 5807 bunt
514 5745 817 5816 secundum
847 5760 1036 5816 genus,
1066 5747 1152 5803 vel
1202 5747 1454 5816 speciem,
1502 5748 1587 5803 vel
1632 5761 1911 5803 numerum

336 5841 732 5912 discrepantia.
788 5836 924 5893 Nam
977 5852 1043 5895 ex
1100 5838 1506 5909 communibus,
1568 5848 1624 5896 et
1680 5838 1910 5911 propriis

341 5933 629 5990 secundum
704 5942 991 5988 numerum
1070 5922 1337 5986 distantia:
1413 5939 1703 5989 nascuntur
1768 5946 1781 5983 :
1844 5943 1912 5984 ex

2003 4810 2381 4869 describuntur
2405 4809 2631 4863 termino
2658 4808 2743 4864 vel
2771 4808 3112 4863 declarantur
3132 4804 3385 4874 exemplo
3407 4802 3587 4859 :aliud

2006 4911 2089 4958 est
2115 4900 2253 4973 quod
2287 4908 2395 4954 tota
2423 4899 2624 4970 speciei
2670 4899 2877 4954 ratione
2906 4897 3178 4954 diversum
3203 4906 3309 4963 est,
3336 4905 3396 4953 ut
3418 4906 3590 4969 equus

2007 4994 2074 5048 ab
2118 4992 2366 5057 homine,
2420 4992 2668 5062 quoniam
2713 4992 2991 5047 rationalis
3033 4989 3332 5047 differentia
3369 4988 3591 5044 animali

2012 5084 2302 5140 adveniens
2325 5085 2597 5139 hominem
2625 5084 2773 5151 facit,
2800 5084 3049 5154 aliudque
3071 5098 3195 5139 eum
3215 5096 3372 5153 quam
3390 5094 3590 5150 equum

2015 5188 2136 5229 esse
2165 5175 2457 5229 constituit.
2501 5174 2629 5229 Item
2669 5175 2715 5229 si
2745 5188 2883 5230 unus
2912 5174 3073 5229 homo
3101 5174 3306 5237 sedeat,
3336 5170 3471 5224 alter
3502 5183 3590 5224 as-

2013 5267 2186 5330 sistat,
2216 5280 2323 5321 non
2358 5265 2617 5321 efficietur
2660 5266 2821 5321 homo
2866 5265 3107 5319 diversus
3134 5264 3201 5316 ab
3226 5261 3462 5327 homine,
3490 5257 3587 5314 sed

2014 5369 2107 5412 eos
2133 5356 2378 5412 alteratio
2407 5357 2519 5411 sola
2549 5356 2822 5427 disjungit,
2853 5363 2908 5410 ut
2928 5368 3049 5409 eum
3078 5352 3168 5422 qui
3192 5350 3397 5405 assistit
3424 5350 3491 5405 ab
3520 5364 3587 5405 eo

2014 5446 2105 5518 qui
2135 5447 2287 5503 sedet
2328 5442 2606 5503 alteratum
2635 5447 2811 5501 faciat.
2854 5438 3085 5514 Itemque
3112 5442 3159 5496 si
3190 5442 3280 5496 ille
3312 5440 3383 5496 sit
3421 5440 3587 5508 nigris

2014 5538 2201 5606 oculis,
2234 5537 2334 5591 iste
2361 5536 2553 5603 caesiis,
2581 5537 2730 5601 nihil,
2768 5542 3021 5604 quantum
3052 5532 3121 5587 ad
3150 5533 3372 5587 formam
3404 5531 3591 5585 huma-

2016 5626 2199 5684 nitatis
2221 5627 2431 5691 attinet,
2451 5634 2801 5694 permutatum
2824 5632 2927 5688 est,
2958 5622 3029 5678 ita
3054 5624 3348 5680 secundum
3371 5623 3464 5677 has
3483 5622 3591 5676 dif-

2017 5718 2271 5777 ferentias
2292 5718 2535 5773 alteratio
2563 5717 2674 5771 sola
2700 5716 2943 5771 consistit
2971 5735 2986 5772 :
3018 5728 3072 5774 at
3101 5718 3143 5773 si
3175 5733 3343 5788 equus
3371 5717 3589 5788 quidem

2018 5812 2209 5883 jaceat,
2236 5810 2395 5867 homo
2425 5823 2555 5865 vero
2581 5808 2836 5875 ambulet,
2858 5818 2913 5864 et
2937 5812 3080 5867 aliud
3100 5819 3185 5868 est
3211 5827 3378 5882 equus
3401 5812 3469 5866 ab
3496 5812 3593 5868 ho-

2022 5905 2164 5963 mine
2184 5913 2237 5961 et
2265 5904 2567 5977 alteratum,
2611 5902 2893 5983 dupliciter
2935 5905 3147 5977 quidem
3176 5905 3476 5969 alteratum,
3506 5885 3597 5955 se?
