4244 6254
622 393 720 448 ΗΟ

1840 393 1952 450 AN.
1993 390 2197 447 MANL.
2239 389 2391 448 SEV.
2442 389 2663 447 BOETII

3796 400 3899 469 120

620 510 723 564 me!
760 522 885 562 vero
914 506 1077 562 aliud.
1115 505 1409 563 Alteratum
1446 515 1549 574 est,
1587 508 1725 577 quod
1766 509 1986 564 omnino
2021 506 2199 576 specie
2227 514 2276 576 Α
2316 520 2436 558 nam
2472 503 2727 557 rationale
2749 520 2839 573 per
2865 520 2916 559 se
2946 506 3075 560 inest
3098 505 3293 560 homini
3320 513 3367 561 et
3393 507 3626 572 mortale,
3669 519 3713 562 et
3744 512 3896 567 disci-

617 600 884 656 divcrsum
906 609 1007 664 est,
1034 607 1185 656 etest
1205 600 1368 655 aliud.
1384 601 1554 656 Omne
1573 604 1714 656 enim
1736 602 1903 670 aliud,
1923 610 1979 655 ut
2001 601 2199 655 dictum

618 691 896 754 cst,etiam
922 691 1205 747 alteratum
1223 692 1422 758 est,vel
1453 693 1595 762 quod
1621 693 1987 748 accidentibus
2017 692 2199 757 distat,

617 783 760 853 quod
793 783 882 838 ille
914 785 1091 852 jaceat
1122 783 1211 839 hic
1241 785 1498 841 ambulet.
1534 786 1712 843 Semel
1750 802 1879 842 vero
1915 796 1996 841 est
2035 786 2198 853 aliud,

618 875 762 945 quod
788 876 1090 931 rationabili
1117 885 1276 947 atque
1299 878 1652 935 irrationabili
1683 880 2001 935 differentiis
2025 893 2204 949 segre-

617 978 794 1038 gatur.
823 984 939 1039 qua:
964 970 1227 1039 specificze
1257 979 1401 1033 sunt,
1437 981 1492 1027 et
1520 973 1901 1029 subStautiales
1931 974 2202 1029 dicuntur.

616 1058 718 1114 Est
747 1060 903 1129 igitur
932 1061 1240 1129 alteratum,
1272 1063 1413 1134 quod
1445 1065 1510 1119 ab
1540 1065 1717 1137 aliquo
1741 1067 1979 1137 qualibet
2001 1068 2205 1121 ratione

617 1149 891 1205 diversum
925 1161 1027 1207 est.

690 1241 984 1297 Secundum
1012 1245 1173 1316 igitur
1203 1244 1348 1299 aliud
1376 1246 1620 1316 facientes
1649 1246 1967 1314 differentias
1997 1257 2049 1301 et
2079 1247 2208 1300 divi-

615 1335 785 1388 siones
831 1335 964 1402 ﬁunt
994 1352 1025 1388 a
1066 1338 1333 1406 generibus
1362 1337 1415 1390 in
1442 1338 1654 1408 species,
1688 1346 1734 1391 et
1763 1338 2085 1407 di/ﬁnitiones
2124 1352 2210 1391 as-

615 1431 1061 1499 signantur,,qute
1092 1438 1295 1483 sunteas
1326 1446 1524 1500 genere,
1556 1439 1601 1484 et
1634 1430 1931 1504 hujusmodi
1968 1430 2211 1498 eli/feren-

616 1522 703 1575 tiis
726 1536 745 1573 :
775 1522 1051 1575 secundum
1081 1531 1251 1577 autem
1268 1540 1352 1577 eas
1373 1539 1487 1593 quae
1514 1523 1680 1577 solum
1698 1524 1969 1578 alteratum
1990 1524 2206 1604 faciunt,

614 1613 943 1669 afterntiones
992 1616 1159 1669 solum
1208 1618 1510 1685 consistunt,
1558 1626 1604 1671 et
1642 1616 1814 1687 aliqua
1846 1618 1997 1672 modo
2035 1633 2087 1673 se
2117 1618 2209 1671 ha-

615 1705 775 1761 bentis
800 1710 1217 1774 permutationes.

606 1800 645 1869 fa
689 1798 951 1865 Quoniam
1002 1798 1052 1852 in
1084 1798 1350 1869 principio
1382 1799 1540 1870 hujus
1577 1802 1762 1870 operis
1809 1801 2041 1871 generis,
2085 1815 2209 1871 Spe-

2307 596 2463 667 plina:
2488 612 2597 649 esse
2619 597 2964 664 susceptibile.
2988 598 3053 652 At
3072 614 3189 653 vero
3210 600 3442 669 aquilum
3462 616 3570 655 esse
3589 602 3666 656 rel
3687 603 3900 672 simum,

2309 704 2400 757 per
2426 688 2664 742 accidens
2692 698 2738 741 et
2766 705 2867 742 non
2897 706 2987 760 per
3016 707 3087 744 se.

2380 778 2642 847 Superius
2673 778 3006 836 differentias
3034 781 3230 851 triplici
3259 781 3524 840 divisione
3552 786 3784 856 partitus
3825 798 3905 841 est

2307 870 2513 933 dicens,
2551 878 2980 927 autcommunes
3008 888 3151 940 esse,
3181 882 3274 929 aut
3309 876 3579 945 proprias,
3616 886 3708 932 aut
3736 879 3906 946 magis

2308 961 2572 1032 proprias,
2606 961 2802 1018 dehinc
2829 964 3046 1019 easdem
3078 965 3184 1019 alia
3203 966 3471 1023 divisione
3491 968 3543 1021 in
3574 967 3709 1023 duas
3732 967 3906 1023 secuit

2310 1061 2511 1120 partes,
2546 1052 2731 1108 dicens
2754 1053 2851 1110 has
2882 1055 3097 1125 quidem
3129 1058 3272 1113 aliud
3300 1057 3496 1125 facere,
3526 1058 3643 1113 illas
3670 1075 3800 1114 vero
3827 1058 3907 1113 al-

2308 1149 2564 1198 teratum.
2621 1142 2775 1199 Nunc
2803 1146 3013 1200 tertiam
3046 1147 3355 1203 earumdem
3406 1148 3534 1204 facit
3559 1148 3901 1215 divisionem,

2310 1234 2495 1290 dicens
2525 1235 2659 1291 alias
2688 1250 2810 1292 esse
2858 1239 3208 1308 separabiles,
3253 1254 3412 1310 posse
3441 1248 3618 1295 autem
3663 1240 3731 1295 de
3773 1254 3907 1295 uno-

2310 1342 2524 1397 quoque
2553 1327 2707 1397 cujus
2744 1329 2925 1383 multa:
2973 1339 3101 1386 sunt
3126 1330 3463 1397 differentia),
3496 1331 3753 1402 plurimas
3787 1332 3905 1389 fieri

2311 1418 2629 1484 divisiones,
2662 1429 2720 1473 ut
2746 1434 2813 1475 ex
2839 1423 2950 1490 ipsa
2990 1416 3419 1479 differentiarum
3448 1434 3637 1479 natura
3682 1425 3905 1481 manife-

2310 1516 2456 1563 stum
2477 1518 2585 1563 est.
2600 1508 2736 1563 Nam
2757 1510 2801 1564 si
2815 1512 2988 1567 omnis
3008 1512 3201 1569 divisio
3214 1514 3529 1571 differentiis
3545 1514 3899 1582 distribuitur,

2311 1613 2539 1666 quorum
2588 1600 2773 1655 multm
2799 1610 2923 1656 sunt
2968 1603 3305 1674 differ-cutim,
3348 1606 3543 1661 multas
3576 1607 3737 1661 etiam
3766 1606 3902 1660 divi-

2311 1689 2493 1744 siones
2520 1704 2642 1745 esse
2667 1706 2891 1747 necesse
2915 1703 3018 1747 est.
3052 1694 3138 1749 Fit
3160 1706 3337 1751 autem
3382 1705 3442 1750 ut
3469 1697 3669 1750 animal
3696 1697 3902 1751 divida-

2312 1785 2401 1832 tur
2428 1777 2531 1833 hoc
2561 1779 2720 1834 modo
2741 1797 2753 1833 :
2774 1782 3100 1837 Animalium
3128 1784 3230 1838 alia
3261 1784 3478 1854 quidem
3507 1795 3637 1840 sunt
3662 1786 3902 1840 rationa-

616 1889 826 1958 cieique
873 1889 1215 1952 diﬂerenﬁm,
1248 1869 1464 1961 proprii’
1486 1902 1541 1947 et
1564 1869 1856 1947 accidenlfs
1879 1869 2207 1945 nmiliam'ad
2237 1895 2287 1956 Β
2314 1869 2406 1961 lia,
2444 1871 2549 1926 alia
2590 1872 2942 1928 irrationalia.
2968 1875 3099 1931 ltem
3125 1878 3230 1932 alia
3258 1879 3525 1945 mortalia,
3556 1878 3659 1933 alia
3683 1878 3901 1934 immor-

616 1979 935 2035 divisionem
962 1990 1122 2052 atque
1155 1982 1532 2039 diffinitionem
1566 1983 1748 2038 utilem
1788 1997 1910 2039 esse
1936 1981 2203 2053 prtedixit,

614 2070 820 2127 idcirco
862 2088 1003 2127 nunc
1032 2073 1453 2129 differentiarum
1501 2076 1737 2146 ipsarum
1771 2075 1907 2129 facta
1946 2073 2209 2128 divisione

616 2160 834 2215 easdem
864 2164 1091 2231 partitur
1117 2172 1170 2217 et
1191 2174 1454 2235 segregat,
1499 2180 1741 2237 quamam
1770 2165 2105 2230 differentiae,
2128 2165 2209 2220 di-

615 2250 914 2306 visionibus
971 2269 1030 2307 ac
1078 2254 1490 2311 diffinitio‘nibus
1535 2252 2031 2324 accommodentur,
2089 2272 2208 2327 quae

615 2352 747 2397 vero
775 2343 1015 2401 minime.
1053 2345 1316 2412 Quoniam
1358 2347 1518 2417 igitur
1561 2346 1756 2402 divisio
1792 2348 2005 2417 generis
2050 2348 2120 2402 ita
2152 2348 2206 2402 in

616 2433 830 2509 species
848 2435 1088 2491 facienda
1120 2446 1221 2504 est,
1247 2438 1423 2493 utillae
1444 2452 1473 2492 a
1505 2453 1563 2494 se
1595 2438 1803 2508 species
1830 2438 1975 2493 omni
2001 2439 2210 2495 ratione

617 2524 935 2580 substantia:
965 2526 1193 2581 diversa:
1233 2529 1359 2593 sint,
1395 2528 1595 2583 idcirco
1622 2544 1731 2583 non
1764 2529 1953 2596 probat
1978 2544 2098 2584 esse
2123 2544 2210 2584 as-

617 2614 909 2669 sumendus
958 2630 1047 2670 eas
1090 2616 1157 2670 ad
1205 2616 1518 2672 divisionem
1575 2618 1927 2685 differentias,
1960 2634 2077 2689 quae
2126 2620 2209 2675 vel

618 2706 958 2775 separabilis,
972 2707 1056 2762 vel
1073 2708 1441 2777 inseparabilis
1458 2708 1748 2764 accidentis
1766 2709 2208 2779 significationem

617 2805 825 2863 tenent,
853 2798 937 2855 vel
965 2813 1056 2855 eas
1078 2798 1407 2855 differentias
1432 2816 1551 2871 quac
1577 2803 1750 2858 solum
1781 2803 1985 2858 faciunt
2010 2804 2208 2860 altera-

617 2898 755 2958 tum,
785 2891 930 2946 aliud
964 2906 1094 2947 vero
1120 2891 1381 2963 perﬁcere
1413 2900 1470 2949 et
1494 2893 1787 2951 informare
1824 2909 1928 2951 non
1961 2894 2204 2966 possant.

615 2979 840 3039 Inutiles
866 2983 1008 3038 enim
1037 2992 1162 3038 sunt
1188 2983 1254 3038 ad
1285 2984 1600 3041 divisionem
1625 2984 1708 3041 hae
1739 2985 2058 3042 differentiae
2091 3003 2210 3058 qua

618 3075 819 3130 faciunt
848 3075 1152 3132 alteratum.
1188 3077 1543 3147 Segreganda:
1566 3080 1729 3150 igitur
1750 3090 1873 3136 sunt
1895 3096 2211 3137 communes

619 3175 674 3222 et
704 3168 932 3238 propria:
961 3185 986 3221 a
1011 3170 1223 3239 generis
1254 3170 1537 3238 divisione,
1586 3172 1692 3227 illa;
1727 3174 2066 3229 assumendae
2094 3182 2211 3229 tan-

2314 1960 2459 2016 talia.
2495 1961 2625 2016 Item
2653 1963 2758 2017 alia
2795 1964 2959 2033 pedes
2987 1965 3261 2034 habentia,
3294 1967 3397 2023 alia
3424 1968 3664 2024 minime.
3698 1969 3905 2026 Rursus

2312 2049 2413 2103 alia
2444 2051 2626 2106 herbis
2675 2056 2967 2121 vescentia,
3001 2056 3103 2111 alia
3153 2058 3422 2124 carnibus,
3455 2060 3556 2114 alia
3584 2060 3903 2117 seminibus.

2314 2141 2390 2195 Ita
2421 2142 2551 2197 nihil
2584 2143 2777 2198 mirum
2814 2145 2983 2222 videri
3014 2147 3177 2203 debet
3198 2148 3244 2202 si
3272 2149 3555 2219 multiplex
3583 2149 3905 2207 differentias

2313 2242 2396 2288 est
2426 2233 2562 2288 facta
2594 2236 2833 2304 partitio,
2876 2252 2939 2292 ac
2970 2240 3201 2306 primum
3243 2240 3459 2309 quidem
3485 2254 3606 2295 cum
3643 2242 3696 2295 in
3729 2251 3903 2297 terna-

2315 2325 2454 2381 rium
2484 2325 2805 2383 differentiae
2844 2344 3127 2385 numerum
3160 2332 3404 2387 membra
3444 2333 3724 2400 secuisset,
3754 2348 3905 2390 com-

2313 2432 2527 2486 munes,
2573 2423 2840 2490 proprias,
2870 2431 2925 2476 et
2955 2424 3124 2493 magis
3155 2426 3400 2494 proprias
3432 2428 3776 2496 nuncupavit.
3802 2427 3903 2484 Se-

2312 2507 2490 2563 cunda
2510 2524 2638 2565 vero
2655 2510 2847 2567 divisio
2865 2528 3180 2569 communes
3201 2524 3255 2569 et
3278 2515 3524 2585 proprias
3540 2516 3680 2572 intra
3704 2534 3903 2576 nomen

2313 2601 2596 2657 alteratum
2624 2604 2865 2659 facientis
2894 2605 3132 2674 inclusit,
3154 2608 3323 2678 magis
3338 2610 3583 2679 proprias
3605 2625 3737 2667 vero
3759 2612 3901 2668 intra

2313 2694 2457 2749 aliud
2491 2694 2756 2753 facientis.
2792 2697 2918 2753 Haec
2947 2714 3078 2755 vero
3108 2702 3259 2756 tertia
3296 2701 3488 2756 divisio
3511 2717 3614 2773 qua
3638 2703 3713 2758 ait
3751 2703 3903 2759 diffc~

2266 2800 2269 2805 ‘
2312 2788 2609 2843 rentiarum
2637 2788 2766 2844 alias
2799 2804 2921 2846 esse
2950 2791 3300 2860 separabiles,
3329 2792 3464 2849 alias
3492 2794 3900 2864 inseparabiles,

2314 2892 2473 2932 unam
2519 2879 2734 2948 quidem
2777 2895 2842 2934 ex
2866 2882 3186 2937 facientibus
3207 2883 3489 2939 alteratum
3513 2884 3903 2955 separabilibus

2312 2969 2630 3025 differentiis
2683 2971 2942 3040 adjungit,
2988 2983 3213 3027 caeteras
3244 2989 3371 3028 vero
3424 2978 3563 3030 inter
3587 2978 3905 3047 separabilis

2312 3059 2626 3115 differentiae
2657 3061 2972 3116 vocabulum
3001 3062 3201 3117 claudit
3226 3080 3239 3116 :
3267 3077 3422 3117 unam
3446 3064 3588 3118 enim
3615 3079 3681 3120 ex
3706 3067 3903 3122 altera-

2312 3158 2424 3205 tum
2455 3149 2790 3216 facientibus,
2820 3151 2874 3228 id
2900 3160 2985 3206 est
3010 3153 3220 3222 propria
3260 3153 3581 3222 differentia,
3610 3164 3665 3210 et
3695 3158 3899 3228 reliqua

618 3269 732 3316 tum
762 3276 881 3333 quae
904 3238 1032 3317 sunt
1052 3263 1223 3333 magis
1252 3265 1500 3334 propriae.
1526 3264 1658 3320 Nam
1687 3264 1792 3321 illa;
1822 3265 2202 3335 faciuntaliud,
2233 3271 2280 3336 c
2460 3238 2808 3348 {life}???
2834 3240 3198 3348 δεῖξ’ξηδιτῗξίί
3225 3251 3327 3309 es"
3449 3247 3738 3317 es‘magis
3779 3263 3905 3318 pm'

620 3354 763 3423 quod
781 3331 1015 3424 generis
1057 3331 1269 3409 divisio—
1288 3331 1499 3411 videtur
1528 3371 1840 3427 exposcere.
1888 3357 1970 3412 Ad
2001 3331 2206 3413 diffini;
2245 3331 2280 3375 ᾖ
2312 3331 2452 3427 Pria’
2484 3331 3363 3427 ξηξθΡἾηῘῘίΙθεῖῃσθνθθῖίθ⁸⁵⁵9
3379 3337 3648 3427 δίθυηωτν
3677 3355 3903 3410 quarum

621 3448 822 3501 tionem
854 3462 1065 3518 quoque
1105 3447 1304 3504 eaedem
1338 3450 1505 3520 magis
1534 3451 1763 3521 propriae
1798 3451 2083 3521 plurimum
2110 3467 2208 3507 va-

621 3537 1156 3597 lerent.Communes
1169 3548 1222 3597 et
1243 3542 1494 3613 propriae,
1519 3542 1662 3598 velut
1686 3543 1900 3600 inutiles
1927 3560 2210 3615 segregan-

621 3637 710 3684 tur
738 3647 751 3682 :
778 3643 1091 3685 communes
1132 3631 1274 3687 enim
1304 3641 1357 3688 et
1383 3633 1640 3703 propriae,
1680 3635 1927 3704 quoniam
1960 3636 2210 3693 accidens

622 3718 820 3773 diversi
863 3721 1076 3791 generis
1102 3721 1297 3791 ferunt,
1332 3721 1467 3776 nihil
1491 3722 1803 3777 subsmntim
1834 3726 2041 3781 ratione
2081 3742 2211 3782 con-

623 3810 879 3878 formant,
922 3808 1168 3867 diffinitio
1210 3827 1337 3867 vero
1382 3814 1558 3869 omnis
1590 3816 1942 3870 substantiam
1986 3828 2212 3874 conatur

623 3902 932 3957 ostendere.
962 3902 1240 3974 Speciflca:
1262 3919 1393 3959 vero
1423 3903 1741 3961 differentia:
1774 3907 1878 3963 illic
1906 3919 2028 3964 sunt
2068 3925 2207 3980 qum,

622 4004 682 4049 ut
711 3995 953 4065 superius
983 3995 1181 4051 dictum
1208 4005 1310 4065 est,
1357 3997 1590 4068 speciem
1633 3999 1922 4054 informant
1960 4002 2212 4058 substan-

623 4088 861 4157 tiamque
895 4086 1194 4156 perficiunt,
1230 4088 1311 4143 hic
1352 4099 1476 4144 sunt
1503 4090 1672 4160 magis
1713 4093 1964 4161 pr0priir.
1999 4095 2211 4151 Errdem

624 4179 787 4249 igitur
812 4180 949 4232 sicut
977 4180 1028 4233 in
1061 4180 1378 4235 divisionem
1410 4184 1646 4250 generis,
1690 4183 1761 4237 ita
1798 4186 1959 4239 etiam
1992 4188 2043 4239 in
2073 4187 2215 4240 diffi-

624 4272 883 4325 nitionem
931 4272 1229 4338 specierum
1274 4280 1640 4337 assumuntur,
1672 4289 1813 4329 nunc
1842 4277 2103 4343 divisivm,
2147 4281 2213 4333 ad

624 4363 971 4431 partitionem
1001 4363 1213 4431 generis
1244 4363 1735 4417 accommodantur.
1782 4366 1853 4418 fta
1905 4367 2065 4436 igitur
2091 4383 2211 4423 cum

626 4452 871 4505 dirisivac
898 4452 1003 4506 sint
1030 4452 1241 4520 generis
1267 4453 1411 4507 aliud
1439 4454 1773 4511 constituunt
1802 4472 1958 4526 quam
1993 4469 2131 4528 crat,
2160 4463 2212 4515 in

626 4542 942 4597 substantia:
989 4558 1119 4596 vero
1167 4543 1484 4599 diffinitione
1527 4546 1727 4615 speciei
1777 4547 2211 4606 informationem

626 4634 832 4687 faciunt
867 4651 879 4685 :
912 4648 1141 4704 cumque
1181 4635 1349 4704 magis
1377 4637 1610 4706 propriae
1646 4646 1698 4691 et
1738 4637 1880 4692 aliud
1926 4639 2121 4694 faciant
2159 4649 2215 4696 et
2240 4654 2295 4717 ι)

628 4725 893 4793 ερθοίῐίοτε
942 4726 1067 4792 sint,
1122 4740 1187 4780 eo
1231 4725 1374 4796 quod
1420 4727 1560 4781 aliud
1602 4726 1817 4793 faciunt,
1862 4728 2214 4786 divisionibus

630 4822 768 4881 apta:
797 4823 957 4866 sunt:
982 4816 1065 4867 hac
1095 4830 1241 4881 vero,
1290 4832 1391 4886 qua
1424 4818 1656 4886 speciem
1690 4818 1976 4874 informant
2016 4820 2214 4877 difﬁni-

628 4902 866 4955 tionibus
920 4905 1337 4957 accommodata:
1379 4915 1521 4958 sunt.
1563 4909 1892 4983 Communes
1940 4922 2118 4967 autem
2159 4923 2213 4969 et

628 4994 861 5066 propria:
887 4994 1136 5063 quoniam
1168 5010 1341 5064 neque
1367 4996 1508 5050 aliud
1538 4998 1760 5066 faciunt,
1793 5001 1886 5055 sed
1905 5002 2209 5074 alteratum,

626 5103 806 5158 neque
840 5086 1059 5141 omnino
1090 5087 1439 5143 substantiam
1469 5100 1788 5158 monstrant,
1834 5109 1986 5164 aeque
2013 5110 2043 5151 a
2072 5096 2216 5153 divi-

630 5184 783 5236 sione
815 5191 924 5235 uta
952 5178 1273 5234 diifiuilione
1299 5180 1576 5249 disiuncta:
1607 5192 1749 5239 sunt.

705 5274 747 5325 Α
776 5256 1121 5340 superioribus
1151 5286 1331 5323 rursus
1359 5270 1619 5327 inc/manli
1643 5275 1915 5330 dicendum
1947 5287 2040 5344 est,
2068 5278 2215 5346 diﬂ'e-

632 5364 913 5417 rentiarum
940 5363 1073 5417 alias
1108 5361 1312 5433 quidem
1340 5379 1447 5416 esse
1474 5366 1802 5434 separabiles,
1832 5369 1964 5422 alias
1992 5384 2106 5425 vero
2134 5368 2217 5424 in;

633 5460 964 5529 separabiles.
999 5458 1192 5513 Moneri
1221 5458 1357 5512 enim
1401 5469 1447 5513 et
1472 5460 1746 5529 quiescere,
1795 5471 1841 5515 et
1871 5480 2048 5517 sanum
2083 5482 2207 5531 esse,

634 5561 682 5607 et
709 5570 925 5621 wgrum,
959 5561 1004 5607 et
1030 5570 1345 5623 quiscunque
1375 5555 1453 5608 his
1477 5557 1707 5624 proxima
1730 5567 1866 5623 sunt,
1907 5561 2209 5630 separabilia

635 5654 777 5698 sunt.
810 5646 874 5697 At
901 5661 1015 5699 vero
1041 5647 1269 5714 aquilum
1299 5662 1426 5714 esse,
1470 5648 1550 5701 vel
1586 5649 1791 5715 simum,
1836 5652 1913 5705 rel
1942 5654 2211 5719 rutiOnale,

634 5737 713 5787 vel
751 5737 1067 5801 irrationale,
1107 5738 1469 5807 inseparabilia
1498 5750 1634 5795 sunt.
1668 5723 2093 5813 lnseparabilium
2120 5761 2213 5799 au-

637 5835 755 5893 tem,
785 5825 907 5897 alia:
932 5827 1132 5895 quidem
1156 5838 1274 5881 sunt
1317 5845 1406 5899 per
1443 5845 1516 5898 se,
1541 5832 1657 5885 alia:
1678 5848 1794 5889 vero
1823 5850 1912 5911 per
1937 5837 2169 5892 accidens
2193 5852 2212 5893 :

2314 3421 2386 3476 ita
2416 3421 2710 3477 subdivisio
2740 3424 2797 3477 ﬁt
2827 3439 2842 3477 :
2876 3424 3311 3493 inseparabilium
3334 3425 3758 3486 differentiarum
3784 3432 3905 3488 alite

2316 3520 2439 3565 sunt
2471 3527 2565 3581 per
2595 3528 2672 3579 se,
2708 3512 2827 3567 alia:
2859 3528 2954 3581 per
2984 3513 3238 3569 accidens
3270 3534 3281 3568 :
3317 3531 3413 3586 per
3441 3532 3502 3573 sc
3527 3520 3766 3590 quidem,
3790 3536 3906 3577 ma-

2314 3600 2396 3668 gis
2425 3599 2685 3668 propriae;
2718 3604 3011 3656 secundum
3054 3603 3305 3660 accidens
3336 3622 3487 3676 vero,
3519 3611 3749 3680 propria:
3773 3628 3786 3665 :
3811 3626 3905 3683 per

2316 3701 2376 3741 se
2406 3696 2583 3741 autem
2614 3687 2811 3758 aliquid
2860 3689 3036 3745 inesse
3064 3690 3282 3761 dicitur,
3330 3696 3472 3764 quod
3516 3698 3741 3768 aliciijus
3771 3702 3905 3755 sub-

2317 3778 2565 3833 stantiam
2600 3776 2873 3833 informat.
2917 3779 2973 3835 Si
3004 3780 3145 3836 enim
3191 3783 3392 3840 idcirco
3421 3787 3674 3856 qua-libet
3700 3791 3906 3858 species

2318 3874 2421 3931 est,
2453 3866 2703 3935 quoniam
2734 3867 3072 3927 substantiali
3103 3869 3403 3928 differentia
3422 3876 3785 3945 constituitur,
3818 3879 3907 3936 illa

2318 3954 2617 4011 differentia
2640 3971 2741 4023 per
2759 3971 2816 4010 se
2842 3956 3085 4025 subjecto
3103 3958 3276 4027 adest,
3310 3978 3482 4032 neque
3511 3980 3607 4034 per
3633 3966 3904 4035 accidens,

2319 4055 2408 4098 aut
2442 4060 2534 4113 per
2563 4045 2835 4114 quodlibet
2867 4045 3012 4101 aliud
3044 4047 3298 4115 medium,
3346 4051 3486 4106 sicut
3536 4068 3631 4123 per
3656 4055 3905 4111 ardorem

2319 4134 2447 4188 solis
2478 4133 2718 4188 adharrct
2742 4134 2961 4204 nigredo
2985 4134 3137 4191 faciei
3160 4136 3417 4207 hominis,
3447 4141 3540 4197 sed
3561 4144 3643 4198 sui
3673 4160 3907 4213 przesen-

2320 4222 2388 4276 tia
2419 4224 2651 4291 speciem
2680 4238 2836 4291 quam
2891 4231 3066 4276 tuetur
3106 4224 3380 4293 informat,
3417 4240 3475 4284 ut
3516 4230 3788 4287 hominem
3822 4249 3905 4289 ra-

2322 4311 2589 4366 tionilitas
2621 4330 2631 4363 :
2665 4311 2867 4368 homini
2901 4315 3041 4369 enim
3072 4315 3380 4386 hujusmodi
3411 4321 3711 4389 differentia
3735 4340 3829 4396 per
3850 4342 3907 4383 se

2318 4400 2476 4465 inest,
2495 4401 2694 4457 idcirco
2718 4405 2878 4457 homo
2903 4414 3007 4470 est,
3034 4406 3155 4474 quia
3184 4408 3576 4467 rationabilitas
3593 4413 3764 4477 adest,
3789 4430 3906 4485 qum

2318 4492 2364 4548 si
2415 4492 2743 4556 discesserit,
2785 4495 2991 4561 species
3041 4494 3272 4551 hominis
3303 4514 3408 4553 non
3441 4501 3695 4569 manebit,
3727 4513 3780 4558 et
3811 4503 3906 4560 has

2318 4582 2530 4652 quidem
2579 4597 2698 4651 quae
2744 4582 3123 4641 substantiales
3172 4596 3294 4642 sunt
3347 4590 3731 4660 inseparabiles
3781 4610 3906 4651 esse

2321 4672 2498 4727 nullus
2529 4673 2756 4741 ignorat.
2803 4672 3050 4743 Separari
3097 4677 3237 4731 enim
3268 4692 3297 4732 a
3327 4680 3566 4751 subjecto
3614 4699 3720 4739 non
3755 4696 3906 4756 pote-

2317 4769 2462 4829 runt,
2496 4761 2599 4816 nisi
2648 4761 2966 4833 interempta
2998 4765 3067 4819 sit
3106 4777 3293 4821 natura
3325 4770 3571 4840 subjecti.
3604 4771 3905 4835 Secundum

2316 4850 2563 4906 accidens
2599 4867 2727 4908 vero
2754 4869 2871 4923 qua:
2897 4854 3279 4925 inseparabiles
3304 4859 3624 4920 differentia:
3648 4876 3791 4933 sunt,
3824 4869 3906 4923 hac

2317 4947 2439 5009 qua!
2469 4943 2695 5011 propria:
2734 4954 3131 5015 nuncupantur,
3180 4958 3237 5004 ut
3273 4952 3510 5023 aquilum
3543 4971 3684 5023 esse,
3719 4960 3800 5012 vel
3829 4962 3904 5013 si-

2320 5047 2487 5097 mum,
2519 5046 2639 5100 quae
2667 5032 2866 5086 idcirco
2914 5049 3009 5103 per
3037 5037 3286 5095 accidens
3338 5053 3728 5113 nuncupantur,
3772 5063 3902 5115 quo-

2318 5121 2458 5175 niam
2506 5120 2615 5188 jam
2665 5121 2968 5178 constituta:
3019 5128 3218 5196 speciei
3267 5130 3599 5186 extrinsecus
3629 5134 3901 5206 accidunt,

2318 5208 2447 5263 nihil
2477 5208 2701 5278 subjecti
2732 5211 3043 5271 substantiae
3076 5219 3565 5278 accommodantes.

2386 5300 2503 5356 ιιιω
2539 5303 2694 5373 igitur
2738 5322 2852 5377 qua:
2897 5326 2987 5379 per
3018 5326 3072 5364 se
3106 5319 3254 5377 sunt,
3286 5313 3337 5366 in
3376 5316 3573 5373 ratione
3600 5320 3902 5379 substantias

2315 5393 2660 5464 accipiuntur,
2693 5406 2740 5450 et
2770 5400 2967 5466 faciunt
2993 5402 3139 5454 aliud
3162 5417 3180 5456 :
3204 5404 3309 5457 illa:
3333 5421 3450 5461 vero
3478 5427 3593 5480 qum
3620 5418 3899 5471 secundum

2317 5483 2575 5549 accidens,
2600 5502 2691 5539 nec
2718 5488 2769 5540 in
2799 5488 3095 5544 substantia:
3119 5493 3313 5548 ratione
3341 5499 3683 5571 accipiuntur,
3710 5521 3799 5560 nec
3821 5512 3898 5576 [a-

2318 5571 2454 5625 ciunt
2489 5574 2653 5642 aliud,
2687 5576 2777 5629 sed
2808 5577 3096 5632 alteratum.
3129 5576 3200 5634 Et
3227 5582 3335 5638 illa:
3358 5588 3565 5657 quidem
3589 5608 3704 5663 quis
3733 5571 3899 5665 per-sc

2315 5666 2454 5729 sunt,
2484 5679 2583 5717 non
2610 5666 2893 5734 suscipiunt
2918 5669 3079 5740 magis
3105 5679 3153 5726 et
3178 5674 3347 5730 minus
3370 5692 3388 5730 .‘
3411 5679 3517 5734 illa:
3540 5697 3654 5735 vero
3674 5700 3790 5752 qua:
3810 5700 3897 5753 per

2315 5755 2570 5823 accidens,
2603 5758 2694 5809 etsi
2724 5759 3083 5828 inseparabiles
3117 5766 3240 5833 sint,
3276 5767 3611 5826 intensionem
3640 5776 3895 5844 accipiunt

2312 5852 2361 5897 et
2390 5845 2730 5900 remissionem
2753 5864 2773 5904 :
2795 5865 2913 5905 nam
2936 5867 3094 5924 neque
3116 5870 3275 5922 genus
3303 5859 3465 5923 magis
3488 5870 3537 5916 et
3565 5863 3732 5917 minus
3762 5880 3892 5927 prte-
