  <div class='ocr_page' id='page_1' title='image "/cluster/home/n/w/nwhite01/storage/ocr_20150623/64/hvd.32044073505265/066.png"; bbox 0 0 4244 6254; ppageno 0'>
   <div class='ocr_carea' id='block_1_1' title="bbox 321 352 417 409">
    <p class='ocr_par' dir='ltr' id='par_1_1' title="bbox 321 352 417 409">
     <span class='ocr_line' id='line_1_1' title="bbox 321 352 417 409; baseline -0.021 0"><span class='ocrx_word' id='word_1_1' title='bbox 321 352 417 409; x_wconf 72' lang='grc'><strong><em>121</em></strong></span> 
     </span>
    </p>
   </div>
   <div class='ocr_carea' id='block_1_2' title="bbox 1056 330 2645 399">
    <p class='ocr_par' dir='ltr' id='par_1_2' title="bbox 1056 330 2645 399">
     <span class='ocr_line' id='line_1_2' title="bbox 1056 330 2645 399; baseline -0.006 0"><span class='ocrx_word' id='word_1_2' title='bbox 1056 330 1063 339; x_wconf 76' lang='grc'><em>’</em></span> <span class='ocrx_word' id='word_1_3' title='bbox 1101 341 1168 399; x_wconf 75' lang='grc' dir='ltr'><strong>ΙΝ</strong></span> <span class='ocrx_word' id='word_1_4' title='bbox 1206 336 1652 399; x_wconf 80' lang='lat' dir='ltr'><strong><em>PORPHYRIUM</em></strong></span> <span class='ocrx_word' id='word_1_5' title='bbox 1693 334 2349 399; x_wconf 72' lang='lat' dir='ltr'><strong><em>COMMENTARIORL‘M</em></strong></span> <span class='ocrx_word' id='word_1_6' title='bbox 2390 335 2515 392; x_wconf 76' lang='lat' dir='ltr'><strong><em>LIB.</em></strong></span> <span class='ocrx_word' id='word_1_7' title='bbox 2557 333 2645 390; x_wconf 83' lang='lat' dir='ltr'><strong><em>IV.</em></strong></span> 
     </span>
    </p>
   </div>
   <div class='ocr_carea' id='block_1_3' title="bbox 3500 340 3598 395">
    <p class='ocr_par' dir='ltr' id='par_1_3' title="bbox 3500 340 3598 395">
     <span class='ocr_line' id='line_1_3' title="bbox 3500 340 3598 395; baseline 0.02 -2"><span class='ocrx_word' id='word_1_8' title='bbox 3500 340 3598 395; x_wconf 70' lang='lat'><strong><em>122</em></strong></span> 
     </span>
    </p>
   </div>
   <div class='ocr_carea' id='block_1_4' title="bbox 313 452 3596 535">
    <p class='ocr_par' dir='ltr' id='par_1_4' title="bbox 313 452 3596 535">
     <span class='ocr_line' id='line_1_4' title="bbox 313 452 3596 535; baseline -0.004 -15"><span class='ocrx_word' id='word_1_9' title='bbox 313 467 516 520; x_wconf 83' lang='lat' dir='ltr'><strong><em>dicatur</em></strong></span> <span class='ocrx_word' id='word_1_10' title='bbox 548 464 611 518; x_wconf 90' lang='lat' dir='ltr'><strong><em>de</em></strong></span> <span class='ocrx_word' id='word_1_11' title='bbox 652 477 711 517; x_wconf 83' lang='lat' dir='ltr'><strong><em>eo</em></strong></span> <span class='ocrx_word' id='word_1_12' title='bbox 741 462 887 535; x_wconf 85' lang='lat' dir='ltr'><strong><em>cujus</em></strong></span> <span class='ocrx_word' id='word_1_13' title='bbox 920 465 991 513; x_wconf 85' lang='lat' dir='ltr'><strong><em>est</em></strong></span> <span class='ocrx_word' id='word_1_14' title='bbox 1028 474 1205 529; x_wconf 78' lang='lat' dir='ltr'><strong><em>genus,</em></strong></span> <span class='ocrx_word' id='word_1_15' title='bbox 1234 474 1393 528; x_wconf 83' lang='lat' dir='ltr'><strong><em>neque</em></strong></span> <span class='ocrx_word' id='word_1_16' title='bbox 1427 457 1626 529; x_wconf 81' lang='lat' dir='ltr'><strong><em>generis</em></strong></span> <span class='ocrx_word' id='word_1_17' title='bbox 1657 455 1907 521; x_wconf 55' lang='grc' dir='ltr'><strong><em>αἰπήν-οη.</em></strong></span> <span class='ocrx_word' id='word_1_18' title='bbox 1932 452 1985 515; x_wconf 73' lang='grc' dir='ltr'><strong>Α</strong></span> <span class='ocrx_word' id='word_1_19' title='bbox 2011 468 2127 506; x_wconf 74' lang='lat' dir='ltr'><strong><em>vero</em></strong></span> <span class='ocrx_word' id='word_1_20' title='bbox 2158 468 2248 519; x_wconf 84' lang='lat' dir='ltr'><strong><em>per</em></strong></span> <span class='ocrx_word' id='word_1_21' title='bbox 2268 452 2526 513; x_wconf 74' lang='lat' dir='ltr'><strong><em>accidens,</em></strong></span> <span class='ocrx_word' id='word_1_22' title='bbox 2553 458 2599 503; x_wconf 83' lang='lat' dir='ltr'><strong><em>et</em></strong></span> <span class='ocrx_word' id='word_1_23' title='bbox 2627 465 2804 504; x_wconf 87' lang='lat' dir='ltr'><strong><em>rursus</em></strong></span> <span class='ocrx_word' id='word_1_24' title='bbox 2840 467 3014 506; x_wconf 82' lang='lat' dir='ltr'><strong><em>eorum</em></strong></span> <span class='ocrx_word' id='word_1_25' title='bbox 3045 467 3154 523; x_wconf 76' lang='lat' dir='ltr'><strong><em>qua:</em></strong></span> <span class='ocrx_word' id='word_1_26' title='bbox 3176 467 3262 523; x_wconf 88' lang='lat' dir='ltr'><strong><em>per</em></strong></span> <span class='ocrx_word' id='word_1_27' title='bbox 3286 470 3338 509; x_wconf 88' lang='lat' dir='ltr'><strong><em>se</em></strong></span> <span class='ocrx_word' id='word_1_28' title='bbox 3365 453 3468 509; x_wconf 88' lang='lat' dir='ltr'><strong><em>sint</em></strong></span> <span class='ocrx_word' id='word_1_29' title='bbox 3493 456 3596 521; x_wconf 83' lang='lat' dir='ltr'><strong><em>dir-</em></strong></span> 
     </span>
    </p>
   </div>
   <div class='ocr_carea' id='block_1_5' title="bbox 286 546 1903 619">
    <p class='ocr_par' dir='ltr' id='par_1_5' title="bbox 286 546 1903 619">
     <span class='ocr_line' id='line_1_5' title="bbox 286 546 1903 619; baseline -0.007 -10"><span class='ocrx_word' id='word_1_30' title='bbox 286 558 423 619; x_wconf 23' lang='lat' dir='ltr'><strong><em>.tiar,</em></strong></span> <span class='ocrx_word' id='word_1_31' title='bbox 465 560 746 608; x_wconf 86' lang='lat' dir='ltr'><strong><em>secundum</em></strong></span> <span class='ocrx_word' id='word_1_32' title='bbox 794 566 919 619; x_wconf 82' lang='lat' dir='ltr'><strong><em>quas</em></strong></span> <span class='ocrx_word' id='word_1_33' title='bbox 966 548 1212 602; x_wconf 74' lang='lat' dir='ltr'><strong><em>dividitur</em></strong></span> <span class='ocrx_word' id='word_1_34' title='bbox 1250 562 1269 601; x_wconf 90' lang='lat'><strong><em>:</em></strong></span> <span class='ocrx_word' id='word_1_35' title='bbox 1302 547 1428 616; x_wconf 77' lang='lat' dir='ltr'><strong><em>ipsa:</em></strong></span> <span class='ocrx_word' id='word_1_36' title='bbox 1464 546 1597 600; x_wconf 89' lang='lat' dir='ltr'><strong><em>enim</em></strong></span> <span class='ocrx_word' id='word_1_37' title='bbox 1637 553 1755 598; x_wconf 89' lang='lat' dir='ltr'><strong><em>sunt</em></strong></span> <span class='ocrx_word' id='word_1_38' title='bbox 1791 559 1903 615; x_wconf 76' lang='lat' dir='ltr'><strong><em>qua:</em></strong></span> 
     </span>
    </p>
   </div>
   <div class='ocr_carea' id='block_1_6' title="bbox 313 637 1905 714">
    <p class='ocr_par' dir='ltr' id='par_1_6' title="bbox 313 637 1905 714">
     <span class='ocr_line' id='line_1_6' title="bbox 313 637 1905 714; baseline -0.006 -15"><span class='ocrx_word' id='word_1_39' title='bbox 313 642 719 714; x_wconf 75' lang='lat' dir='ltr'><strong><em>uniuscujusque</em></strong></span> <span class='ocrx_word' id='word_1_40' title='bbox 742 642 984 694; x_wconf 87' lang='lat' dir='ltr'><strong><em>rationem</em></strong></span> <span class='ocrx_word' id='word_1_41' title='bbox 1007 638 1292 708; x_wconf 86' lang='lat' dir='ltr'><strong><em>complent;</em></strong></span> <span class='ocrx_word' id='word_1_42' title='bbox 1314 654 1420 693; x_wconf 86' lang='lat' dir='ltr'><strong><em>esse</em></strong></span> <span class='ocrx_word' id='word_1_43' title='bbox 1438 647 1609 691; x_wconf 89' lang='lat' dir='ltr'><strong><em>autem</em></strong></span> <span class='ocrx_word' id='word_1_44' title='bbox 1629 637 1905 706; x_wconf 81' lang='lat' dir='ltr'><strong><em>unicuique</em></strong></span> 
     </span>
    </p>
   </div>
   <div class='ocr_carea' id='block_1_7' title="bbox 311 729 1896 797">
    <p class='ocr_par' dir='ltr' id='par_1_7' title="bbox 311 729 1896 797">
     <span class='ocr_line' id='line_1_7' title="bbox 311 729 1896 797; baseline -0.004 -9"><span class='ocrx_word' id='word_1_45' title='bbox 311 750 475 788; x_wconf 87' lang='lat' dir='ltr'><strong><em>unum</em></strong></span> <span class='ocrx_word' id='word_1_46' title='bbox 505 743 550 787; x_wconf 90' lang='lat' dir='ltr'><strong><em>et</em></strong></span> <span class='ocrx_word' id='word_1_47' title='bbox 577 733 731 797; x_wconf 87' lang='lat' dir='ltr'><strong><em>idem,</em></strong></span> <span class='ocrx_word' id='word_1_48' title='bbox 765 749 856 785; x_wconf 80' lang='lat' dir='ltr'><strong><em>nec</em></strong></span> <span class='ocrx_word' id='word_1_49' title='bbox 885 730 1217 787; x_wconf 87' lang='lat' dir='ltr'><strong><em>intensionem</em></strong></span> <span class='ocrx_word' id='word_1_50' title='bbox 1243 745 1332 784; x_wconf 88' lang='lat' dir='ltr'><strong><em>nec</em></strong></span> <span class='ocrx_word' id='word_1_51' title='bbox 1360 730 1707 783; x_wconf 72' lang='lat' dir='ltr'><strong><em>remissionem</em></strong></span> <span class='ocrx_word' id='word_1_52' title='bbox 1733 729 1896 783; x_wconf 87' lang='lat' dir='ltr'><strong><em>susci-</em></strong></span> 
     </span>
    </p>
   </div>
   <div class='ocr_carea' id='block_1_8' title="bbox 311 818 1902 893">
    <p class='ocr_par' dir='ltr' id='par_1_8' title="bbox 311 818 1902 893">
     <span class='ocr_line' id='line_1_8' title="bbox 311 818 1902 893; baseline -0.004 -15"><span class='ocrx_word' id='word_1_53' title='bbox 311 825 460 893; x_wconf 79' lang='lat' dir='ltr'><strong><em>piens</em></strong></span> <span class='ocrx_word' id='word_1_54' title='bbox 480 834 569 888; x_wconf 88' lang='lat' dir='ltr'><strong><em>est,</em></strong></span> <span class='ocrx_word' id='word_1_55' title='bbox 602 822 827 891; x_wconf 81' lang='lat' dir='ltr'><strong><em>aquilum</em></strong></span> <span class='ocrx_word' id='word_1_56' title='bbox 853 830 1025 874; x_wconf 88' lang='lat' dir='ltr'><strong><em>autem</em></strong></span> <span class='ocrx_word' id='word_1_57' title='bbox 1050 819 1126 873; x_wconf 82' lang='lat' dir='ltr'><strong><em>uel</em></strong></span> <span class='ocrx_word' id='word_1_58' title='bbox 1152 820 1335 873; x_wconf 86' lang='lat' dir='ltr'><strong><em>simum</em></strong></span> <span class='ocrx_word' id='word_1_59' title='bbox 1360 834 1485 885; x_wconf 84' lang='lat' dir='ltr'><strong><em>me,</em></strong></span> <span class='ocrx_word' id='word_1_60' title='bbox 1515 818 1593 871; x_wconf 86' lang='lat' dir='ltr'><strong><em>vel</em></strong></span> <span class='ocrx_word' id='word_1_61' title='bbox 1618 818 1902 872; x_wconf 87' lang='lat' dir='ltr'><strong><em>coloratum</em></strong></span> 
     </span>
    </p>
   </div>
   <div class='ocr_carea' id='block_1_9' title="bbox 310 908 1462 981">
    <p class='ocr_par' dir='ltr' id='par_1_9' title="bbox 310 908 1462 981">
     <span class='ocr_line' id='line_1_9' title="bbox 310 908 1462 981; baseline -0.006 -13"><span class='ocrx_word' id='word_1_62' title='bbox 310 915 485 981; x_wconf 77' lang='lat' dir='ltr'><strong><em>aliqua</em></strong></span> <span class='ocrx_word' id='word_1_63' title='bbox 513 914 684 978; x_wconf 84' lang='lat' dir='ltr'><strong><em>modo,</em></strong></span> <span class='ocrx_word' id='word_1_64' title='bbox 715 921 762 965; x_wconf 89' lang='lat' dir='ltr'><strong><em>et</em></strong></span> <span class='ocrx_word' id='word_1_65' title='bbox 786 910 1072 965; x_wconf 73' lang='lat' dir='ltr'><strong><em>intenditur</em></strong></span> <span class='ocrx_word' id='word_1_66' title='bbox 1099 918 1144 962; x_wconf 87' lang='lat' dir='ltr'><strong><em>et</em></strong></span> <span class='ocrx_word' id='word_1_67' title='bbox 1168 908 1462 962; x_wconf 74' lang='lat' dir='ltr'><strong><em>remittitur.</em></strong></span> 
     </span>
    </p>
   </div>
   <div class='ocr_carea' id='block_1_10' title="bbox 383 998 1899 1071">
    <p class='ocr_par' dir='ltr' id='par_1_10' title="bbox 383 998 1899 1071">
     <span class='ocr_line' id='line_1_10' title="bbox 383 998 1899 1071; baseline -0.002 -14"><span class='ocrx_word' id='word_1_68' title='bbox 383 1004 709 1059; x_wconf 75' lang='lat' dir='ltr'><strong><em>Ditrerentiis</em></strong></span> <span class='ocrx_word' id='word_1_69' title='bbox 748 1002 851 1057; x_wconf 88' lang='lat' dir='ltr'><strong><em>rite</em></strong></span> <span class='ocrx_word' id='word_1_70' title='bbox 887 999 1095 1071; x_wconf 76' lang='lat' dir='ltr'><strong><em>partitis</em></strong></span> <span class='ocrx_word' id='word_1_71' title='bbox 1124 1013 1307 1054; x_wconf 89' lang='lat' dir='ltr'><strong><em>earum</em></strong></span> <span class='ocrx_word' id='word_1_72' title='bbox 1338 999 1473 1053; x_wconf 91' lang='lat' dir='ltr'><strong><em>inter</em></strong></span> <span class='ocrx_word' id='word_1_73' title='bbox 1501 1013 1559 1053; x_wconf 87' lang='lat' dir='ltr'><strong><em>se</em></strong></span> <span class='ocrx_word' id='word_1_74' title='bbox 1589 998 1899 1054; x_wconf 90' lang='lat' dir='ltr'><strong><em>distantiam</em></strong></span> 
     </span>
    </p>
   </div>
   <div class='ocr_carea' id='block_1_11' title="bbox 310 1090 1901 1165">
    <p class='ocr_par' dir='ltr' id='par_1_11' title="bbox 310 1090 1901 1165">
     <span class='ocr_line' id='line_1_11' title="bbox 310 1090 1901 1165; baseline -0.003 -16"><span class='ocrx_word' id='word_1_75' title='bbox 310 1102 573 1149; x_wconf 86' lang='lat' dir='ltr'><strong><em>monstrat</em></strong></span> <span class='ocrx_word' id='word_1_76' title='bbox 621 1092 976 1165; x_wconf 83' lang='lat' dir='ltr'><strong><em>Porphyrius,</em></strong></span> <span class='ocrx_word' id='word_1_77' title='bbox 1030 1100 1190 1161; x_wconf 88' lang='lat' dir='ltr'><strong><em>atque</em></strong></span> <span class='ocrx_word' id='word_1_78' title='bbox 1240 1104 1397 1144; x_wconf 91' lang='lat' dir='ltr'><strong><em>unam</em></strong></span> <span class='ocrx_word' id='word_1_79' title='bbox 1444 1090 1659 1160; x_wconf 88' lang='lat' dir='ltr'><strong><em>quidem</em></strong></span> <span class='ocrx_word' id='word_1_80' title='bbox 1708 1092 1901 1159; x_wconf 80' lang='lat' dir='ltr'><strong><em>repetit</em></strong></span> 
     </span>
    </p>
   </div>
   <div class='ocr_carea' id='block_1_12' title="bbox 309 1164 1897 1255">
    <p class='ocr_par' dir='ltr' id='par_1_12' title="bbox 309 1164 1897 1255">
     <span class='ocr_line' id='line_1_12' title="bbox 309 1164 1897 1255; baseline -0.003 -17"><span class='ocrx_word' id='word_1_81' title='bbox 309 1164 463 1253; x_wconf 82' lang='lat' dir='ltr'><strong><em>quam</em></strong></span> <span class='ocrx_word' id='word_1_82' title='bbox 486 1184 735 1255; x_wconf 83' lang='lat' dir='ltr'><strong><em>superius</em></strong></span> <span class='ocrx_word' id='word_1_83' title='bbox 762 1164 1065 1238; x_wconf 77' lang='lat' dir='ltr'><strong><em>dixil.Cum</em></strong></span> <span class='ocrx_word' id='word_1_84' title='bbox 1092 1182 1235 1238; x_wconf 89' lang='lat' dir='ltr'><strong><em>enim</em></strong></span> <span class='ocrx_word' id='word_1_85' title='bbox 1263 1190 1373 1236; x_wconf 89' lang='lat' dir='ltr'><strong><em>tres</em></strong></span> <span class='ocrx_word' id='word_1_86' title='bbox 1399 1195 1519 1235; x_wconf 85' lang='lat' dir='ltr'><strong><em>esse</em></strong></span> <span class='ocrx_word' id='word_1_87' title='bbox 1543 1181 1768 1235; x_wconf 82' lang='lat' dir='ltr'><strong><em>dixisset</em></strong></span> <span class='ocrx_word' id='word_1_88' title='bbox 1794 1180 1897 1234; x_wconf 83' lang='lat' dir='ltr'><strong><em>dit-</em></strong></span> 
     </span>
    </p>
   </div>
   <div class='ocr_carea' id='block_1_13' title="bbox 309 1271 1899 1343">
    <p class='ocr_par' dir='ltr' id='par_1_13' title="bbox 309 1271 1899 1343">
     <span class='ocr_line' id='line_1_13' title="bbox 309 1271 1899 1343; baseline -0.003 -13"><span class='ocrx_word' id='word_1_89' title='bbox 309 1276 565 1330; x_wconf 73' lang='lat' dir='ltr'><strong><em>iei-ei.tias</em></strong></span> <span class='ocrx_word' id='word_1_90' title='bbox 603 1289 939 1341; x_wconf 85' lang='lat' dir='ltr'><strong><em>communes,</em></strong></span> <span class='ocrx_word' id='word_1_91' title='bbox 967 1273 1234 1343; x_wconf 89' lang='lat' dir='ltr'><strong><em>proprias,</em></strong></span> <span class='ocrx_word' id='word_1_92' title='bbox 1260 1279 1315 1327; x_wconf 87' lang='lat' dir='ltr'><strong><em>et</em></strong></span> <span class='ocrx_word' id='word_1_93' title='bbox 1341 1272 1509 1341; x_wconf 87' lang='lat' dir='ltr'><strong><em>magis</em></strong></span> <span class='ocrx_word' id='word_1_94' title='bbox 1540 1271 1801 1341; x_wconf 88' lang='lat' dir='ltr'><strong><em>proprias,</em></strong></span> <span class='ocrx_word' id='word_1_95' title='bbox 1823 1272 1899 1326; x_wconf 88' lang='lat' dir='ltr'><strong><em>al-</em></strong></span> 
     </span>
    </p>
   </div>
   <div class='ocr_carea' id='block_1_14' title="bbox 311 1365 1897 1433">
    <p class='ocr_par' dir='ltr' id='par_1_14' title="bbox 311 1365 1897 1433">
     <span class='ocr_line' id='line_1_14' title="bbox 311 1365 1897 1433; baseline -0.001 -12"><span class='ocrx_word' id='word_1_96' title='bbox 311 1377 541 1431; x_wconf 83' lang='lat' dir='ltr'><strong><em>teratnm</em></strong></span> <span class='ocrx_word' id='word_1_97' title='bbox 584 1367 763 1422; x_wconf 64' lang='lat' dir='ltr'><strong><em>fcere</em></strong></span> <span class='ocrx_word' id='word_1_98' title='bbox 806 1366 943 1421; x_wconf 78' lang='lat' dir='ltr'><strong><em>dixit</em></strong></span> <span class='ocrx_word' id='word_1_99' title='bbox 982 1366 1249 1433; x_wconf 86' lang='lat' dir='ltr'><strong><em>proprias.</em></strong></span> <span class='ocrx_word' id='word_1_100' title='bbox 1290 1365 1429 1418; x_wconf 82' lang='lat' dir='ltr'><strong><em>sicut</em></strong></span> <span class='ocrx_word' id='word_1_101' title='bbox 1471 1372 1527 1419; x_wconf 92' lang='lat' dir='ltr'><strong><em>et</em></strong></span> <span class='ocrx_word' id='word_1_102' title='bbox 1565 1378 1897 1430; x_wconf 85' lang='lat' dir='ltr'><strong><em>communes,</em></strong></span> 
     </span>
    </p>
   </div>
   <div class='ocr_carea' id='block_1_15' title="bbox 309 1454 1899 1525">
    <p class='ocr_par' dir='ltr' id='par_1_15' title="bbox 309 1454 1899 1525">
     <span class='ocr_line' id='line_1_15' title="bbox 309 1454 1899 1525; baseline -0.002 -11"><span class='ocrx_word' id='word_1_103' title='bbox 309 1457 454 1514; x_wconf 89' lang='lat' dir='ltr'><strong><em>aliud</em></strong></span> <span class='ocrx_word' id='word_1_104' title='bbox 486 1471 617 1512; x_wconf 89' lang='lat' dir='ltr'><strong><em>vero</em></strong></span> <span class='ocrx_word' id='word_1_105' title='bbox 647 1455 893 1524; x_wconf 87' lang='lat' dir='ltr'><strong><em>minime,</em></strong></span> <span class='ocrx_word' id='word_1_106' title='bbox 925 1454 1019 1510; x_wconf 90' lang='lat' dir='ltr'><strong><em>sed</em></strong></span> <span class='ocrx_word' id='word_1_107' title='bbox 1048 1455 1152 1510; x_wconf 89' lang='lat' dir='ltr'><strong><em>hoc</em></strong></span> <span class='ocrx_word' id='word_1_108' title='bbox 1178 1454 1312 1509; x_wconf 90' lang='lat' dir='ltr'><strong><em>solis</em></strong></span> <span class='ocrx_word' id='word_1_109' title='bbox 1342 1456 1507 1524; x_wconf 86' lang='lat' dir='ltr'><strong><em>magis</em></strong></span> <span class='ocrx_word' id='word_1_110' title='bbox 1545 1456 1776 1525; x_wconf 84' lang='lat' dir='ltr'><strong><em>propriis</em></strong></span> <span class='ocrx_word' id='word_1_111' title='bbox 1816 1472 1899 1511; x_wconf 86' lang='lat' dir='ltr'><strong><em>re-</em></strong></span> 
     </span>
    </p>
   </div>
   <div class='ocr_carea' id='block_1_16' title="bbox 310 1544 1897 1615">
    <p class='ocr_par' dir='ltr' id='par_1_16' title="bbox 310 1544 1897 1615">
     <span class='ocr_line' id='line_1_16' title="bbox 310 1544 1897 1615; baseline 0.001 -15"><span class='ocrx_word' id='word_1_112' title='bbox 310 1548 571 1611; x_wconf 72' lang='lat' dir='ltr'><strong><em>servavit,</em></strong></span> <span class='ocrx_word' id='word_1_113' title='bbox 610 1560 755 1600; x_wconf 92' lang='lat' dir='ltr'><strong><em>nunc</em></strong></span> <span class='ocrx_word' id='word_1_114' title='bbox 783 1546 947 1615; x_wconf 79' lang='lat' dir='ltr'><strong><em>igitur</em></strong></span> <span class='ocrx_word' id='word_1_115' title='bbox 972 1544 1113 1600; x_wconf 91' lang='lat' dir='ltr'><strong><em>idem</em></strong></span> <span class='ocrx_word' id='word_1_116' title='bbox 1150 1546 1346 1615; x_wconf 86' lang='lat' dir='ltr'><strong><em>repetit</em></strong></span> <span class='ocrx_word' id='word_1_117' title='bbox 1385 1545 1570 1601; x_wconf 89' lang='lat' dir='ltr'><strong><em>dicens</em></strong></span> <span class='ocrx_word' id='word_1_118' title='bbox 1600 1565 1612 1600; x_wconf 93' lang='lat'><strong>:</strong></span> <span class='ocrx_word' id='word_1_119' title='bbox 1643 1548 1897 1615; x_wconf 80' lang='lat' dir='ltr'><strong><em>Quoniam</em></strong></span> 
     </span>
    </p>
   </div>
   <div class='ocr_carea' id='block_1_17' title="bbox 310 1636 1894 1707">
    <p class='ocr_par' dir='ltr' id='par_1_17' title="bbox 310 1636 1894 1707">
     <span class='ocr_line' id='line_1_17' title="bbox 310 1636 1894 1707; baseline -0.001 -14"><span class='ocrx_word' id='word_1_120' title='bbox 310 1636 702 1707; x_wconf 86' lang='lat' dir='ltr'><strong><em>lnseparabiies</em></strong></span> <span class='ocrx_word' id='word_1_121' title='bbox 723 1636 1039 1690; x_wconf 71' lang='lat' dir='ltr'><strong><em>ditl‘erentiae</em></strong></span> <span class='ocrx_word' id='word_1_122' title='bbox 1060 1651 1178 1705; x_wconf 74' lang='lat' dir='ltr'><strong><em>qua:</em></strong></span> <span class='ocrx_word' id='word_1_123' title='bbox 1200 1636 1548 1690; x_wconf 78' lang='lat' dir='ltr'><strong><em>substantiam</em></strong></span> <span class='ocrx_word' id='word_1_124' title='bbox 1578 1646 1894 1706; x_wconf 84' lang='lat' dir='ltr'><strong><em>monstrant,</em></strong></span> 
     </span>
    </p>
   </div>
   <div class='ocr_carea' id='block_1_18' title="bbox 311 1725 1897 1800">
    <p class='ocr_par' dir='ltr' id='par_1_18' title="bbox 311 1725 1897 1800">
     <span class='ocr_line' id='line_1_18' title="bbox 311 1725 1897 1800; baseline 0.002 -17"><span class='ocrx_word' id='word_1_125' title='bbox 311 1727 364 1783; x_wconf 83' lang='lat' dir='ltr'><strong><em>id</em></strong></span> <span class='ocrx_word' id='word_1_126' title='bbox 396 1737 479 1782; x_wconf 91' lang='lat' dir='ltr'><strong><em>est</em></strong></span> <span class='ocrx_word' id='word_1_127' title='bbox 509 1742 627 1796; x_wconf 77' lang='lat' dir='ltr'><strong><em>qua:</em></strong></span> <span class='ocrx_word' id='word_1_128' title='bbox 656 1742 754 1796; x_wconf 89' lang='lat' dir='ltr'><strong><em>per</em></strong></span> <span class='ocrx_word' id='word_1_129' title='bbox 787 1741 849 1780; x_wconf 87' lang='lat' dir='ltr'><strong><em>se</em></strong></span> <span class='ocrx_word' id='word_1_130' title='bbox 887 1725 1143 1794; x_wconf 86' lang='lat' dir='ltr'><strong><em>subjectis</em></strong></span> <span class='ocrx_word' id='word_1_131' title='bbox 1172 1728 1454 1797; x_wconf 91' lang='lat' dir='ltr'><strong><em>speciebus</em></strong></span> <span class='ocrx_word' id='word_1_132' title='bbox 1488 1730 1673 1784; x_wconf 90' lang='lat' dir='ltr'><strong><em>insunt</em></strong></span> <span class='ocrx_word' id='word_1_133' title='bbox 1700 1745 1897 1800; x_wconf 89' lang='lat' dir='ltr'><strong><em>easque</em></strong></span> 
     </span>
    </p>
   </div>
   <div class='ocr_carea' id='block_1_19' title="bbox 2011 543 3597 614">
    <p class='ocr_par' dir='ltr' id='par_1_19' title="bbox 2011 543 3597 614">
     <span class='ocr_line' id='line_1_19' title="bbox 2011 543 3597 614; baseline 0.004 -17"><span class='ocrx_word' id='word_1_134' title='bbox 2011 544 2363 614; x_wconf 77' lang='lat' dir='ltr'><strong><em>fcrentiarum,</em></strong></span> <span class='ocrx_word' id='word_1_135' title='bbox 2386 544 2505 597; x_wconf 79' lang='lat' dir='ltr'><strong><em>alite</em></strong></span> <span class='ocrx_word' id='word_1_136' title='bbox 2531 543 2735 612; x_wconf 84' lang='lat' dir='ltr'><strong><em>quidem</em></strong></span> <span class='ocrx_word' id='word_1_137' title='bbox 2771 553 2909 610; x_wconf 87' lang='lat' dir='ltr'><strong><em>sunt,</em></strong></span> <span class='ocrx_word' id='word_1_138' title='bbox 2944 548 3220 600; x_wconf 86' lang='lat' dir='ltr'><strong><em>secundum</em></strong></span> <span class='ocrx_word' id='word_1_139' title='bbox 3248 564 3371 614; x_wconf 86' lang='lat' dir='ltr'><strong><em>quas</em></strong></span> <span class='ocrx_word' id='word_1_140' title='bbox 3398 549 3597 611; x_wconf 46' lang='lat' dir='ltr'><strong><em>dividi-1</em></strong></span> 
     </span>
    </p>
   </div>
   <div class='ocr_carea' id='block_1_20' title="bbox 2008 635 3596 707">
    <p class='ocr_par' dir='ltr' id='par_1_20' title="bbox 2008 635 3596 707">
     <span class='ocr_line' id='line_1_20' title="bbox 2008 635 3596 707; baseline 0.004 -19"><span class='ocrx_word' id='word_1_141' title='bbox 2008 652 2122 689; x_wconf 86' lang='lat' dir='ltr'><strong><em>mus</em></strong></span> <span class='ocrx_word' id='word_1_142' title='bbox 2162 652 2343 706; x_wconf 79' lang='lat' dir='ltr'><strong><em>genera</em></strong></span> <span class='ocrx_word' id='word_1_143' title='bbox 2384 637 2439 688; x_wconf 90' lang='lat' dir='ltr'><strong><em>in</em></strong></span> <span class='ocrx_word' id='word_1_144' title='bbox 2476 635 2667 703; x_wconf 88' lang='lat' dir='ltr'><strong><em>species</em></strong></span> <span class='ocrx_word' id='word_1_145' title='bbox 2699 649 2717 687; x_wconf 88' lang='lat'><strong><em>:</em></strong></span> <span class='ocrx_word' id='word_1_146' title='bbox 2758 635 2877 687; x_wconf 74' lang='lat' dir='ltr'><strong><em>alia:</em></strong></span> <span class='ocrx_word' id='word_1_147' title='bbox 2913 651 3027 690; x_wconf 81' lang='lat' dir='ltr'><strong><em>uero</em></strong></span> <span class='ocrx_word' id='word_1_148' title='bbox 3063 636 3342 691; x_wconf 78' lang='lat' dir='ltr'><strong><em>secundum</em></strong></span> <span class='ocrx_word' id='word_1_149' title='bbox 3378 655 3503 707; x_wconf 86' lang='lat' dir='ltr'><strong><em>quas</em></strong></span> <span class='ocrx_word' id='word_1_150' title='bbox 3535 658 3596 695; x_wconf 84' lang='lat' dir='ltr'><strong><em>ea</em></strong></span> 
     </span>
    </p>
   </div>
   <div class='ocr_carea' id='block_1_21' title="bbox 2006 726 3595 799">
    <p class='ocr_par' dir='ltr' id='par_1_21' title="bbox 2006 726 3595 799">
     <span class='ocr_line' id='line_1_21' title="bbox 2006 726 3595 799; baseline 0.003 -18"><span class='ocrx_word' id='word_1_151' title='bbox 2006 744 2121 796; x_wconf 67' lang='lat' dir='ltr'><strong><em>qua:</em></strong></span> <span class='ocrx_word' id='word_1_152' title='bbox 2147 729 2309 782; x_wconf 85' lang='lat' dir='ltr'><strong><em>divisa</em></strong></span> <span class='ocrx_word' id='word_1_153' title='bbox 2337 736 2456 780; x_wconf 87' lang='lat' dir='ltr'><strong><em>sunt</em></strong></span> <span class='ocrx_word' id='word_1_154' title='bbox 2481 726 2862 793; x_wconf 79' lang='lat' dir='ltr'><strong><em>speci/icantur,</em></strong></span> <span class='ocrx_word' id='word_1_155' title='bbox 2895 734 2948 779; x_wconf 86' lang='lat' dir='ltr'><strong><em>ut</em></strong></span> <span class='ocrx_word' id='word_1_156' title='bbox 2974 743 3086 779; x_wconf 89' lang='lat' dir='ltr'><strong><em>cum</em></strong></span> <span class='ocrx_word' id='word_1_157' title='bbox 3111 744 3201 799; x_wconf 87' lang='lat' dir='ltr'><strong><em>per</em></strong></span> <span class='ocrx_word' id='word_1_158' title='bbox 3220 746 3273 783; x_wconf 89' lang='lat' dir='ltr'><strong><em>se</em></strong></span> <span class='ocrx_word' id='word_1_159' title='bbox 3293 730 3595 798; x_wconf 75' lang='lat' dir='ltr'><strong><em>cli/Terentia:</em></strong></span> 
     </span>
    </p>
   </div>
   <div class='ocr_carea' id='block_1_22' title="bbox 2008 816 3588 891">
    <p class='ocr_par' dir='ltr' id='par_1_22' title="bbox 2008 816 3588 891">
     <span class='ocr_line' id='line_1_22' title="bbox 2008 816 3588 891; baseline 0.001 -18"><span class='ocrx_word' id='word_1_160' title='bbox 2008 835 2180 873; x_wconf 87' lang='lat' dir='ltr'><strong><em>omnes</em></strong></span> <span class='ocrx_word' id='word_1_161' title='bbox 2224 819 2521 891; x_wconf 82' lang='lat' dir='ltr'><strong><em>Itujusntodi</em></strong></span> <span class='ocrx_word' id='word_1_162' title='bbox 2556 816 2795 871; x_wconf 82' lang='lat' dir='ltr'><strong><em>animalis</em></strong></span> <span class='ocrx_word' id='word_1_163' title='bbox 2828 819 2951 884; x_wconf 88' lang='lat' dir='ltr'><strong><em>sint,</em></strong></span> <span class='ocrx_word' id='word_1_164' title='bbox 2988 818 3198 873; x_wconf 89' lang='lat' dir='ltr'><strong><em>animati</em></strong></span> <span class='ocrx_word' id='word_1_165' title='bbox 3235 830 3281 874; x_wconf 93' lang='lat' dir='ltr'><strong><em>et</em></strong></span> <span class='ocrx_word' id='word_1_166' title='bbox 3321 823 3588 889; x_wconf 88' lang='lat' dir='ltr'><strong><em>sensibilis,</em></strong></span> 
     </span>
    </p>
   </div>
   <div class='ocr_carea' id='block_1_23' title="bbox 2005 912 3593 985">
    <p class='ocr_par' dir='ltr' id='par_1_23' title="bbox 2005 912 3593 985">
     <span class='ocr_line' id='line_1_23' title="bbox 2005 912 3593 985; baseline 0.002 -20"><span class='ocrx_word' id='word_1_167' title='bbox 2005 912 2272 967; x_wconf 82' lang='lat' dir='ltr'><strong><em>rationalis</em></strong></span> <span class='ocrx_word' id='word_1_168' title='bbox 2301 922 2347 966; x_wconf 87' lang='lat' dir='ltr'><strong><em>et</em></strong></span> <span class='ocrx_word' id='word_1_169' title='bbox 2374 912 2710 975; x_wconf 81' lang='lat' dir='ltr'><strong><em>irrationalis,</em></strong></span> <span class='ocrx_word' id='word_1_170' title='bbox 2735 912 2964 965; x_wconf 83' lang='lat' dir='ltr'><strong><em>mortalis</em></strong></span> <span class='ocrx_word' id='word_1_171' title='bbox 2990 922 3036 967; x_wconf 85' lang='lat' dir='ltr'><strong><em>et</em></strong></span> <span class='ocrx_word' id='word_1_172' title='bbox 3058 912 3379 979; x_wconf 80' lang='lat' dir='ltr'><strong><em>immortalis,</em></strong></span> <span class='ocrx_word' id='word_1_173' title='bbox 3402 930 3462 967; x_wconf 89' lang='lat' dir='ltr'><strong><em>ea</em></strong></span> <span class='ocrx_word' id='word_1_174' title='bbox 3477 915 3593 985; x_wconf 91' lang='lat' dir='ltr'><strong><em>qui-</em></strong></span> 
     </span>
    </p>
   </div>
   <div class='ocr_carea' id='block_1_24' title="bbox 2006 1001 3590 1073">
    <p class='ocr_par' dir='ltr' id='par_1_24' title="bbox 2006 1001 3590 1073">
     <span class='ocr_line' id='line_1_24' title="bbox 2006 1001 3590 1073; baseline 0.002 -17"><span class='ocrx_word' id='word_1_175' title='bbox 2006 1004 2119 1056; x_wconf 90' lang='lat' dir='ltr'><strong><em>dem</em></strong></span> <span class='ocrx_word' id='word_1_176' title='bbox 2142 1019 2258 1073; x_wconf 85' lang='lat' dir='ltr'><strong><em>quce</em></strong></span> <span class='ocrx_word' id='word_1_177' title='bbox 2288 1012 2361 1057; x_wconf 86' lang='lat' dir='ltr'><strong><em>est</em></strong></span> <span class='ocrx_word' id='word_1_178' title='bbox 2396 1003 2608 1057; x_wconf 86' lang='lat' dir='ltr'><strong><em>animati</em></strong></span> <span class='ocrx_word' id='word_1_179' title='bbox 2636 1012 2681 1056; x_wconf 89' lang='lat' dir='ltr'><strong><em>et</em></strong></span> <span class='ocrx_word' id='word_1_180' title='bbox 2715 1002 2964 1056; x_wconf 85' lang='lat' dir='ltr'><strong><em>sensibilis</em></strong></span> <span class='ocrx_word' id='word_1_181' title='bbox 3001 1001 3316 1070; x_wconf 69' lang='lat' dir='ltr'><strong><em>diﬁerentia,</em></strong></span> <span class='ocrx_word' id='word_1_182' title='bbox 3345 1006 3590 1059; x_wconf 72' lang='lat' dir='ltr'><strong><em>constitu-</em></strong></span> 
     </span>
    </p>
   </div>
   <div class='ocr_carea' id='block_1_25' title="bbox 2004 1095 3589 1153">
    <p class='ocr_par' dir='ltr' id='par_1_25' title="bbox 2004 1095 3589 1153">
     <span class='ocr_line' id='line_1_25' title="bbox 2004 1095 3589 1153; baseline 0.003 -4"><span class='ocrx_word' id='word_1_183' title='bbox 2004 1097 2104 1150; x_wconf 89' lang='lat' dir='ltr'><strong><em>tiva</em></strong></span> <span class='ocrx_word' id='word_1_184' title='bbox 2132 1106 2204 1150; x_wconf 87' lang='lat' dir='ltr'><strong><em>est</em></strong></span> <span class='ocrx_word' id='word_1_185' title='bbox 2226 1096 2463 1151; x_wconf 84' lang='lat' dir='ltr'><strong><em>animalis</em></strong></span> <span class='ocrx_word' id='word_1_186' title='bbox 2486 1096 2780 1151; x_wconf 74' lang='lat' dir='ltr'><strong><em>substantia:</em></strong></span> <span class='ocrx_word' id='word_1_187' title='bbox 2801 1112 2816 1149; x_wconf 91' lang='lat'><em>:</em></span> <span class='ocrx_word' id='word_1_188' title='bbox 2840 1106 2911 1151; x_wconf 86' lang='lat' dir='ltr'><strong><em>est</em></strong></span> <span class='ocrx_word' id='word_1_189' title='bbox 2933 1096 3063 1151; x_wconf 85' lang='lat' dir='ltr'><strong><em>enim</em></strong></span> <span class='ocrx_word' id='word_1_190' title='bbox 3090 1095 3281 1150; x_wconf 86' lang='lat' dir='ltr'><strong><em>animal</em></strong></span> <span class='ocrx_word' id='word_1_191' title='bbox 3309 1096 3589 1153; x_wconf 82' lang='lat' dir='ltr'><strong><em>substantia</em></strong></span> 
     </span>
    </p>
   </div>
   <div class='ocr_carea' id='block_1_26' title="bbox 2004 1187 3588 1258">
    <p class='ocr_par' dir='ltr' id='par_1_26' title="bbox 2004 1187 3588 1258">
     <span class='ocr_line' id='line_1_26' title="bbox 2004 1187 3588 1258; baseline 0.002 -19"><span class='ocrx_word' id='word_1_192' title='bbox 2004 1187 2233 1240; x_wconf 87' lang='lat' dir='ltr'><strong><em>animata</em></strong></span> <span class='ocrx_word' id='word_1_193' title='bbox 2264 1188 2533 1250; x_wconf 82' lang='lat' dir='ltr'><strong><em>sensibilis,</em></strong></span> <span class='ocrx_word' id='word_1_194' title='bbox 2564 1204 2622 1241; x_wconf 89' lang='lat' dir='ltr'><strong><em>ea</em></strong></span> <span class='ocrx_word' id='word_1_195' title='bbox 2663 1202 2776 1241; x_wconf 73' lang='lat' dir='ltr'><strong><em>tero</em></strong></span> <span class='ocrx_word' id='word_1_196' title='bbox 2809 1202 2922 1258; x_wconf 69' lang='lat' dir='ltr'><strong><em>quis</em></strong></span> <span class='ocrx_word' id='word_1_197' title='bbox 2949 1196 3021 1242; x_wconf 85' lang='lat' dir='ltr'><strong><em>est</em></strong></span> <span class='ocrx_word' id='word_1_198' title='bbox 3048 1187 3279 1242; x_wconf 86' lang='lat' dir='ltr'><strong><em>mortalis</em></strong></span> <span class='ocrx_word' id='word_1_199' title='bbox 3304 1196 3350 1242; x_wconf 89' lang='lat' dir='ltr'><strong><em>et</em></strong></span> <span class='ocrx_word' id='word_1_200' title='bbox 3378 1187 3588 1242; x_wconf 89' lang='lat' dir='ltr'><strong><em>immor-</em></strong></span> 
     </span>
    </p>
   </div>
   <div class='ocr_carea' id='block_1_27' title="bbox 2003 1277 3587 1349">
    <p class='ocr_par' dir='ltr' id='par_1_27' title="bbox 2003 1277 3587 1349">
     <span class='ocr_line' id='line_1_27' title="bbox 2003 1277 3587 1349; baseline 0.003 -21"><span class='ocrx_word' id='word_1_201' title='bbox 2003 1278 2121 1331; x_wconf 87' lang='lat' dir='ltr'><strong><em>talis</em></strong></span> <span class='ocrx_word' id='word_1_202' title='bbox 2148 1277 2458 1345; x_wconf 73' lang='lat' dir='ltr'><strong><em>diﬁ&#39;erentia,</em></strong></span> <span class='ocrx_word' id='word_1_203' title='bbox 2492 1280 2708 1349; x_wconf 86' lang='lat' dir='ltr'><strong><em>itemque</em></strong></span> <span class='ocrx_word' id='word_1_204' title='bbox 2735 1278 3002 1333; x_wconf 85' lang='lat' dir='ltr'><strong><em>rationalis</em></strong></span> <span class='ocrx_word' id='word_1_205' title='bbox 3024 1288 3073 1332; x_wconf 90' lang='lat' dir='ltr'><strong><em>et</em></strong></span> <span class='ocrx_word' id='word_1_206' title='bbox 3103 1278 3435 1344; x_wconf 86' lang='lat' dir='ltr'><strong><em>irrationalis,</em></strong></span> <span class='ocrx_word' id='word_1_207' title='bbox 3458 1279 3587 1333; x_wconf 88' lang='lat' dir='ltr'><strong><em>divi-</em></strong></span> 
     </span>
    </p>
   </div>
   <div class='ocr_carea' id='block_1_28' title="bbox 2000 1370 3587 1443">
    <p class='ocr_par' dir='ltr' id='par_1_28' title="bbox 2000 1370 3587 1443">
     <span class='ocr_line' id='line_1_28' title="bbox 2000 1370 3587 1443; baseline -0.001 -19"><span class='ocrx_word' id='word_1_208' title='bbox 2000 1371 2121 1425; x_wconf 65' lang='lat' dir='ltr'><strong><em>sivw</em></strong></span> <span class='ocrx_word' id='word_1_209' title='bbox 2148 1379 2263 1423; x_wconf 87' lang='lat' dir='ltr'><strong><em>sunt</em></strong></span> <span class='ocrx_word' id='word_1_210' title='bbox 2299 1370 2540 1424; x_wconf 83' lang='lat' dir='ltr'><strong><em>animalis</em></strong></span> <span class='ocrx_word' id='word_1_211' title='bbox 2580 1371 2897 1439; x_wconf 70' lang='lat' dir='ltr'><strong><em>di/i&#39;erentiaz,</em></strong></span> <span class='ocrx_word' id='word_1_212' title='bbox 2941 1387 3028 1443; x_wconf 83' lang='lat' dir='ltr'><strong><em>per</em></strong></span> <span class='ocrx_word' id='word_1_213' title='bbox 3052 1387 3137 1426; x_wconf 85' lang='lat' dir='ltr'><strong><em>eas</em></strong></span> <span class='ocrx_word' id='word_1_214' title='bbox 3172 1371 3305 1425; x_wconf 79' lang='lat' dir='ltr'><strong><em>enim</em></strong></span> <span class='ocrx_word' id='word_1_215' title='bbox 3332 1386 3513 1441; x_wconf 84' lang='lat' dir='ltr'><strong><em>genera</em></strong></span> <span class='ocrx_word' id='word_1_216' title='bbox 3533 1371 3587 1424; x_wconf 86' lang='lat' dir='ltr'><strong><em>in</em></strong></span> 
     </span>
    </p>
   </div>
   <div class='ocr_carea' id='block_1_29' title="bbox 2000 1461 2507 1531">
    <p class='ocr_par' dir='ltr' id='par_1_29' title="bbox 2000 1461 2507 1531">
     <span class='ocr_line' id='line_1_29' title="bbox 2000 1461 2507 1531; baseline 0.006 -16"><span class='ocrx_word' id='word_1_217' title='bbox 2000 1463 2190 1531; x_wconf 83' lang='lat' dir='ltr'><strong><em>species</em></strong></span> <span class='ocrx_word' id='word_1_218' title='bbox 2216 1461 2507 1518; x_wconf 85' lang='lat' dir='ltr'><strong><em>dividimus.</em></strong></span> 
     </span>
    </p>
   </div>
   <div class='ocr_carea' id='block_1_30' title="bbox 2074 1561 3584 1633">
    <p class='ocr_par' dir='ltr' id='par_1_30' title="bbox 2074 1561 3584 1633">
     <span class='ocr_line' id='line_1_30' title="bbox 2074 1561 3584 1633; baseline 0.001 -18"><span class='ocrx_word' id='word_1_219' title='bbox 2074 1561 2158 1616; x_wconf 90' lang='lat' dir='ltr'><strong><em>Fit</em></strong></span> <span class='ocrx_word' id='word_1_220' title='bbox 2187 1576 2329 1615; x_wconf 91' lang='lat' dir='ltr'><strong><em>nunc</em></strong></span> <span class='ocrx_word' id='word_1_221' title='bbox 2359 1561 2777 1617; x_wconf 74' lang='lat' dir='ltr'><strong><em>diderentiarum</em></strong></span> <span class='ocrx_word' id='word_1_222' title='bbox 2812 1562 2965 1632; x_wconf 91' lang='lat' dir='ltr'><strong><em>plena</em></strong></span> <span class='ocrx_word' id='word_1_223' title='bbox 3001 1570 3054 1617; x_wconf 89' lang='lat' dir='ltr'><strong><em>et</em></strong></span> <span class='ocrx_word' id='word_1_224' title='bbox 3091 1576 3337 1633; x_wconf 85' lang='lat' dir='ltr'><strong><em>suprema</em></strong></span> <span class='ocrx_word' id='word_1_225' title='bbox 3367 1562 3584 1631; x_wconf 82' lang='lat' dir='ltr'><strong><em>divisio,</em></strong></span> 
     </span>
    </p>
   </div>
   <div class='ocr_carea' id='block_1_31' title="bbox 2001 1654 3586 1727">
    <p class='ocr_par' dir='ltr' id='par_1_31' title="bbox 2001 1654 3586 1727">
     <span class='ocr_line' id='line_1_31' title="bbox 2001 1654 3586 1727; baseline 0.004 -20"><span class='ocrx_word' id='word_1_226' title='bbox 2001 1668 2120 1722; x_wconf 68' lang='lat' dir='ltr'><strong><em>qua:</em></strong></span> <span class='ocrx_word' id='word_1_227' title='bbox 2149 1662 2231 1708; x_wconf 88' lang='lat' dir='ltr'><strong><em>est</em></strong></span> <span class='ocrx_word' id='word_1_228' title='bbox 2258 1654 2557 1723; x_wconf 88' lang='lat' dir='ltr'><strong><em>hujusmodi</em></strong></span> <span class='ocrx_word' id='word_1_229' title='bbox 2590 1673 2602 1707; x_wconf 91' lang='lat'><strong>:</strong></span> <span class='ocrx_word' id='word_1_230' title='bbox 2633 1654 3053 1711; x_wconf 72' lang='lat' dir='ltr'><strong><em>diderentiarum</em></strong></span> <span class='ocrx_word' id='word_1_231' title='bbox 3084 1657 3202 1711; x_wconf 71' lang='lat' dir='ltr'><strong><em>alia:</em></strong></span> <span class='ocrx_word' id='word_1_232' title='bbox 3229 1667 3349 1712; x_wconf 91' lang='lat' dir='ltr'><strong><em>sunt</em></strong></span> <span class='ocrx_word' id='word_1_233' title='bbox 3372 1673 3586 1727; x_wconf 85' lang='lat' dir='ltr'><strong><em>separa-</em></strong></span> 
     </span>
    </p>
   </div>
   <div class='ocr_carea' id='block_1_32' title="bbox 2000 1742 3588 1815">
    <p class='ocr_par' dir='ltr' id='par_1_32' title="bbox 2000 1742 3588 1815">
     <span class='ocr_line' id='line_1_32' title="bbox 2000 1742 3588 1815; baseline 0.004 -17"><span class='ocrx_word' id='word_1_234' title='bbox 2000 1742 2168 1809; x_wconf 81' lang='lat' dir='ltr'><strong><em>biles,</em></strong></span> <span class='ocrx_word' id='word_1_235' title='bbox 2207 1744 2323 1799; x_wconf 67' lang='lat' dir='ltr'><strong><em>alite</em></strong></span> <span class='ocrx_word' id='word_1_236' title='bbox 2370 1744 2785 1814; x_wconf 88' lang='lat' dir='ltr'><strong><em>inseparabiles,</em></strong></span> <span class='ocrx_word' id='word_1_237' title='bbox 2838 1745 3265 1815; x_wconf 89' lang='lat' dir='ltr'><strong><em>inseparabilium</em></strong></span> <span class='ocrx_word' id='word_1_238' title='bbox 3306 1746 3425 1802; x_wconf 66' lang='lat' dir='ltr'><strong><em>alia:</em></strong></span> <span class='ocrx_word' id='word_1_239' title='bbox 3462 1757 3588 1804; x_wconf 90' lang='lat' dir='ltr'><strong><em>sunt</em></strong></span> 
     </span>
    </p>
   </div>
   <div class='ocr_carea' id='block_1_33' title="bbox 309 1816 1901 1906">
    <p class='ocr_par' dir='ltr' id='par_1_33' title="bbox 309 1816 1895 1890">
     <span class='ocr_line' id='line_1_33' title="bbox 309 1816 1895 1890; baseline -0.001 -15"><span class='ocrx_word' id='word_1_240' title='bbox 309 1819 613 1890; x_wconf 88' lang='lat' dir='ltr'><strong><em>perticiunt,</em></strong></span> <span class='ocrx_word' id='word_1_241' title='bbox 638 1816 781 1870; x_wconf 83' lang='lat' dir='ltr'><strong><em>aliud</em></strong></span> <span class='ocrx_word' id='word_1_242' title='bbox 806 1816 1004 1871; x_wconf 80' lang='lat' dir='ltr'><strong><em>iaciunt</em></strong></span> <span class='ocrx_word' id='word_1_243' title='bbox 1033 1834 1044 1867; x_wconf 95' lang='lat'>:</span> <span class='ocrx_word' id='word_1_244' title='bbox 1076 1817 1183 1870; x_wconf 69' lang='lat' dir='ltr'><strong><em>illan</em></strong></span> <span class='ocrx_word' id='word_1_245' title='bbox 1206 1831 1337 1871; x_wconf 90' lang='lat' dir='ltr'><strong><em>vero</em></strong></span> <span class='ocrx_word' id='word_1_246' title='bbox 1360 1833 1479 1887; x_wconf 83' lang='lat' dir='ltr'><strong><em>quae</em></strong></span> <span class='ocrx_word' id='word_1_247' title='bbox 1500 1828 1623 1873; x_wconf 90' lang='lat' dir='ltr'><strong><em>sunt</em></strong></span> <span class='ocrx_word' id='word_1_248' title='bbox 1644 1821 1895 1889; x_wconf 64' lang='lat' dir='ltr'><strong><em>pr0pria2,</em></strong></span> 
     </span>
    </p>
   </div>
   <div class='ocr_carea' id='block_1_34' title="bbox 1949 1816 3586 1906">
    <p class='ocr_par' dir='ltr' id='par_1_34' title="bbox 1949 1823 3586 1906">
     <span class='ocr_line' id='line_1_34' title="bbox 1949 1823 3586 1906; baseline 0.007 -24"><span class='ocrx_word' id='word_1_249' title='bbox 1949 1823 2296 1890; x_wconf 83' lang='lat' dir='ltr'><strong><em>Bsecundum</em></strong></span> <span class='ocrx_word' id='word_1_250' title='bbox 2337 1837 2608 1906; x_wconf 88' lang='lat' dir='ltr'><strong><em>accidens,</em></strong></span> <span class='ocrx_word' id='word_1_251' title='bbox 2649 1838 2768 1892; x_wconf 68' lang='lat' dir='ltr'><strong><em>alia:</em></strong></span> <span class='ocrx_word' id='word_1_252' title='bbox 2815 1838 3211 1893; x_wconf 87' lang='lat' dir='ltr'><strong><em>substantiales.</em></strong></span> <span class='ocrx_word' id='word_1_253' title='bbox 3256 1837 3586 1894; x_wconf 86' lang='lat' dir='ltr'><strong><em>Substantia-</em></strong></span> 
     </span>
    </p>
   </div>
   <div class='ocr_carea' id='block_1_35' title="bbox 311 1896 1893 1980">
    <p class='ocr_par' dir='ltr' id='par_1_35' title="bbox 311 1896 1893 1980">
     <span class='ocr_line' id='line_1_35' title="bbox 311 1896 1893 1980; baseline 0.001 -14"><span class='ocrx_word' id='word_1_254' title='bbox 311 1914 359 1966; x_wconf 97' lang='lat' dir='ltr'><strong><em>id</em></strong></span> <span class='ocrx_word' id='word_1_255' title='bbox 389 1921 471 1966; x_wconf 88' lang='lat' dir='ltr'><strong><em>est</em></strong></span> <span class='ocrx_word' id='word_1_256' title='bbox 500 1907 794 1965; x_wconf 85' lang='lat' dir='ltr'><strong><em>secundum</em></strong></span> <span class='ocrx_word' id='word_1_257' title='bbox 840 1896 1092 1963; x_wconf 75' lang='lat' dir='ltr'><strong><em>accidens</em></strong></span> <span class='ocrx_word' id='word_1_258' title='bbox 1135 1909 1520 1978; x_wconf 87' lang='lat' dir='ltr'><strong><em>inseparabiles</em></strong></span> <span class='ocrx_word' id='word_1_259' title='bbox 1560 1910 1893 1980; x_wconf 60' lang='lat' dir='ltr'><strong><em>differentias,</em></strong></span> 
     </span>
    </p>
   </div>
   <div class='ocr_carea' id='block_1_36' title="bbox 312 1998 1897 2079">
    <p class='ocr_par' dir='ltr' id='par_1_36' title="bbox 312 1998 1897 2079">
     <span class='ocr_line' id='line_1_36' title="bbox 312 1998 1897 2079; baseline 0.001 -22"><span class='ocrx_word' id='word_1_260' title='bbox 312 2016 488 2070; x_wconf 88' lang='lat' dir='ltr'><strong><em>neque</em></strong></span> <span class='ocrx_word' id='word_1_261' title='bbox 528 2000 581 2054; x_wconf 92' lang='lat' dir='ltr'><strong><em>in</em></strong></span> <span class='ocrx_word' id='word_1_262' title='bbox 623 1998 921 2079; x_wconf 75' lang='lat' dir='ltr'><strong><em>substantia</em></strong></span> <span class='ocrx_word' id='word_1_263' title='bbox 968 2008 1112 2065; x_wconf 89' lang='lat' dir='ltr'><strong><em>sunt,</em></strong></span> <span class='ocrx_word' id='word_1_264' title='bbox 1157 2014 1331 2069; x_wconf 88' lang='lat' dir='ltr'><strong><em>neque</em></strong></span> <span class='ocrx_word' id='word_1_265' title='bbox 1367 2000 1509 2055; x_wconf 91' lang='lat' dir='ltr'><strong><em>aliud</em></strong></span> <span class='ocrx_word' id='word_1_266' title='bbox 1551 2000 1773 2070; x_wconf 81' lang='lat' dir='ltr'><strong><em>faciunt,</em></strong></span> <span class='ocrx_word' id='word_1_267' title='bbox 1803 2004 1897 2059; x_wconf 85' lang='lat' dir='ltr'><strong><em>sed</em></strong></span> 
     </span>
    </p>
   </div>
   <div class='ocr_carea' id='block_1_37' title="bbox 312 2090 1899 2160">
    <p class='ocr_par' dir='ltr' id='par_1_37' title="bbox 312 2090 1899 2160">
     <span class='ocr_line' id='line_1_37' title="bbox 312 2090 1899 2160; baseline 0.002 -12"><span class='ocrx_word' id='word_1_268' title='bbox 312 2102 543 2155; x_wconf 88' lang='lat' dir='ltr'><strong><em>tantum,</em></strong></span> <span class='ocrx_word' id='word_1_269' title='bbox 576 2100 632 2147; x_wconf 90' lang='lat' dir='ltr'><strong><em>ut</em></strong></span> <span class='ocrx_word' id='word_1_270' title='bbox 660 2092 907 2160; x_wconf 87' lang='lat' dir='ltr'><strong><em>superius</em></strong></span> <span class='ocrx_word' id='word_1_271' title='bbox 932 2090 1129 2146; x_wconf 90' lang='lat' dir='ltr'><strong><em>dictum</em></strong></span> <span class='ocrx_word' id='word_1_272' title='bbox 1162 2102 1265 2157; x_wconf 92' lang='lat' dir='ltr'><strong><em>est,</em></strong></span> <span class='ocrx_word' id='word_1_273' title='bbox 1296 2092 1601 2148; x_wconf 89' lang='lat' dir='ltr'><strong><em>alteratum.</em></strong></span> <span class='ocrx_word' id='word_1_274' title='bbox 1636 2096 1762 2150; x_wconf 90' lang='lat' dir='ltr'><strong><em>Item</em></strong></span> <span class='ocrx_word' id='word_1_275' title='bbox 1794 2097 1899 2151; x_wconf 87' lang='lat' dir='ltr'><strong><em>alia</em></strong></span> 
     </span>
    </p>
   </div>
   <div class='ocr_carea' id='block_1_38' title="bbox 312 2182 1898 2253">
    <p class='ocr_par' dir='ltr' id='par_1_38' title="bbox 312 2182 1898 2253">
     <span class='ocr_line' id='line_1_38' title="bbox 312 2182 1898 2253; baseline 0.004 -16"><span class='ocrx_word' id='word_1_276' title='bbox 312 2183 564 2237; x_wconf 82' lang='lat' dir='ltr'><strong><em>distantia</em></strong></span> <span class='ocrx_word' id='word_1_277' title='bbox 610 2190 689 2236; x_wconf 87' lang='lat' dir='ltr'><strong><em>est</em></strong></span> <span class='ocrx_word' id='word_1_278' title='bbox 736 2196 916 2236; x_wconf 88' lang='lat' dir='ltr'><strong><em>earum</em></strong></span> <span class='ocrx_word' id='word_1_279' title='bbox 966 2182 1389 2239; x_wconf 84' lang='lat' dir='ltr'><strong><em>ditl‘erentiarum</em></strong></span> <span class='ocrx_word' id='word_1_280' title='bbox 1436 2201 1556 2253; x_wconf 75' lang='lat' dir='ltr'><strong><em>qua:</em></strong></span> <span class='ocrx_word' id='word_1_281' title='bbox 1603 2188 1898 2244; x_wconf 90' lang='lat' dir='ltr'><strong><em>secundum</em></strong></span> 
     </span>
    </p>
   </div>
   <div class='ocr_carea' id='block_1_39' title="bbox 313 2273 1899 2351">
    <p class='ocr_par' dir='ltr' id='par_1_39' title="bbox 313 2273 1899 2351">
     <span class='ocr_line' id='line_1_39' title="bbox 313 2273 1899 2351; baseline 0.004 -22"><span class='ocrx_word' id='word_1_282' title='bbox 313 2274 664 2330; x_wconf 85' lang='lat' dir='ltr'><strong><em>substantiam</em></strong></span> <span class='ocrx_word' id='word_1_283' title='bbox 685 2283 829 2341; x_wconf 89' lang='lat' dir='ltr'><strong><em>sunt,</em></strong></span> <span class='ocrx_word' id='word_1_284' title='bbox 854 2273 921 2328; x_wconf 90' lang='lat' dir='ltr'><strong><em>ab</em></strong></span> <span class='ocrx_word' id='word_1_285' title='bbox 947 2275 1027 2330; x_wconf 82' lang='lat' dir='ltr'><strong><em>Itis</em></strong></span> <span class='ocrx_word' id='word_1_286' title='bbox 1047 2291 1164 2344; x_wconf 72' lang='lat' dir='ltr'><strong><em>qua:</em></strong></span> <span class='ocrx_word' id='word_1_287' title='bbox 1189 2277 1441 2333; x_wconf 87' lang='lat' dir='ltr'><strong><em>accidens</em></strong></span> <span class='ocrx_word' id='word_1_288' title='bbox 1466 2293 1481 2332; x_wconf 88' lang='lat'><strong>:</strong></span> <span class='ocrx_word' id='word_1_289' title='bbox 1505 2281 1755 2349; x_wconf 87' lang='lat' dir='ltr'><strong><em>quoniam</em></strong></span> <span class='ocrx_word' id='word_1_290' title='bbox 1777 2297 1899 2351; x_wconf 79' lang='lat' dir='ltr'><strong><em>qua:</em></strong></span> 
     </span>
    </p>
   </div>
   <div class='ocr_carea' id='block_1_40' title="bbox 315 2368 1900 2444">
    <p class='ocr_par' dir='ltr' id='par_1_40' title="bbox 315 2368 1900 2444">
     <span class='ocr_line' id='line_1_40' title="bbox 315 2368 1900 2444; baseline 0.003 -20"><span class='ocrx_word' id='word_1_291' title='bbox 315 2369 663 2424; x_wconf 88' lang='lat' dir='ltr'><strong><em>substantiam</em></strong></span> <span class='ocrx_word' id='word_1_292' title='bbox 695 2376 1015 2434; x_wconf 70' lang='lat' dir='ltr'><strong><em>monslrunt,</em></strong></span> <span class='ocrx_word' id='word_1_293' title='bbox 1052 2368 1256 2425; x_wconf 88' lang='lat' dir='ltr'><strong><em>intendi</em></strong></span> <span class='ocrx_word' id='word_1_294' title='bbox 1284 2379 1377 2425; x_wconf 92' lang='lat' dir='ltr'><strong><em>aut</em></strong></span> <span class='ocrx_word' id='word_1_295' title='bbox 1404 2372 1605 2427; x_wconf 85' lang='lat' dir='ltr'><strong><em>remitti</em></strong></span> <span class='ocrx_word' id='word_1_296' title='bbox 1636 2389 1742 2429; x_wconf 77' lang='lat' dir='ltr'><strong><em>non</em></strong></span> <span class='ocrx_word' id='word_1_297' title='bbox 1775 2389 1900 2444; x_wconf 86' lang='lat' dir='ltr'><strong><em>pos-</em></strong></span> 
     </span>
    </p>
   </div>
   <div class='ocr_carea' id='block_1_41' title="bbox 315 2462 1900 2543">
    <p class='ocr_par' dir='ltr' id='par_1_41' title="bbox 315 2462 1900 2543">
     <span class='ocr_line' id='line_1_41' title="bbox 315 2462 1900 2543; baseline 0.003 -25"><span class='ocrx_word' id='word_1_298' title='bbox 315 2471 465 2529; x_wconf 88' lang='lat' dir='ltr'><strong><em>sunt,</em></strong></span> <span class='ocrx_word' id='word_1_299' title='bbox 513 2476 635 2531; x_wconf 80' lang='lat' dir='ltr'><strong><em>quae</em></strong></span> <span class='ocrx_word' id='word_1_300' title='bbox 670 2476 808 2543; x_wconf 75' lang='lat' dir='ltr'><strong><em>vero</em></strong></span> <span class='ocrx_word' id='word_1_301' title='bbox 852 2462 1145 2517; x_wconf 90' lang='lat' dir='ltr'><strong><em>secundum</em></strong></span> <span class='ocrx_word' id='word_1_302' title='bbox 1198 2464 1449 2519; x_wconf 88' lang='lat' dir='ltr'><strong><em>accidens</em></strong></span> <span class='ocrx_word' id='word_1_303' title='bbox 1500 2474 1553 2520; x_wconf 88' lang='lat' dir='ltr'><strong><em>et</em></strong></span> <span class='ocrx_word' id='word_1_304' title='bbox 1595 2466 1900 2522; x_wconf 89' lang='lat' dir='ltr'><strong><em>intensione</em></strong></span> 
     </span>
    </p>
   </div>
   <div class='ocr_carea' id='block_1_42' title="bbox 316 2550 1901 2626">
    <p class='ocr_par' dir='ltr' id='par_1_42' title="bbox 316 2550 1901 2626">
     <span class='ocr_line' id='line_1_42' title="bbox 316 2550 1901 2626; baseline 0.003 -17"><span class='ocrx_word' id='word_1_305' title='bbox 316 2562 580 2619; x_wconf 85' lang='lat' dir='ltr'><strong><em>crescunt,</em></strong></span> <span class='ocrx_word' id='word_1_306' title='bbox 608 2561 664 2608; x_wconf 88' lang='lat' dir='ltr'><strong><em>et</em></strong></span> <span class='ocrx_word' id='word_1_307' title='bbox 686 2550 1003 2609; x_wconf 74' lang='lat' dir='ltr'><strong><em>remissione</em></strong></span> <span class='ocrx_word' id='word_1_308' title='bbox 1035 2553 1390 2610; x_wconf 89' lang='lat' dir='ltr'><strong><em>decrescunt:</em></strong></span> <span class='ocrx_word' id='word_1_309' title='bbox 1421 2556 1472 2610; x_wconf 88' lang='lat' dir='ltr'><strong><em>id</em></strong></span> <span class='ocrx_word' id='word_1_310' title='bbox 1504 2567 1680 2611; x_wconf 86' lang='lat' dir='ltr'><strong><em>autem</em></strong></span> <span class='ocrx_word' id='word_1_311' title='bbox 1706 2559 1901 2626; x_wconf 58' lang='lat' dir='ltr'><strong><em>proba-</em></strong></span> 
     </span>
    </p>
   </div>
   <div class='ocr_carea' id='block_1_43' title="bbox 316 2645 1903 2714">
    <p class='ocr_par' dir='ltr' id='par_1_43' title="bbox 316 2645 1903 2714">
     <span class='ocr_line' id='line_1_43' title="bbox 316 2645 1903 2714; baseline 0.003 -14"><span class='ocrx_word' id='word_1_312' title='bbox 316 2656 401 2700; x_wconf 90' lang='lat' dir='ltr'><strong><em>tur</em></strong></span> <span class='ocrx_word' id='word_1_313' title='bbox 429 2645 534 2700; x_wconf 89' lang='lat' dir='ltr'><strong><em>hoc</em></strong></span> <span class='ocrx_word' id='word_1_314' title='bbox 579 2646 759 2709; x_wconf 69' lang='lat' dir='ltr'><strong><em>modo,</em></strong></span> <span class='ocrx_word' id='word_1_315' title='bbox 803 2645 1085 2714; x_wconf 83' lang='lat' dir='ltr'><strong><em>unicuique</em></strong></span> <span class='ocrx_word' id='word_1_316' title='bbox 1116 2646 1191 2702; x_wconf 90' lang='lat' dir='ltr'><strong><em>rei</em></strong></span> <span class='ocrx_word' id='word_1_317' title='bbox 1230 2660 1353 2701; x_wconf 87' lang='lat' dir='ltr'><strong><em>esse</em></strong></span> <span class='ocrx_word' id='word_1_318' title='bbox 1396 2662 1551 2701; x_wconf 90' lang='lat' dir='ltr'><strong><em>suum</em></strong></span> <span class='ocrx_word' id='word_1_319' title='bbox 1582 2662 1755 2714; x_wconf 90' lang='lat' dir='ltr'><strong><em>neque</em></strong></span> <span class='ocrx_word' id='word_1_320' title='bbox 1784 2663 1903 2705; x_wconf 87' lang='lat' dir='ltr'><strong><em>cre-</em></strong></span> 
     </span>
    </p>
   </div>
   <div class='ocr_carea' id='block_1_44' title="bbox 314 2734 1900 2807">
    <p class='ocr_par' dir='ltr' id='par_1_44' title="bbox 314 2734 1900 2807">
     <span class='ocr_line' id='line_1_44' title="bbox 314 2734 1900 2807; baseline 0.002 -16"><span class='ocrx_word' id='word_1_321' title='bbox 314 2751 464 2791; x_wconf 85' lang='lat' dir='ltr'><strong><em>scere</em></strong></span> <span class='ocrx_word' id='word_1_322' title='bbox 492 2749 667 2805; x_wconf 89' lang='lat' dir='ltr'><strong><em>neque</em></strong></span> <span class='ocrx_word' id='word_1_323' title='bbox 691 2734 915 2789; x_wconf 89' lang='lat' dir='ltr'><strong><em>diminui</em></strong></span> <span class='ocrx_word' id='word_1_324' title='bbox 946 2746 1140 2804; x_wconf 91' lang='lat' dir='ltr'><strong><em>potest,</em></strong></span> <span class='ocrx_word' id='word_1_325' title='bbox 1165 2751 1287 2791; x_wconf 88' lang='lat' dir='ltr'><strong><em>nam</em></strong></span> <span class='ocrx_word' id='word_1_326' title='bbox 1311 2737 1403 2807; x_wconf 87' lang='lat' dir='ltr'><strong><em>qui</em></strong></span> <span class='ocrx_word' id='word_1_327' title='bbox 1432 2737 1592 2792; x_wconf 88' lang='lat' dir='ltr'><strong><em>homo</em></strong></span> <span class='ocrx_word' id='word_1_328' title='bbox 1614 2748 1695 2793; x_wconf 89' lang='lat' dir='ltr'><strong><em>est</em></strong></span> <span class='ocrx_word' id='word_1_329' title='bbox 1716 2737 1900 2794; x_wconf 85' lang='lat' dir='ltr'><strong><em>huma-</em></strong></span> 
     </span>
    </p>
   </div>
   <div class='ocr_carea' id='block_1_45' title="bbox 315 2829 1898 2901">
    <p class='ocr_par' dir='ltr' id='par_1_45' title="bbox 315 2829 1898 2901">
     <span class='ocr_line' id='line_1_45' title="bbox 315 2829 1898 2901; baseline 0.003 -18"><span class='ocrx_word' id='word_1_330' title='bbox 315 2829 500 2901; x_wconf 69' lang='grc' dir='ltr'><strong><em>ηἰιειιῖε</em></strong></span> <span class='ocrx_word' id='word_1_331' title='bbox 544 2844 654 2883; x_wconf 75' lang='lat' dir='ltr'><strong><em>sua:</em></strong></span> <span class='ocrx_word' id='word_1_332' title='bbox 699 2842 797 2883; x_wconf 86' lang='lat' dir='ltr'><strong><em>nec</em></strong></span> <span class='ocrx_word' id='word_1_333' title='bbox 842 2838 1119 2884; x_wconf 83' lang='lat' dir='ltr'><strong><em>crementa</em></strong></span> <span class='ocrx_word' id='word_1_334' title='bbox 1162 2840 1371 2899; x_wconf 85' lang='lat' dir='ltr'><strong><em>potest,</em></strong></span> <span class='ocrx_word' id='word_1_335' title='bbox 1417 2845 1514 2885; x_wconf 88' lang='lat' dir='ltr'><strong><em>nec</em></strong></span> <span class='ocrx_word' id='word_1_336' title='bbox 1557 2831 1898 2889; x_wconf 85' lang='lat' dir='ltr'><strong><em>decrementa</em></strong></span> 
     </span>
    </p>
   </div>
   <div class='ocr_carea' id='block_1_46' title="bbox 317 2920 1901 2993">
    <p class='ocr_par' dir='ltr' id='par_1_46' title="bbox 317 2920 1901 2993">
     <span class='ocr_line' id='line_1_46' title="bbox 317 2920 1901 2993; baseline 0.002 -15"><span class='ocrx_word' id='word_1_337' title='bbox 317 2922 613 2990; x_wconf 81' lang='lat' dir='ltr'><strong><em>suscipere.</em></strong></span> <span class='ocrx_word' id='word_1_338' title='bbox 646 2920 774 2976; x_wconf 83' lang='lat' dir='ltr'><strong><em>Nam</em></strong></span> <span class='ocrx_word' id='word_1_339' title='bbox 804 2936 973 2992; x_wconf 90' lang='lat' dir='ltr'><strong><em>neque</em></strong></span> <span class='ocrx_word' id='word_1_340' title='bbox 1002 2922 1117 2992; x_wconf 90' lang='lat' dir='ltr'><strong><em>ipse</em></strong></span> <span class='ocrx_word' id='word_1_341' title='bbox 1140 2924 1257 2993; x_wconf 87' lang='lat' dir='ltr'><strong><em>plus</em></strong></span> <span class='ocrx_word' id='word_1_342' title='bbox 1285 2937 1315 2977; x_wconf 89' lang='lat' dir='ltr'><strong><em>a</em></strong></span> <span class='ocrx_word' id='word_1_343' title='bbox 1346 2938 1405 2978; x_wconf 89' lang='lat' dir='ltr'><strong><em>se</em></strong></span> <span class='ocrx_word' id='word_1_344' title='bbox 1427 2932 1519 2979; x_wconf 86' lang='lat' dir='ltr'><strong><em>aut</em></strong></span> <span class='ocrx_word' id='word_1_345' title='bbox 1541 2925 1717 2981; x_wconf 90' lang='lat' dir='ltr'><strong><em>minus</em></strong></span> <span class='ocrx_word' id='word_1_346' title='bbox 1738 2923 1901 2981; x_wconf 86' lang='lat' dir='ltr'><strong><em>hodie</em></strong></span> 
     </span>
    </p>
   </div>
   <div class='ocr_carea' id='block_1_47' title="bbox 318 3011 1898 3084">
    <p class='ocr_par' dir='ltr' id='par_1_47' title="bbox 318 3011 1898 3084">
     <span class='ocr_line' id='line_1_47' title="bbox 318 3011 1898 3084; baseline 0.004 -18"><span class='ocrx_word' id='word_1_347' title='bbox 318 3012 405 3067; x_wconf 89' lang='lat' dir='ltr'><strong><em>vel</em></strong></span> <span class='ocrx_word' id='word_1_348' title='bbox 430 3011 670 3081; x_wconf 86' lang='lat' dir='ltr'><strong><em>quolibet</em></strong></span> <span class='ocrx_word' id='word_1_349' title='bbox 694 3011 797 3067; x_wconf 89' lang='lat' dir='ltr'><strong><em>alio</em></strong></span> <span class='ocrx_word' id='word_1_350' title='bbox 829 3022 1073 3083; x_wconf 89' lang='lat' dir='ltr'><strong><em>tempore</em></strong></span> <span class='ocrx_word' id='word_1_351' title='bbox 1103 3014 1266 3068; x_wconf 90' lang='lat' dir='ltr'><strong><em>homo</em></strong></span> <span class='ocrx_word' id='word_1_352' title='bbox 1294 3028 1415 3069; x_wconf 89' lang='lat' dir='ltr'><strong><em>esse</em></strong></span> <span class='ocrx_word' id='word_1_353' title='bbox 1450 3024 1646 3084; x_wconf 89' lang='lat' dir='ltr'><strong><em>potest,</em></strong></span> <span class='ocrx_word' id='word_1_354' title='bbox 1671 3030 1771 3070; x_wconf 90' lang='lat' dir='ltr'><strong><em>nec</em></strong></span> <span class='ocrx_word' id='word_1_355' title='bbox 1800 3016 1898 3073; x_wconf 82' lang='lat' dir='ltr'><strong><em>ho-</em></strong></span> 
     </span>
    </p>
   </div>
   <div class='ocr_carea' id='block_1_48' title="bbox 318 3104 1896 3175">
    <p class='ocr_par' dir='ltr' id='par_1_48' title="bbox 318 3104 1896 3175">
     <span class='ocr_line' id='line_1_48' title="bbox 318 3104 1896 3175; baseline 0.002 -16"><span class='ocrx_word' id='word_1_356' title='bbox 318 3120 407 3159; x_wconf 91' lang='lat' dir='ltr'><strong><em>mo</em></strong></span> <span class='ocrx_word' id='word_1_357' title='bbox 438 3119 624 3161; x_wconf 85' lang='lat' dir='ltr'><strong><em>rursus</em></strong></span> <span class='ocrx_word' id='word_1_358' title='bbox 653 3105 719 3159; x_wconf 91' lang='lat' dir='ltr'><strong><em>ab</em></strong></span> <span class='ocrx_word' id='word_1_359' title='bbox 748 3105 857 3160; x_wconf 86' lang='lat' dir='ltr'><strong><em>alio</em></strong></span> <span class='ocrx_word' id='word_1_360' title='bbox 887 3105 1104 3160; x_wconf 84' lang='lat' dir='ltr'><strong><em>homine</em></strong></span> <span class='ocrx_word' id='word_1_361' title='bbox 1140 3105 1257 3175; x_wconf 92' lang='lat' dir='ltr'><strong><em>plus</em></strong></span> <span class='ocrx_word' id='word_1_362' title='bbox 1279 3104 1439 3165; x_wconf 84' lang='lat' dir='ltr'><strong><em>homo</em></strong></span> <span class='ocrx_word' id='word_1_363' title='bbox 1463 3115 1639 3175; x_wconf 87' lang='lat' dir='ltr'><strong><em>potest</em></strong></span> <span class='ocrx_word' id='word_1_364' title='bbox 1666 3122 1787 3163; x_wconf 87' lang='lat' dir='ltr'><strong><em>esse</em></strong></span> <span class='ocrx_word' id='word_1_365' title='bbox 1814 3108 1896 3162; x_wconf 92' lang='lat' dir='ltr'><strong><em>vel</em></strong></span> 
     </span>
    </p>
   </div>
   <div class='ocr_carea' id='block_1_49' title="bbox 2004 1924 3586 2001">
    <p class='ocr_par' dir='ltr' id='par_1_49' title="bbox 2004 1924 3586 2001">
     <span class='ocr_line' id='line_1_49' title="bbox 2004 1924 3586 2001; baseline 0.006 -24"><span class='ocrx_word' id='word_1_366' title='bbox 2004 1924 2129 1979; x_wconf 89' lang='lat' dir='ltr'><strong><em>lium</em></strong></span> <span class='ocrx_word' id='word_1_367' title='bbox 2146 1926 2264 1980; x_wconf 73' lang='lat' dir='ltr'><strong><em>alia:</em></strong></span> <span class='ocrx_word' id='word_1_368' title='bbox 2289 1937 2414 1982; x_wconf 91' lang='lat' dir='ltr'><strong><em>sunt</em></strong></span> <span class='ocrx_word' id='word_1_369' title='bbox 2432 1927 2667 1984; x_wconf 81' lang='lat' dir='ltr'><strong><em>divisiva:</em></strong></span> <span class='ocrx_word' id='word_1_370' title='bbox 2688 1930 2920 1999; x_wconf 75' lang='lat' dir='ltr'><strong><em>generis,</em></strong></span> <span class='ocrx_word' id='word_1_371' title='bbox 2944 1930 3062 1984; x_wconf 79' lang='lat' dir='ltr'><strong><em>alia:</em></strong></span> <span class='ocrx_word' id='word_1_372' title='bbox 3082 1930 3440 1986; x_wconf 68' lang='lat' dir='ltr'><strong><em>conStitutivaz</em></strong></span> <span class='ocrx_word' id='word_1_373' title='bbox 3465 1946 3586 2001; x_wconf 85' lang='lat' dir='ltr'><strong><em>spe-</em></strong></span> 
     </span>
    </p>
   </div>
   <div class='ocr_carea' id='block_1_50' title="bbox 2001 2013 3586 2090">
    <p class='ocr_par' dir='ltr' id='par_1_50' title="bbox 2001 2013 3586 2090">
     <span class='ocr_line' id='line_1_50' title="bbox 2001 2013 3586 2090; baseline 0.008 -24"><span class='ocrx_word' id='word_1_374' title='bbox 2001 2013 2222 2069; x_wconf 89' lang='lat' dir='ltr'><strong><em>cierum.</em></strong></span> <span class='ocrx_word' id='word_1_375' title='bbox 2253 2015 2402 2081; x_wconf 88' lang='lat' dir='ltr'><strong><em>Quod</em></strong></span> <span class='ocrx_word' id='word_1_376' title='bbox 2430 2032 2560 2071; x_wconf 90' lang='lat' dir='ltr'><strong><em>vero</em></strong></span> <span class='ocrx_word' id='word_1_377' title='bbox 2580 2018 2653 2072; x_wconf 88' lang='lat' dir='ltr'><strong><em>ait</em></strong></span> <span class='ocrx_word' id='word_1_378' title='bbox 2682 2036 2693 2070; x_wconf 95' lang='lat'>:</span> <span class='ocrx_word' id='word_1_379' title='bbox 2717 2016 2850 2073; x_wconf 89' lang='lat' dir='ltr'><strong><em>Cum</em></strong></span> <span class='ocrx_word' id='word_1_380' title='bbox 2880 2018 3040 2088; x_wconf 90' lang='lat' dir='ltr'><strong><em>igitur</em></strong></span> <span class='ocrx_word' id='word_1_381' title='bbox 3063 2026 3173 2075; x_wconf 87' lang='lat' dir='ltr'><strong><em>tres</em></strong></span> <span class='ocrx_word' id='word_1_382' title='bbox 3200 2020 3408 2090; x_wconf 80' lang='lat' dir='ltr'><strong><em>species</em></strong></span> <span class='ocrx_word' id='word_1_383' title='bbox 3436 2022 3586 2078; x_wconf 76' lang='lat' dir='ltr'><strong><em>dide-</em></strong></span> 
     </span>
    </p>
   </div>
   <div class='ocr_carea' id='block_1_51' title="bbox 2001 2102 3586 2180">
    <p class='ocr_par' dir='ltr' id='par_1_51' title="bbox 2001 2102 3586 2180">
     <span class='ocr_line' id='line_1_51' title="bbox 2001 2102 3586 2180; baseline 0.006 -22"><span class='ocrx_word' id='word_1_384' title='bbox 2001 2102 2189 2158; x_wconf 72' lang='lat' dir='ltr'><strong><em>rentia:</em></strong></span> <span class='ocrx_word' id='word_1_385' title='bbox 2226 2105 2651 2173; x_wconf 88' lang='lat' dir='ltr'><strong><em>considerentur,</em></strong></span> <span class='ocrx_word' id='word_1_386' title='bbox 2683 2107 2746 2161; x_wconf 86' lang='lat' dir='ltr'><strong><em>ad</em></strong></span> <span class='ocrx_word' id='word_1_387' title='bbox 2790 2106 2892 2164; x_wconf 91' lang='lat' dir='ltr'><strong><em>hoc</em></strong></span> <span class='ocrx_word' id='word_1_388' title='bbox 2932 2109 3134 2175; x_wconf 89' lang='lat' dir='ltr'><strong><em>retulit,</em></strong></span> <span class='ocrx_word' id='word_1_389' title='bbox 3165 2108 3304 2178; x_wconf 87' lang='lat' dir='ltr'><strong><em>quod</em></strong></span> <span class='ocrx_word' id='word_1_390' title='bbox 3336 2110 3385 2164; x_wconf 94' lang='lat' dir='ltr'><strong><em>in</em></strong></span> <span class='ocrx_word' id='word_1_391' title='bbox 3417 2112 3586 2180; x_wconf 90' lang='lat' dir='ltr'><strong><em>prima</em></strong></span> 
     </span>
    </p>
   </div>
   <div class='ocr_carea' id='block_1_52' title="bbox 2003 2192 3588 2267">
    <p class='ocr_par' dir='ltr' id='par_1_52' title="bbox 2003 2192 3588 2267">
     <span class='ocr_line' id='line_1_52' title="bbox 2003 2192 3588 2267; baseline 0.005 -20"><span class='ocrx_word' id='word_1_392' title='bbox 2003 2192 2423 2250; x_wconf 67' lang='lat' dir='ltr'><strong><em>diderentiarum</em></strong></span> <span class='ocrx_word' id='word_1_393' title='bbox 2455 2196 2739 2262; x_wconf 86' lang='lat' dir='ltr'><strong><em>divisione,</em></strong></span> <span class='ocrx_word' id='word_1_394' title='bbox 2771 2198 2963 2267; x_wconf 89' lang='lat' dir='ltr'><strong><em>partim</em></strong></span> <span class='ocrx_word' id='word_1_395' title='bbox 3000 2214 3091 2254; x_wconf 87' lang='lat' dir='ltr'><strong><em>eas</em></strong></span> <span class='ocrx_word' id='word_1_396' title='bbox 3119 2212 3434 2255; x_wconf 85' lang='lat' dir='ltr'><strong><em>communes</em></strong></span> <span class='ocrx_word' id='word_1_397' title='bbox 3461 2199 3588 2256; x_wconf 91' lang='lat' dir='ltr'><strong><em>dicit</em></strong></span> 
     </span>
    </p>
   </div>
   <div class='ocr_carea' id='block_1_53' title="bbox 2002 2286 3588 2358">
    <p class='ocr_par' dir='ltr' id='par_1_53' title="bbox 2002 2286 3588 2358">
     <span class='ocr_line' id='line_1_53' title="bbox 2002 2286 3588 2358; baseline 0.001 -18"><span class='ocrx_word' id='word_1_398' title='bbox 2002 2299 2145 2352; x_wconf 88' lang='lat' dir='ltr'><strong><em>esse,</em></strong></span> <span class='ocrx_word' id='word_1_399' title='bbox 2178 2286 2368 2355; x_wconf 89' lang='lat' dir='ltr'><strong><em>partim</em></strong></span> <span class='ocrx_word' id='word_1_400' title='bbox 2415 2288 2677 2357; x_wconf 88' lang='lat' dir='ltr'><strong><em>pr0prias,</em></strong></span> <span class='ocrx_word' id='word_1_401' title='bbox 2720 2288 2910 2357; x_wconf 88' lang='lat' dir='ltr'><strong><em>partim</em></strong></span> <span class='ocrx_word' id='word_1_402' title='bbox 2952 2290 3120 2357; x_wconf 89' lang='lat' dir='ltr'><strong><em>magis</em></strong></span> <span class='ocrx_word' id='word_1_403' title='bbox 3163 2289 3403 2358; x_wconf 87' lang='lat' dir='ltr'><strong><em>pr0prias</em></strong></span> <span class='ocrx_word' id='word_1_404' title='bbox 3433 2289 3588 2355; x_wconf 85' lang='lat' dir='ltr'><strong><em>dixit,</em></strong></span> 
     </span>
    </p>
   </div>
   <div class='ocr_carea' id='block_1_54' title="bbox 2001 2375 3588 2446">
    <p class='ocr_par' dir='ltr' id='par_1_54' title="bbox 2001 2375 3588 2446">
     <span class='ocr_line' id='line_1_54' title="bbox 2001 2375 3588 2446; baseline 0.003 -17"><span class='ocrx_word' id='word_1_405' title='bbox 2001 2391 2136 2446; x_wconf 88' lang='lat' dir='ltr'><strong><em>quas</em></strong></span> <span class='ocrx_word' id='word_1_406' title='bbox 2174 2391 2361 2431; x_wconf 86' lang='lat' dir='ltr'><strong><em>rursus</em></strong></span> <span class='ocrx_word' id='word_1_407' title='bbox 2412 2386 2520 2432; x_wconf 89' lang='lat' dir='ltr'><strong><em>tres</em></strong></span> <span class='ocrx_word' id='word_1_408' title='bbox 2560 2375 2910 2446; x_wconf 81' lang='lat' dir='ltr'><strong><em>diﬁ‘erentias,</em></strong></span> <span class='ocrx_word' id='word_1_409' title='bbox 2944 2378 3077 2432; x_wconf 88' lang='lat' dir='ltr'><strong><em>alias</em></strong></span> <span class='ocrx_word' id='word_1_410' title='bbox 3106 2377 3436 2446; x_wconf 89' lang='lat' dir='ltr'><strong><em>separabiles</em></strong></span> <span class='ocrx_word' id='word_1_411' title='bbox 3468 2392 3588 2434; x_wconf 81' lang='lat' dir='ltr'><strong><em>esse</em></strong></span> 
     </span>
    </p>
   </div>
   <div class='ocr_carea' id='block_1_55' title="bbox 2003 2468 3587 2539">
    <p class='ocr_par' dir='ltr' id='par_1_55' title="bbox 2003 2468 3587 2539">
     <span class='ocr_line' id='line_1_55' title="bbox 2003 2468 3587 2539; baseline 0.002 -18"><span class='ocrx_word' id='word_1_412' title='bbox 2003 2469 2345 2534; x_wconf 81' lang='lat' dir='ltr'><strong><em>monstravit,</em></strong></span> <span class='ocrx_word' id='word_1_413' title='bbox 2376 2468 2509 2523; x_wconf 91' lang='lat' dir='ltr'><strong><em>alias</em></strong></span> <span class='ocrx_word' id='word_1_414' title='bbox 2552 2468 2958 2539; x_wconf 83' lang='lat' dir='ltr'><strong><em>inseparabiles.</em></strong></span> <span class='ocrx_word' id='word_1_415' title='bbox 3003 2468 3339 2539; x_wconf 87' lang='lat' dir='ltr'><strong><em>Separabiles</em></strong></span> <span class='ocrx_word' id='word_1_416' title='bbox 3374 2469 3587 2538; x_wconf 85' lang='lat' dir='ltr'><strong><em>quidem</em></strong></span> 
     </span>
    </p>
   </div>
   <div class='ocr_carea' id='block_1_56' title="bbox 2002 2559 3588 2630">
    <p class='ocr_par' dir='ltr' id='par_1_56' title="bbox 2002 2559 3588 2630">
     <span class='ocr_line' id='line_1_56' title="bbox 2002 2559 3588 2630; baseline 0.003 -19"><span class='ocrx_word' id='word_1_417' title='bbox 2002 2568 2334 2623; x_wconf 87' lang='lat' dir='ltr'><strong><em>communes,</em></strong></span> <span class='ocrx_word' id='word_1_418' title='bbox 2387 2559 2767 2627; x_wconf 89' lang='lat' dir='ltr'><strong><em>inseparabiles</em></strong></span> <span class='ocrx_word' id='word_1_419' title='bbox 2812 2575 2938 2614; x_wconf 82' lang='lat' dir='ltr'><strong><em>vero</em></strong></span> <span class='ocrx_word' id='word_1_420' title='bbox 2985 2560 3263 2629; x_wconf 85' lang='lat' dir='ltr'><strong><em>proprias,</em></strong></span> <span class='ocrx_word' id='word_1_421' title='bbox 3314 2574 3377 2615; x_wconf 91' lang='lat' dir='ltr'><strong><em>ac</em></strong></span> <span class='ocrx_word' id='word_1_422' title='bbox 3423 2562 3588 2630; x_wconf 84' lang='lat' dir='ltr'><strong><em>magis</em></strong></span> 
     </span>
    </p>
   </div>
   <div class='ocr_carea' id='block_1_57' title="bbox 2001 2645 3585 2718">
    <p class='ocr_par' dir='ltr' id='par_1_57' title="bbox 2001 2645 3585 2718">
     <span class='ocr_line' id='line_1_57' title="bbox 2001 2645 3585 2718; baseline 0.005 -19"><span class='ocrx_word' id='word_1_423' title='bbox 2001 2645 2263 2715; x_wconf 82' lang='lat' dir='ltr'><strong><em>preprias.</em></strong></span> <span class='ocrx_word' id='word_1_424' title='bbox 2287 2646 2721 2717; x_wconf 88' lang='lat' dir='ltr'><strong><em>lnseparabilium</em></strong></span> <span class='ocrx_word' id='word_1_425' title='bbox 2748 2663 2876 2703; x_wconf 88' lang='lat' dir='ltr'><strong><em>vero</em></strong></span> <span class='ocrx_word' id='word_1_426' title='bbox 2898 2649 3022 2704; x_wconf 78' lang='lat' dir='ltr'><strong><em>fecit</em></strong></span> <span class='ocrx_word' id='word_1_427' title='bbox 3044 2650 3359 2706; x_wconf 85' lang='lat' dir='ltr'><strong><em>divisionem</em></strong></span> <span class='ocrx_word' id='word_1_428' title='bbox 3381 2651 3585 2718; x_wconf 89' lang='lat' dir='ltr'><strong><em>dicens,</em></strong></span> 
     </span>
    </p>
   </div>
   <div class='ocr_carea' id='block_1_58' title="bbox 2001 2734 3587 2805">
    <p class='ocr_par' dir='ltr' id='par_1_58' title="bbox 2001 2734 3587 2805">
     <span class='ocr_line' id='line_1_58' title="bbox 2001 2734 3587 2805; baseline 0.005 -17"><span class='ocrx_word' id='word_1_429' title='bbox 2001 2734 2133 2789; x_wconf 85' lang='lat' dir='ltr'><strong><em>alias</em></strong></span> <span class='ocrx_word' id='word_1_430' title='bbox 2160 2750 2280 2791; x_wconf 89' lang='lat' dir='ltr'><strong><em>esse</em></strong></span> <span class='ocrx_word' id='word_1_431' title='bbox 2309 2737 2604 2792; x_wconf 90' lang='lat' dir='ltr'><strong><em>secundum</em></strong></span> <span class='ocrx_word' id='word_1_432' title='bbox 2644 2737 2912 2805; x_wconf 88' lang='lat' dir='ltr'><strong><em>accidens,</em></strong></span> <span class='ocrx_word' id='word_1_433' title='bbox 2945 2739 3075 2792; x_wconf 90' lang='lat' dir='ltr'><strong><em>alias</em></strong></span> <span class='ocrx_word' id='word_1_434' title='bbox 3115 2740 3408 2794; x_wconf 87' lang='lat' dir='ltr'><strong><em>secundum</em></strong></span> <span class='ocrx_word' id='word_1_435' title='bbox 3458 2742 3587 2796; x_wconf 87' lang='lat' dir='ltr'><strong><em>sub-</em></strong></span> 
     </span>
    </p>
   </div>
   <div class='ocr_carea' id='block_1_59' title="bbox 2001 2826 3588 2891">
    <p class='ocr_par' dir='ltr' id='par_1_59' title="bbox 2001 2826 3588 2891">
     <span class='ocr_line' id='line_1_59' title="bbox 2001 2826 3588 2891; baseline 0.002 -11"><span class='ocrx_word' id='word_1_436' title='bbox 2001 2826 2251 2881; x_wconf 68' lang='lat' dir='ltr'><strong><em>stantinm</em></strong></span> <span class='ocrx_word' id='word_1_437' title='bbox 2288 2826 2640 2891; x_wconf 82' lang='lat' dir='ltr'><strong><em>considerari,</em></strong></span> <span class='ocrx_word' id='word_1_438' title='bbox 2679 2834 2732 2881; x_wconf 90' lang='lat' dir='ltr'><strong><em>et</em></strong></span> <span class='ocrx_word' id='word_1_439' title='bbox 2775 2826 2896 2879; x_wconf 91' lang='lat' dir='ltr'><strong><em>illas</em></strong></span> <span class='ocrx_word' id='word_1_440' title='bbox 2938 2840 3057 2882; x_wconf 89' lang='lat' dir='ltr'><strong><em>esse</em></strong></span> <span class='ocrx_word' id='word_1_441' title='bbox 3104 2828 3398 2883; x_wconf 91' lang='lat' dir='ltr'><strong><em>secundum</em></strong></span> <span class='ocrx_word' id='word_1_442' title='bbox 3448 2831 3588 2883; x_wconf 87' lang='lat' dir='ltr'><strong><em>acci-</em></strong></span> 
     </span>
    </p>
   </div>
   <div class='ocr_carea' id='block_1_60' title="bbox 2001 2917 3587 2988">
    <p class='ocr_par' dir='ltr' id='par_1_60' title="bbox 2001 2917 3587 2988">
     <span class='ocr_line' id='line_1_60' title="bbox 2001 2917 3587 2988; baseline 0.001 -16"><span class='ocrx_word' id='word_1_443' title='bbox 2001 2917 2158 2982; x_wconf 92' lang='lat' dir='ltr'><strong><em>dens,</em></strong></span> <span class='ocrx_word' id='word_1_444' title='bbox 2178 2931 2296 2987; x_wconf 75' lang='lat' dir='ltr'><strong><em>qute</em></strong></span> <span class='ocrx_word' id='word_1_445' title='bbox 2318 2918 2547 2987; x_wconf 68' lang='lat' dir='ltr'><strong><em>propria:</em></strong></span> <span class='ocrx_word' id='word_1_446' title='bbox 2569 2925 2943 2986; x_wconf 89' lang='lat' dir='ltr'><strong><em>nuncupantur</em></strong></span> <span class='ocrx_word' id='word_1_447' title='bbox 2967 2934 2980 2971; x_wconf 88' lang='lat'><strong>:</strong></span> <span class='ocrx_word' id='word_1_448' title='bbox 3006 2918 3173 2985; x_wconf 89' lang='lat' dir='ltr'><strong><em>magis</em></strong></span> <span class='ocrx_word' id='word_1_449' title='bbox 3194 2920 3441 2988; x_wconf 86' lang='lat' dir='ltr'><strong><em>proprias</em></strong></span> <span class='ocrx_word' id='word_1_450' title='bbox 3462 2933 3587 2974; x_wconf 89' lang='lat' dir='ltr'><strong><em>vero</em></strong></span> 
     </span>
    </p>
   </div>
   <div class='ocr_carea' id='block_1_61' title="bbox 2003 3004 3589 3076">
    <p class='ocr_par' dir='ltr' id='par_1_61' title="bbox 2003 3004 3589 3076">
     <span class='ocr_line' id='line_1_61' title="bbox 2003 3004 3589 3076; baseline 0.001 -16"><span class='ocrx_word' id='word_1_451' title='bbox 2003 3006 2296 3061; x_wconf 89' lang='lat' dir='ltr'><strong><em>secundum</em></strong></span> <span class='ocrx_word' id='word_1_452' title='bbox 2327 3006 2680 3062; x_wconf 88' lang='lat' dir='ltr'><strong><em>substantiam</em></strong></span> <span class='ocrx_word' id='word_1_453' title='bbox 2707 3004 3058 3061; x_wconf 89' lang='lat' dir='ltr'><strong><em>considerari.</em></strong></span> <span class='ocrx_word' id='word_1_454' title='bbox 3088 3006 3283 3060; x_wconf 90' lang='lat' dir='ltr'><strong><em>Earum</em></strong></span> <span class='ocrx_word' id='word_1_455' title='bbox 3312 3021 3442 3061; x_wconf 89' lang='lat' dir='ltr'><strong><em>vero</em></strong></span> <span class='ocrx_word' id='word_1_456' title='bbox 3471 3023 3589 3076; x_wconf 73' lang='lat' dir='ltr'><strong><em>quau</em></strong></span> 
     </span>
    </p>
   </div>
   <div class='ocr_carea' id='block_1_62' title="bbox 2004 3094 3586 3161">
    <p class='ocr_par' dir='ltr' id='par_1_62' title="bbox 2004 3094 3586 3161">
     <span class='ocr_line' id='line_1_62' title="bbox 2004 3094 3586 3161; baseline -0.002 -9"><span class='ocrx_word' id='word_1_457' title='bbox 2004 3097 2299 3154; x_wconf 90' lang='lat' dir='ltr'><strong><em>secundum</em></strong></span> <span class='ocrx_word' id='word_1_458' title='bbox 2352 3095 2705 3152; x_wconf 89' lang='lat' dir='ltr'><strong><em>substantiam</em></strong></span> <span class='ocrx_word' id='word_1_459' title='bbox 2756 3105 2908 3161; x_wconf 90' lang='lat' dir='ltr'><strong><em>sunt,</em></strong></span> <span class='ocrx_word' id='word_1_460' title='bbox 2957 3094 3372 3150; x_wconf 90' lang='lat' dir='ltr'><strong><em>subdivisioncm</em></strong></span> <span class='ocrx_word' id='word_1_461' title='bbox 3426 3094 3586 3158; x_wconf 79' lang='lat' dir='ltr'><strong><em>facit.</em></strong></span> 
     </span>
    </p>
   </div>
   <div class='ocr_carea' id='block_1_63' title="bbox 315 3184 3587 3266">
    <p class='ocr_par' dir='ltr' id='par_1_63' title="bbox 315 3184 3587 3266">
     <span class='ocr_line' id='line_1_63' title="bbox 315 3184 3587 3266; baseline 0 -17"><span class='ocrx_word' id='word_1_462' title='bbox 315 3195 535 3251; x_wconf 80' lang='lat' dir='ltr'><strong><em>animal.</em></strong></span> <span class='ocrx_word' id='word_1_463' title='bbox 566 3194 783 3266; x_wconf 87' lang='lat' dir='ltr'><strong><em>Utrique</em></strong></span> <span class='ocrx_word' id='word_1_464' title='bbox 818 3196 960 3251; x_wconf 90' lang='lat' dir='ltr'><strong><em>enim</em></strong></span> <span class='ocrx_word' id='word_1_465' title='bbox 1005 3196 1280 3263; x_wconf 75' lang='lat' dir='ltr'><strong><em>aequaliter</em></strong></span> <span class='ocrx_word' id='word_1_466' title='bbox 1316 3196 1586 3261; x_wconf 89' lang='lat' dir='ltr'><strong><em>animalia,</em></strong></span> <span class='ocrx_word' id='word_1_467' title='bbox 1616 3196 1895 3266; x_wconf 66' lang='lat' dir='ltr'><strong><em>aequaliter</em></strong></span> <span class='ocrx_word' id='word_1_468' title='bbox 1920 3198 1967 3263; x_wconf 88' lang='lat' dir='ltr'><strong><em>C</em></strong></span> <span class='ocrx_word' id='word_1_469' title='bbox 2001 3187 2141 3259; x_wconf 88' lang='lat' dir='ltr'><strong><em>quod</em></strong></span> <span class='ocrx_word' id='word_1_470' title='bbox 2169 3186 2289 3241; x_wconf 61' lang='lat' dir='ltr'><strong><em>alite</em></strong></span> <span class='ocrx_word' id='word_1_471' title='bbox 2316 3200 2497 3241; x_wconf 69' lang='lat' dir='ltr'><strong><em>earum</em></strong></span> <span class='ocrx_word' id='word_1_472' title='bbox 2528 3200 2696 3257; x_wconf 75' lang='lat' dir='ltr'><strong><em>genus</em></strong></span> <span class='ocrx_word' id='word_1_473' title='bbox 2725 3185 2983 3250; x_wconf 71' lang='grc' dir='ltr'><strong><em>όῑνὶάειιη,</em></strong></span> <span class='ocrx_word' id='word_1_474' title='bbox 3013 3185 3131 3241; x_wconf 65' lang='lat' dir='ltr'><strong><em>alim</em></strong></span> <span class='ocrx_word' id='word_1_475' title='bbox 3160 3184 3393 3255; x_wconf 76' lang='lat' dir='ltr'><strong><em>SPeCiem</em></strong></span> <span class='ocrx_word' id='word_1_476' title='bbox 3426 3186 3587 3243; x_wconf 71' lang='grc' dir='ltr'><strong><em>ίηίυτ·</em></strong></span> 
     </span>
    </p>
   </div>
   <div class='ocr_carea' id='block_1_64' title="bbox 316 3284 1892 3357">
    <p class='ocr_par' dir='ltr' id='par_1_64' title="bbox 316 3284 1892 3357">
     <span class='ocr_line' id='line_1_64' title="bbox 316 3284 1892 3357; baseline 0.003 -19"><span class='ocrx_word' id='word_1_477' title='bbox 316 3285 559 3341; x_wconf 82' lang='lat' dir='ltr'><strong><em>ltomines</em></strong></span> <span class='ocrx_word' id='word_1_478' title='bbox 582 3300 699 3341; x_wconf 90' lang='lat' dir='ltr'><strong><em>esse</em></strong></span> <span class='ocrx_word' id='word_1_479' title='bbox 724 3286 993 3341; x_wconf 88' lang='lat' dir='ltr'><strong><em>dicuntur.</em></strong></span> <span class='ocrx_word' id='word_1_480' title='bbox 1018 3284 1169 3354; x_wconf 88' lang='lat' dir='ltr'><strong><em>Quod</em></strong></span> <span class='ocrx_word' id='word_1_481' title='bbox 1199 3286 1243 3340; x_wconf 88' lang='lat' dir='ltr'><strong><em>si</em></strong></span> <span class='ocrx_word' id='word_1_482' title='bbox 1275 3286 1562 3357; x_wconf 90' lang='lat' dir='ltr'><strong><em>unicuique</em></strong></span> <span class='ocrx_word' id='word_1_483' title='bbox 1593 3300 1713 3343; x_wconf 86' lang='lat' dir='ltr'><strong><em>esse</em></strong></span> <span class='ocrx_word' id='word_1_484' title='bbox 1737 3302 1892 3342; x_wconf 89' lang='lat' dir='ltr'><strong><em>suum</em></strong></span> 
     </span>
    </p>
   </div>
   <div class='ocr_carea' id='block_1_65' title="bbox 316 3376 1896 3446">
    <p class='ocr_par' dir='ltr' id='par_1_65' title="bbox 316 3376 1896 3446">
     <span class='ocr_line' id='line_1_65' title="bbox 316 3376 1896 3446; baseline 0.001 -14"><span class='ocrx_word' id='word_1_485' title='bbox 316 3392 413 3432; x_wconf 87' lang='lat' dir='ltr'><strong><em>nec</em></strong></span> <span class='ocrx_word' id='word_1_486' title='bbox 443 3384 716 3434; x_wconf 88' lang='lat' dir='ltr'><strong><em>cremento</em></strong></span> <span class='ocrx_word' id='word_1_487' title='bbox 750 3376 992 3446; x_wconf 83' lang='lat' dir='ltr'><strong><em>ampliari</em></strong></span> <span class='ocrx_word' id='word_1_488' title='bbox 1025 3384 1222 3446; x_wconf 88' lang='lat' dir='ltr'><strong><em>potest,</em></strong></span> <span class='ocrx_word' id='word_1_489' title='bbox 1260 3391 1359 3431; x_wconf 81' lang='lat' dir='ltr'><strong><em>nec</em></strong></span> <span class='ocrx_word' id='word_1_490' title='bbox 1398 3376 1769 3434; x_wconf 87' lang='lat' dir='ltr'><strong><em>imminutione</em></strong></span> <span class='ocrx_word' id='word_1_491' title='bbox 1804 3377 1896 3433; x_wconf 88' lang='lat' dir='ltr'><strong><em>de-</em></strong></span> 
     </span>
    </p>
   </div>
   <div class='ocr_carea' id='block_1_66' title="bbox 314 3466 1897 3541">
    <p class='ocr_par' dir='ltr' id='par_1_66' title="bbox 314 3466 1897 3541">
     <span class='ocr_line' id='line_1_66' title="bbox 314 3466 1897 3541; baseline 0.001 -17"><span class='ocrx_word' id='word_1_492' title='bbox 314 3483 579 3536; x_wconf 85' lang='lat' dir='ltr'><strong><em>crescere,</em></strong></span> <span class='ocrx_word' id='word_1_493' title='bbox 605 3469 748 3540; x_wconf 87' lang='lat' dir='ltr'><strong><em>quod</em></strong></span> <span class='ocrx_word' id='word_1_494' title='bbox 790 3483 886 3538; x_wconf 91' lang='lat' dir='ltr'><strong><em>per</em></strong></span> <span class='ocrx_word' id='word_1_495' title='bbox 926 3467 981 3523; x_wconf 89' lang='lat' dir='ltr'><strong><em>id</em></strong></span> <span class='ocrx_word' id='word_1_496' title='bbox 1021 3466 1177 3524; x_wconf 68' lang='lat' dir='ltr'><strong><em>facile</em></strong></span> <span class='ocrx_word' id='word_1_497' title='bbox 1215 3469 1500 3525; x_wconf 87' lang='lat' dir='ltr'><strong><em>monstrari</em></strong></span> <span class='ocrx_word' id='word_1_498' title='bbox 1532 3478 1704 3538; x_wconf 86' lang='lat' dir='ltr'><strong><em>potest</em></strong></span> <span class='ocrx_word' id='word_1_499' title='bbox 1728 3488 1741 3522; x_wconf 90' lang='lat'><strong>:</strong></span> <span class='ocrx_word' id='word_1_500' title='bbox 1764 3484 1897 3541; x_wconf 91' lang='lat' dir='ltr'><strong><em>quo-</em></strong></span> 
     </span>
    </p>
   </div>
   <div class='ocr_carea' id='block_1_67' title="bbox 313 3560 1895 3631">
    <p class='ocr_par' dir='ltr' id='par_1_67' title="bbox 313 3560 1895 3631">
     <span class='ocr_line' id='line_1_67' title="bbox 313 3560 1895 3631; baseline 0.001 -16"><span class='ocrx_word' id='word_1_501' title='bbox 313 3560 451 3615; x_wconf 87' lang='lat' dir='ltr'><strong><em>niam</em></strong></span> <span class='ocrx_word' id='word_1_502' title='bbox 480 3576 597 3631; x_wconf 73' lang='lat' dir='ltr'><strong><em>qua:</em></strong></span> <span class='ocrx_word' id='word_1_503' title='bbox 644 3574 840 3631; x_wconf 88' lang='lat' dir='ltr'><strong><em>genera</em></strong></span> <span class='ocrx_word' id='word_1_504' title='bbox 879 3570 1004 3616; x_wconf 90' lang='lat' dir='ltr'><strong><em>sunt</em></strong></span> <span class='ocrx_word' id='word_1_505' title='bbox 1043 3560 1126 3615; x_wconf 80' lang='lat' dir='ltr'><strong><em>vel</em></strong></span> <span class='ocrx_word' id='word_1_506' title='bbox 1159 3560 1391 3628; x_wconf 76' lang='lat' dir='ltr'><strong><em>speties,</em></strong></span> <span class='ocrx_word' id='word_1_507' title='bbox 1422 3560 1564 3616; x_wconf 89' lang='lat' dir='ltr'><strong><em>nulla</em></strong></span> <span class='ocrx_word' id='word_1_508' title='bbox 1595 3562 1895 3619; x_wconf 88' lang='lat' dir='ltr'><strong><em>intensione</em></strong></span> 
     </span>
    </p>
   </div>
   <div class='ocr_carea' id='block_1_68' title="bbox 312 3650 1897 3721">
    <p class='ocr_par' dir='ltr' id='par_1_68' title="bbox 312 3650 1897 3721">
     <span class='ocr_line' id='line_1_68' title="bbox 312 3650 1897 3721; baseline 0.003 -18"><span class='ocrx_word' id='word_1_509' title='bbox 312 3650 393 3705; x_wconf 87' lang='lat' dir='ltr'><strong><em>vel</em></strong></span> <span class='ocrx_word' id='word_1_510' title='bbox 424 3650 743 3707; x_wconf 84' lang='lat' dir='ltr'><strong><em>remissione</em></strong></span> <span class='ocrx_word' id='word_1_511' title='bbox 772 3651 1068 3716; x_wconf 83' lang='lat' dir='ltr'><strong><em>variantur,</em></strong></span> <span class='ocrx_word' id='word_1_512' title='bbox 1097 3666 1200 3705; x_wconf 86' lang='lat' dir='ltr'><strong><em>non</em></strong></span> <span class='ocrx_word' id='word_1_513' title='bbox 1231 3659 1316 3706; x_wconf 86' lang='lat' dir='ltr'><strong><em>est</em></strong></span> <span class='ocrx_word' id='word_1_514' title='bbox 1340 3650 1560 3706; x_wconf 88' lang='lat' dir='ltr'><strong><em>dubium</em></strong></span> <span class='ocrx_word' id='word_1_515' title='bbox 1593 3652 1720 3721; x_wconf 89' lang='lat' dir='ltr'><strong><em>quin</em></strong></span> <span class='ocrx_word' id='word_1_516' title='bbox 1745 3652 1897 3708; x_wconf 74' lang='lat' dir='ltr'><strong><em>dilic-</em></strong></span> 
     </span>
    </p>
   </div>
   <div class='ocr_carea' id='block_1_69' title="bbox 311 3739 1897 3810">
    <p class='ocr_par' dir='ltr' id='par_1_69' title="bbox 311 3739 1897 3810">
     <span class='ocr_line' id='line_1_69' title="bbox 311 3739 1897 3810; baseline 0.003 -17"><span class='ocrx_word' id='word_1_517' title='bbox 311 3739 497 3793; x_wconf 77' lang='lat' dir='ltr'><strong><em>rentia:</em></strong></span> <span class='ocrx_word' id='word_1_518' title='bbox 527 3754 762 3809; x_wconf 83' lang='lat' dir='ltr'><strong><em>quoque,</em></strong></span> <span class='ocrx_word' id='word_1_519' title='bbox 797 3754 915 3809; x_wconf 69' lang='lat' dir='ltr'><strong><em>quae</em></strong></span> <span class='ocrx_word' id='word_1_520' title='bbox 952 3740 1369 3809; x_wconf 85' lang='lat' dir='ltr'><strong><em>uniuscujusque</em></strong></span> <span class='ocrx_word' id='word_1_521' title='bbox 1409 3740 1607 3810; x_wconf 87' lang='lat' dir='ltr'><strong><em>speciei</em></strong></span> <span class='ocrx_word' id='word_1_522' title='bbox 1650 3741 1897 3797; x_wconf 88' lang='lat' dir='ltr'><strong><em>substan-</em></strong></span> 
     </span>
    </p>
   </div>
   <div class='ocr_carea' id='block_1_70' title="bbox 311 3829 1893 3894">
    <p class='ocr_par' dir='ltr' id='par_1_70' title="bbox 311 3829 1893 3894">
     <span class='ocr_line' id='line_1_70' title="bbox 311 3829 1893 3894; baseline 0.003 -10"><span class='ocrx_word' id='word_1_523' title='bbox 311 3832 443 3884; x_wconf 88' lang='lat' dir='ltr'><strong><em>tiam</em></strong></span> <span class='ocrx_word' id='word_1_524' title='bbox 488 3830 797 3894; x_wconf 85' lang='lat' dir='ltr'><strong><em>i..l‘ormant,</em></strong></span> <span class='ocrx_word' id='word_1_525' title='bbox 840 3844 940 3884; x_wconf 88' lang='lat' dir='ltr'><strong><em>nec</em></strong></span> <span class='ocrx_word' id='word_1_526' title='bbox 983 3829 1313 3886; x_wconf 87' lang='lat' dir='ltr'><strong><em>remissionis</em></strong></span> <span class='ocrx_word' id='word_1_527' title='bbox 1357 3830 1677 3887; x_wconf 86' lang='lat' dir='ltr'><strong><em>detrimenta</em></strong></span> <span class='ocrx_word' id='word_1_528' title='bbox 1722 3835 1893 3889; x_wconf 82' lang='lat' dir='ltr'><strong><em>susci-</em></strong></span> 
     </span>
    </p>
   </div>
   <div class='ocr_carea' id='block_1_71' title="bbox 312 3924 1896 3996">
    <p class='ocr_par' dir='ltr' id='par_1_71' title="bbox 312 3924 1896 3996">
     <span class='ocr_line' id='line_1_71' title="bbox 312 3924 1896 3996; baseline 0.002 -17"><span class='ocrx_word' id='word_1_529' title='bbox 312 3927 491 3996; x_wconf 88' lang='lat' dir='ltr'><strong><em>piant,</em></strong></span> <span class='ocrx_word' id='word_1_530' title='bbox 516 3938 617 3979; x_wconf 88' lang='lat' dir='ltr'><strong><em>nec</em></strong></span> <span class='ocrx_word' id='word_1_531' title='bbox 646 3924 963 3980; x_wconf 86' lang='lat' dir='ltr'><strong><em>intensionis</em></strong></span> <span class='ocrx_word' id='word_1_532' title='bbox 989 3935 1286 3995; x_wconf 88' lang='lat' dir='ltr'><strong><em>augmenta.</em></strong></span> <span class='ocrx_word' id='word_1_533' title='bbox 1310 3925 1495 3995; x_wconf 81' lang='lat' dir='ltr'><strong><em>Itaque</em></strong></span> <span class='ocrx_word' id='word_1_534' title='bbox 1518 3925 1896 3983; x_wconf 89' lang='lat' dir='ltr'><strong><em>substantiales</em></strong></span> 
     </span>
    </p>
   </div>
   <div class='ocr_carea' id='block_1_72' title="bbox 311 4014 1893 4086">
    <p class='ocr_par' dir='ltr' id='par_1_72' title="bbox 311 4014 1893 4086">
     <span class='ocr_line' id='line_1_72' title="bbox 311 4014 1893 4086; baseline 0.001 -14"><span class='ocrx_word' id='word_1_535' title='bbox 311 4016 635 4072; x_wconf 71' lang='lat' dir='ltr'><strong><em>diderentiae</em></strong></span> <span class='ocrx_word' id='word_1_536' title='bbox 673 4030 845 4086; x_wconf 84' lang='lat' dir='ltr'><strong><em>neque</em></strong></span> <span class='ocrx_word' id='word_1_537' title='bbox 888 4014 1271 4083; x_wconf 87' lang='lat' dir='ltr'><strong><em>intensioncm,</em></strong></span> <span class='ocrx_word' id='word_1_538' title='bbox 1310 4031 1484 4086; x_wconf 91' lang='lat' dir='ltr'><strong><em>neque</em></strong></span> <span class='ocrx_word' id='word_1_539' title='bbox 1522 4016 1893 4073; x_wconf 89' lang='lat' dir='ltr'><strong><em>remissionem</em></strong></span> 
     </span>
    </p>
   </div>
   <div class='ocr_carea' id='block_1_73' title="bbox 308 4105 1895 4185">
    <p class='ocr_par' dir='ltr' id='par_1_73' title="bbox 308 4105 1895 4185">
     <span class='ocr_line' id='line_1_73' title="bbox 308 4105 1895 4185; baseline -0.003 -20"><span class='ocrx_word' id='word_1_540' title='bbox 308 4107 629 4185; x_wconf 84' lang='lat' dir='ltr'><strong><em>suscipiunt,</em></strong></span> <span class='ocrx_word' id='word_1_541' title='bbox 658 4105 815 4176; x_wconf 85' lang='lat' dir='ltr'><strong><em>hujus</em></strong></span> <span class='ocrx_word' id='word_1_542' title='bbox 843 4120 1001 4162; x_wconf 88' lang='lat' dir='ltr'><strong><em>causa</em></strong></span> <span class='ocrx_word' id='word_1_543' title='bbox 1030 4106 1144 4161; x_wconf 71' lang='lat' dir='ltr'><strong><em>lucc</em></strong></span> <span class='ocrx_word' id='word_1_544' title='bbox 1171 4115 1254 4162; x_wconf 90' lang='lat' dir='ltr'><strong><em>est</em></strong></span> <span class='ocrx_word' id='word_1_545' title='bbox 1282 4122 1298 4162; x_wconf 87' lang='lat'><strong>:</strong></span> <span class='ocrx_word' id='word_1_546' title='bbox 1328 4107 1589 4173; x_wconf 83' lang='lat' dir='ltr'><strong><em>Quoniam</em></strong></span> <span class='ocrx_word' id='word_1_547' title='bbox 1623 4123 1744 4163; x_wconf 86' lang='lat' dir='ltr'><strong><em>esse</em></strong></span> <span class='ocrx_word' id='word_1_548' title='bbox 1770 4109 1895 4162; x_wconf 84' lang='lat' dir='ltr'><strong><em>uni-</em></strong></span> 
     </span>
    </p>
   </div>
   <div class='ocr_carea' id='block_1_74' title="bbox 308 4198 1897 4271">
    <p class='ocr_par' dir='ltr' id='par_1_74' title="bbox 308 4198 1897 4271">
     <span class='ocr_line' id='line_1_74' title="bbox 308 4198 1897 4271; baseline -0.001 -14"><span class='ocrx_word' id='word_1_549' title='bbox 308 4201 499 4271; x_wconf 89' lang='lat' dir='ltr'><strong><em>cuique</em></strong></span> <span class='ocrx_word' id='word_1_550' title='bbox 528 4215 693 4254; x_wconf 88' lang='lat' dir='ltr'><strong><em>unum</em></strong></span> <span class='ocrx_word' id='word_1_551' title='bbox 723 4207 825 4266; x_wconf 90' lang='lat' dir='ltr'><strong><em>est,</em></strong></span> <span class='ocrx_word' id='word_1_552' title='bbox 852 4208 906 4254; x_wconf 90' lang='lat' dir='ltr'><strong><em>et</em></strong></span> <span class='ocrx_word' id='word_1_553' title='bbox 931 4198 1071 4254; x_wconf 83' lang='lat' dir='ltr'><strong><em>idem</em></strong></span> <span class='ocrx_word' id='word_1_554' title='bbox 1100 4208 1202 4265; x_wconf 89' lang='lat' dir='ltr'><strong><em>est,</em></strong></span> <span class='ocrx_word' id='word_1_555' title='bbox 1232 4207 1287 4255; x_wconf 91' lang='lat' dir='ltr'><strong><em>et</em></strong></span> <span class='ocrx_word' id='word_1_556' title='bbox 1320 4199 1675 4255; x_wconf 86' lang='lat' dir='ltr'><strong><em>intensionem</em></strong></span> <span class='ocrx_word' id='word_1_557' title='bbox 1707 4202 1897 4256; x_wconf 72' lang='lat' dir='ltr'><strong><em>remis-</em></strong></span> 
     </span>
    </p>
   </div>
   <div class='ocr_carea' id='block_1_75' title="bbox 308 4294 1898 4366">
    <p class='ocr_par' dir='ltr' id='par_1_75' title="bbox 308 4294 1898 4366">
     <span class='ocr_line' id='line_1_75' title="bbox 308 4294 1898 4366; baseline 0.002 -17"><span class='ocrx_word' id='word_1_558' title='bbox 308 4296 618 4365; x_wconf 89' lang='lat' dir='ltr'><strong><em>sionemque</em></strong></span> <span class='ocrx_word' id='word_1_559' title='bbox 656 4308 762 4350; x_wconf 93' lang='lat' dir='ltr'><strong><em>non</em></strong></span> <span class='ocrx_word' id='word_1_560' title='bbox 801 4294 1040 4364; x_wconf 89' lang='lat' dir='ltr'><strong><em>suscipit,</em></strong></span> <span class='ocrx_word' id='word_1_561' title='bbox 1073 4294 1232 4366; x_wconf 85' lang='lat' dir='ltr'><strong><em>hujus</em></strong></span> <span class='ocrx_word' id='word_1_562' title='bbox 1259 4295 1563 4364; x_wconf 77' lang='lat' dir='ltr'><strong><em>exemplum</em></strong></span> <span class='ocrx_word' id='word_1_563' title='bbox 1599 4296 1687 4351; x_wconf 90' lang='lat' dir='ltr'><strong><em>sit.</em></strong></span> <span class='ocrx_word' id='word_1_564' title='bbox 1717 4296 1898 4353; x_wconf 83' lang='lat' dir='ltr'><strong><em>Genus</em></strong></span> 
     </span>
    </p>
   </div>
   <div class='ocr_carea' id='block_1_76' title="bbox 308 4385 1892 4459">
    <p class='ocr_par' dir='ltr' id='par_1_76' title="bbox 308 4385 1892 4459">
     <span class='ocr_line' id='line_1_76' title="bbox 308 4385 1892 4459; baseline 0.001 -19"><span class='ocrx_word' id='word_1_565' title='bbox 308 4387 447 4440; x_wconf 89' lang='lat' dir='ltr'><strong><em>enim</em></strong></span> <span class='ocrx_word' id='word_1_566' title='bbox 468 4385 572 4454; x_wconf 85' lang='lat' dir='ltr'><strong><em>dici</em></strong></span> <span class='ocrx_word' id='word_1_567' title='bbox 594 4399 699 4440; x_wconf 89' lang='lat' dir='ltr'><strong><em>non</em></strong></span> <span class='ocrx_word' id='word_1_568' title='bbox 724 4394 895 4454; x_wconf 86' lang='lat' dir='ltr'><strong><em>potest</em></strong></span> <span class='ocrx_word' id='word_1_569' title='bbox 915 4386 1036 4456; x_wconf 91' lang='lat' dir='ltr'><strong><em>plus</em></strong></span> <span class='ocrx_word' id='word_1_570' title='bbox 1061 4386 1303 4441; x_wconf 78' lang='lat' dir='ltr'><strong><em>minusve</em></strong></span> <span class='ocrx_word' id='word_1_571' title='bbox 1323 4387 1543 4443; x_wconf 91' lang='lat' dir='ltr'><strong><em>cuilibet</em></strong></span> <span class='ocrx_word' id='word_1_572' title='bbox 1566 4402 1682 4443; x_wconf 89' lang='lat' dir='ltr'><strong><em>esse</em></strong></span> <span class='ocrx_word' id='word_1_573' title='bbox 1703 4403 1892 4459; x_wconf 82' lang='lat' dir='ltr'><strong><em>genus,</em></strong></span> 
     </span>
    </p>
   </div>
   <div class='ocr_carea' id='block_1_77' title="bbox 307 4473 1893 4547">
    <p class='ocr_par' dir='ltr' id='par_1_77' title="bbox 307 4473 1893 4547">
     <span class='ocr_line' id='line_1_77' title="bbox 307 4473 1893 4547; baseline 0.004 -19"><span class='ocrx_word' id='word_1_574' title='bbox 307 4473 551 4545; x_wconf 87' lang='lat' dir='ltr'><strong><em>omnibus</em></strong></span> <span class='ocrx_word' id='word_1_575' title='bbox 590 4475 736 4529; x_wconf 90' lang='lat' dir='ltr'><strong><em>enim</em></strong></span> <span class='ocrx_word' id='word_1_576' title='bbox 777 4489 941 4541; x_wconf 79' lang='lat' dir='ltr'><strong><em>genus</em></strong></span> <span class='ocrx_word' id='word_1_577' title='bbox 980 4477 1253 4544; x_wconf 62' lang='lat' dir='ltr'><strong><em>aequaliter</em></strong></span> <span class='ocrx_word' id='word_1_578' title='bbox 1292 4478 1691 4547; x_wconf 90' lang='lat' dir='ltr'><strong><em>superponitur.</em></strong></span> <span class='ocrx_word' id='word_1_579' title='bbox 1732 4478 1893 4534; x_wconf 78' lang='lat' dir='ltr'><strong><em>Ditl&#39;e-</em></strong></span> 
     </span>
    </p>
   </div>
   <div class='ocr_carea' id='block_1_78' title="bbox 306 4564 1896 4639">
    <p class='ocr_par' dir='ltr' id='par_1_78' title="bbox 306 4564 1896 4639">
     <span class='ocr_line' id='line_1_78' title="bbox 306 4564 1896 4639; baseline 0.002 -20"><span class='ocrx_word' id='word_1_580' title='bbox 306 4566 490 4621; x_wconf 68' lang='lat' dir='ltr'><strong><em>rentire</em></strong></span> <span class='ocrx_word' id='word_1_581' title='bbox 520 4579 729 4635; x_wconf 88' lang='lat' dir='ltr'><strong><em>quoque</em></strong></span> <span class='ocrx_word' id='word_1_582' title='bbox 755 4580 873 4635; x_wconf 72' lang='lat' dir='ltr'><strong><em>qua:</em></strong></span> <span class='ocrx_word' id='word_1_583' title='bbox 898 4564 1141 4620; x_wconf 90' lang='lat' dir='ltr'><strong><em>dividunt</em></strong></span> <span class='ocrx_word' id='word_1_584' title='bbox 1168 4581 1336 4637; x_wconf 89' lang='lat' dir='ltr'><strong><em>genus</em></strong></span> <span class='ocrx_word' id='word_1_585' title='bbox 1366 4575 1419 4621; x_wconf 90' lang='lat' dir='ltr'><strong><em>et</em></strong></span> <span class='ocrx_word' id='word_1_586' title='bbox 1449 4567 1737 4623; x_wconf 80' lang='lat' dir='ltr'><strong><em>informant</em></strong></span> <span class='ocrx_word' id='word_1_587' title='bbox 1775 4583 1896 4639; x_wconf 88' lang='lat' dir='ltr'><strong><em>spe-</em></strong></span> 
     </span>
    </p>
   </div>
   <div class='ocr_carea' id='block_1_79' title="bbox 306 4654 1892 4726">
    <p class='ocr_par' dir='ltr' id='par_1_79' title="bbox 306 4654 1892 4726">
     <span class='ocr_line' id='line_1_79' title="bbox 306 4654 1892 4726; baseline 0.002 -17"><span class='ocrx_word' id='word_1_588' title='bbox 306 4655 463 4719; x_wconf 73' lang='lat' dir='ltr'><strong><em>ciem,</em></strong></span> <span class='ocrx_word' id='word_1_589' title='bbox 497 4655 744 4724; x_wconf 89' lang='lat' dir='ltr'><strong><em>quoniam</em></strong></span> <span class='ocrx_word' id='word_1_590' title='bbox 776 4654 977 4725; x_wconf 88' lang='lat' dir='ltr'><strong><em>speciei</em></strong></span> <span class='ocrx_word' id='word_1_591' title='bbox 1006 4655 1291 4711; x_wconf 88' lang='lat' dir='ltr'><strong><em>essentiam</em></strong></span> <span class='ocrx_word' id='word_1_592' title='bbox 1328 4656 1620 4726; x_wconf 89' lang='lat' dir='ltr'><strong><em>complent,</em></strong></span> <span class='ocrx_word' id='word_1_593' title='bbox 1665 4672 1765 4713; x_wconf 88' lang='lat' dir='ltr'><strong><em>nec</em></strong></span> <span class='ocrx_word' id='word_1_594' title='bbox 1809 4658 1892 4712; x_wconf 88' lang='lat' dir='ltr'><strong><em>in-</em></strong></span> 
     </span>
    </p>
   </div>
   <div class='ocr_carea' id='block_1_80' title="bbox 305 4747 1893 4816">
    <p class='ocr_par' dir='ltr' id='par_1_80' title="bbox 305 4747 1893 4816">
     <span class='ocr_line' id='line_1_80' title="bbox 305 4747 1893 4816; baseline 0.001 -13"><span class='ocrx_word' id='word_1_595' title='bbox 305 4748 600 4804; x_wconf 88' lang='lat' dir='ltr'><strong><em>tensionem</em></strong></span> <span class='ocrx_word' id='word_1_596' title='bbox 654 4748 947 4816; x_wconf 88' lang='lat' dir='ltr'><strong><em>recipiunt,</em></strong></span> <span class='ocrx_word' id='word_1_597' title='bbox 1003 4763 1103 4804; x_wconf 89' lang='lat' dir='ltr'><strong><em>nec</em></strong></span> <span class='ocrx_word' id='word_1_598' title='bbox 1144 4747 1537 4804; x_wconf 86' lang='lat' dir='ltr'><strong><em>remissionem.</em></strong></span> <span class='ocrx_word' id='word_1_599' title='bbox 1587 4749 1716 4816; x_wconf 62' lang='lat' dir='ltr'><strong><em>Quae</em></strong></span> <span class='ocrx_word' id='word_1_600' title='bbox 1762 4764 1893 4805; x_wconf 84' lang='lat' dir='ltr'><strong><em>vero</em></strong></span> 
     </span>
    </p>
   </div>
   <div class='ocr_carea' id='block_1_81' title="bbox 306 4840 1896 4911">
    <p class='ocr_par' dir='ltr' id='par_1_81' title="bbox 306 4840 1896 4911">
     <span class='ocr_line' id='line_1_81' title="bbox 306 4840 1896 4911; baseline 0.001 -18"><span class='ocrx_word' id='word_1_601' title='bbox 306 4840 596 4896; x_wconf 89' lang='lat' dir='ltr'><strong><em>secundum</em></strong></span> <span class='ocrx_word' id='word_1_602' title='bbox 621 4841 869 4897; x_wconf 84' lang='lat' dir='ltr'><strong><em>accidens</em></strong></span> <span class='ocrx_word' id='word_1_603' title='bbox 895 4840 1210 4896; x_wconf 71' lang='lat' dir='ltr'><strong><em>diderentiae</em></strong></span> <span class='ocrx_word' id='word_1_604' title='bbox 1245 4849 1369 4896; x_wconf 88' lang='lat' dir='ltr'><strong><em>sunt</em></strong></span> <span class='ocrx_word' id='word_1_605' title='bbox 1406 4841 1804 4911; x_wconf 85' lang='lat' dir='ltr'><strong><em>inseparabiles,</em></strong></span> <span class='ocrx_word' id='word_1_606' title='bbox 1838 4849 1896 4895; x_wconf 90' lang='lat' dir='ltr'><strong><em>ut</em></strong></span> 
     </span>
    </p>
   </div>
   <div class='ocr_carea' id='block_1_82' title="bbox 304 4932 1893 5003">
    <p class='ocr_par' dir='ltr' id='par_1_82' title="bbox 304 4932 1893 5003">
     <span class='ocr_line' id='line_1_82' title="bbox 304 4932 1893 5003; baseline 0 -15"><span class='ocrx_word' id='word_1_607' title='bbox 304 4934 498 4988; x_wconf 87' lang='lat' dir='ltr'><strong><em>simum</em></strong></span> <span class='ocrx_word' id='word_1_608' title='bbox 547 4947 688 5002; x_wconf 91' lang='lat' dir='ltr'><strong><em>esse,</em></strong></span> <span class='ocrx_word' id='word_1_609' title='bbox 730 4933 815 4989; x_wconf 89' lang='lat' dir='ltr'><strong><em>vel</em></strong></span> <span class='ocrx_word' id='word_1_610' title='bbox 863 4932 1197 5003; x_wconf 88' lang='lat' dir='ltr'><strong><em>aquilinum,</em></strong></span> <span class='ocrx_word' id='word_1_611' title='bbox 1242 4932 1326 4988; x_wconf 82' lang='lat' dir='ltr'><strong><em>vel</em></strong></span> <span class='ocrx_word' id='word_1_612' title='bbox 1372 4933 1665 4988; x_wconf 89' lang='lat' dir='ltr'><strong><em>coloratum</em></strong></span> <span class='ocrx_word' id='word_1_613' title='bbox 1716 4932 1893 5003; x_wconf 88' lang='lat' dir='ltr'><strong><em>aliquo</em></strong></span> 
     </span>
    </p>
   </div>
   <div class='ocr_carea' id='block_1_83' title="bbox 304 5026 1889 5097">
    <p class='ocr_par' dir='ltr' id='par_1_83' title="bbox 304 5026 1889 5097">
     <span class='ocr_line' id='line_1_83' title="bbox 304 5026 1889 5097; baseline -0.003 -15"><span class='ocrx_word' id='word_1_614' title='bbox 304 5026 488 5090; x_wconf 85' lang='lat' dir='ltr'><strong><em>modo,</em></strong></span> <span class='ocrx_word' id='word_1_615' title='bbox 542 5035 597 5082; x_wconf 91' lang='lat' dir='ltr'><strong><em>et</em></strong></span> <span class='ocrx_word' id='word_1_616' title='bbox 646 5026 1005 5083; x_wconf 87' lang='lat' dir='ltr'><strong><em>intensionem</em></strong></span> <span class='ocrx_word' id='word_1_617' title='bbox 1058 5027 1357 5097; x_wconf 88' lang='lat' dir='ltr'><strong><em>suscipiunt</em></strong></span> <span class='ocrx_word' id='word_1_618' title='bbox 1399 5036 1454 5082; x_wconf 90' lang='lat' dir='ltr'><strong><em>et</em></strong></span> <span class='ocrx_word' id='word_1_619' title='bbox 1498 5026 1889 5083; x_wconf 85' lang='lat' dir='ltr'><strong><em>remissionem.</em></strong></span> 
     </span>
    </p>
   </div>
   <div class='ocr_carea' id='block_1_84' title="bbox 302 5116 1892 5189">
    <p class='ocr_par' dir='ltr' id='par_1_84' title="bbox 302 5116 1892 5189">
     <span class='ocr_line' id='line_1_84' title="bbox 302 5116 1892 5189; baseline -0.001 -16"><span class='ocrx_word' id='word_1_620' title='bbox 302 5116 441 5173; x_wconf 77' lang='lat' dir='ltr'><strong><em>Fieri</em></strong></span> <span class='ocrx_word' id='word_1_621' title='bbox 483 5118 625 5173; x_wconf 87' lang='lat' dir='ltr'><strong><em>enim</em></strong></span> <span class='ocrx_word' id='word_1_622' title='bbox 667 5128 842 5189; x_wconf 85' lang='lat' dir='ltr'><strong><em>potest</em></strong></span> <span class='ocrx_word' id='word_1_623' title='bbox 881 5126 937 5174; x_wconf 92' lang='lat' dir='ltr'><strong><em>ut</em></strong></span> <span class='ocrx_word' id='word_1_624' title='bbox 968 5118 1051 5174; x_wconf 87' lang='lat' dir='ltr'><strong><em>hic</em></strong></span> <span class='ocrx_word' id='word_1_625' title='bbox 1089 5119 1251 5187; x_wconf 88' lang='lat' dir='ltr'><strong><em>paulo</em></strong></span> <span class='ocrx_word' id='word_1_626' title='bbox 1286 5118 1357 5173; x_wconf 89' lang='lat' dir='ltr'><strong><em>sit</em></strong></span> <span class='ocrx_word' id='word_1_627' title='bbox 1398 5118 1618 5189; x_wconf 77' lang='lat' dir='ltr'><strong><em>nigrior,</em></strong></span> <span class='ocrx_word' id='word_1_628' title='bbox 1654 5116 1738 5172; x_wconf 92' lang='lat' dir='ltr'><strong><em>hic</em></strong></span> <span class='ocrx_word' id='word_1_629' title='bbox 1763 5131 1892 5171; x_wconf 85' lang='lat' dir='ltr'><strong><em>vero</em></strong></span> 
     </span>
    </p>
   </div>
   <div class='ocr_carea' id='block_1_85' title="bbox 300 5191 1886 5277">
    <p class='ocr_par' dir='ltr' id='par_1_85' title="bbox 300 5191 1886 5277">
     <span class='ocr_line' id='line_1_85' title="bbox 300 5191 1886 5277; baseline 0.001 -18"><span class='ocrx_word' id='word_1_630' title='bbox 300 5206 523 5274; x_wconf 75' lang='lat' dir='ltr'><strong><em>amplius</em></strong></span> <span class='ocrx_word' id='word_1_631' title='bbox 551 5209 719 5262; x_wconf 89' lang='lat' dir='ltr'><strong><em>simus</em></strong></span> <span class='ocrx_word' id='word_1_632' title='bbox 745 5208 836 5274; x_wconf 88' lang='lat' dir='ltr'><strong><em>sit,</em></strong></span> <span class='ocrx_word' id='word_1_633' title='bbox 874 5206 964 5263; x_wconf 90' lang='lat' dir='ltr'><strong><em>ille</em></strong></span> <span class='ocrx_word' id='word_1_634' title='bbox 1006 5208 1185 5263; x_wconf 87' lang='lat' dir='ltr'><strong><em>minus</em></strong></span> <span class='ocrx_word' id='word_1_635' title='bbox 1224 5209 1451 5277; x_wconf 90' lang='lat' dir='ltr'><strong><em>aquilus.</em></strong></span> <span class='ocrx_word' id='word_1_636' title='bbox 1486 5210 1555 5262; x_wconf 75' lang='lat' dir='ltr'><strong><em>At</em></strong></span> <span class='ocrx_word' id='word_1_637' title='bbox 1592 5191 1719 5261; x_wconf 84' lang='lat' dir='ltr'><strong><em>vero</em></strong></span> <span class='ocrx_word' id='word_1_638' title='bbox 1748 5206 1886 5276; x_wconf 90' lang='lat' dir='ltr'><strong><em>quod</em></strong></span> 
     </span>
    </p>
   </div>
   <div class='ocr_carea' id='block_1_86' title="bbox 297 5297 1888 5369">
    <p class='ocr_par' dir='ltr' id='par_1_86' title="bbox 297 5297 1888 5369">
     <span class='ocr_line' id='line_1_86' title="bbox 297 5297 1888 5369; baseline -0.001 -18"><span class='ocrx_word' id='word_1_639' title='bbox 297 5309 403 5351; x_wconf 92' lang='lat' dir='ltr'><strong><em>non</em></strong></span> <span class='ocrx_word' id='word_1_640' title='bbox 430 5312 622 5353; x_wconf 88' lang='lat' dir='ltr'><strong><em>omnes</em></strong></span> <span class='ocrx_word' id='word_1_641' title='bbox 641 5297 885 5353; x_wconf 88' lang='lat' dir='ltr'><strong><em>homines</em></strong></span> <span class='ocrx_word' id='word_1_642' title='bbox 914 5299 1191 5369; x_wconf 83' lang='lat' dir='ltr'><strong><em>aequaliter</em></strong></span> <span class='ocrx_word' id='word_1_643' title='bbox 1216 5297 1503 5353; x_wconf 87' lang='lat' dir='ltr'><strong><em>rationales</em></strong></span> <span class='ocrx_word' id='word_1_644' title='bbox 1530 5297 1888 5364; x_wconf 82' lang='lat' dir='ltr'><strong><em>mortalesque</em></strong></span> 
     </span>
    </p>
   </div>
   <div class='ocr_carea' id='block_1_87' title="bbox 256 5364 1886 5460">
    <p class='ocr_par' dir='ltr' id='par_1_87' title="bbox 256 5364 1886 5460">
     <span class='ocr_line' id='line_1_87' title="bbox 256 5364 1886 5460; baseline -0.001 -20"><span class='ocrx_word' id='word_1_645' title='bbox 256 5364 427 5460; x_wconf 30' lang='lat' dir='ltr'><strong><em>fsint,</em></strong></span> <span class='ocrx_word' id='word_1_646' title='bbox 455 5400 557 5439; x_wconf 89' lang='lat' dir='ltr'><strong><em>nec</em></strong></span> <span class='ocrx_word' id='word_1_647' title='bbox 583 5387 902 5453; x_wconf 85' lang='lat' dir='ltr'><strong><em>specierum,</em></strong></span> <span class='ocrx_word' id='word_1_648' title='bbox 935 5402 1033 5443; x_wconf 90' lang='lat' dir='ltr'><strong><em>nec</em></strong></span> <span class='ocrx_word' id='word_1_649' title='bbox 1076 5388 1498 5445; x_wconf 69' lang='lat' dir='ltr'><strong><em>diderentiarum</em></strong></span> <span class='ocrx_word' id='word_1_650' title='bbox 1531 5393 1716 5438; x_wconf 85' lang='lat' dir='ltr'><strong><em>natura</em></strong></span> <span class='ocrx_word' id='word_1_651' title='bbox 1743 5384 1886 5439; x_wconf 81' lang='lat' dir='ltr'><strong><em>vide-</em></strong></span> 
     </span>
    </p>
   </div>
   <div class='ocr_carea' id='block_1_88' title="bbox 264 5471 722 5533">
    <p class='ocr_par' dir='ltr' id='par_1_88' title="bbox 264 5471 722 5533">
     <span class='ocr_line' id='line_1_88' title="bbox 264 5471 722 5533; baseline -0.002 -6"><span class='ocrx_word' id='word_1_652' title='bbox 264 5486 267 5493; x_wconf 91' lang='lat'>&#39;</span> <span class='ocrx_word' id='word_1_653' title='bbox 293 5480 383 5529; x_wconf 87' lang='lat' dir='ltr'><strong><em>tur</em></strong></span> <span class='ocrx_word' id='word_1_654' title='bbox 408 5471 722 5533; x_wconf 87' lang='lat' dir='ltr'><strong><em>admittere.</em></strong></span> 
     </span>
    </p>
   </div>
   <div class='ocr_carea' id='block_1_89' title="bbox 367 5568 1895 5641">
    <p class='ocr_par' dir='ltr' id='par_1_89' title="bbox 367 5568 1895 5641">
     <span class='ocr_line' id='line_1_89' title="bbox 367 5568 1895 5641; baseline 0.001 -14"><span class='ocrx_word' id='word_1_655' title='bbox 367 5571 504 5627; x_wconf 80' lang='lat' dir='ltr'><strong><em>Cum</em></strong></span> <span class='ocrx_word' id='word_1_656' title='bbox 531 5568 692 5641; x_wconf 85' lang='lat' dir='ltr'><strong><em>igitur</em></strong></span> <span class='ocrx_word' id='word_1_657' title='bbox 725 5577 824 5624; x_wconf 82' lang='lat' dir='ltr'><strong><em>tres</em></strong></span> <span class='ocrx_word' id='word_1_658' title='bbox 848 5573 1036 5639; x_wconf 85' lang='lat' dir='ltr'><strong><em>species</em></strong></span> <span class='ocrx_word' id='word_1_659' title='bbox 1070 5574 1378 5641; x_wconf 65' lang='lat' dir='ltr'><strong><em>differentia</em></strong></span> <span class='ocrx_word' id='word_1_660' title='bbox 1414 5572 1818 5635; x_wconf 85' lang='lat' dir='ltr'><strong><em>considerentur,</em></strong></span> <span class='ocrx_word' id='word_1_661' title='bbox 1850 5585 1895 5628; x_wconf 85' lang='lat' dir='ltr'><strong><em>et</em></strong></span> 
     </span>
    </p>
   </div>
   <div class='ocr_carea' id='block_1_90' title="bbox 297 5660 1919 5743">
    <p class='ocr_par' dir='ltr' id='par_1_90' title="bbox 297 5660 1919 5743">
     <span class='ocr_line' id='line_1_90' title="bbox 297 5660 1919 5743; baseline 0.001 -24"><span class='ocrx_word' id='word_1_662' title='bbox 297 5680 410 5719; x_wconf 89' lang='lat' dir='ltr'><strong><em>sum</em></strong></span> <span class='ocrx_word' id='word_1_663' title='bbox 434 5664 516 5718; x_wconf 62' lang='lat' dir='ltr'><strong><em>Ita?</em></strong></span> <span class='ocrx_word' id='word_1_664' title='bbox 541 5661 753 5734; x_wconf 81' lang='lat' dir='ltr'><strong><em>quidem</em></strong></span> <span class='ocrx_word' id='word_1_665' title='bbox 774 5660 875 5715; x_wconf 85' lang='lat' dir='ltr'><strong><em>sint</em></strong></span> <span class='ocrx_word' id='word_1_666' title='bbox 897 5666 1221 5743; x_wconf 84' lang='lat' dir='ltr'><strong><em>separabiles,</em></strong></span> <span class='ocrx_word' id='word_1_667' title='bbox 1244 5666 1350 5722; x_wconf 79' lang='lat' dir='ltr'><strong><em>illa:</em></strong></span> <span class='ocrx_word' id='word_1_668' title='bbox 1369 5681 1485 5720; x_wconf 81' lang='lat' dir='ltr'><strong><em>vero</em></strong></span> <span class='ocrx_word' id='word_1_669' title='bbox 1512 5665 1893 5735; x_wconf 88' lang='lat' dir='ltr'><strong><em>inseparabiles,</em></strong></span> <span class='ocrx_word' id='word_1_670' title='bbox 1916 5734 1919 5739; x_wconf 30' lang='grc' dir='ltr'>ι</span> 
     </span>
    </p>
   </div>
   <div class='ocr_carea' id='block_1_91' title="bbox 301 5746 1894 5831">
    <p class='ocr_par' dir='ltr' id='par_1_91' title="bbox 301 5746 1894 5831">
     <span class='ocr_line' id='line_1_91' title="bbox 301 5746 1894 5831; baseline 0.001 -18"><span class='ocrx_word' id='word_1_671' title='bbox 301 5746 343 5815; x_wconf 72' lang='grc' dir='ltr'><strong><em>«ι</em></strong></span> <span class='ocrx_word' id='word_1_672' title='bbox 382 5775 563 5817; x_wconf 86' lang='lat' dir='ltr'><strong><em>rursus</em></strong></span> <span class='ocrx_word' id='word_1_673' title='bbox 605 5754 1057 5827; x_wconf 83' lang='lat' dir='ltr'><strong><em>inseparabilium,</em></strong></span> <span class='ocrx_word' id='word_1_674' title='bbox 1086 5756 1165 5812; x_wconf 78' lang='lat' dir='ltr'><strong><em>ha:</em></strong></span> <span class='ocrx_word' id='word_1_675' title='bbox 1198 5760 1400 5828; x_wconf 83' lang='lat' dir='ltr'><strong><em>quidem</em></strong></span> <span class='ocrx_word' id='word_1_676' title='bbox 1429 5757 1528 5814; x_wconf 82' lang='lat' dir='ltr'><strong><em>sint</em></strong></span> <span class='ocrx_word' id='word_1_677' title='bbox 1559 5776 1652 5831; x_wconf 87' lang='lat' dir='ltr'><strong><em>per</em></strong></span> <span class='ocrx_word' id='word_1_678' title='bbox 1678 5777 1752 5830; x_wconf 85' lang='lat' dir='ltr'><strong><em>se,</em></strong></span> <span class='ocrx_word' id='word_1_679' title='bbox 1791 5759 1894 5815; x_wconf 79' lang='lat' dir='ltr'><strong><em>illa:</em></strong></span> 
     </span>
    </p>
   </div>
   <div class='ocr_carea' id='block_1_92' title="bbox 2000 3278 3587 3350">
    <p class='ocr_par' dir='ltr' id='par_1_92' title="bbox 2000 3278 3587 3350">
     <span class='ocr_line' id='line_1_92' title="bbox 2000 3278 3587 3350; baseline 0.001 -16"><span class='ocrx_word' id='word_1_680' title='bbox 2000 3287 2168 3334; x_wconf 89' lang='lat' dir='ltr'><strong><em>ment.</em></strong></span> <span class='ocrx_word' id='word_1_681' title='bbox 2205 3279 2283 3333; x_wconf 86' lang='lat' dir='ltr'><strong><em>Ad</em></strong></span> <span class='ocrx_word' id='word_1_682' title='bbox 2333 3278 2486 3348; x_wconf 90' lang='lat' dir='ltr'><strong><em>cujus</em></strong></span> <span class='ocrx_word' id='word_1_683' title='bbox 2524 3280 2600 3334; x_wconf 86' lang='lat' dir='ltr'><strong><em>rei</em></strong></span> <span class='ocrx_word' id='word_1_684' title='bbox 2646 3278 2855 3334; x_wconf 76' lang='lat' dir='ltr'><strong><em>facilem</em></strong></span> <span class='ocrx_word' id='word_1_685' title='bbox 2894 3279 3279 3350; x_wconf 84' lang='lat' dir='ltr'><strong><em>cognitionem,</em></strong></span> <span class='ocrx_word' id='word_1_686' title='bbox 3318 3279 3405 3334; x_wconf 88' lang='lat' dir='ltr'><strong><em>illa</em></strong></span> <span class='ocrx_word' id='word_1_687' title='bbox 3447 3280 3587 3335; x_wconf 88' lang='lat' dir='ltr'><strong><em>tertii</em></strong></span> 
     </span>
    </p>
   </div>
   <div class='ocr_carea' id='block_1_93' title="bbox 2001 3368 3581 3439">
    <p class='ocr_par' dir='ltr' id='par_1_93' title="bbox 2001 3368 3581 3439">
     <span class='ocr_line' id='line_1_93' title="bbox 2001 3368 3581 3439; baseline -0.001 -15"><span class='ocrx_word' id='word_1_688' title='bbox 2001 3369 2124 3425; x_wconf 89' lang='lat' dir='ltr'><strong><em>libri</em></strong></span> <span class='ocrx_word' id='word_1_689' title='bbox 2156 3368 2458 3439; x_wconf 88' lang='lat' dir='ltr'><strong><em>specierum</em></strong></span> <span class='ocrx_word' id='word_1_690' title='bbox 2484 3383 2845 3439; x_wconf 76' lang='lat' dir='ltr'><strong><em>generumque</em></strong></span> <span class='ocrx_word' id='word_1_691' title='bbox 2873 3368 3155 3439; x_wconf 91' lang='lat' dir='ltr'><strong><em>dispositio</em></strong></span> <span class='ocrx_word' id='word_1_692' title='bbox 3178 3369 3581 3434; x_wconf 86' lang='lat' dir='ltr'><strong><em>transcribatur,</em></strong></span> 
     </span>
    </p>
   </div>
   <div class='ocr_carea' id='block_1_94' title="bbox 2000 3456 3586 3533">
    <p class='ocr_par' dir='ltr' id='par_1_94' title="bbox 2000 3456 3586 3533">
     <span class='ocr_line' id='line_1_94' title="bbox 2000 3456 3586 3533; baseline 0.003 -20"><span class='ocrx_word' id='word_1_693' title='bbox 2000 3462 2178 3532; x_wconf 89' lang='lat' dir='ltr'><strong><em>sitque</em></strong></span> <span class='ocrx_word' id='word_1_694' title='bbox 2208 3463 2441 3533; x_wconf 91' lang='lat' dir='ltr'><strong><em>primum</em></strong></span> <span class='ocrx_word' id='word_1_695' title='bbox 2473 3460 2791 3526; x_wconf 83' lang='lat' dir='ltr'><strong><em>substantia,</em></strong></span> <span class='ocrx_word' id='word_1_696' title='bbox 2824 3459 2923 3515; x_wconf 92' lang='lat' dir='ltr'><strong><em>sub</em></strong></span> <span class='ocrx_word' id='word_1_697' title='bbox 2955 3460 3053 3515; x_wconf 88' lang='lat' dir='ltr'><strong><em>hac</em></strong></span> <span class='ocrx_word' id='word_1_698' title='bbox 3083 3456 3396 3530; x_wconf 67' lang='lat' dir='ltr'><strong><em>corpoi‘eum</em></strong></span> <span class='ocrx_word' id='word_1_699' title='bbox 3428 3470 3586 3530; x_wconf 84' lang='lat' dir='ltr'><strong><em>atque</em></strong></span> 
     </span>
    </p>
   </div>
   <div class='ocr_carea' id='block_1_95' title="bbox 2000 3550 3585 3623">
    <p class='ocr_par' dir='ltr' id='par_1_95' title="bbox 2000 3550 3585 3623">
     <span class='ocr_line' id='line_1_95' title="bbox 2000 3550 3585 3623; baseline -0.002 -16"><span class='ocrx_word' id='word_1_700' title='bbox 2000 3553 2397 3623; x_wconf 84' lang='lat' dir='ltr'><strong><em>incorporeum,</em></strong></span> <span class='ocrx_word' id='word_1_701' title='bbox 2425 3552 2525 3607; x_wconf 92' lang='lat' dir='ltr'><strong><em>sub</em></strong></span> <span class='ocrx_word' id='word_1_702' title='bbox 2551 3566 2777 3621; x_wconf 86' lang='lat' dir='ltr'><strong><em>corpore</em></strong></span> <span class='ocrx_word' id='word_1_703' title='bbox 2805 3550 3098 3607; x_wconf 85' lang='lat' dir='ltr'><strong><em>animatum</em></strong></span> <span class='ocrx_word' id='word_1_704' title='bbox 3131 3562 3289 3620; x_wconf 89' lang='lat' dir='ltr'><strong><em>atque</em></strong></span> <span class='ocrx_word' id='word_1_705' title='bbox 3326 3550 3585 3604; x_wconf 85' lang='lat' dir='ltr'><strong><em>inanima-</em></strong></span> 
     </span>
    </p>
   </div>
   <div class='ocr_carea' id='block_1_96' title="bbox 2002 3636 3585 3711">
    <p class='ocr_par' dir='ltr' id='par_1_96' title="bbox 2002 3636 3585 3711">
     <span class='ocr_line' id='line_1_96' title="bbox 2002 3636 3585 3711; baseline -0.003 -12"><span class='ocrx_word' id='word_1_706' title='bbox 2002 3636 2133 3711; x_wconf 90' lang='lat' dir='ltr'><strong><em>tum,</em></strong></span> <span class='ocrx_word' id='word_1_707' title='bbox 2184 3644 2282 3699; x_wconf 91' lang='lat' dir='ltr'><strong><em>sub</em></strong></span> <span class='ocrx_word' id='word_1_708' title='bbox 2329 3643 2565 3698; x_wconf 88' lang='lat' dir='ltr'><strong><em>animato</em></strong></span> <span class='ocrx_word' id='word_1_709' title='bbox 2606 3642 2857 3698; x_wconf 90' lang='lat' dir='ltr'><strong><em>sensibile</em></strong></span> <span class='ocrx_word' id='word_1_710' title='bbox 2905 3652 3065 3711; x_wconf 89' lang='lat' dir='ltr'><strong><em>atque</em></strong></span> <span class='ocrx_word' id='word_1_711' title='bbox 3111 3640 3441 3707; x_wconf 89' lang='lat' dir='ltr'><strong><em>insensibile,</em></strong></span> <span class='ocrx_word' id='word_1_712' title='bbox 3486 3640 3585 3695; x_wconf 90' lang='lat' dir='ltr'><strong><em>sub</em></strong></span> 
     </span>
    </p>
   </div>
   <div class='ocr_carea' id='block_1_97' title="bbox 1998 3729 3582 3802">
    <p class='ocr_par' dir='ltr' id='par_1_97' title="bbox 1998 3729 3582 3802">
     <span class='ocr_line' id='line_1_97' title="bbox 1998 3729 3582 3802; baseline -0.003 -15"><span class='ocrx_word' id='word_1_713' title='bbox 1998 3750 2103 3802; x_wconf 87' lang='lat' dir='ltr'><strong><em>quo</em></strong></span> <span class='ocrx_word' id='word_1_714' title='bbox 2131 3733 2351 3799; x_wconf 88' lang='lat' dir='ltr'><strong><em>animal,</em></strong></span> <span class='ocrx_word' id='word_1_715' title='bbox 2388 3732 2486 3787; x_wconf 91' lang='lat' dir='ltr'><strong><em>sub</em></strong></span> <span class='ocrx_word' id='word_1_716' title='bbox 2525 3732 2741 3787; x_wconf 87' lang='lat' dir='ltr'><strong><em>animali</em></strong></span> <span class='ocrx_word' id='word_1_717' title='bbox 2782 3731 3037 3787; x_wconf 87' lang='lat' dir='ltr'><strong><em>rationale</em></strong></span> <span class='ocrx_word' id='word_1_718' title='bbox 3066 3740 3225 3800; x_wconf 88' lang='lat' dir='ltr'><strong><em>atque</em></strong></span> <span class='ocrx_word' id='word_1_719' title='bbox 3254 3729 3582 3795; x_wconf 87' lang='lat' dir='ltr'><strong><em>irrationale,</em></strong></span> 
     </span>
    </p>
   </div>
   <div class='ocr_carea' id='block_1_98' title="bbox 1996 3821 3582 3897">
    <p class='ocr_par' dir='ltr' id='par_1_98' title="bbox 1996 3821 3582 3897">
     <span class='ocr_line' id='line_1_98' title="bbox 1996 3821 3582 3897; baseline -0.001 -19"><span class='ocrx_word' id='word_1_720' title='bbox 1996 3823 2097 3897; x_wconf 89' lang='lat' dir='ltr'><strong><em>sub</em></strong></span> <span class='ocrx_word' id='word_1_721' title='bbox 2135 3822 2381 3877; x_wconf 89' lang='lat' dir='ltr'><strong><em>rationali</em></strong></span> <span class='ocrx_word' id='word_1_722' title='bbox 2426 3822 2651 3877; x_wconf 87' lang='lat' dir='ltr'><strong><em>mortale</em></strong></span> <span class='ocrx_word' id='word_1_723' title='bbox 2682 3831 2840 3891; x_wconf 87' lang='lat' dir='ltr'><strong><em>atque</em></strong></span> <span class='ocrx_word' id='word_1_724' title='bbox 2876 3822 3197 3887; x_wconf 87' lang='lat' dir='ltr'><strong><em>immortale,</em></strong></span> <span class='ocrx_word' id='word_1_725' title='bbox 3228 3831 3281 3876; x_wconf 88' lang='lat' dir='ltr'><strong><em>et</em></strong></span> <span class='ocrx_word' id='word_1_726' title='bbox 3310 3821 3410 3876; x_wconf 89' lang='lat' dir='ltr'><strong><em>sub</em></strong></span> <span class='ocrx_word' id='word_1_727' title='bbox 3436 3837 3582 3877; x_wconf 88' lang='lat' dir='ltr'><strong><em>mor-</em></strong></span> 
     </span>
    </p>
   </div>
   <div class='ocr_carea' id='block_1_99' title="bbox 1999 3912 3585 3984">
    <p class='ocr_par' dir='ltr' id='par_1_99' title="bbox 1999 3912 3585 3984">
     <span class='ocr_line' id='line_1_99' title="bbox 1999 3912 3585 3984; baseline -0.001 -15"><span class='ocrx_word' id='word_1_728' title='bbox 1999 3915 2088 3969; x_wconf 87' lang='lat' dir='ltr'><strong><em>tali</em></strong></span> <span class='ocrx_word' id='word_1_729' title='bbox 2134 3915 2341 3984; x_wconf 88' lang='lat' dir='ltr'><strong><em>spccies</em></strong></span> <span class='ocrx_word' id='word_1_730' title='bbox 2381 3913 2632 3979; x_wconf 88' lang='lat' dir='ltr'><strong><em>hominis,</em></strong></span> <span class='ocrx_word' id='word_1_731' title='bbox 2673 3928 2791 3983; x_wconf 87' lang='lat' dir='ltr'><strong><em>quae</em></strong></span> <span class='ocrx_word' id='word_1_732' title='bbox 2837 3913 2965 3967; x_wconf 88' lang='lat' dir='ltr'><strong><em>solis</em></strong></span> <span class='ocrx_word' id='word_1_733' title='bbox 3004 3912 3255 3982; x_wconf 87' lang='lat' dir='ltr'><strong><em>deinceps</em></strong></span> <span class='ocrx_word' id='word_1_734' title='bbox 3301 3912 3585 3967; x_wconf 85' lang='lat' dir='ltr'><strong><em>individuis</em></strong></span> 
     </span>
    </p>
   </div>
   <div class='ocr_carea' id='block_1_100' title="bbox 1998 4002 3585 4075">
    <p class='ocr_par' dir='ltr' id='par_1_100' title="bbox 1998 4002 3585 4075">
     <span class='ocr_line' id='line_1_100' title="bbox 1998 4002 3585 4075; baseline -0.002 -16"><span class='ocrx_word' id='word_1_735' title='bbox 1998 4015 2355 4075; x_wconf 71' lang='lat' dir='ltr'><strong><em>prmponarur.</em></strong></span> <span class='ocrx_word' id='word_1_736' title='bbox 2391 4005 2445 4058; x_wconf 89' lang='lat' dir='ltr'><strong><em>In</em></strong></span> <span class='ocrx_word' id='word_1_737' title='bbox 2478 4006 2576 4057; x_wconf 87' lang='lat' dir='ltr'><strong><em>hac</em></strong></span> <span class='ocrx_word' id='word_1_738' title='bbox 2602 4004 2760 4072; x_wconf 87' lang='lat' dir='ltr'><strong><em>igitur</em></strong></span> <span class='ocrx_word' id='word_1_739' title='bbox 2788 4002 3076 4067; x_wconf 83' lang='lat' dir='ltr'><strong><em>divisione,</em></strong></span> <span class='ocrx_word' id='word_1_740' title='bbox 3105 4016 3292 4056; x_wconf 89' lang='lat' dir='ltr'><strong><em>omnes</em></strong></span> <span class='ocrx_word' id='word_1_741' title='bbox 3323 4003 3407 4055; x_wconf 63' lang='lat' dir='ltr'><strong><em>hee</em></strong></span> <span class='ocrx_word' id='word_1_742' title='bbox 3435 4004 3585 4057; x_wconf 70' lang='lat' dir='ltr'><strong><em>dide-</em></strong></span> 
     </span>
    </p>
   </div>
   <div class='ocr_carea' id='block_1_101' title="bbox 1998 4092 3583 4167">
    <p class='ocr_par' dir='ltr' id='par_1_101' title="bbox 1998 4092 3583 4167">
     <span class='ocr_line' id='line_1_101' title="bbox 1998 4092 3583 4167; baseline -0.003 -16"><span class='ocrx_word' id='word_1_743' title='bbox 1998 4097 2186 4153; x_wconf 79' lang='lat' dir='ltr'><strong><em>rentiae</em></strong></span> <span class='ocrx_word' id='word_1_744' title='bbox 2212 4094 2474 4164; x_wconf 81' lang='lat' dir='ltr'><strong><em>speciticae</em></strong></span> <span class='ocrx_word' id='word_1_745' title='bbox 2502 4103 2890 4163; x_wconf 84' lang='lat' dir='ltr'><strong><em>nuncupantur,</em></strong></span> <span class='ocrx_word' id='word_1_746' title='bbox 2924 4106 3177 4162; x_wconf 84' lang='lat' dir='ltr'><strong><em>generum</em></strong></span> <span class='ocrx_word' id='word_1_747' title='bbox 3207 4092 3352 4148; x_wconf 91' lang='lat' dir='ltr'><strong><em>enim</em></strong></span> <span class='ocrx_word' id='word_1_748' title='bbox 3374 4094 3583 4167; x_wconf 82' lang='lat' dir='ltr'><strong><em>_specie-</em></strong></span> 
     </span>
    </p>
   </div>
   <div class='ocr_carea' id='block_1_102' title="bbox 1998 4184 3583 4258">
    <p class='ocr_par' dir='ltr' id='par_1_102' title="bbox 1998 4184 3583 4258">
     <span class='ocr_line' id='line_1_102' title="bbox 1998 4184 3583 4258; baseline -0.003 -15"><span class='ocrx_word' id='word_1_749' title='bbox 1998 4202 2224 4258; x_wconf 89' lang='lat' dir='ltr'><strong><em>rumque</em></strong></span> <span class='ocrx_word' id='word_1_750' title='bbox 2253 4186 2566 4243; x_wconf 75' lang='lat' dir='ltr'><strong><em>diderentite</em></strong></span> <span class='ocrx_word' id='word_1_751' title='bbox 2596 4194 2757 4243; x_wconf 88' lang='lat' dir='ltr'><strong><em>sunt:</em></strong></span> <span class='ocrx_word' id='word_1_752' title='bbox 2786 4186 2879 4241; x_wconf 89' lang='lat' dir='ltr'><strong><em>sed</em></strong></span> <span class='ocrx_word' id='word_1_753' title='bbox 2909 4200 3165 4257; x_wconf 90' lang='lat' dir='ltr'><strong><em>generum</em></strong></span> <span class='ocrx_word' id='word_1_754' title='bbox 3202 4184 3415 4255; x_wconf 87' lang='lat' dir='ltr'><strong><em>quidem</em></strong></span> <span class='ocrx_word' id='word_1_755' title='bbox 3444 4184 3583 4239; x_wconf 90' lang='lat' dir='ltr'><strong><em>divi-</em></strong></span> 
     </span>
    </p>
   </div>
   <div class='ocr_carea' id='block_1_103' title="bbox 1998 4268 3584 4351">
    <p class='ocr_par' dir='ltr' id='par_1_103' title="bbox 1998 4268 3584 4351">
     <span class='ocr_line' id='line_1_103' title="bbox 1998 4268 3584 4351; baseline -0.003 -16"><span class='ocrx_word' id='word_1_756' title='bbox 1998 4268 2150 4347; x_wconf 83' lang='lat' dir='ltr'><strong><em>sivae,</em></strong></span> <span class='ocrx_word' id='word_1_757' title='bbox 2193 4279 2492 4351; x_wconf 88' lang='lat' dir='ltr'><strong><em>specierum</em></strong></span> <span class='ocrx_word' id='word_1_758' title='bbox 2531 4288 2710 4335; x_wconf 89' lang='lat' dir='ltr'><strong><em>autem</em></strong></span> <span class='ocrx_word' id='word_1_759' title='bbox 2751 4280 3130 4347; x_wconf 66' lang='lat' dir='ltr'><strong><em>constitutivae,</em></strong></span> <span class='ocrx_word' id='word_1_760' title='bbox 3168 4277 3218 4332; x_wconf 92' lang='lat' dir='ltr'><strong><em>id</em></strong></span> <span class='ocrx_word' id='word_1_761' title='bbox 3254 4288 3429 4334; x_wconf 90' lang='lat' dir='ltr'><strong><em>autem</em></strong></span> <span class='ocrx_word' id='word_1_762' title='bbox 3461 4292 3584 4348; x_wconf 86' lang='lat' dir='ltr'><strong><em>pro-</em></strong></span> 
     </span>
    </p>
   </div>
   <div class='ocr_carea' id='block_1_104' title="bbox 1998 4369 3584 4441">
    <p class='ocr_par' dir='ltr' id='par_1_104' title="bbox 1998 4369 3584 4441">
     <span class='ocr_line' id='line_1_104' title="bbox 1998 4369 3584 4441; baseline -0.001 -15"><span class='ocrx_word' id='word_1_763' title='bbox 1998 4372 2153 4426; x_wconf 85' lang='lat' dir='ltr'><strong><em>batur</em></strong></span> <span class='ocrx_word' id='word_1_764' title='bbox 2182 4370 2281 4425; x_wconf 85' lang='lat' dir='ltr'><strong><em>ltoc</em></strong></span> <span class='ocrx_word' id='word_1_765' title='bbox 2311 4371 2470 4431; x_wconf 90' lang='lat' dir='ltr'><strong><em>modo</em></strong></span> <span class='ocrx_word' id='word_1_766' title='bbox 2508 4389 2523 4427; x_wconf 90' lang='lat'><strong>:</strong></span> <span class='ocrx_word' id='word_1_767' title='bbox 2555 4372 2901 4427; x_wconf 85' lang='lat' dir='ltr'><strong><em>substantiam</em></strong></span> <span class='ocrx_word' id='word_1_768' title='bbox 2932 4370 3129 4441; x_wconf 88' lang='lat' dir='ltr'><strong><em>quippe</em></strong></span> <span class='ocrx_word' id='word_1_769' title='bbox 3154 4369 3400 4438; x_wconf 84' lang='lat' dir='ltr'><strong><em>c‘orporei</em></strong></span> <span class='ocrx_word' id='word_1_770' title='bbox 3423 4378 3584 4439; x_wconf 86' lang='lat' dir='ltr'><strong><em>atque</em></strong></span> 
     </span>
    </p>
   </div>
   <div class='ocr_carea' id='block_1_105' title="bbox 1997 4463 3584 4534">
    <p class='ocr_par' dir='ltr' id='par_1_105' title="bbox 1997 4463 3584 4534">
     <span class='ocr_line' id='line_1_105' title="bbox 1997 4463 3584 4534; baseline 0 -17"><span class='ocrx_word' id='word_1_771' title='bbox 1997 4464 2299 4533; x_wconf 84' lang='lat' dir='ltr'><strong><em>incorporei</em></strong></span> <span class='ocrx_word' id='word_1_772' title='bbox 2343 4463 2656 4519; x_wconf 68' lang='lat' dir='ltr'><strong><em>differentiae</em></strong></span> <span class='ocrx_word' id='word_1_773' title='bbox 2704 4464 3036 4534; x_wconf 88' lang='lat' dir='ltr'><strong><em>partiuntur,</em></strong></span> <span class='ocrx_word' id='word_1_774' title='bbox 3083 4476 3401 4530; x_wconf 82' lang='lat' dir='ltr'><strong><em>corporeum</em></strong></span> <span class='ocrx_word' id='word_1_775' title='bbox 3456 4477 3584 4517; x_wconf 85' lang='lat' dir='ltr'><strong><em>vero</em></strong></span> 
     </span>
    </p>
   </div>
   <div class='ocr_carea' id='block_1_106' title="bbox 1918 4540 3583 4630">
    <p class='ocr_par' dir='ltr' id='par_1_106' title="bbox 1918 4540 3583 4630">
     <span class='ocr_line' id='line_1_106' title="bbox 1918 4540 3583 4630; baseline -0.003 -19"><span class='ocrx_word' id='word_1_776' title='bbox 1918 4540 1978 4630; x_wconf 14' lang='lat' dir='ltr'><strong><em>‘D</em></strong></span> <span class='ocrx_word' id='word_1_777' title='bbox 2003 4557 2221 4611; x_wconf 75' lang='lat' dir='ltr'><strong><em>animati</em></strong></span> <span class='ocrx_word' id='word_1_778' title='bbox 2267 4565 2427 4625; x_wconf 89' lang='lat' dir='ltr'><strong><em>atque</em></strong></span> <span class='ocrx_word' id='word_1_779' title='bbox 2469 4557 2766 4622; x_wconf 84' lang='lat' dir='ltr'><strong><em>inanimali,</em></strong></span> <span class='ocrx_word' id='word_1_780' title='bbox 2799 4556 3092 4610; x_wconf 84' lang='lat' dir='ltr'><strong><em>animatum</em></strong></span> <span class='ocrx_word' id='word_1_781' title='bbox 3132 4554 3400 4608; x_wconf 87' lang='lat' dir='ltr'><strong><em>sensibilis</em></strong></span> <span class='ocrx_word' id='word_1_782' title='bbox 3425 4563 3583 4621; x_wconf 86' lang='lat' dir='ltr'><strong><em>atque</em></strong></span> 
     </span>
    </p>
   </div>
   <div class='ocr_carea' id='block_1_107' title="bbox 2002 4642 3583 4717">
    <p class='ocr_par' dir='ltr' id='par_1_107' title="bbox 2002 4642 3583 4717">
     <span class='ocr_line' id='line_1_107' title="bbox 2002 4642 3583 4717; baseline -0.004 -14"><span class='ocrx_word' id='word_1_783' title='bbox 2002 4649 2329 4703; x_wconf 71' lang='lat' dir='ltr'><strong><em>insensibilis</em></strong></span> <span class='ocrx_word' id='word_1_784' title='bbox 2352 4648 2668 4716; x_wconf 89' lang='lat' dir='ltr'><strong><em>partiuntur.</em></strong></span> <span class='ocrx_word' id='word_1_785' title='bbox 2698 4648 2771 4700; x_wconf 89' lang='lat' dir='ltr'><strong><em>ita</em></strong></span> <span class='ocrx_word' id='word_1_786' title='bbox 2796 4648 2957 4717; x_wconf 87' lang='lat' dir='ltr'><strong><em>igitur</em></strong></span> <span class='ocrx_word' id='word_1_787' title='bbox 2982 4658 3176 4715; x_wconf 90' lang='lat' dir='ltr'><strong><em>genera</em></strong></span> <span class='ocrx_word' id='word_1_788' title='bbox 3207 4642 3583 4697; x_wconf 85' lang='lat' dir='ltr'><strong><em>substantiales</em></strong></span> 
     </span>
    </p>
   </div>
   <div class='ocr_carea' id='block_1_108' title="bbox 2000 4734 3580 4815">
    <p class='ocr_par' dir='ltr' id='par_1_108' title="bbox 2000 4734 3580 4815">
     <span class='ocr_line' id='line_1_108' title="bbox 2000 4734 3580 4815; baseline -0.004 -19"><span class='ocrx_word' id='word_1_789' title='bbox 2000 4739 2315 4796; x_wconf 78' lang='lat' dir='ltr'><strong><em>dill&#39;erentia:</em></strong></span> <span class='ocrx_word' id='word_1_790' title='bbox 2346 4739 2663 4808; x_wconf 88' lang='lat' dir='ltr'><strong><em>partiuntur,</em></strong></span> <span class='ocrx_word' id='word_1_791' title='bbox 2690 4747 2743 4793; x_wconf 92' lang='lat' dir='ltr'><strong><em>et</em></strong></span> <span class='ocrx_word' id='word_1_792' title='bbox 2772 4738 3020 4815; x_wconf 85' lang='lat' dir='ltr'><strong><em>dicuntur</em></strong></span> <span class='ocrx_word' id='word_1_793' title='bbox 3043 4750 3300 4807; x_wconf 87' lang='lat' dir='ltr'><strong><em>generum</em></strong></span> <span class='ocrx_word' id='word_1_794' title='bbox 3323 4734 3580 4792; x_wconf 66' lang='lat' dir='ltr'><strong><em>divisivaz.</em></strong></span> 
     </span>
    </p>
   </div>
   <div class='ocr_carea' id='block_1_109' title="bbox 2002 4831 3583 4902">
    <p class='ocr_par' dir='ltr' id='par_1_109' title="bbox 2002 4831 3583 4902">
     <span class='ocr_line' id='line_1_109' title="bbox 2002 4831 3583 4902; baseline -0.001 -14"><span class='ocrx_word' id='word_1_795' title='bbox 2002 4835 2073 4889; x_wconf 85' lang='lat' dir='ltr'><strong><em>At</em></strong></span> <span class='ocrx_word' id='word_1_796' title='bbox 2102 4848 2229 4888; x_wconf 89' lang='lat' dir='ltr'><strong><em>vero</em></strong></span> <span class='ocrx_word' id='word_1_797' title='bbox 2257 4833 2300 4887; x_wconf 91' lang='lat' dir='ltr'><strong><em>si</em></strong></span> <span class='ocrx_word' id='word_1_798' title='bbox 2331 4832 2536 4888; x_wconf 85' lang='lat' dir='ltr'><strong><em>eaedem</em></strong></span> <span class='ocrx_word' id='word_1_799' title='bbox 2569 4831 2884 4888; x_wconf 71' lang='lat' dir='ltr'><strong><em>diderentia:</em></strong></span> <span class='ocrx_word' id='word_1_800' title='bbox 2910 4847 3031 4902; x_wconf 76' lang='lat' dir='ltr'><strong><em>quae</em></strong></span> <span class='ocrx_word' id='word_1_801' title='bbox 3068 4846 3096 4885; x_wconf 92' lang='lat' dir='ltr'><strong><em>a</em></strong></span> <span class='ocrx_word' id='word_1_802' title='bbox 3132 4845 3329 4902; x_wconf 88' lang='lat' dir='ltr'><strong><em>genere</em></strong></span> <span class='ocrx_word' id='word_1_803' title='bbox 3357 4836 3583 4887; x_wconf 88' lang='lat' dir='ltr'><strong><em>descen-</em></strong></span> 
     </span>
    </p>
   </div>
   <div class='ocr_carea' id='block_1_110' title="bbox 2002 4925 3584 4999">
    <p class='ocr_par' dir='ltr' id='par_1_110' title="bbox 2002 4925 3584 4999">
     <span class='ocr_line' id='line_1_110' title="bbox 2002 4925 3584 4999; baseline -0.002 -17"><span class='ocrx_word' id='word_1_804' title='bbox 2002 4927 2191 4983; x_wconf 90' lang='lat' dir='ltr'><strong><em>dentes</em></strong></span> <span class='ocrx_word' id='word_1_805' title='bbox 2226 4942 2395 4997; x_wconf 81' lang='lat' dir='ltr'><strong><em>genus</em></strong></span> <span class='ocrx_word' id='word_1_806' title='bbox 2432 4926 2694 4996; x_wconf 86' lang='lat' dir='ltr'><strong><em>dividunt,</em></strong></span> <span class='ocrx_word' id='word_1_807' title='bbox 2733 4928 3072 4999; x_wconf 88' lang='lat' dir='ltr'><strong><em>colligantur,</em></strong></span> <span class='ocrx_word' id='word_1_808' title='bbox 3113 4934 3169 4983; x_wconf 87' lang='lat' dir='ltr'><strong><em>et</em></strong></span> <span class='ocrx_word' id='word_1_809' title='bbox 3203 4925 3268 4980; x_wconf 89' lang='lat' dir='ltr'><strong><em>ad</em></strong></span> <span class='ocrx_word' id='word_1_810' title='bbox 3313 4941 3475 4982; x_wconf 90' lang='lat' dir='ltr'><strong><em>unum</em></strong></span> <span class='ocrx_word' id='word_1_811' title='bbox 3517 4926 3584 4979; x_wconf 90' lang='lat' dir='ltr'><strong><em>ad</em></strong></span> 
     </span>
    </p>
   </div>
   <div class='ocr_carea' id='block_1_111' title="bbox 2000 5019 3581 5093">
    <p class='ocr_par' dir='ltr' id='par_1_111' title="bbox 2000 5019 3581 5093">
     <span class='ocr_line' id='line_1_111' title="bbox 2000 5019 3581 5093; baseline -0.004 -18"><span class='ocrx_word' id='word_1_812' title='bbox 2000 5021 2141 5091; x_wconf 90' lang='lat' dir='ltr'><strong><em>quod</em></strong></span> <span class='ocrx_word' id='word_1_813' title='bbox 2170 5030 2391 5091; x_wconf 91' lang='lat' dir='ltr'><strong><em>possunt</em></strong></span> <span class='ocrx_word' id='word_1_814' title='bbox 2416 5020 2567 5093; x_wconf 87' lang='lat' dir='ltr'><strong><em>jungi</em></strong></span> <span class='ocrx_word' id='word_1_815' title='bbox 2595 5022 2932 5092; x_wconf 87' lang='lat' dir='ltr'><strong><em>copulentur,</em></strong></span> <span class='ocrx_word' id='word_1_816' title='bbox 2954 5019 3162 5091; x_wconf 89' lang='lat' dir='ltr'><strong><em>species</em></strong></span> <span class='ocrx_word' id='word_1_817' title='bbox 3188 5020 3544 5075; x_wconf 81' lang='lat' dir='ltr'><strong><em>informantur</em></strong></span> <span class='ocrx_word' id='word_1_818' title='bbox 3569 5034 3581 5068; x_wconf 92' lang='lat'>:</span> 
     </span>
    </p>
   </div>
   <div class='ocr_carea' id='block_1_112' title="bbox 1996 5106 3584 5186">
    <p class='ocr_par' dir='ltr' id='par_1_112' title="bbox 1996 5106 3584 5186">
     <span class='ocr_line' id='line_1_112' title="bbox 1996 5106 3584 5186; baseline -0.004 -19"><span class='ocrx_word' id='word_1_819' title='bbox 1996 5126 2117 5167; x_wconf 89' lang='lat' dir='ltr'><strong><em>nam</em></strong></span> <span class='ocrx_word' id='word_1_820' title='bbox 2141 5128 2261 5169; x_wconf 89' lang='lat' dir='ltr'><strong><em>cum</em></strong></span> <span class='ocrx_word' id='word_1_821' title='bbox 2293 5115 2490 5170; x_wconf 89' lang='lat' dir='ltr'><strong><em>animal</em></strong></span> <span class='ocrx_word' id='word_1_822' title='bbox 2526 5114 2840 5171; x_wconf 83' lang='lat' dir='ltr'><strong><em>substantiae</em></strong></span> <span class='ocrx_word' id='word_1_823' title='bbox 2871 5115 2942 5170; x_wconf 92' lang='lat' dir='ltr'><strong><em>sit</em></strong></span> <span class='ocrx_word' id='word_1_824' title='bbox 2970 5113 3179 5186; x_wconf 90' lang='lat' dir='ltr'><strong><em>species</em></strong></span> <span class='ocrx_word' id='word_1_825' title='bbox 3206 5112 3407 5182; x_wconf 89' lang='lat' dir='ltr'><strong><em>(omnia</em></strong></span> <span class='ocrx_word' id='word_1_826' title='bbox 3442 5106 3584 5162; x_wconf 87' lang='lat' dir='ltr'><strong><em>enim</em></strong></span> 
     </span>
    </p>
   </div>
   <div class='ocr_carea' id='block_1_113' title="bbox 1992 5201 3584 5278">
    <p class='ocr_par' dir='ltr' id='par_1_113' title="bbox 1992 5201 3584 5278">
     <span class='ocr_line' id='line_1_113' title="bbox 1992 5201 3584 5278; baseline -0.003 -19"><span class='ocrx_word' id='word_1_827' title='bbox 1992 5208 2271 5275; x_wconf 88' lang='lat' dir='ltr'><strong><em>superiora</em></strong></span> <span class='ocrx_word' id='word_1_828' title='bbox 2314 5208 2381 5263; x_wconf 92' lang='lat' dir='ltr'><strong><em>de</em></strong></span> <span class='ocrx_word' id='word_1_829' title='bbox 2430 5208 2776 5263; x_wconf 83' lang='lat' dir='ltr'><strong><em>inferioribus</em></strong></span> <span class='ocrx_word' id='word_1_830' title='bbox 2826 5208 3203 5278; x_wconf 56' lang='lat' dir='ltr'><strong><em>praedicantur,</em></strong></span> <span class='ocrx_word' id='word_1_831' title='bbox 3241 5214 3294 5258; x_wconf 89' lang='lat' dir='ltr'><strong><em>et</em></strong></span> <span class='ocrx_word' id='word_1_832' title='bbox 3330 5201 3584 5271; x_wconf 90' lang='lat' dir='ltr'><strong><em>quidquid</em></strong></span> 
     </span>
    </p>
   </div>
   <div class='ocr_carea' id='block_1_114' title="bbox 1990 5292 3584 5369">
    <p class='ocr_par' dir='ltr' id='par_1_114' title="bbox 1990 5292 3584 5369">
     <span class='ocr_line' id='line_1_114' title="bbox 1990 5292 3584 5369; baseline -0.004 -19"><span class='ocrx_word' id='word_1_833' title='bbox 1990 5296 2212 5367; x_wconf 71' lang='lat' dir='ltr'><strong><em>inferius</em></strong></span> <span class='ocrx_word' id='word_1_834' title='bbox 2239 5298 2420 5365; x_wconf 80' lang='lat' dir='ltr'><strong><em>fuerit,</em></strong></span> <span class='ocrx_word' id='word_1_835' title='bbox 2454 5299 2665 5368; x_wconf 87' lang='lat' dir='ltr'><strong><em>species</em></strong></span> <span class='ocrx_word' id='word_1_836' title='bbox 2693 5298 2794 5352; x_wconf 90' lang='lat' dir='ltr'><strong><em>erit</em></strong></span> <span class='ocrx_word' id='word_1_837' title='bbox 2824 5297 2983 5369; x_wconf 87' lang='lat' dir='ltr'><strong><em>etiam</em></strong></span> <span class='ocrx_word' id='word_1_838' title='bbox 3012 5293 3349 5364; x_wconf 89' lang='lat' dir='ltr'><strong><em>superioris),</em></strong></span> <span class='ocrx_word' id='word_1_839' title='bbox 3377 5292 3584 5345; x_wconf 89' lang='lat' dir='ltr'><strong><em>anima-</em></strong></span> 
     </span>
    </p>
   </div>
   <div class='ocr_carea' id='block_1_115' title="bbox 1998 5381 3584 5460">
    <p class='ocr_par' dir='ltr' id='par_1_115' title="bbox 1998 5381 3584 5460">
     <span class='ocr_line' id='line_1_115' title="bbox 1998 5381 3584 5460; baseline -0.005 -17"><span class='ocrx_word' id='word_1_840' title='bbox 1998 5397 2111 5445; x_wconf 87' lang='lat' dir='ltr'><strong><em>tum</em></strong></span> <span class='ocrx_word' id='word_1_841' title='bbox 2143 5399 2317 5445; x_wconf 83' lang='lat' dir='ltr'><strong><em>tamen</em></strong></span> <span class='ocrx_word' id='word_1_842' title='bbox 2348 5398 2507 5460; x_wconf 90' lang='lat' dir='ltr'><strong><em>atque</em></strong></span> <span class='ocrx_word' id='word_1_843' title='bbox 2537 5389 2793 5445; x_wconf 84' lang='lat' dir='ltr'><strong><em>sensibile</em></strong></span> <span class='ocrx_word' id='word_1_844' title='bbox 2836 5401 2955 5457; x_wconf 66' lang='lat' dir='ltr'><strong><em>qua}</em></strong></span> <span class='ocrx_word' id='word_1_845' title='bbox 2993 5395 3117 5439; x_wconf 87' lang='lat' dir='ltr'><strong><em>sunt</em></strong></span> <span class='ocrx_word' id='word_1_846' title='bbox 3155 5382 3397 5453; x_wconf 87' lang='lat' dir='ltr'><strong><em>ejusdem</em></strong></span> <span class='ocrx_word' id='word_1_847' title='bbox 3435 5381 3584 5438; x_wconf 61' lang='lat' dir='ltr'><strong><em>ditio.</em></strong></span> 
     </span>
    </p>
   </div>
   <div class='ocr_carea' id='block_1_116' title="bbox 1911 5473 3584 5551">
    <p class='ocr_par' dir='ltr' id='par_1_116' title="bbox 1911 5473 3584 5551">
     <span class='ocr_line' id='line_1_116' title="bbox 1911 5473 3584 5551; baseline -0.006 -13"><span class='ocrx_word' id='word_1_848' title='bbox 1911 5536 1915 5551; x_wconf 27' lang='grc' dir='ltr'>λ</span> <span class='ocrx_word' id='word_1_849' title='bbox 2000 5482 2208 5549; x_wconf 69' lang='grc' dir='ltr'><strong><em>ῐθιιιίω,</em></strong></span> <span class='ocrx_word' id='word_1_850' title='bbox 2239 5481 2284 5534; x_wconf 91' lang='lat' dir='ltr'><strong><em>si</em></strong></span> <span class='ocrx_word' id='word_1_851' title='bbox 2314 5484 2613 5535; x_wconf 82' lang='lat' dir='ltr'><strong><em>re&#39;erantur</em></strong></span> <span class='ocrx_word' id='word_1_852' title='bbox 2641 5478 2707 5533; x_wconf 88' lang='lat' dir='ltr'><strong><em>ad</em></strong></span> <span class='ocrx_word' id='word_1_853' title='bbox 2737 5490 2930 5549; x_wconf 88' lang='lat' dir='ltr'><strong><em>genera</em></strong></span> <span class='ocrx_word' id='word_1_854' title='bbox 2973 5474 3223 5529; x_wconf 70' lang='lat' dir='ltr'><strong><em>divisiva:</em></strong></span> <span class='ocrx_word' id='word_1_855' title='bbox 3266 5482 3410 5541; x_wconf 90' lang='lat' dir='ltr'><strong><em>sunt,</em></strong></span> <span class='ocrx_word' id='word_1_856' title='bbox 3446 5473 3488 5527; x_wconf 90' lang='lat' dir='ltr'><strong><em>si</em></strong></span> <span class='ocrx_word' id='word_1_857' title='bbox 3520 5474 3584 5529; x_wconf 90' lang='lat' dir='ltr'><strong><em>ad</em></strong></span> 
     </span>
    </p>
   </div>
   <div class='ocr_carea' id='block_1_117' title="bbox 2001 5566 3586 5644">
    <p class='ocr_par' dir='ltr' id='par_1_117' title="bbox 2001 5566 3586 5644">
     <span class='ocr_line' id='line_1_117' title="bbox 2001 5566 3586 5644; baseline -0.007 -13"><span class='ocrx_word' id='word_1_858' title='bbox 2001 5575 2256 5644; x_wconf 87' lang='lat' dir='ltr'><strong><em>speciem,</em></strong></span> <span class='ocrx_word' id='word_1_859' title='bbox 2303 5573 2661 5627; x_wconf 78' lang='lat' dir='ltr'><strong><em>constitutiva:</em></strong></span> <span class='ocrx_word' id='word_1_860' title='bbox 2709 5572 2840 5623; x_wconf 89' lang='lat' dir='ltr'><strong><em>tiunt</em></strong></span> <span class='ocrx_word' id='word_1_861' title='bbox 2884 5567 3148 5630; x_wconf 86' lang='lat' dir='ltr'><strong><em>animalis.</em></strong></span> <span class='ocrx_word' id='word_1_862' title='bbox 3195 5568 3415 5637; x_wconf 87' lang='lat' dir='ltr'><strong><em>ejusque</em></strong></span> <span class='ocrx_word' id='word_1_863' title='bbox 3456 5566 3586 5621; x_wconf 82' lang='lat' dir='ltr'><strong><em>sub-</em></strong></span> 
     </span>
    </p>
   </div>
   <div class='ocr_carea' id='block_1_118' title="bbox 1998 5657 3585 5735">
    <p class='ocr_par' dir='ltr' id='par_1_118' title="bbox 1998 5657 3585 5735">
     <span class='ocr_line' id='line_1_118' title="bbox 1998 5657 3585 5735; baseline -0.004 -15"><span class='ocrx_word' id='word_1_864' title='bbox 1998 5666 2250 5721; x_wconf 71' lang='lat' dir='ltr'><strong><em>stantiam</em></strong></span> <span class='ocrx_word' id='word_1_865' title='bbox 2278 5661 2506 5735; x_wconf 82' lang='lat' dir='ltr'><strong><em>formant</em></strong></span> <span class='ocrx_word' id='word_1_866' title='bbox 2535 5669 2697 5730; x_wconf 90' lang='lat' dir='ltr'><strong><em>atque</em></strong></span> <span class='ocrx_word' id='word_1_867' title='bbox 2722 5659 3074 5723; x_wconf 75' lang='lat' dir='ltr'><strong><em>consumunt,</em></strong></span> <span class='ocrx_word' id='word_1_868' title='bbox 3106 5657 3585 5729; x_wconf 79' lang='lat' dir='ltr'><strong><em>difﬁnitionemque</em></strong></span> 
     </span>
    </p>
   </div>
   <div class='ocr_carea' id='block_1_119' title="bbox 1938 5749 3583 5835">
    <p class='ocr_par' dir='ltr' id='par_1_119' title="bbox 1938 5749 3583 5835">
     <span class='ocr_line' id='line_1_119' title="bbox 1938 5749 3583 5835; baseline -0.002 -25"><span class='ocrx_word' id='word_1_869' title='bbox 1938 5824 1961 5835; x_wconf 14' lang='grc' dir='ltr'><strong><em>,η</em></strong></span> <span class='ocrx_word' id='word_1_870' title='bbox 1996 5756 2352 5835; x_wconf 79' lang='lat' dir='ltr'><strong><em>conformant,</em></strong></span> <span class='ocrx_word' id='word_1_871' title='bbox 2392 5761 2447 5809; x_wconf 90' lang='lat' dir='ltr'><strong><em>ut</em></strong></span> <span class='ocrx_word' id='word_1_872' title='bbox 2486 5754 2555 5810; x_wconf 83' lang='lat' dir='ltr'><strong><em>sit</em></strong></span> <span class='ocrx_word' id='word_1_873' title='bbox 2582 5751 2781 5808; x_wconf 90' lang='lat' dir='ltr'><strong><em>animal</em></strong></span> <span class='ocrx_word' id='word_1_874' title='bbox 2810 5749 3108 5809; x_wconf 81' lang='lat' dir='ltr'><strong><em>substantia</em></strong></span> <span class='ocrx_word' id='word_1_875' title='bbox 3140 5750 3371 5806; x_wconf 88' lang='lat' dir='ltr'><strong><em>animata</em></strong></span> <span class='ocrx_word' id='word_1_876' title='bbox 3412 5752 3583 5807; x_wconf 85' lang='lat' dir='ltr'><strong><em>sensi-</em></strong></span> 
     </span>
    </p>
   </div>
  </div>
