4244 6254
611 475 712 532 £25
1830 468 1940 527 AN.
1982 468 2191 526 MANL.
2232 467 2384 525 SEV.
2428 469 2647 527 BOETII
3785 472 3884 526 124

604 592 748 650 bilis.
792 586 1097 647 Substantia
1136 587 1347 657 quidem
1387 593 1470 642 est
1502 601 1688 657 genus,
1720 570 2011 640 animatum
2056 596 2185 640 vero
2212 587 2267 649 Α
2291 594 2406 654 qui:
2431 593 2549 638 sunt
2578 585 2891 639 irrationalis
2931 590 2977 639 et
3021 584 3271 649 mortalis,
3311 574 3744 639 irrationabilium
3770 589 3886 642 ani‘

606 690 766 752 atque
794 679 1051 736 sensibile
1079 679 1314 735 divisivat
1341 679 1582 749 ejusdem
1621 677 1958 742 diﬁ‘erentim,
1991 678 2194 732 consti-
2303 676 2539 730 molium.
2592 675 2697 751 Sic,
2726 685 2774 729 et
2810 690 3046 747 suprema
3089 676 3388 740 substantia,
3431 690 3548 729 cum
3585 676 3793 729 diuisira
3826 680 3888 728 ait

607 773 791 827 tutim
820 771 1087 826 animalis.
1134 770 1260 825 Item
1293 770 1488 825 animal
1518 770 1907 826 rationabilitas
1932 779 2092 839 atque
2121 769 2195 824 ir-
2296 772 2512 825 animati
2542 779 2589 825 et
2617 771 2884 824 inanimali
2910 769 3220 837 (li/ferentia,
3251 768 3478 823 sensibili
3505 776 3555 823 et
3581 767 3885 835 insensibili,

606 863 1015 928 rationabilitas,
1047 862 1344 917 mortalitas
1380 871 1540 933 atque
1581 862 1952 918 immortalitas
1981 862 2189 930 dividit,
2294 864 2520 916 animata
2562 870 2610 916 et
2653 860 2908 916 sensibilis
2937 869 3259 933 congregata:
3283 863 3350 914 ad
3382 861 3738 925 substantiam,
3769 862 3888 916 ani-

607 956 699 1012 sed
720 956 899 1025 juncta
922 954 1253 1010 rationalitas
1277 963 1435 1026 atque
1458 956 1776 1023 mortalitas,
1802 970 1919 1026 qua:
1947 955 2191 1010 animalis
2292 957 2396 1008 mal
2417 956 2755 1024 perfecerunt,
2782 956 3009 1008 animata
3033 958 3149 1008 vero
3174 962 3221 1008 et
3242 952 3551 1009 insensibili:
3570 956 3892 1026 perfecerunt

605 1046 824 1104 divisiva
855 1048 1083 1112 fuerant,
1121 1047 1252 1103 ﬁunt
1295 1048 1526 1104 hominis
1556 1049 1938 1112 constitutivre,
1968 1048 2191 1117 ejusque
2292 1046 2549 1116 plantam.

604 1138 883 1209 perﬁciunt
922 1138 1180 1208 speciem,
1213 1148 1370 1208 atque
1401 1152 1613 1194 omnem
1651 1140 1767 1209 ejus
1798 1140 2058 1193 rationem
2089 1137 2193 1193 dif-
2364 1138 2647 1195 Geminum
2692 1137 3111 1194 differentiarum
3164 1152 3317 1193 usum
3360 1151 3481 1193 esse
3525 1136 3889 1205 demonstrat,

604 1227 854 1284 ﬁnitionis
885 1229 1176 1285 informant
1200 1239 1359 1299 atque
1390 1230 1694 1302 perﬁciunt.
1723 1231 1792 1285 At
1824 1230 1871 1285 si
1910 1230 2189 1284 irrationa-
2290 1248 2455 1288 unum
2488 1231 2701 1303 quidem
2731 1246 2835 1302 quo
2860 1244 3057 1301 genera
3084 1229 3415 1296 dividuntur,
3441 1228 3601 1285 alium
3625 1245 3733 1300 quo
3761 1245 3885 1300 spec

600 1320 779 1374 bilitas
823 1333 944 1375 cum
997 1321 1323 1376 mortalitate
1368 1319 1641 1392 jungatur,
1686 1320 1777 1377 ﬁet
1821 1334 1990 1391 equus
2029 1331 2189 1390 atque
2291 1325 2400 1379 cies
2426 1323 2776 1378 informantur
2810 1338 2825 1377 :
2860 1335 3032 1392 neque
3061 1319 3339 1377 enimboc
3370 1319 3542 1375 solum
3570 1319 3883 1376 differentias

598 1414 872 1481 quodlibet
901 1414 1118 1476 animal,
1151 1413 1294 1485 quod
1322 1415 1530 1491 ratione
1568 1428 1672 1469 non
1712 1415 1897 1469 utitur.
1936 1413 2190 1468 Rationa-
2293 1414 2513 1479 faciunt,
2547 1420 2605 1470 ut
2650 1428 2841 1485 genera
2889 1415 3209 1485 partiantur,
3246 1414 3593 1470 verumetiam
3634 1413 3757 1468 dum
3785 1428 3880 1484 ge-

598 1505 779 1561 bilitas
803 1520 929 1560 vero
948 1514 1107 1576 atque
1133 1506 1511 1561 immortalitas
1544 1506 1805 1575 capulatm
1837 1504 2184 1559 substantiam
2290 1522 2418 1563 nera
2456 1507 2729 1573 dividunt,
2766 1507 2975 1577 species
3022 1507 3077 1562 iu
3123 1520 3258 1578 quas
3304 1519 3499 1577 genera
3546 1504 3883 1562 deducuntur

599 1600 693 1654 Dei
722 1599 1029 1654 informant.
1067 1598 1139 1653 Ita
1179 1600 1340 1669 igitur
1368 1600 1570 1654 eaedem
1602 1598 1918 1653 differentiae
1948 1612 2065 1653 cum
2097 1613 2183 1653 re-
2288 1597 2546 1654 efﬁciunt.
2577 1601 2758 1669 Itaque
2786 1613 2905 1669 qua:
2930 1598 3114 1655 divisas
3142 1605 3269 1653 sunt
3292 1612 3573 1669 generum,
3600 1602 3733 1651 ﬁunt
3752 1611 3881 1651 con—

597 1690 840 1746 feruntur
868 1690 935 1745 ad
964 1703 1180 1760 genera,
1213 1690 1451 1745 divisivae
1482 1704 1740 1759 generum
1772 1691 1925 1745 ﬁunt.
1964 1688 2019 1743 Si
2058 1704 2186 1744 vero
2289 1690 2544 1745 stitutiva:
2593 1692 2913 1759 specierum,
2958 1691 3227 1761 liujusque
3272 1690 3400 1745 illud
3439 1689 3741 1759 exemplum
3771 1697 3875 1755 est,

600 1784 666 1838 ad
704 1784 986 1839 inferiores
1025 1784 1235 1854 species
1277 1783 1700 1851 considerantur,
1739 1782 2026 1837 informant
2057 1796 2183 1852 spc-
2286 1780 2427 1849 quod
2454 1779 2569 1850 ipse
2598 1781 2825 1850 subjecit
2856 1796 2871 1835 :
2904 1780 3148 1836 animalis
3178 1781 3375 1851 quippe
3402 1779 3720 1835 differentias
3752 1787 3881 1835 sunt

597 1875 726 1943 cies,
760 1888 1053 1945 earumque
1079 1874 1430 1929 substantiam
1461 1872 1805 1928 convenieuti
1844 1874 2183 1942 copulatione
2286 1871 2549 1937 divisivte,
2594 1873 2852 1928 rationale
2892 1881 3054 1943 atque
3092 1872 3419 1936 irrationale,
3452 1872 3680 1928 mortale
3715 1880 3878 1943 atque

594 1967 945 2022 constituunt.
996 1966 1052 2021 In
1100 1965 1202 2021 boc
1250 1965 1529 2035 quaesitum
1582 1973 1682 2030 est,
1729 1964 2177 2033 quemadmodum
2211 1959 2611 2033 Bimmortale,
2656 1963 2739 2020 bis
2788 1964 2930 2020 enim
2973 1964 3284 2033 praedicatio
3323 1963 3575 2019 dividitur
3608 1963 3874 2018 animalis.

596 2058 902 2113 dicerentur
930 2072 1052 2113 esse
1081 2056 1163 2111 lue
1192 2056 1510 2123 diﬁ'erentire
1540 2056 1840 2126 specierum
1878 2055 2181 2110 constitutio
2280 2055 2452 2111 Omne
2480 2056 2622 2111 enim
2652 2055 2796 2126 quod
2827 2055 3025 2111 animal
3051 2064 3156 2125 est,
3188 2065 3281 2110 aut
3310 2055 3593 2122 rationale,
3619 2065 3708 2109 aut
3735 2054 3875 2109 irra-

595 2152 696 2217 νω,
726 2164 846 2205 cum
891 2146 1270 2203 irrationabilis
1318 2146 1616 2203 differentia
1663 2154 1825 2216 atque
1868 2144 2182 2199 immortalis
2284 2148 2500 2215 tionale,
2542 2158 2634 2204 aut
2681 2150 2927 2217 mortale,
2981 2158 3074 2205 aut
3126 2149 3428 2205 immortale
3468 2158 3569 2204 est.
3612 2148 3717 2203 Sed
3763 2149 3880 2205 ista

595 2239 796 2295 nullam
818 2239 1053 2306 speciem
1076 2238 1354 2293 vidcantur
1382 2238 1615 2292 efficere.
1644 2234 2047 2304 Respondemus
2074 2233 2183 2304 pri-
2281 2237 2596 2295 diﬁ‘erentize
2622 2255 2740 2311 quae
2761 2240 3002 2296 dividunt
3027 2254 3196 2312 genus
3220 2240 3361 2309 quod
3389 2250 3473 2295 est
3500 2241 3722 2311 animai,
3754 2255 3877 2311 spe-

596 2348 740 2391 mum
786 2332 1004 2404 quidem
1050 2332 1264 2402 placere
1315 2330 1619 2395 Aristoteli,
1674 2330 1912 2385 coelestia
1959 2336 2183 2398 cerpora
2285 2329 2383 2385 eiei
2415 2330 2769 2386 substantiam
2811 2330 3146 2402 formamque
3184 2331 3543 2387 constituunt.
3592 2330 3724 2386 Nam
3756 2348 3877 2387 cum

597 2429 827 2481 animata
858 2441 964 2480 non
997 2437 1136 2480 esse.
1168 2423 1321 2491 Quod
1349 2436 1480 2478 vero
1503 2422 1792 2477 animatum
1823 2436 1925 2475 non
1958 2420 2048 2488 sit,
2073 2421 2186 2473 ani-
2285 2421 2354 2475 sit
2383 2420 2545 2476 homo
2588 2423 2808 2489 animai,
2837 2422 3065 2479 efﬁcitur
3093 2423 3339 2478 rationali
3381 2423 3698 2494 mortalique
3731 2422 3883 2479 diffe-

599 2518 704 2572 mal
732 2528 851 2571 esse
882 2529 987 2569 non
1020 2528 1177 2585 posse
1205 2531 1219 2567 :
1250 2514 1390 2583 quod
1432 2529 1561 2569 vero
1602 2528 1707 2568 non
1736 2515 1805 2569 sit
1835 2512 2055 2579 animal,
2086 2527 2186 2569 nec
2286 2514 2496 2581 tentiis,
2530 2530 2649 2585 qua:
2677 2514 2875 2571 dudum
2908 2514 3106 2571 animal
3156 2515 3546 2587 partiebantur.
3596 2516 3726 2571 Item
3758 2530 3879 2571 cum

597 2608 855 2663 rationale
894 2620 1015 2660 esse
1058 2605 1299 2669 concedi,
1333 2605 1428 2657 sed
1466 2605 1653 2658 eadem
1700 2619 1926 2673 corpora
1969 2614 2188 2674 propter
2287 2606 2359 2660 sit
2401 2620 2570 2676 equus
2608 2607 2828 2673 animal,
2871 2606 3163 2663 irrationaii
3211 2607 3534 2678 mortalique
3564 2608 3879 2663 differentiis

598 2699 989 2768 simplicitatem
1040 2706 1095 2752 et
1145 2696 1552 2766 perpetuitatem
1599 2706 1775 2750 motus
1821 2705 2021 2749 arterna
2064 2710 2187 2750 esse
2286 2700 2645 2766 constituitur,
2699 2715 2819 2770 quae
2864 2697 3062 2755 dudum
3114 2700 3309 2754 animal
3360 2700 3686 2756 dividebant.
3740 2698 3881 2755 Deus

598 2793 895 2849 confirmat.
924 2790 1017 2846 Est
1038 2790 1197 2859 igitur
1218 2788 1415 2860 aliquid
1443 2789 1585 2860 quod
1607 2803 1671 2845 ex
1697 2788 1901 2843 duabus
1926 2788 2011 2842 his
2034 2786 2185 2843 diffe-
2286 2799 2465 2841 autem
2494 2803 2614 2841 cum
2644 2789 2714 2843 sit
2742 2790 2961 2857 animal,
2994 2798 3051 2844 ut
3080 2789 3148 2844 de
3186 2790 3302 2845 sole
3341 2790 3603 2856 dicamus,
3638 2791 3878 2846 rationali

597 2883 784 2939 rentiis
812 2883 1144 2949 conﬁciatur,
1174 2881 1523 2937 irrationabili
1556 2880 1942 2949 scilicetatque
1964 2879 2185 2935 immor-
2287 2878 2680 2949 immortalique
2716 2880 2947 2935 efﬁcitur
2976 2882 3312 2949 differentiis,
3347 2897 3479 2953 quas
3517 2883 3753 2937 dividere
3796 2897 3883 2949 ge-

598 2975 710 3031 taii.
741 2973 891 3043 Quod
918 2974 964 3030 si
993 2975 1162 3045 magis
1188 2972 1589 3029 concedendum
1622 2970 1829 3025 Platani
1864 2980 1965 3037 est,
1998 2980 2052 3026 et
2077 2984 2188 3025 cce-
2288 2986 2388 3025 nus
2420 2970 2596 3025 habita
2628 2969 2841 3039 partitio
2874 2974 3034 3039 paulo
3064 2974 3400 3026 monstravit.
3441 2972 3549 3027 Sed
3582 2973 3668 3028 hic
3697 2973 3779 3042 (ut
3805 2971 3887 3029 di-

599 3066 751 3123 Iestia
783 3081 1009 3137 corpora
1037 3067 1269 3120 animata
1298 3079 1419 3121 esse
1454 3062 1799 3126 credendum,
1834 3062 2035 3118 nullum
2064 3063 2184 3132 qui-
2288 3058 2484 3131 ximus)
2517 3054 2683 3115 Deum
2715 3074 3034 3128 corporeum
3076 3060 3301 3131 intelligi
3349 3070 3578 3131 oportet,
3619 3069 3682 3115 ut
3711 3062 3887 3116 solem

599 3161 719 3216 dem
747 3160 832 3215 bis
861 3157 1176 3215 differentiis
1205 3165 1379 3227 potest
1417 3171 1538 3212 esse
1565 3156 1885 3226 subjectum.
1919 3153 2185 3226 Quidquid
2290 3162 2342 3208 et
2363 3152 2554 3207 coelum
2588 3162 2885 3221 czeteraque
2916 3151 3241 3222 bujusmodi,
3270 3167 3391 3223 qua:
3416 3166 3535 3207 cum
3567 3151 3801 3207 animata
3832 3159 3888 3207 et

599 3252 741 3307 enim
769 3249 1132 3305 irrationabile
1157 3260 1239 3303 εει
1264 3247 1591 3317 corruptioni
1634 3245 1915 3317 subiacens
1943 3255 1997 3301 et
2024 3260 2183 3314 gene-
2293 3242 2626 3299 rationabiiia
2650 3241 2800 3297 Plato
2829 3256 2947 3298 esse
2977 3244 3281 3313 conﬁrmat,
3317 3253 3428 3299 tum
3460 3243 3510 3298 in
3543 3242 3766 3298 deorum
3796 3257 3891 3297 vo-

600 3341 814 3406 rationi,
857 3338 1158 3393 immortale
1189 3344 1308 3393 esse
1348 3353 1453 3392 non
1494 3337 1708 3407 poterit.
1757 3336 1861 3392 Sed
1896 3345 2071 3392 tamen
2105 3337 2187 3392 ba:
2216 3325 2264 3390 C
2294 3336 2541 3391 cabulum
2589 3333 2919 3405 antiquitatis
2967 3336 3314 3390 veneratione
3353 3334 3645 3404 probantur
3682 3348 3890 3389 assum-

601 3430 935 3494 diffcrentia»,
958 3430 1209 3499 quoniam
1234 3429 1286 3484 in
1311 3426 1738 3485 substantialium
1766 3427 2185 3483 differentiarum
2291 3436 2409 3498 pta,
2442 3427 2510 3482 de
2542 3429 2712 3497 primo
2741 3442 2955 3498 quoque
2983 3441 3211 3498 genere,
3256 3427 3307 3483 id
3352 3437 3435 3483 est
3470 3427 3763 3483 substantia
3793 3429 3881 3482 de-

604 3536 829 3577 numero
857 3531 999 3588 sunt,
1032 3523 1077 3577 si
1119 3519 1267 3592 jungi
1298 3520 1403 3577 ullo
1449 3522 1609 3576 modo
1650 3521 1969 3589 potuissent,
2001 3537 2183 3578 earum
2292 3529 2658 3575 monstrantur
2686 3520 2869 3575 venire
2905 3519 3241 3576 differentiae.
3272 3520 3405 3576 Nam
3448 3534 3568 3576 cum
3607 3522 3722 3589 ejus
3757 3518 3891 3575 divi-

604 3621 848 3667 naturam
894 3623 947 3667 ct
985 3612 1217 3682 speciem
1249 3627 1463 3684 quoque
1502 3622 1720 3682 possent
1747 3613 1959 3668 efﬁcere
1991 3632 2004 3666 :
2032 3623 2191 3685 atque
2292 3609 2418 3664 sivaa
2462 3609 2569 3664 sint
2614 3608 2928 3663 differentiae
2968 3610 3261 3664 animatum
3307 3621 3467 3681 atque
3507 3611 3883 3674 inanimatum,
3950 3644 3951 3647 η

604 3711 665 3759 ut
708 3703 1030 3774 intelligatur
1057 3718 1175 3773 quae
1212 3704 1282 3759 sit
1313 3705 1426 3759 haec
1469 3703 1703 3774 potentia
1740 3703 2037 3760 efﬁcienda:
2066 3705 2193 3760 sub-
2292 3698 2549 3754 sensibile
2573 3706 2732 3769 atque
2759 3698 3091 3767 insensibile,
3131 3700 3332 3771 junctae
3364 3700 3683 3757 differentia!
3718 3702 3891 3757 sensi-

603 3793 812 3848 stantiaa
851 3794 1154 3864 specieique
1199 3794 1527 3861 formandas,
1567 3796 1921 3865 respiciamus
1959 3796 2024 3850 ad
2066 3812 2193 3866 pro-
2295 3789 2416 3846 bilis
2445 3800 2607 3860 atque
2652 3790 2872 3845 animati
2918 3791 3157 3847 efﬁciunt
3204 3794 3552 3848 substantiam
3601 3795 3888 3847 animatum

604 3884 748 3954 prius
777 3894 936 3955 atque
973 3900 1309 3953 communes,
1340 3902 1459 3955 qum
1491 3887 1699 3941 tametsi
1729 3885 2037 3959 iungantur,
2072 3902 2196 3957 spe-
2295 3893 2455 3957 atque
2484 3885 2818 3951 seusibilem,
2841 3886 2981 3957 quod
3009 3894 3092 3941 est
3119 3886 3338 3942 animal.
3359 3885 3487 3941 iure
3509 3884 3665 3957 igitur
3689 3885 3888 3941 dictum

604 3976 741 4032 ciem
793 3976 1251 4047 subslantiamque
1299 3977 1439 4032 nulla
1486 3978 1694 4033 ratione
1742 3978 2093 4034 constituunt.
2136 3977 2194 4034 Si
2296 3985 2380 4033 est
2409 3993 2527 4047 qua:
2558 3976 2797 4031 divisiva:
2837 3984 2963 4031 sunt
2999 3972 3314 4032 differentia:
3357 3990 3635 4048 generum,
3676 3974 3890 4030 easdem

604 4067 723 4137 quis
763 4066 904 4121 enim
947 4066 1194 4136 loquatur
1236 4067 1537 4134 ambulans,
1570 4082 1688 4138 qua:
1718 4078 1841 4124 sunt
1886 4068 2005 4122 dua:
2049 4082 2195 4122 com-
2297 4067 2670 4121 constitutivas
2698 4074 2818 4121 esSe
2848 4066 3167 4135 Specierum.

606 4176 792 4217 munes
823 4159 1157 4227 differentiae,
1192 4159 1276 4214 vel
1322 4161 1368 4214 si
1412 4161 1596 4230 longus
1645 4173 1709 4214 ac
1750 4161 1925 4227 albus,
1959 4175 2084 4213 num
2117 4158 2197 4213 id-
2371 4157 2624 4221 Quoniam
2652 4173 2770 4228 ergo
2796 4157 2982 4210 eadem
3010 4155 3180 4223 aliqua
3208 4158 3358 4211 modo
3387 4167 3607 4228 accepta:
3626 4159 3751 4225 ﬁunt
3771 4175 3894 4213 con-

606 4254 751 4309 circo
782 4251 982 4306 eisdem
1028 4252 1144 4320 ejus
1186 4251 1481 4305 substantia
1524 4249 1907 4305 constituitur?
1950 4250 2192 4304 minimc.
2297 4249 2560 4312 stitutivw,
2586 4246 2759 4316 aliqua
2788 4247 2937 4302 modo
2960 4256 3129 4303 autem
3160 4249 3407 4315 divisivw,
3442 4266 3613 4305 omnes
3642 4252 3895 4320 speciﬁcw

608 4347 754 4402 (Zur?
782 4344 915 4414 Quia
950 4359 1053 4399 non
1099 4343 1337 4410 ejusdem
1388 4351 1513 4397 sunt
1553 4343 1788 4410 generis,
1821 4356 1941 4412 qua:
1972 4340 2198 4409 alicujus
2300 4340 2575 4394 dicuntur:
2603 4348 2651 4393 et
2682 4339 2759 4393 ftis
2787 4339 3007 4395 maxime
3032 4354 3159 4411 opus
3178 4344 3339 4396 estad
3365 4342 3634 4397 divisiones
3656 4360 3895 4416 generum

610 4445 835 4506 possunt
864 4435 1188 4489 constituere
1234 4439 1287 4485 et
1332 4432 1668 4486 conformare
1699 4431 2049 4487 substantiam
2081 4449 2093 4485 :
2126 4433 2195 4487 ita
2300 4440 2346 4484 et
2376 4430 2699 4500 (fi/ﬁnitiones
2741 4430 3040 4499 specierum,
3087 4431 3174 4484 sed
3215 4436 3317 4485 non
3348 4432 3427 4487 ftis
3460 4444 3577 4503 quis
3614 4432 3895 4489 secundant

609 4527 773 4598 igitur
796 4528 899 4594 lite,
928 4525 977 4581 id
1011 4534 1093 4580 est
1124 4523 1429 4579 irrationale
1455 4531 1611 4592 atque
1642 4521 1959 4588 immortale,
1989 4510 2197 4577 etiarnsi
2301 4521 2535 4577 accidens
2564 4521 2946 4593 inseparabiles,
2980 4536 3070 4576 nec
3109 4524 3271 4593 magis
3302 4523 3401 4593 liis,
3439 4539 3551 4595 qua:
3585 4534 3705 4579 sunt
3742 4540 3894 4596 sepa-

607 4617 904 4688 subjectum
948 4614 1163 4685 aliquod
1208 4615 1519 4670 substantiae
1565 4612 1763 4667 habere
1804 4627 1907 4667 non
1950 4621 2193 4683 possunt,
2302 4616 2508 4671 rabiles.
2556 4615 2570 4633 '

608 4715 829 4779 possent
878 4715 1054 4763 tamen
1110 4704 1462 4761 substantiam
1512 4704 1763 4768 efficere,
1800 4702 1843 4758 si
1889 4702 1995 4757 ullo
2040 4702 2280 4769 modoD
2374 4706 2574 4763 Omnes
2619 4718 2649 4760 a
2695 4720 2893 4777 genere
2944 4704 3274 4763 differentias
3322 4708 3675 4779 procedentes
3726 4723 3897 4779 genus

607 4800 758 4869 jungi
812 4799 1158 4867 cepulariqne
1207 4798 1521 4867 potuissent.
1573 4796 1839 4851 Praeterea
1890 4796 2199 4851 irrationale
2306 4800 2481 4870 ipsum
2510 4815 2539 4855 a
2562 4814 2667 4870 quo
2695 4798 3009 4868 procedunt,
3038 4798 3275 4856 dividere
3305 4799 3482 4854 nullus
3512 4798 3738 4872 ignorat.
3765 4802 3898 4869 Ipsa:

606 4892 849 4962 junctum
887 4904 1006 4943 cum
1046 4890 1257 4942 mortali
1301 4889 1650 4943 substantiam
1685 4888 1901 4955 pecudis
1935 4888 2079 4941 facit.
2109 4889 2201 4942 Est
2247 4890 2254 4899 '
2308 4898 2482 4946 autem
2511 4907 2630 4961 quae
2661 4889 2905 4945 dividunt
2943 4904 3136 4961 genus,
3166 4891 3209 4946 si
3242 4890 3305 4945 ad
3340 4895 3663 4961 posteriores
3690 4895 3897 4957 srecies

606 4984 771 5056 igitur
814 4981 1154 5038 constitutiva
1193 4980 1518 5035 irrationalis
1559 4980 1880 5035 differentia.
1928 4981 2058 5035 Item
2096 4982 2199 5035 im-
2308 4984 2669 5053 applicentur,
2714 4982 3004 5037 informant
3052 4983 3378 5039 substantias
3426 5000 3645 5052 earum,
3697 4996 3895 5050 easque

610 5077 837 5136 mortale
889 5084 1048 5143 atque
1087 5074 1351 5129 rationale
1394 5072 1697 5142 conjuncta,
1732 5068 1971 5126 efﬁciunt
2012 5071 2200 5126 Deum.
2309 5073 2608 5144 perﬁciunt.
2646 5071 2862 5127 Etrdem
2899 5074 3059 5144 igitur
3087 5091 3205 5146 quae
3235 5087 3354 5131 sunt
3384 5074 3738 5129 constitutiva:
3774 5090 3896 5143 spe«

612 5173 705 5229 Est
735 5172 895 5242 igitur
923 5166 1227 5224 immortale
1262 5164 1404 5235 quod
1444 5162 1680 5234 speciem
1723 5162 1935 5215 format.
1965 5161 2118 5228 Quod
2156 5166 2200 5217 si
2312 5167 2536 5231 cierum,
2564 5163 2766 5220 ezedem
2794 5174 2918 5222 sunt
2946 5167 3237 5223 divisibiles
3276 5181 3549 5237 generum,
3586 5167 3690 5221 alio
3719 5177 3897 5224 tamen

610 5274 752 5339 {nter
786 5276 845 5318 se
880 5260 1027 5331 jungi
1056 5262 1344 5326 nequeunt,
1381 5268 1486 5309 non
1516 5252 1715 5307 idcirco
1745 5251 1883 5322 quod
1921 5252 1972 5305 iu
2003 5258 2196 5305 natura

2313 5261 2472 5319 modo
2494 5269 2655 5332 atque
2682 5261 2786 5315 alio
2814 5262 3187 5327 consideratze,
3219 5268 3275 5315 ut
3304 5260 3347 5313 si
3377 5260 3558 5316 relata:
3588 5261 3800 5331 quidem
3833 5262 3896 5318 ad

611 5368 798 5409 eorum
823 5362 925 5416 est,
956 5352 1267 5421 abrogatur.
2312 5366 2481 5425 genus
2502 5352 2553 5407 in
2577 5351 2895 5407 contrariam
2918 5352 3228 5407 divisionem
3254 5360 3581 5420 spectentur,
3606 5353 3897 5408 divisibiles

682 5446 789 5503 Sed
830 5446 907 5501 Ita:
947 5444 1150 5516 quidem
1189 5456 1302 5513 qua:
1332 5439 1555 5495 ἀίυὶεἱυω
1580 5444 1697 5492 sum
1728 5434 2030 5504 άίΙῙετεηιεω
2055 5450 2204 5507 gener
2313 5448 2524 5518 generis
2556 5444 2923 5501 inveniuntur.
2970 5442 3025 5499 Si
3068 5444 3196 5498 vero
3221 5441 3421 5511 juncta:
3452 5445 3652 5515 aliquid
3683 5445 3897 5499 efficere

611 5556 746 5606 rum,
777 5536 1088 5609 completivw
1117 5537 1249 5607 ﬁunt
1285 5542 1332 5589 et
1370 5530 1703 5589 constitutiva:
1727 5529 2007 5600 specierum
2030 5544 2050 5583 .’
2072 5527 2202 5582 divi-
2248 5587 2255 5592 η
2310 5546 2567 5609 possunt,
2600 5538 2900 5606 specierum
2950 5534 3303 5590 constitutiva:
3342 5547 3487 5593 sum.
3521 5538 3650 5605 Qus:
3680 5552 3799 5591 cum
3829 5536 3897 5590 ita

527 5690 533 5699 θ
609 5632 751 5683 ditur
779 5631 908 5683 enim
936 5629 1129 5683 animal
1156 5627 1398 5683 rationali
1427 5635 1473 5681 et
1497 5620 1789 5678 irrationafi
1816 5619 2132 5688 differentia,
2155 5625 2205 5673 et
2309 5628 2435 5695 sint,
2482 5625 2564 5683 ha:
2604 5625 2919 5683 differentia:
2952 5636 3071 5695 quas,
3100 5639 3267 5694 genus
3308 5622 3571 5697 dividunt,
3604 5624 3895 5683 τοριίεεῑιηρ

615 5736 795 5773 rursus
841 5723 1044 5773 mortali
1088 5729 1135 5773 et
1179 5715 1457 5773 immortali
1500 5714 1822 5784 diﬂ'erentia;
1859 5714 1949 5768 sed
1988 5728 2059 5768 ea:
2089 5725 2205 5782 qua!
2310 5719 2549 5776 divisivre
2579 5720 2920 5774 nominantur
2950 5734 2964 5770 :
2996 5731 3115 5787 qua:
3145 5720 3288 5776 enim
3318 5723 3649 5777 constituunt
3670 5720 3900 5789 speciem

614 5830 729 5876 sunt
758 5819 1021 5871 rationalis
1050 5816 1349 5882 iii/ferentia:
1368 5827 1416 5870 et
1443 5820 1695 5885 mortalis,
1722 5816 2057 5872 constitutiva:
2084 5818 2205 5868 sunt
2311 5811 2574 5880 speciﬁcaa
2619 5818 3011 5880 nuncupantur,
3051 5811 3145 5867 sed
3189 5815 3516 5869 constituunt
3556 5814 3785 5881 Speciem
3820 5814 3901 5872 ha:

619 5918 855 5987 hominis,
893 5913 1163 5968 rationalis
1194 5928 1308 5976 vero
1333 5923 1381 5967 et
1407 5914 1735 5983 immortalis,
1775 5914 1867 5967 Dei
1900 5929 1920 5968 :
1956 5913 2063 5968 illa
2088 5928 2205 5967 vero
2242 5978 2267 5987 _
2314 5904 2629 5963 diﬁ‘erentia:
2656 5918 2775 5974 quae
2803 5912 2928 5959 sunt
2967 5905 3179 5973 generis
3213 5906 3470 5961 divisivue.
3502 5905 3663 5977 Igitur
3699 5905 3899 5961 eadem
