4244 6254
346 397 451 451 125

1268 388 1335 444 ΙΝ
1374 389 1823 447 PORPHYRIUM
1862 389 2512 449 COMMENTARlOllUM
2555 396 2695 450 LIB!
2726 396 2809 457 IV.

3543 401 3643 457 126

335 531 461 587 qua:
505 521 634 569 sunt
684 508 978 580 specierum
1020 503 1402 568 constitutivae,
1436 505 1699 575 specificaa
1734 522 1944 562 nuncu-
1971 506 2030 568 Α
2056 510 2198 578 quod
2235 512 2312 576 tit,
2346 512 2506 565 habet
2537 509 2736 580 aliquid
2768 494 2911 568 unde
2957 513 3096 570 effici
3137 516 3303 586 possit
3331 525 3487 587 atque
3526 518 3635 573 for-

334 614 580 677 pantur:
611 618 778 674 quare
804 615 919 671 qua:
939 614 1193 669 generum
1223 597 1480 662 divisivm,
1508 609 1559 653 et
1582 614 1700 667 qua:
1730 600 1937 671 specie-

333 715 460 755 rum
502 694 860 755 constitutit‘tﬁ
894 698 1037 758 sunt,
1078 690 1199 759 jure
1241 688 1499 757 specifica:
1542 699 1930 758 nuncupantur.

334 792 451 849 Has
479 791 639 861 igitur
666 789 717 843 in
756 786 1017 840 divisione
1053 783 1267 854 generis
1295 792 1349 837 et
1379 781 1431 835 in
1462 782 1777 837 diffinitione
1806 798 1933 854 spe-

334 885 541 940 cierum
582 880 749 950 accipi
790 887 1071 949 oportere,
1120 877 1460 933 manifestum
1506 883 1587 931 est
1628 895 1639 929 :
1678 877 1932 947 quoniam

333 978 477 1033 enim
516 974 759 1029 divisiva:
806 980 951 1038 sunt,
1005 987 1099 1039 per
1137 986 1229 1027 eas
1270 970 1432 1025 dividi
1472 980 1681 1041 Oportet
1716 986 1883 1041 genus
1915 990 1928 1026 :

332 1070 579 1141 quoniam
604 1076 785 1135 autem
808 1066 1191 1132 constitutivaa,
1224 1080 1316 1130 per
1337 1079 1429 1121 eas
1454 1064 1661 1135 species
1685 1064 1927 1132 diffiniri,

331 1164 523 1235 quibus
537 1162 683 1219 enim
709 1160 1128 1231 unumquodque
1149 1159 1511 1225 constituitur,
1538 1158 1742 1215 hisdem
1764 1160 1928 1215 etiam

330 1254 611 1310 diffinitur.
645 1250 1005 1308 Constituitur
1033 1258 1210 1326 autem
1242 1250 1450 1319 species
1482 1263 1574 1318 per
1601 1248 1927 1305 differentias

325 1347 539 1417 generis
564 1345 845 1409 divisivas,
875 1357 999 1413 qua:
1030 1350 1153 1396 sunt
1180 1340 1470 1410 speciticac.
1502 1340 1627 1395 Jure
1655 1341 1814 1410 igitur
1846 1342 1928 1395 ha:

324 1441 597 1511 speciticae
626 1438 780 1505 solm,
816 1443 871 1492 et
910 1436 969 1490 in
1008 1435 1221 1504 generis
1253 1428 1536 1498 divisione,
1564 1444 1616 1488 et
1646 1436 1695 1488 iu
1727 1436 1928 1506 Specie-

322 1544 450 1586 rnm
491 1528 813 1584 diffinitione
861 1534 1167 1597 ponuntur,
1208 1534 1262 1580 et
1307 1524 1375 1579 de
1398 1523 1676 1594 .speciticis
1715 1526 1926 1595 quidem

322 1621 451 1677 hmc
492 1622 633 1676 ratio
663 1627 761 1673 est.
796 1618 872 1672 De
902 1616 988 1670 bis
1015 1625 1189 1671 autem
1217 1632 1335 1685 qua:
1362 1615 1442 1668 vel
1472 1616 1807 1681 separabilia,
1846 1617 1923 1673 vel

320 1710 706 1779 inseparabilia
750 1709 1031 1763 continent
1069 1706 1382 1767 accidentia,
1414 1705 1547 1759 nihil
1578 1706 1628 1759 in
1664 1722 1918 1776 generum

320 1803 605 1865 divisione,
632 1799 712 1853 vel
736 1798 791 1853 in
813 1796 1134 1855 diffinitione
1154 1796 1452 1865 specierum
1479 1796 1670 1864 poterit
1692 1798 1916 1866 assumi,

2045 604 2201 657 mari.
2233 604 2362 670 Quae
2394 602 2788 671 propositiones
2816 603 2973 657 talem
3012 606 3213 662 faciunt
3240 610 3584 679 quaestionem
3616 630 3629 664 :

2042 693 2245 750 dictum
2270 702 2351 748 est
2375 691 2729 747 differentiam
2756 708 2875 749 esse
2898 694 2947 747 id
2971 712 3074 765 qua
3098 698 3215 766 plus
3243 698 3400 755 habet
3426 704 3633 769 Species

2040 800 2317 856 agenere.
2363 784 2498 853 Quid
2538 784 2737 856 igitur?
2782 786 3139 843 diccudumne
3184 802 3285 856 est,
3337 810 3502 863 genus
3543 812 3634 851 eas

2039 874 2388 941 differentias,
2421 891 2552 945 quas
2579 875 2740 931 habet
2770 877 2978 946 species
3006 894 3109 932 non
3145 878 3340 936 habere
3367 902 3377 936 :
3406 896 3457 940 et
3493 890 3632 942 unde

2039 968 2261 1024 habebit
2299 969 2509 1037 Species
2555 967 2881 1024 differentias
2922 984 3054 1040 quas
3096 986 3263 1041 genus
3303 989 3405 1027 non
3441 976 3631 1031 habet?

2037 1063 2142 1118 nisi
2173 1062 2313 1118 enim
2343 1061 2411 1117 sit
2442 1061 2581 1116 unde
2606 1063 2839 1129 veniant,
2864 1062 3177 1119 differentia:
3202 1065 3251 1117 in
3278 1067 3511 1134 speciem
3543 1086 3629 1125 \c-

2035 1156 2153 1209 nire
2182 1171 2290 1209 non
2318 1163 2539 1224 possunt
2568 1172 2580 1207 :
2609 1154 2749 1223 quod
2780 1154 2823 1210 si
2847 1171 3011 1225 genus
3044 1155 3140 1209 has
3168 1155 3497 1212 differentias
3523 1175 3625 1214 non

2034 1245 2218 1313 habet,
2250 1247 2454 1315 species
2479 1255 2656 1302 autem
2687 1246 2870 1313 habet,
2897 1248 3146 1303 videntur
3173 1266 3235 1304 ex
3270 1249 3436 1305 nihilo
3469 1252 3625 1308 diffe-

2030 1337 2220 1391 rentia:
2249 1337 2300 1390 in
2329 1336 2561 1405 speciem
2594 1338 2927 1402 convenisse,
2962 1348 3015 1393 et
3047 1340 3241 1393 factum
3270 1356 3388 1395 esse
3424 1340 3624 1412 aliquid

2032 1440 2098 1480 ex
2126 1426 2316 1491 nihilo,
2351 1425 2490 1495 quod
2520 1424 2632 1480 fieri
2662 1442 2767 1482 non
2800 1442 2956 1498 posse
2987 1431 3231 1499 superius
3261 1430 3395 1485 dicta
3425 1449 3621 1503 propo-

2029 1518 2154 1573 sitio
2194 1520 2559 1573 monstravit:
2595 1520 2733 1591 quod
2776 1520 2818 1574 si
2859 1520 3191 1577 differentias
3229 1538 3416 1579 omnes
3458 1542 3622 1595 genus

2030 1612 2290 1675 continet,
2317 1610 2633 1665 differentiae
2665 1623 2840 1668 autem
2871 1614 2923 1667 in
2950 1617 3215 1671 contraria
3237 1617 3619 1690 dissolvuntur,

2029 1701 2119 1755 fiet
2145 1710 2199 1757 ut
2226 1704 2692 1759 rationabilitatem
2724 1716 2881 1775 atque
2911 1706 3449 1775 irrationabilitatem,
3481 1727 3620 1767 mor=

2028 1794 2285 1849 talitatcm
2319 1807 2478 1865 atque
2511 1796 2970 1853 immortalitatem
2995 1800 3151 1854 simul
3182 1801 3375 1858 habeat
3399 1805 3618 1874 animal,

321 1894 524 1951 idcirco
563 1891 814 1964 quoniam
854 1904 977 1960 quae
1028 1888 1324 1943 divisibiles
1372 1897 1518 1955 sunt,
1561 1888 1917 1944 substantiam
1952 1872 2001 1945 B
2027 1885 2169 1956 quod
2215 1898 2295 1941 Ctl
2341 1904 2535 1958 genus,
2578 1900 2630 1945 et
2673 1902 2830 1946 erunt
2861 1891 2912 1946 in
2944 1893 3133 1948 eodem
3170 1894 3290 1951 bina
3330 1872 3617 1967 contraria,

320 1984 541 2055 generis
569 1981 816 2038 dividunt
841 1997 855 2033 :
885 1987 941 2033 et
964 1994 1084 2049 qua:
1110 1978 1466 2033 constitutivze
1494 1988 1641 2047 sunt,
1674 1980 1921 2034 substan-

323 2078 455 2133 tiam
478 2075 673 2146 speciei
700 2073 1033 2129 constituunt
1056 2089 1068 2125 :
1095 2087 1213 2142 quae
1236 2086 1368 2127 vero
1389 2080 1515 2127 sunt
1543 2072 1921 2141 inseparabilia

320 2168 654 2233 accidentia,
701 2165 899 2221 nullius
947 2163 1147 2234 speciei
1192 2163 1547 2219 substantiam
1590 2164 1919 2228 informant;

323 2262 465 2318 unde
492 2261 549 2316 fit
578 2270 635 2316 ut
663 2259 833 2315 multo
860 2258 1039 2313 minus
1064 2256 1381 2328 separabilia
1410 2257 1702 2314 accidentia
1735 2260 1799 2314 ad
1830 2261 1919 2314 di-

322 2354 580 2409 visionem
609 2365 868 2422 generum
896 2350 983 2405 vel
1007 2349 1303 2419 specierum
1334 2348 1685 2405 dittinitiones
1707 2365 1919 2407 accom-

324 2447 625 2503 modentur.
652 2442 885 2498 Omnino
912 2440 1054 2497 enim
1082 2440 1368 2495 dissimiles
1398 2450 1521 2495 sunt
1554 2441 1918 2497 substantiali-

324 2536 423 2591 bus
469 2533 811 2590 differentiis.
856 2531 986 2586 Nam
1036 2530 1412 2601 inseparabilia
1467 2533 1764 2587 accidentia
1820 2533 1921 2589 hoc

324 2630 550 2683 fortasse
584 2627 790 2681 habent
825 2638 1111 2681 commune
1157 2639 1276 2678 cum
1322 2625 1589 2693 speciticis
1616 2666 1629 2691 ,
1688 2624 1789 2680 hoc
1839 2636 1921 2682 est

323 2733 444 2775 cum
467 2716 909 2775 substantialibus
931 2715 1265 2779 differentiis,
1294 2715 1433 2785 quod
1455 2731 1605 2785 aeque
1624 2715 1917 2785 subjectum

325 2826 431 2865 non
458 2811 784 2880 relinquunt,
807 2809 942 2863 sicut
976 2823 1073 2863 nec
1094 2806 1359 2883 speciﬁcae
1391 2807 1725 2865 differentiae.
1756 2809 1918 2879 Sepa-

324 2900 516 2955 rabilia
554 2910 728 2954 autem
764 2898 1073 2967 accidentia,
1121 2913 1220 2954 nec
1260 2897 1361 2953 hoc
1388 2898 1605 2969 quidem
1642 2918 1654 2953 :
1684 2902 1919 2970 separari

325 2995 470 3049 enim
503 3002 726 3064 possunt
754 3008 861 3048 non
887 3002 1088 3048 tantum
1122 3001 1385 3062 potestate
1406 3002 1459 3048 et
1481 2992 1673 3047 mentis
1697 2992 1916 3048 ratioci-

324 3088 566 3154 natione,
610 3085 705 3141 sed
749 3097 900 3140 actus
938 3085 1099 3140 etiam
1146 3085 1449 3154 praesentia,
1491 3093 1545 3138 et
1582 3085 1799 3140 omnino
1828 3101 1921 3141 ve-

325 3179 507 3235 niendi
537 3179 617 3234 vel
646 3179 955 3235 discedendi
996 3178 1343 3233 varietatibus
1374 3188 1766 3247 permutantur.
1824 3218 1829 3223 .

2031 1979 2168 2046 quod
2214 1978 2325 2031 fieri
2368 1994 2471 2033 non
2512 1989 2705 2048 potest.
2752 1980 2935 2051 Neque
2964 1985 3107 2039 enim
3146 1985 3195 2038 in
3228 2001 3454 2056 corpore
3488 1990 3619 2048 solet

2028 2084 2147 2124 esse
2178 2069 2277 2123 alia
2307 2086 2427 2139 pars
2456 2072 2594 2137 alba,
2626 2073 2729 2126 alia
2756 2074 2928 2143 nigra,
2964 2074 3034 2129 ita
3067 2076 3181 2131 fieri
3222 2077 3275 2132 in
3304 2095 3498 2147 genere
3525 2097 3646 2149 po-.

2026 2169 2134 2216 test
2184 2178 2198 2216 :
2238 2178 2404 2241 genus
2445 2164 2587 2218 enim
2620 2179 2715 2233 per
2754 2180 2810 2219 se
2852 2165 3248 2223 consideratum
3297 2182 3475 2242 partes
3518 2179 3619 2230 no’n

2027 2251 2207 2315 habet,
2241 2253 2340 2307 nisi
2372 2252 2437 2307 ad
2476 2255 2687 2320 species
2716 2258 2980 2310 referatur
3010 2276 3021 2309 :
3049 2259 3301 2331 quidquid
3341 2263 3499 2331 igitur
3529 2262 3619 2318 ha<

2027 2344 2135 2407 bet,
2178 2359 2281 2396 non
2318 2344 2580 2413 partibus,
2617 2345 2708 2400 sed
2746 2354 2855 2400 tota
2901 2348 2982 2401 sui
3023 2351 3390 2421 magnitudine
3419 2354 3618 2411 retine—

2025 2433 2120 2488 bit.
2150 2430 2258 2488 Nec
2288 2434 2416 2488 illud
2445 2432 2663 2490 dubium
2693 2446 2776 2491 est
2805 2435 2932 2507 quin
2960 2438 3013 2492 in
3038 2440 3285 2508 partibus
3316 2444 3427 2497 suis
3452 2459 3619 2516 genus

2025 2527 2221 2583 habeat
2262 2528 2693 2598 contrarietates,
2746 2539 2802 2585 ut
2851 2529 3048 2586 animal
3100 2526 3151 2587 in
3200 2532 3418 2591 homine
3461 2532 3618 2598 habet

2022 2622 2518 2689 rationabilitatem,
2552 2621 2605 2678 ln
2640 2622 2774 2678 bove
2804 2638 2945 2680 vero
2962 2627 3312 2681 contrarium.
3344 2618 3447 2683 Sed
3479 2636 3618 2690 nunc

2023 2729 2128 2768 non
2175 2714 2241 2769 de
2276 2714 2560 2786 speciebus
2593 2715 2883 2785 qumrimus
2914 2715 2981 2771 de
3019 2717 3211 2788 quibus
3242 2727 3450 2775 conStat
3480 2723 3619 2791 quod

2022 2805 2221 2862 dictum
2254 2816 2357 2873 est,
2395 2807 2491 2861 sed
2531 2822 2597 2861 an
2634 2808 2808 2877 ipsum
2841 2823 2938 2877 per
2966 2824 3025 2864 se
3053 2824 3219 2881 genus
3250 2827 3339 2866 eas
3366 2813 3618 2869 differen-

2021 2899 2144 2963 tias,
2175 2914 2307 2968 quas
2338 2899 2543 2955 habent
2558 2900 2786 2969 species,
2823 2899 3022 2955 habere
3061 2903 3249 2970 possit,
3282 2913 3439 2973 atque
3481 2908 3617 2963 intra

2021 3006 2130 3045 suae
2152 2992 2466 3046 substantim
2496 2992 2753 3047 ambitum
2776 2990 3053 3047 continere
3080 3011 3091 3045 :
3123 2991 3261 3047 hanc
3290 2996 3446 3063 igitur
3474 3013 3619 3065 qua:-

2022 3084 2250 3137 stionem
2276 3082 2374 3153 tali
2410 3082 2621 3138 ratione
2659 3081 3039 3138 dissolvimus:
3071 3083 3253 3139 Potest
3279 3085 3536 3156 quidlibet
3566 3088 3616 3142 id

2023 3174 2164 3245 quod
2196 3184 2277 3229 est
2307 3189 2414 3229 non
2439 3189 2577 3244 esse,
2611 3176 2705 3231 sed
2735 3175 2842 3231 alio
2870 3174 3032 3231 modo
3058 3181 3201 3246 eSse,
3232 3177 3337 3233 alio
3362 3192 3487 3234 vero
3515 3197 3617 3240 non

396 3272 535 3340 Quas
554 3273 706 3326 etiam
729 3270 1125 3325 delerminantes
1150 3270 1364 3323 dicunt:
1391 3268 1695 3338 Di/ferenlia
1717 3280 1788 3325 est
1810 3288 1911 3339 qua
1943 3267 1989 3329 C
2019 3284 2159 3335 esse,
2186 3278 2243 3325 ut
2270 3268 2519 3325 Socrates
2546 3286 2666 3325 cum
2700 3279 2828 3338 stat,
2859 3278 2913 3325 et
2942 3269 3092 3325 sedet
3118 3278 3171 3326 et
3192 3285 3295 3326 non
3329 3273 3500 3341 sedet,
3534 3288 3617 3328 se-

321 3368 536 3423 abundat
580 3365 771 3439 species
799 3383 830 3419 a
858 3380 1058 3437 genere.
1100 3363 1271 3417 Homo
1301 3360 1436 3416 enim
1465 3363 1525 3416 ab
1557 3364 1770 3418 animali
1796 3366 1911 3435 plus

320 3462 463 3515 habet
502 3458 757 3513 rationale
802 3467 848 3511 et
894 3453 1154 3510 mortale:
1181 3455 1375 3508 animal
1403 3454 1537 3508 enim
1578 3455 1745 3525 ipsum
1783 3452 1913 3509 nihil

320 3552 500 3608 horum
524 3562 617 3618 est,
649 3568 767 3605 nam
794 3551 928 3605 unde
958 3549 1199 3603 haberent
1230 3547 1415 3617 species
1444 3546 1799 3613 di/I’erentias?
1824 3564 1913 3601 nec

318 3649 447 3703 enim
475 3663 649 3702 omnes
677 3645 941 3715 appositas
971 3642 1141 3711 habet,
1180 3658 1398 3711 namque
1426 3640 1561 3695 idem
1586 3640 1740 3695 simul
1762 3637 1915 3696 habe-

316 3739 384 3795 bit
422 3739 709 3810 oppositas,
753 3734 844 3791 sed
893 3733 1321 3805 quemadmodum
1381 3733 1621 3801 probant,
1674 3740 1915 3803 potestate

314 3834 522 3903 quidem
566 3831 715 3883 habet
751 3846 921 3882 omnes
952 3827 1261 3895 (li/Terentius
1290 3826 1379 3880 sub
1409 3844 1483 3895 se,
1511 3836 1627 3879 actu
1658 3844 1772 3881 vero
1798 3826 1916 3881 nul-

314 3925 445 3979 lam.
469 3921 537 3977 Et
562 3921 635 3976 sic
657 3936 749 3975 nec
775 3937 837 3975 ex
863 3919 942 3973 his
971 3936 1084 3989 qua:
1109 3936 1206 3973 non
1234 3928 1373 3986 sunt,
1406 3919 1604 3990 aliquid
1628 3919 1707 3987 ﬁt,
1740 3934 1831 3973 nec
1859 3921 1912 3972 in

312 4018 495 4071 eodem
524 4014 684 4069 simul
712 4012 946 4084 opposita
968 4022 1134 4067 erunt.

382 4108 686 4180 Speciticas
710 4106 1042 4161 din‘erentias
1068 4106 1387 4161 difﬁnitione
1410 4103 1702 4169 concludit,
1730 4104 1916 4159 dicens

309 4200 693 4260 substantiales
716 4198 1047 4254 differentias
1072 4214 1101 4252 a
1130 4197 1450 4269 quihusdam
1476 4196 1567 4251 tali
1594 4196 1909 4267 descriptio-

308 4295 394 4350 nis
415 4294 625 4350 ratione
647 4291 884 4347 difﬁniri.
910 4290 1221 4346 Ditferentia
1245 4290 1489 4361 specifica
1514 4299 1599 4344 est
1621 4306 1723 4360 qua
1740 4290 1909 4345 abun-

307 4389 404 4443 dat
438 4388 649 4457 species
678 4401 706 4439 a
737 4399 955 4455 genere,
986 4384 1045 4439 fit
1069 4384 1213 4440 enim
1252 4399 1421 4454 genus
1448 4384 1668 4448 animal,
1698 4383 1905 4453 species

308 4481 506 4538 homo:
528 4479 688 4535 habet
708 4479 867 4549 igitur
887 4479 1045 4533 homo
1066 4478 1395 4534 ditferentias
1414 4478 1465 4532 in
1481 4493 1563 4543 se,
1586 4494 1705 4548 qua:
1726 4478 1897 4547 ipsum

309 4570 643 4627 constituunt
689 4570 955 4625 rationale
1002 4580 1160 4641 atque
1205 4570 1433 4625 mortale
1472 4587 1486 4622 :
1530 4569 1707 4626 omnis
1753 4571 1893 4624 enim

2017 3360 2107 3417 det
2131 3360 2342 3432 quidem
2368 3368 2651 3431 potestate,
2681 3369 2802 3415 actu
2828 3376 2958 3417 vero
2986 3378 3089 3416 non
3118 3363 3285 3419 sedet.
3312 3362 3443 3419 Cum
3470 3366 3611 3420 cnim

2018 3464 2144 3521 stat,
2179 3453 2520 3510 manifestum
2558 3461 2640 3508 est
2670 3470 2790 3509 eum
2831 3469 2936 3509 non
2981 3470 3141 3526 agere
3172 3456 3491 3524 sessionem,
3524 3456 3615 3515 sed

2018 3548 2194 3619 potius
2238 3547 2413 3603 standi
2464 3542 2911 3603 immobilitatem.
2962 3547 3066 3604 Sed
3114 3563 3299 3603 rursus
3338 3565 3455 3604 cum
3488 3559 3613 3619 Stat,

2016 3640 2189 3705 sedet,
2222 3656 2327 3695 non
2369 3638 2494 3710 quia
2531 3638 2641 3709 jam
2688 3642 2861 3708 sedet,
2891 3641 2983 3696 sed
3012 3641 3135 3711 quia
3172 3642 3360 3696 sedere
3391 3651 3562 3711 potest
3597 3660 3612 3700 :

2019 3732 2093 3786 ita
2130 3741 2253 3787 actu
2284 3731 2499 3801 quidem
2543 3747 2649 3787 non
2686 3732 2860 3798 sedet,
2895 3741 3157 3804 potestate
3185 3749 3316 3789 vero
3346 3734 3515 3790 sedet.
3549 3735 3613 3795 Et

2020 3840 2179 3881 ovum
2211 3820 2410 3880 animal
2436 3834 2539 3895 est,
2563 3833 2618 3881 et
2643 3841 2748 3880 non
2778 3836 2860 3881 est
2887 3825 3082 3881 animal
3110 3845 3121 3880 :
3146 3841 3251 3881 non
3282 3837 3364 3884 est
3393 3828 3611 3899 quidem

2020 3918 2217 3972 animal
2245 3924 2385 3984 actu,
2414 3917 2589 3972 adhuc
2622 3932 2848 3987 namque
2878 3933 3035 3971 ovum
3068 3922 3173 3984 cst,
3200 3934 3299 3975 nec
3328 3919 3380 3973 in
3408 3920 3612 3973 anima-

2019 4011 2086 4066 lis
2117 4013 2379 4081 processit
2401 4011 2837 4074 vivificationem,
2867 4009 2961 4064 sed
2990 4011 3127 4063 idem
3160 4019 3243 4065 est
3270 4020 3472 4065 tantum
3499 4015 3611 4066 ani-

1998 4102 2127 4175 mal
2161 4110 2426 4171 potestate
2452 4117 2466 4155 :
2492 4103 2613 4171 quia
2637 4108 2809 4171 potest
2839 4100 2975 4155 efﬁci
2999 4101 3215 4167 animal,
3240 4117 3358 4155 cum
3384 4101 3609 4157 formam

2018 4212 2083 4250 ac
2112 4196 2346 4265 speciem
2394 4192 2769 4249 viviﬁcationis
2818 4195 3105 4265 acceperit.
3146 4193 3217 4248 Ita
3251 4192 3410 4265 igitur
3445 4210 3611 4266 genus

2017 4285 2174 4342 habet
2204 4287 2303 4342 has
2339 4285 2670 4342 differentias
2708 4297 2762 4341 et
2801 4302 2908 4341 non
2953 4286 3130 4353 habet,
3162 4301 3265 4341 non
3301 4285 3461 4341 habet
3489 4286 3609 4356 qui-

2010 4381 2134 4436 dem
2166 4392 2310 4450 actu,
2338 4381 2430 4437 sed
2464 4382 2624 4437 habet
2653 4391 2938 4452 potestate.
2968 4382 3024 4439 Si
3051 4384 3193 4438 enim
3227 4381 3398 4452 ipsum
3431 4398 3523 4452 per
3549 4398 3608 4439 se

2005 4474 2206 4527 animal
2230 4473 2623 4537 consideretur,
2649 4472 2977 4527 differentias
3002 4489 3106 4528 non
3139 4473 3318 4527 habet.
3345 4472 3399 4528 Si
3425 4483 3604 4530 autem

2006 4564 2073 4621 ad
2105 4564 2311 4635 species
2341 4564 2647 4629 reducatur,
2680 4564 2877 4619 habere
2904 4574 3101 4633 potest,
3131 4565 3221 4619 sed
3251 4564 3600 4629 distributim,

306 4661 518 4730 species
540 4661 912 4717 constitutivas
942 4639 1131 4716 form—te
1160 4676 1271 4717 sua:
1298 4662 1630 4717 differentias
1654 4662 1708 4716 in
1732 4678 1790 4716 se
1818 4677 1905 4718 re-
1933 4639 1988 4700 Ῑ)
2010 4668 2173 4727 atque
2203 4667 2260 4710 ut
2284 4658 2399 4726 ejus
2424 4657 2707 4725 speciebus
2730 4656 3017 4724 separatim
3052 4654 3180 4709 nihil
3205 4658 3368 4723 possit
3393 4657 3607 4712 evenire

310 4755 466 4819 tinet,
492 4769 589 4810 nec
612 4762 809 4825 praeter
836 4754 959 4809 illas
987 4770 1106 4811 esse
1137 4764 1332 4824 potest,
1358 4770 1583 4825 quarum
1607 4770 1901 4826 congrega-

311 4843 460 4899 tione
503 4846 734 4915 perfecta
781 4855 885 4901 est.
937 4846 995 4902 Si
1042 4846 1207 4915 igitur
1244 4848 1439 4901 animal
1478 4847 1690 4917 quidem
1725 4849 1899 4903 solum

301 4950 473 5006 genus
506 4946 606 5005 est,
651 4939 817 4993 homo
846 4952 975 4993 vero
1010 4946 1093 4992 est
1125 4937 1322 5015 animal
1352 4937 1612 4993 rationale
1651 4939 1897 5017 mortale,

304 5027 421 5097 plus
471 5028 630 5085 habet
673 5032 839 5085 homo
874 5030 943 5085 ab
983 5030 1200 5085 animali
1241 5032 1291 5085 id
1336 5031 1475 5102 quod
1516 5031 1778 5087 rationale
1818 5040 1900 5087 est

302 5128 460 5188 atque
484 5121 729 5177 mortale.
764 5122 880 5190 Quo
922 5122 1086 5193 igitur
1128 5122 1361 5177 abundat
1391 5124 1598 5192 species
1626 5139 1651 5174 a
1680 5140 1898 5194 genere,

302 5208 356 5263 id
382 5220 467 5266 est
489 5228 594 5281 quo
617 5223 834 5281 superat
852 5228 1044 5284 genus,
1070 5222 1125 5269 et
1145 5229 1251 5283 quo
1283 5216 1397 5283 plus
1429 5216 1589 5269 habet
1620 5231 1648 5269 a
1673 5231 1891 5283 genere,

298 5300 403 5357 hoc
454 5313 537 5357 est
584 5304 834 5371 specifica
883 5304 1222 5362 differentia?
1264 5306 1368 5360 Sed
1418 5306 1544 5359 huic
1590 5306 1894 5361 dittinitioni

292 5392 551 5465 quaedam
597 5398 817 5463 quaestio
854 5399 1069 5455 videtur
1113 5413 1419 5467 occurrere,
1457 5398 1663 5451 habens
1709 5399 1900 5465 princi-

297 5486 450 5556 pium
485 5500 551 5539 ex
582 5484 792 5542 duabus
834 5491 1286 5559 proliositionibus
1332 5508 1428 5562 per
1476 5505 1536 5545 se
1582 5491 1720 5545 notis
1756 5509 1767 5543 :
1801 5509 1899 5547 una

294 5576 541 5649 quidem,
574 5576 827 5647 quoniam
873 5586 976 5635 duo
1024 5582 1288 5637 contraria
1328 5583 1381 5637 in
1422 5578 1613 5637 eodem
1648 5596 1766 5636 esse
1797 5598 1899 5639 non

227 5736 236 5753 ὁ
298 5678 525 5739 possunt
556 5687 568 5721 :
594 5668 704 5724 alia
735 5683 881 5739 vero,
915 5673 1167 5741 quoniam
1195 5689 1259 5728 ex
1302 5674 1469 5727 nihilo
1500 5672 1631 5728 nihil
1660 5672 1736 5727 fit.
1768 5672 1900 5731 Nam

303 5777 471 5831 neque
500 5760 781 5819 contraria
812 5759 923 5831 pati
953 5775 1075 5818 sese
1102 5772 1339 5833 possunt,
1369 5773 1422 5818 ut
1453 5765 1504 5818 in
1530 5765 1718 5819 eodem
1744 5764 1900 5821 simul

303 5854 425 5921 sint,
471 5869 572 5911 nec
618 5853 823 5923 aliquid
865 5869 934 5923 es
978 5852 1145 5909 nihilo
1175 5853 1284 5909 fieri
1325 5864 1494 5926 potest
1525 5876 1538 5915 :
1567 5872 1727 5914 omne
1756 5856 1898 5912 enim

2011 4749 2359 4804 contrarium.
2411 4748 2482 4801 Ita
2527 4748 2697 4817 ipsum
2728 4761 2896 4816 genus
2941 4747 2985 4799 si
3029 4761 3120 4815 per
3151 4760 3209 4801 se
3238 4746 3606 4801 consideretur

2009 4841 2324 4897 differentiis
2352 4850 2498 4895 caret
2532 4858 2543 4893 :
2580 4840 2720 4909 quod
2759 4840 2802 4893 si
2846 4836 2912 4893 ad
2956 4838 3163 4909 species
3207 4832 3465 4895 referatur
3511 4856 3605 4909 per

2009 4933 2318 4987 distributas
2357 4932 2582 5003 species,
2617 4931 2759 4985 velut
2809 4933 2858 4984 in
2903 4929 3144 4999 partibus
3183 4930 3292 4984 suis
3334 4932 3605 4985 contraria

2010 5024 2277 5089 retinebit,
2306 5033 2465 5094 atque
2494 5024 2565 5078 ita
2604 5039 2701 5078 nec
2745 5038 2808 5077 ex
2853 5022 3020 5076 nihilo
3050 5033 3306 5075 venerunt
3339 5022 3598 5076 differen-

2010 5116 2095 5170 tia:
2121 5132 2251 5185 quas
2280 5131 2445 5187 genus
2474 5115 2668 5169 retinet
2696 5123 2981 5183 potestate,
3008 5129 3103 5167 nec
3134 5120 3357 5180 utraque
3385 5120 3603 5163 contra-

2005 5209 2079 5261 ria
2114 5207 2166 5260 in
2199 5206 2385 5261 eodem
2419 5214 2561 5273 sunt,
2597 5221 2714 5259 cum
2758 5205 3054 5259 contrarias
3095 5199 3422 5256 differentias
3456 5198 3507 5253 in
3539 5216 3603 5255 eo

2004 5298 2144 5369 quod
2179 5297 2370 5352 dicitur
2400 5313 2587 5367 genus,
2620 5304 2741 5349 actu
2783 5311 2887 5349 non
2930 5295 3123 5347 haheat
3157 5310 3170 5345 :
3204 5289 3603 5359 impossibilitas

2004 5391 2146 5445 enim
2180 5390 2297 5459 ejus
2326 5388 2703 5458 pr0positionis
2728 5402 2847 5456 quze
2878 5385 3006 5439 dicit
3030 5382 3295 5436 contraria
3329 5380 3380 5436 in
3410 5381 3599 5436 eodem

2003 5497 2124 5536 esse
2149 5496 2252 5535 non
2281 5496 2455 5550 posse,
2489 5481 2539 5534 in
2573 5494 2638 5534 eo
2670 5478 2915 5533 consistit
2938 5474 3078 5547 quod
3107 5475 3376 5529 contraria
3398 5483 3515 5529 actu
3547 5475 3601 5531 in

2003 5571 2191 5628 eodem
2224 5585 2346 5626 esse
2376 5588 2481 5624 non
2514 5579 2756 5641 possunt.
2797 5570 2925 5623 Nam
2963 5576 3247 5639 potestate,
3272 5576 3323 5623 et
3350 5584 3452 5623 non
3482 5560 3601 5629 actu

2003 5664 2111 5719 duo
2134 5665 2397 5718 contraria
2437 5662 2488 5715 in
2522 5659 2708 5715 eodem
2736 5675 2855 5716 esse
2881 5660 3012 5714 nihil
3042 5658 3283 5731 impedit.
3319 5661 3446 5729 Quae
3473 5677 3598 5717 vero

2005 5771 2103 5809 nos
2142 5753 2409 5809 contraria
2451 5752 2704 5821 diximus,
2752 5751 3076 5822 Porphyrius
3124 5754 3365 5824 apposita
3398 5766 3599 5809 nuncu-

2006 5851 2167 5922 pavit.
2218 5850 2310 5907 Est
2339 5850 2481 5907 enim
2516 5864 2685 5920 genus
2726 5848 2983 5907 contrarii
3033 5851 3335 5922 oppositum
3370 5866 3383 5903 :
3418 5840 3596 5904 omnia
