4244 6254
622 393 718 448 f2?

1849 384 1958 445 AN.
2000 382 2209 442 MANL.
2253 380 2404 442 δην.
2449 377 2672 436 ΒΟΕἸῚΙ

3810 380 3905 440 123

620 503 762 558 enim
793 496 1080 561 contraria,
1111 495 1156 549 si
1195 494 1541 566 sibimetipsis
1575 492 2008 558 considerentur,
2046 507 2216 563 Oppo-
2244 496 2294 556 Α
2325 491 2615 562 perficitur.
2649 491 2823 561 Atque
2849 503 2909 545 ea
2940 489 3152 562 quidem
3182 505 3300 560 quas
3327 481 3768 564 corporea'sunt,
3793 514 3906 555 ma-

620 596 719 648 sita
743 598 883 644 sunt.

691 683 954 748 Deﬁniunt
994 690 1161 734 autem
1201 691 1247 734 et
1286 679 1383 732 hoc
1425 681 1578 734 modo
1611 695 1629 733 :
1664 678 1969 746 lli/ferentia
1999 686 2072 730 est
2103 692 2218 746 quae

623 776 683 828 de
714 774 941 842 pluribus
972 782 1020 828 et
1047 773 1398 841 di/j‘erentibus
1429 773 1594 844 specie
1625 772 1675 824 in
1707 788 1765 824 eo
1797 770 1934 841 quod
1969 771 2122 840 quale
2151 770 2217 822 sit

623 867 968 937 praedicatur:
996 865 1245 919 rationale
1275 865 1409 918 enim
1441 876 1486 918 et
1517 863 1731 917 mortale
1761 862 1821 915 de
1854 862 2052 915 homine
2083 876 2218 929 pra!-

622 961 846 1014 dicatum
874 960 922 1012 in
949 974 1006 1013 eo
1035 959 1172 1028 quod
1199 958 1350 1028 quale
1376 966 1447 1013 est
1488 959 1639 1011 homo
1666 956 1875 1021 dicitur,
1907 955 1996 1009 scd
2039 970 2138 1008 non
2166 955 2219 1008 in

621 1069 679 1108 eo
708 1053 842 1122 quod
874 1052 992 1120 quid
1025 1060 1095 1106 est
1121 1066 1137 1104 :
1167 1051 1413 1120 quidnam
1449 1051 1582 1104 enim
1613 1058 1682 1104 est
1711 1049 1864 1104 homo
1894 1049 2220 1120 interrogatis

623 1145 798 1210 nobis,
829 1143 1130 1199 conveniens
1159 1150 1234 1198 est
1275 1143 1471 1210 dicere,
1505 1142 1701 1196 animal
1724 1157 1742 1196 :
1764 1142 1913 1213 quale
1943 1149 2109 1195 autem
2139 1156 2222 1194 re-

621 1237 828 1307 quisiti,
879 1236 1131 1292 rationale
1184 1245 1231 1290 et
1281 1235 1530 1302 mortale,
1582 1234 1938 1289 convenienter
1989 1234 2223 1305 assigna-

623 1329 806 1383 bimus.

696 1421 827 1476 Tres
855 1429 978 1476 sunt
1008 1421 1455 1491 interrogationes
1501 1417 1568 1474 ad
1599 1433 1730 1488 quas
1756 1433 1957 1489 genus,
1991 1418 2218 1489 species,

623 1509 954 1577 diﬁ‘ercntia,
995 1512 1268 1582 proprium
1294 1556 1308 1580 ,
1345 1518 1505 1581 atque
1550 1509 1801 1566 accidens
1842 1510 2220 1580 respondetur,

623 1599 708 1654 hae
739 1607 915 1656 autem
937 1607 1071 1656 sunt
1104 1618 1114 1653 :
1147 1599 1270 1669 quid
1304 1599 1392 1666 sit,
1427 1599 1585 1670 quale
1615 1600 1704 1664 sit,
1739 1599 2008 1670 quomodo
2034 1614 2091 1654 se
2122 1599 2219 1654 ha-

623 1693 732 1748 bet.
763 1693 892 1756 Nam
916 1694 959 1747 si
985 1694 1104 1764 quis
1127 1694 1422 1762 interroget
1446 1691 1572 1762 quid
1599 1702 1680 1746 est
1708 1691 1978 1757 Socrates,
1999 1706 2224 1760 respon-

625 1785 754 1844 dere
785 1800 879 1855 per
914 1800 1084 1854 genus
1116 1800 1178 1840 ac
1206 1785 1441 1854 speciem
1474 1785 1726 1839 convenit
1753 1793 1844 1838 aut
1868 1783 2096 1846 animal,
2130 1791 2222 1836 aut

2320 578 2571 636 nifestum
2597 589 2679 635 est
2701 595 2763 636 ex
2789 580 3010 635 materia
3041 581 3318 652 formaque
3340 583 3632 639 subsistere
3657 602 3671 640 :
3697 601 3759 642 ea
3777 603 3906 647 vero

2317 687 2438 745 quae
2483 680 2608 727 sunt
2656 671 3045 742 incorporalia,
3093 674 3159 727 ad
3208 675 3616 732 similitudinem
3670 680 3909 735 materiae

2321 772 2478 834 atque
2501 763 2687 818 forma:
2709 763 2907 818 habent
2933 766 3295 834 superpositas
3319 766 3527 835 priores
3555 768 3909 840 antiquiores-

2321 873 2426 928 que
2447 867 2680 926 naturas,
2703 873 2864 928 super
2885 873 3020 929 quas
3043 858 3356 916 diﬁ'erentize
3374 861 3652 918 venientes
3671 863 3909 922 efﬁciunt

2323 950 2542 1021 aliquid.
2576 949 2715 1021 quod
2742 950 2930 1006 eodem
2963 951 3124 1006 modo
3150 951 3287 1008 sicut
3308 967 3502 1022 corpus
3521 995 3534 1018 ,
3569 962 3819 1026 tanquam
3846 972 3911 1012 ex

2324 1043 2546 1122 materia
2575 1057 2635 1096 ac
2664 1041 2828 1112 ﬁgura
2853 1044 3148 1099 consistere
3175 1043 3437 1112 videatur,
3467 1053 3524 1100 ut
3556 1045 3605 1100 in
3634 1061 3830 1116 genere
3851 1062 3913 1103 ac

2324 1134 2531 1204 specie,
2566 1134 2761 1190 additis
2799 1134 2982 1206 generi
3011 1134 3326 1192 differentiis
3353 1137 3562 1208 species
3590 1139 3778 1194 effecta
3807 1149 3909 1196 est.

2324 1225 2393 1283 Ut
2421 1227 2580 1297 igitur
2605 1235 2687 1282 est
2717 1228 2768 1282 in
2810 1227 3033 1284 Achillis
3063 1236 3268 1294 statua,
3315 1245 3384 1285 es
3429 1230 3642 1302 quidem
3690 1233 3913 1289 materia

2325 1327 2404 1372 est
2423 1359 2437 1385 ,
2469 1319 2638 1373 forma
2664 1333 2790 1373 vero
2818 1318 3043 1374 Achillis
3071 1320 3297 1391 qualitas
3320 1366 3333 1390 ,
3368 1330 3419 1377 et
3446 1320 3686 1391 quaedam
3717 1321 3913 1393 ﬁgura,

2325 1423 2390 1462 ex
2419 1408 2612 1479 quibus
2637 1408 2867 1464 efﬁcitur
2895 1409 3117 1465 Achillis
3144 1420 3338 1477 statua,
3371 1427 3492 1484 qua:
3523 1412 3759 1483 subjecta
3785 1429 3914 1470 sen-

2327 1500 2474 1556 sibus
2525 1501 2776 1570 capitur:
2813 1501 2883 1555 ita
2930 1501 3088 1556 etiam
3137 1502 3187 1557 in
3229 1503 3410 1573 specie
3451 1519 3570 1575 qua:
3599 1513 3683 1560 est
3731 1507 3913 1573 homo,

2327 1592 2549 1648 materia
2581 1592 2798 1663 quidem
2831 1594 2948 1664 ejus
2979 1609 3148 1664 genus
3177 1606 3259 1650 est
3288 1596 3427 1667 quod
3459 1607 3540 1653 est
3570 1598 3798 1664 animal,
3831 1600 3915 1655 cui

2325 1685 2712 1752 superveniens
2737 1685 2968 1753 qualitas
3001 1687 3296 1752 rationalis,
3330 1689 3524 1742 animal
3554 1690 3833 1758 rationale,
3865 1692 3916 1748 id

2280 1848 2284 1851 _
2329 1786 2413 1831 est
2445 1778 2676 1846 speciem
2711 1777 2857 1832 facit.
2892 1779 3052 1848 Igitur
3079 1781 3274 1849 speciei
3307 1783 3525 1836 materia
3567 1783 3808 1852 qutedam
3838 1791 3918 1841 est

589 1868 602 1882 ’
627 1876 810 1930 homo.
859 1875 912 1930 Si
955 1875 1074 1945 quis
1104 1875 1374 1945 quomodo
1403 1890 1460 1930 se
1492 1874 1688 1930 habeat
1715 1874 1963 1929 Socrates
1994 1873 2221 1928 interro-
2253 1867 2301 1927 B
2327 1882 2495 1938 genus
2522 1887 2536 1924 :
2567 1869 2738 1923 forma
2770 1883 2920 1935 vero,
2948 1870 3098 1939 quasi
3125 1871 3396 1940 qualitatis
3423 1872 3741 1929 differentia.
3767 1875 3918 1943 Quod

625 1983 740 2045 get,
768 1973 888 2043 jure
919 1973 1169 2028 accidens
1201 1973 1581 2043 respondetur,
1615 1974 1664 2027 id
1707 1981 1789 2027 est
1816 1983 1904 2028 aut
1948 1973 2098 2026 sedet
2126 1979 2218 2026 aut

625 2064 781 2135 legit,
819 2074 871 2120 et
902 2073 1114 2121 caetera.
1148 2065 1204 2120 Si
1244 2065 1362 2135 quis
1392 2080 1523 2120 vero
1556 2065 1725 2132 qualis
1762 2065 1831 2117 sit
1860 2063 2111 2119 Socrates
2141 2064 2222 2118 in-

627 2165 884 2225 terroget,
917 2166 1005 2211 aut
1037 2155 1362 2224 differentia,
1395 2165 1487 2212 aut
1517 2157 1812 2227 proprium,
1848 2164 1940 2210 aut
1970 2155 2221 2211 accidens

628 2247 1063 2316 respondebitur,
1091 2248 1142 2302 id
1175 2257 1258 2303 est
1280 2248 1361 2302 vel
1393 2247 1670 2302 rationalis
1691 2293 1704 2315 ,
1737 2247 1818 2301 vel
1851 2245 2102 2312 risibilis,
2136 2246 2221 2302 vel

627 2342 831 2398 calvus.
878 2343 984 2400 Sed
1036 2344 1088 2397 in
1139 2344 1356 2413 proprio
1398 2342 1616 2411 quidem
1664 2341 1755 2396 illa
1794 2349 1876 2395 est
1916 2339 2223 2395 observatio

628 2436 770 2506 quod
800 2437 930 2492 illud
955 2437 1229 2507 proprium
1261 2436 1363 2492 dici
1395 2443 1609 2505 potest,
1638 2432 1778 2506 quod
1809 2433 1876 2488 de
1915 2447 2017 2488 una
2049 2434 2227 2503 specie

628 2528 988 2596 praedicatur:
1023 2528 1273 2582 accidens
1308 2541 1435 2582 vero
1468 2526 1572 2581 tale
1606 2536 1687 2580 est
1731 2527 1875 2594 quod
1919 2523 2226 2595 qualitatem

628 2619 875 2689 designat
914 2636 1032 2691 quae
1067 2634 1175 2674 non
1202 2620 1554 2674 substantiam
1597 2619 1880 2689 signiﬁcat.
1917 2616 2226 2672 Differentia

630 2726 758 2766 vero
788 2711 908 2766 talis
939 2721 1040 2778 est,
1074 2727 1191 2782 qua:
1221 2711 1572 2766 substantiam
1603 2711 1954 2765 demonstret.
1990 2710 2227 2764 Interro-

631 2804 775 2872 gauli
824 2804 980 2873 igitur
1026 2802 1201 2874 qualis
1251 2818 1581 2873 unaquzeque
1633 2817 1720 2857 res
1761 2803 1865 2869 sit,
1907 2800 1951 2855 si
1983 2799 2229 2855 volumus

633 2895 864 2952 reddere
896 2896 1207 2950 substantiae
1239 2894 1548 2965 qualitatem
1585 2893 1941 2948 differentiam
1974 2892 2228 2962 praedica-

631 3002 769 3042 mus.
795 2986 926 3052 Quae
956 2985 1259 3041 differentia
1289 3000 1558 3055 nunquam
1588 2985 1653 3052 de
1675 3000 1778 3039 una
1806 2993 2012 3038 tantum
2044 2985 2229 3053 specie

630 3078 969 3149 prrdicatur,
1001 3087 1056 3132 ut
1085 3077 1310 3132 mortale
1334 3078 1417 3132 vel
1446 3077 1732 3145 rationale,
1757 3078 1851 3143 sed
1875 3077 1940 3131 de
1967 3076 2226 3146 pluribus.

631 3169 783 3238 Quod
817 3171 974 3239 igitur
1005 3170 1070 3223 de
1099 3169 1340 3238 pluribus
1370 3169 1656 3238 speciebus
1695 3170 1834 3224 inter
1871 3185 1930 3224 se
1971 3168 2224 3225 differen-

633 3235 773 3315 tibus
807 3235 1125 3328 praedicatur
1147 3260 1212 3313 ad
1239 3275 1355 3314 eam
1388 3235 1866 3329 interrogationem
1884 3304 1897 3327 ,
1935 3276 2053 3330 qua:
2074 3261 2229 3331 quale
2256 3235 2302 3299 Ο

631 3355 702 3410 sit
731 3354 778 3408 id
811 3354 876 3407 de
907 3367 1015 3421 quo
1046 3353 1304 3422 quaeritur
1334 3354 1662 3422 interrogat,
1693 3367 1754 3406 ea
1785 3362 1867 3406 est
1895 3351 2228 3422 differentia,

632 3444 784 3513 cujus
808 3443 973 3505 talem
999 3444 1172 3512 posuit
1195 3443 1274 3498 dif
1279 3443 1575 3498 ﬁnitionem
1603 3460 1614 3496 :
1646 3443 1959 3499 Differentia
1985 3453 2065 3498 est
2088 3444 2229 3514 quod

633 3536 701 3590 de
744 3534 980 3603 pluribus
1027 3535 1208 3604 specie
1256 3534 1628 3589 differentibus
1679 3534 1730 3588 in
1781 3549 1846 3590 eo
1886 3534 2026 3605 quod
2076 3535 2232 3604 quale

635 3625 762 3695 quid
801 3626 870 3680 sit
913 3625 1262 3695 praedicatur;
1307 3625 1460 3696 cujus
1505 3625 1841 3681 difﬁnitionis
1885 3641 2101 3681 causam
2147 3642 2234 3682 ra-

638 3719 945 3787 tionemque
973 3726 1304 3787 pertractans
1333 3719 1407 3773 ait
1436 3736 1446 3770 :

709 3807 876 3861 Rebus
901 3809 1033 3861 enim
1073 3825 1134 3862 ex
1159 3809 1370 3863 materia
1400 3817 1448 3863 et
1472 3811 1638 3880 forma
1664 3810 2029 3876 constantibus,
2060 3811 2135 3864 vel
2165 3812 2232 3863 ad

635 3903 1022 3958 similitudinem
1052 3905 1530 3974 praportionemque
1562 3905 1790 3958 materia:
1818 3914 1864 3958 et
1906 3905 2086 3975 forma:
2115 3921 2236 3959 con-

638 3997 951 4051 stitutionem
984 3997 1304 4065 habentibus,
1337 4001 1770 4072 quemadmodum
1796 4011 1967 4055 statua
1989 4017 2052 4054 ea:
2078 4009 2240 4054 mate-

639 4089 715 4141 ria
745 4090 948 4158 quidem
979 4101 1050 4143 est
1076 4107 1221 4155 a’rw,
1264 4096 1430 4162 forma
1459 4102 1627 4146 autem
1664 4092 1832 4162 ﬁgura
1856 4107 1874 4146 :
1902 4093 1974 4146 sic
2015 4102 2059 4144 et
2087 4091 2239 4144 homo

640 4181 924 4232 communis
957 4191 1002 4234 et
1029 4183 1288 4251 specialis,
1315 4199 1379 4235 ea:
1405 4184 1618 4235 materia
1648 4182 1858 4252 quidem
1886 4183 2241 4253 proportione-

642 4269 808 4322 biliter
829 4271 1058 4322 consistit
1085 4286 1264 4340 genere
1287 4286 1304 4324 :
1334 4287 1395 4324 ex
1416 4276 1585 4341 forma
1609 4283 1777 4325 autem
1801 4272 2092 4338 ili/ferentia
2113 4312 2127 4335 ,
2161 4281 2240 4323 to-

643 4374 751 4418 tum
782 4373 946 4417 autem
991 4365 1087 4417 Itoc
1129 4366 1321 4417 animal
1361 4364 1612 4418 rationale
1653 4367 1900 4431 mortale,
1942 4366 2090 4418 homo
2130 4374 2240 4431 est,

643 4456 1072 4524 quemadmodum
1106 4467 1293 4510 statua.

718 4547 862 4600 Dixit
906 4548 1150 4616 superius
1199 4547 1526 4603 differentias
1567 4562 1688 4603 esse
1728 4564 1848 4618 qua:
1897 4548 1948 4603 in
1989 4549 2244 4619 qualitate

2329 1959 2593 2031 estigitur
2621 1960 2672 2014 in
2705 1968 2876 2014 statua
2905 1975 2997 2026 aes,
3029 1961 3128 2015 hoc
3153 1970 3235 2015 est
3257 1961 3309 2016 in
3339 1963 3517 2032 specie
3545 1979 3712 2033 genus
3737 1983 3750 2018 :
3777 1968 3920 2036 quod

2326 2055 2379 2107 in
2413 2059 2587 2105 statua
2620 2053 2786 2121 figura
2814 2050 3158 2106 conformans
3178 2093 3190 2114 ,
3221 2052 3274 2106 id
3309 2053 3360 2106 in
3392 2054 3570 2122 specie
3598 2055 3918 2115 differentia.

2299 2143 2481 2210 Quod
2509 2144 2560 2197 in
2593 2151 2763 2197 statua
2797 2152 2880 2199 est
2906 2143 3018 2212 ipsa
3049 2151 3247 2210 statua,
3276 2159 3394 2215 qua:
3425 2160 3487 2199 ex
3511 2159 3617 2201 aere
3650 2147 3921 2220 ﬁguraque

2327 2235 2716 2302 conformatur,
2770 2233 2820 2288 id
2853 2235 2903 2290 in
2935 2235 3115 2305 specie
3154 2244 3234 2290 est
3275 2236 3388 2306 ipsa
3419 2238 3656 2305 species,
3702 2255 3822 2310 quae
3855 2257 3922 2298 ex

2332 2343 2533 2398 genere
2563 2327 2975 2397 differentiaque
3014 2327 3374 2399 conjungitur.
3420 2329 3570 2398 Quod
3610 2332 3653 2386 si
3699 2335 3923 2389 materia

2330 2421 2573 2492 quaedam
2602 2421 2799 2491 speciei
2829 2436 2997 2492 genus
3029 2430 3133 2487 est,
3166 2421 3336 2477 forma
3378 2432 3552 2479 autem
3582 2424 3878 2481 differentia
3905 2444 3919 2482 :

2333 2510 2510 2566 omnis
2536 2527 2665 2567 vero
2693 2512 2859 2566 forma
2889 2512 3119 2584 qualitas
3147 2524 3249 2580 est,
3279 2515 3398 2584 jttre
3425 2517 3599 2572 omnis
3621 2518 3924 2576 differentia

2333 2607 2560 2677 qualitas
2589 2609 2908 2678 appellatur.
2933 2610 3061 2675 Quae
3084 2624 3205 2664 cum
3229 2609 3301 2664 ita
3326 2610 3452 2676 sint,
3477 2612 3596 2683 jure
3624 2613 3675 2667 in
3697 2627 3761 2669 eo
3783 2615 3924 2685 quod

2335 2699 2491 2769 quale
2516 2701 2585 2754 sit
2615 2701 3068 2771 interrogantibus
3091 2702 3462 2769 respondetur.

2410 2790 2716 2846 Describam
2764 2802 2935 2848 autem
2985 2793 3280 2864 ltujusmodi
3335 2795 3679 2863 differentias,
3735 2808 3779 2852 et
3830 2799 3924 2853 hoc

2334 2881 2529 2936 modo:
2560 2881 2866 2950 Di/j'erentia
2895 2895 2967 2937 est
3008 2885 3145 2953 quod
3171 2895 3242 2939 est
3279 2895 3452 2954 aptum
3495 2898 3670 2941 natum
3701 2889 3925 2944 dividere

2335 2989 2392 3026 ea
2425 2988 2540 3042 qua:
2564 2973 2652 3027 sub
2683 2974 2860 3027 eodem
2889 2992 3068 3045 genere
3107 2985 3226 3028 sunt
3256 2992 3276 3029 :
3307 2978 3556 3032 rationale
3598 2982 3734 3034 enim
3771 2992 3818 3036 et
3855 2984 3926 3036 ir-

2333 3063 2585 3119 rationale
2607 3105 2621 3131 ,
2656 3065 2912 3119 hominem
2942 3075 2989 3119 et
3016 3081 3201 3137 equum
3241 3083 3359 3137 qua:
3395 3068 3487 3121 sub
3525 3069 3701 3124 eodem
3744 3089 3928 3141 genere

2338 3169 2454 3213 sunt
2484 3160 2697 3213 animali
2723 3159 2974 3214 dividunt.

2409 3254 2534 3308 llzec
2559 3253 2775 3324 quidem
2806 3254 3050 3312 diffinitio
3078 3270 3197 3311 cum
3237 3257 3306 3312 sit
3346 3257 3538 3313 usitata
3573 3267 3626 3313 et
3653 3268 3776 3314 ante
3800 3275 3929 3316 ocu-

2336 3346 2417 3401 los
2445 3347 2725 3416 exposita:
2759 3362 2876 3402 eam
2910 3356 3085 3403 tamen
3125 3349 3357 3420 exempli
3385 3349 3604 3420 insuper
3631 3351 3748 3406 luce
3778 3367 3928 3410 rese-

2337 3440 2495 3495 ravit.
2545 3439 2746 3496 Omnes
2793 3441 2936 3496 enim
2985 3441 3300 3498 differentim
3367 3443 3568 3499 idcirco
3615 3444 3930 3502 differentiae

2336 3542 2738 3604 nuncupantur,
2771 3535 2893 3602 quia
2926 3537 3135 3606 species
3166 3551 3194 3589 a
3223 3551 3281 3593 se
3311 3536 3530 3592 differre
3557 3537 3774 3604 faciunt,
3800 3555 3931 3610 quas

2338 3643 2504 3683 unum
2535 3642 2703 3696 genus
2734 3628 2988 3696 includit,
3022 3639 3078 3684 ut
3125 3629 3284 3686 homo
3316 3640 3474 3702 atque
3505 3646 3675 3702 equus
3704 3633 3929 3703 propriis

2339 3720 2650 3788 discrepant
2679 3720 2994 3776 differentiis
3023 3741 3033 3775 :
3066 3739 3188 3777 nam
3222 3724 3363 3780 sicut
3393 3724 3554 3780 homo
3593 3726 3787 3780 animal
3827 3734 3932 3792 est,

2340 3811 2411 3867 ita
2444 3812 2604 3866 etiam
2637 3827 2809 3883 equus
2830 3855 2845 3880 ,
2881 3829 3008 3883 ergo
3035 3816 3332 3871 secundum
3365 3831 3533 3886 genus
3583 3816 3728 3871 nullo
3773 3817 3935 3872 modo

2341 3904 2562 3960 distant.
2593 3904 2721 3972 Qua:
2757 3906 2916 3976 igitur
2942 3907 3237 3962 secundum
3267 3922 3434 3977 genus
3465 3907 3609 3962 nullo
3639 3906 3800 3962 modo
3826 3907 3934 3962 dis-

2343 4007 2584 4066 crepant,
2619 4011 2682 4052 ea
2713 3997 3032 4051 differentiis
3062 3997 3478 4052 distribuuntur.
3504 3997 3756 4053 Additum
3790 3997 3934 4052 enim

2344 4087 2608 4141 rationale
2657 4088 2870 4158 quidem
2923 4086 3164 4154 homini,
3221 4089 3528 4143 irrationale
3577 4103 3707 4143 vero
3759 4103 3934 4158 equo,

2345 4195 2514 4249 equus
2556 4189 2717 4248 atque
2763 4179 2921 4232 homo
2963 4193 3082 4246 quae
3127 4178 3227 4232 sub
3254 4179 3441 4234 eodem
3475 4178 3682 4234 fuerant
3718 4193 3939 4247 genere,

2344 4271 2738 4324 distribuuntur
2783 4278 2837 4324 et
2886 4269 3231 4340 discrepant,
3283 4271 3479 4327 additis
3543 4270 3746 4326 scilicet
3790 4268 3941 4324 diffe-

2345 4362 2553 4417 rentiis.

2419 4458 2695 4526 Assignant
2726 4458 2874 4511 etiam
2908 4459 3001 4511 hoc
3027 4458 3177 4511 modo
3205 4474 3222 4512 :
3249 4457 3541 4526 differentia
3576 4468 3681 4524 est,
3714 4474 3813 4528 qua
3840 4456 3944 4527 dif-

2349 4549 2521 4618 ferunt
2556 4567 2586 4602 a
2613 4565 2665 4602 se
2695 4550 2932 4619 singula,
2973 4566 3192 4620 namque
3218 4549 3366 4604 homo
3403 4559 3450 4603 et
3486 4566 3642 4620 equus
3665 4549 3944 4603 secundum

646 4638 842 4707 speciei
865 4637 1285 4709 prtedicarentur
1309 4656 1320 4692 :
1347 4653 1488 4692 nunc
1504 4647 1680 4694 autem
1703 4653 1892 4693 causas
1911 4641 2240 4710 exsequitur,
2272 4608 2324 4670 Β
2353 4659 2512 4714 genus
2544 4661 2641 4696 non
2671 4642 2939 4710 differunt.
2973 4641 3166 4697 Sumus
3193 4643 3328 4696 enim
3349 4643 3600 4695 animalia
3630 4658 3721 4694 nos
3744 4649 3788 4693 et
3814 4641 3946 4694 irra-

648 4743 743 4782 cur
774 4728 968 4796 speciei
1002 4728 1230 4798 qualitas
1274 4727 1574 4783 differentia
1609 4729 1678 4783 sit
1707 4748 1719 4782 :
1753 4730 1985 4796 Omnes,
2036 4731 2242 4800 inquit,

652 4832 738 4870 res
767 4819 849 4869 vel
877 4833 938 4870 ex
974 4820 1195 4872 materia
1228 4821 1504 4890 formaque
1529 4822 1860 4888 consistunt,
1890 4823 1968 4876 vel
2000 4821 2064 4876 ad
2099 4822 2249 4876 simi-

651 4912 933 4966 litudinem
965 4914 1206 4968 materia:
1231 4922 1391 4982 atque
1422 4914 1608 4968 forma:
1637 4917 1990 4970 substantiam
2015 4918 2250 4971 sortiun-

653 5013 757 5058 tur.
807 5003 885 5057 Ex
918 5005 1142 5059 materia
1173 5005 1387 5074 quidem
1419 5005 1696 5076 formaque
1741 5008 2040 5063 subsistunt
2071 5010 2247 5063 omnia

652 5110 987 5166 qumcunque
1014 5106 1138 5150 sunt
1170 5097 1493 5166 corporalia.
1538 5097 1647 5152 Nisi
1678 5101 1818 5156 enim
1848 5101 1918 5154 sit
1946 5099 2249 5168 subjectum

653 5203 848 5257 corpus
897 5189 1042 5259 quod
1072 5188 1333 5258 suscipiat
1379 5191 1638 5256 formam,
1692 5191 1826 5248 nihil
1869 5192 2090 5246 omnino
2133 5207 2252 5248 esse

655 5287 847 5348 potest.
880 5280 935 5334 Si
980 5281 1122 5335 enim
1153 5281 1361 5350 lapides
1394 5297 1498 5337 non
1533 5283 1759 5338 fuissent
1798 5284 1960 5350 tanti,
1994 5284 2131 5338 muri
2162 5298 2255 5354 pa-

655 5376 926 5446 rietesque
951 5391 1057 5431 non
1091 5387 1294 5434 essent.
1325 5377 1380 5432 Si
1408 5376 1611 5448 lignum
1648 5393 1752 5433 non
1781 5377 1998 5445 fuisset,
2036 5377 2254 5432 omnino

657 5480 757 5521 nec
785 5480 970 5521 mensa
1013 5468 1264 5536 quidem,
1309 5483 1428 5539 qua:
1469 5483 1534 5523 ex
1569 5468 1695 5537 ligni
1739 5470 1956 5522 materia
1987 5478 2097 5533 est,
2130 5483 2249 5523 esse

658 5562 938 5631 potuisset.
971 5563 1134 5632 Igitur
1156 5564 1429 5632 supposita
1454 5563 1676 5618 materia
1701 5577 1762 5615 ac
1786 5561 2107 5631 praajacentc
2128 5575 2248 5615 cum

659 5656 830 5724 ipsam
875 5655 1040 5727 figura
1065 5657 1469 5727 supervenerit,
1520 5658 1575 5712 ﬁt
1604 5656 1853 5728 quaelibet
1883 5656 1970 5710 illa
2009 5670 2094 5710 res
2124 5669 2246 5709 cor-

660 5763 823 5819 porca
861 5767 927 5807 ex
970 5753 1193 5808 materia
1240 5752 1519 5822 formaque
1557 5753 1855 5808 subsistens
1889 5769 1901 5805 :
1934 5760 1990 5806 ut
2021 5748 2246 5806 Achillis

661 5848 834 5902 statua
859 5858 927 5900 ex
960 5846 1085 5901 teris
1124 5846 1375 5913 materia,
1409 5855 1459 5903 et
1507 5862 1570 5903 ex
1619 5847 1785 5918 ipsius
1828 5848 2046 5903 Achillis
2080 5847 2244 5920 ﬁgura

2353 4736 2641 4799 tionabilia,
2668 4737 2756 4789 sed
2785 4735 3016 4788 additum
3045 4733 3297 4787 rationale
3322 4734 3571 4803 disjunxit
3597 4749 3689 4786 nos
3710 4732 3771 4785 ab
3799 4733 3903 4786 illis
3928 4748 3946 4790 :

2355 4830 2634 4882 rationales
2661 4845 2862 4898 quoque
2888 4845 3062 4881 sumus
3085 4837 3132 4881 et
3163 4841 3255 4881 nos
3285 4836 3328 4879 et
3355 4825 3462 4890 dii,
3497 4825 3586 4880 sed
3612 4823 3828 4879 mortale
3854 4839 3950 4894 ap-

2355 4927 2573 4995 positum
2600 4925 2848 4994 disjunxit
2880 4940 2970 4976 nos
2997 4923 3056 4976 ab
3080 4923 3203 4978 illis.

2429 5016 2629 5068 Vitiosa
2663 5015 2873 5067 ratione
2906 5023 2960 5067 et
2990 5029 3096 5067 non
3120 5030 3248 5069 sana
3276 5015 3418 5085 quod
3449 5014 3558 5068 vult
3583 5010 3817 5080 explicat
3843 5009 3948 5065 dif-

2361 5107 2530 5160 ﬁnitio
2560 5106 2939 5175 quorumdam.
2985 5106 3038 5160 id
3069 5110 3210 5162 enim
3251 5107 3378 5161 dicit
3419 5121 3539 5161 esse
3569 5103 3944 5175 differentiam,

2358 5213 2458 5268 qua
2504 5212 2840 5266 unaquaeque
2883 5213 2969 5252 res
3010 5199 3078 5252 ab
3123 5197 3226 5251 alia
3262 5195 3454 5262 distat,
3507 5194 3559 5248 in
3605 5209 3707 5264 qua
3750 5193 3950 5251 difﬁni-

2357 5293 2504 5346 tione
2535 5291 2666 5344 nihil
2704 5292 2926 5348 interest
2958 5291 3096 5361 quod
3129 5292 3197 5345 ita
3224 5289 3387 5354 dixit,
3419 5303 3491 5370 an.
3519 5288 3589 5342 ita
3620 5287 3948 5344 concludat:

2361 5385 2672 5440 Diﬁ‘ereutia
2717 5394 2798 5439 est
2841 5385 2890 5439 id
2941 5383 3079 5454 quod
3121 5391 3203 5436 est
3244 5383 3354 5450 ipsa
3387 5381 3716 5445 differentia;
3751 5381 3950 5436 etenim

2363 5476 2679 5530 differentiae
2708 5475 2922 5530 nomine
2955 5475 3004 5527 in
3050 5471 3290 5541 ejusdem
3336 5472 3656 5529 differentia:
3699 5487 3824 5526 usus
3867 5480 3951 5526 est

2361 5567 2681 5622 diffinitione
2708 5565 2890 5620 dicens
2917 5581 2927 5616 :
2963 5562 3268 5617 Differentia
3305 5573 3387 5619 est
3423 5580 3524 5634 qua
3556 5561 3805 5619 differunt
3832 5575 3860 5613 a
3890 5573 3952 5616 se

2363 5660 2591 5730 singula.
2624 5657 2775 5724 Quod
2808 5657 2850 5710 si
2877 5653 3050 5708 adhuc
3072 5653 3368 5709 differentia
3393 5655 3646 5719 nescitur,
3676 5653 3777 5707 nisi
3809 5649 3954 5706 diffiv

2360 5753 2565 5806 nitione
2594 5750 2893 5814 clarescat,
2939 5746 3155 5803 differre
3186 5762 3395 5818 quoque
3417 5747 3542 5817 quid
3584 5746 3655 5799 sit
3685 5741 3956 5814 quomodo

2359 5857 2644 5913 pessumus
2691 5840 3022 5914 agnoscere?
3074 5840 3142 5895 ita
3205 5838 3336 5897 nihil
3391 5838 3618 5908 amplius
3661 5835 3838 5892 attulit
3881 5834 3952 5892 ad
