4244 6254
264 394 367 453 129

1110 389 1178 448 IN
1215 385 1662 447 PORPHYRIUM
1700 366 2345 444 COMMENTARIORUM
2385 379 2515 436 LIB.
2555 379 2642 435 IV.

3431 383 3533 438 130

261 509 627 581 agnitionem,
656 522 747 579 qui
775 505 1086 562 differentiae
1110 497 1329 561 nomine
1356 505 1409 560 in
1445 503 1688 574 ejusdem
1719 516 1845 558 usus
1872 508 1924 563 Α
1953 497 2084 568 quid
2137 497 2474 552 diffinitionis
2524 511 2645 565 pars
2695 490 2884 560 fuerit,
2939 495 3053 565 ejus
3095 496 3195 550 erit
3247 510 3366 564 pars
3413 512 3533 567 quae

261 607 345 654 est
372 588 726 653 dilflnitione.
752 596 845 651 Est
867 603 1042 650 autem
1072 594 1370 649 communis
1400 603 1453 648 et
1480 607 1612 662 vaga
1640 605 1739 647 nec
1769 592 1848 646 in.

262 689 487 745 eludens
511 687 885 744 substantiales
905 686 1256 753 differentias,
1279 686 1373 742 sed
1398 686 1665 755 quaslibet
1685 687 1849 741 etiam

263 779 628 835 accidentales
656 778 758 834 hoc
786 777 946 833 modo
974 795 987 829 :
1020 776 1325 833 Differentia
1357 786 1440 831 est
1470 793 1572 847 qua
1600 792 1627 829 a
1658 791 1717 831 se
1743 776 1849 831 dif.

263 872 448 929 ferunt
473 872 709 944 singula;
737 887 855 941 qua;
898 870 1042 925 enim
1080 885 1276 939 genere
1303 878 1427 924 sunt
1453 869 1664 936 cadem,
1695 868 1851 924 diffe-

262 966 451 1037 rentia
481 967 819 1034 discrepant:
850 972 909 1019 ut
935 980 1056 1020 cum
1099 964 1262 1019 homo
1305 974 1465 1033 atque
1495 976 1665 1032 equus
1708 962 1848 1016 idem

262 1057 372 1113 sint
402 1060 453 1113 in
481 1057 727 1111 animalis
764 1071 997 1127 genere,
1026 1056 1277 1125 quoniam
1308 1065 1532 1125 utraque
1576 1063 1705 1109 sunt
1728 1054 1849 1108 ani-

262 1150 448 1211 malia,
481 1148 734 1205 differunt
762 1157 938 1204 tamen
982 1147 1282 1203 differentia
1314 1146 1557 1202 rationali
1585 1160 1601 1200 :
1629 1153 1685 1200 et
1727 1160 1849 1199 cum

263 1240 338 1295 dii
365 1250 521 1311 atque
550 1242 794 1296 homines
820 1242 921 1296 sub
946 1240 1311 1297 rationalitate
1340 1240 1447 1294 sint
1475 1238 1665 1308 positi,
1697 1236 1850 1292 diffe-

263 1344 387 1391 runt
425 1345 599 1392 tamen
644 1336 993 1392 mortalitate.
1044 1336 1382 1391 Rationabile
1429 1336 1587 1405 igitur
1618 1334 1852 1401 hominis

262 1427 329 1482 ad
355 1443 547 1498 equum
574 1428 878 1485 differentia
905 1439 1020 1493 est,
1050 1431 1275 1485 mortale
1302 1429 1535 1485 hominis
1561 1429 1628 1483 ad
1662 1430 1849 1493 Deum,

262 1527 427 1587 atque
472 1520 575 1573 hoc
633 1518 852 1589 quidem
899 1520 1059 1574 modo
1102 1520 1479 1576 substantiales
1538 1520 1854 1575 differentia:

261 1610 613 1679 colliguntur.
642 1610 796 1677 Quod
824 1611 870 1665 si
899 1611 1151 1667 Socrates
1176 1611 1379 1676 sedeat,
1412 1612 1564 1665 Plato
1587 1626 1713 1665 vero
1740 1620 1871 1664 atn-‘
1895 1675 1898 1678 ,

259 1701 436 1767 bulet,
467 1703 569 1757 erit
593 1702 893 1757 differentia
922 1704 1091 1757 sessio
1122 1704 1202 1757 vel
1229 1704 1537 1766 ambulatio,
1569 1719 1691 1773 qua!
1720 1705 1849 1758 sub-

261 1792 528 1846 stantialis
554 1806 661 1846 non
690 1802 791 1848 est.
815 1792 1057 1862 Namque
1077 1794 1228 1847 istam
1251 1808 1462 1863 quoque
1488 1793 1844 1848 differentiam

1954 590 2376 661 uniuscujusque
2419 590 2494 643 rei
2536 586 2661 658 quid
2707 603 2826 642 esse
2870 588 2940 642 sit
2978 588 3240 659 designet.
3274 589 3535 665 D.flin_itio

1953 692 2034 738 est
2063 682 2276 752 quidem
2317 696 2434 750 qua:
2465 680 2589 750 quid
2632 695 2734 734 una
2779 696 3005 748 quaeque
3047 696 3135 736 res
3164 682 3260 745 sit,
3302 682 3536 737 ostendit

1953 788 2017 828 ac
2048 772 2284 842 profert,
2317 772 2817 842 demonstraturque
2861 772 3001 841 quod
3034 774 3316 844 unicuique
3358 777 3442 830 rei
3468 776 3539 830 sit

1954 882 2078 923 esse
2113 882 2209 934 per
2249 865 2582 921 diffiuitionis
2611 864 3045 934 assignationem.
3080 865 3187 921 illae
3219 881 3344 922 vero
3388 867 3540 923 diffe-

1954 959 2145 1012 rentia:
2174 972 2293 1026 qua:
2316 973 2422 1011 non
2450 956 2513 1010 ad
2540 956 2889 1011 substantiam
2914 954 3235 1020 conducunt,
3258 958 3351 1012 sed
3373 959 3539 1028 quod-

1957 1047 2082 1101 dam
2115 1048 2445 1101 extrinsecus
2474 1047 2719 1101 accidens
2750 1045 2997 1112 afferunt,
3029 1045 3294 1114 Speciftcze
3324 1064 3429 1103 non
3460 1046 3540 1103 dié

1956 1144 2171 1199 cuntur,
2198 1136 2317 1191 licet
2340 1135 2440 1190 sub
2467 1137 2653 1191 codem
2676 1151 2871 1205 genere
2898 1137 3095 1206 positas
3118 1138 3323 1207 species
3346 1138 3541 1194 faciant

1955 1228 2263 1297 discrepare
2290 1247 2300 1280 :
2336 1238 2391 1282 ut
2422 1228 2466 1282 si
2498 1229 2614 1298 quis
2646 1229 2876 1283 hominis
2898 1238 3056 1296 atque
3077 1216 3198 1299 equi
3226 1229 3363 1285 hanc
3389 1231 3541 1287 diffe-

1954 1317 2185 1371 rentiam
2227 1316 2370 1371 dicat
2398 1328 2581 1385 aptum
2620 1332 2740 1372 esse
2770 1317 2834 1371 ad
2868 1318 3222 1388 navigandum
3256 1318 3414 1374 homo
3444 1336 3542 1375 au-

1957 1418 2063 1464 tem
2092 1418 2245 1478 aptus
2275 1420 2355 1463 est
2386 1410 2452 1463 ad
2494 1411 2847 1479 navigandum
2868 1452 2883 1477 ,
2921 1426 3089 1481 equus
3119 1426 3245 1466 vero
3276 1412 3493 1468 minime
3527 1432 3538 1466 :

1956 1510 2012 1555 et
2036 1515 2156 1553 cum
2188 1500 2257 1553 sit
2287 1515 2455 1570 equus
2482 1508 2640 1570 atque
2666 1500 2828 1555 homo
2857 1501 2956 1556 sub
2985 1501 3172 1556 eodem
3204 1518 3400 1573 genere
3429 1504 3540 1558 ani-

1958 1592 2134 1656 malis,
2161 1590 2343 1645 addita
2369 1590 2688 1659 differentia,
2719 1602 2895 1662 aptum
2922 1608 3039 1648 esse
3067 1593 3133 1647 ad
3162 1594 3541 1665 navigandum,

1957 1701 2155 1756 equum
2188 1686 2522 1757 distinxit‘ab
2552 1686 2788 1741 homine.
2818 1686 2921 1742 Sed
2955 1696 3133 1756 aptum
3160 1702 3278 1742 esse
3306 1687 3372 1742 ad
3395 1688 3540 1742 navi-

1955 1780 2188 1847 gandum
2239 1794 2344 1831 non
2395 1788 2477 1833 est
2526 1778 2865 1848 ltujusmodi,
2912 1781 3051 1848 quod
3099 1781 3268 1849 possit
3315 1779 3540 1836 hominis

263 1881 509 1937 diffinitio
534 1882 748 1939 videtur
772 1884 1051 1939 includere
1078 1899 1197 1938 cum
1236 1884 1400 1948 dicit,
1429 1883 1727 1940 differentia
1760 1897 1848 1942 est

1921 1869 2186 1926 lformare
2231 1871 2583 1926 substantiam
2632 1873 2771 1927 sicut
2821 1872 3113 1941 rationale,
3146 1889 3264 1943 qua:
3299 1882 3381 1928 est
3415 1874 3540 1927 suh-
3584 1942 3587 1947 ί

263 1990 364 2044 qua
410 1973 659 2030 differunt
697 1990 727 2028 a
772 1990 833 2030 se
874 1976 1115 2045 singula;
1172 1977 1656 2048 quomodocunque
1701 1979 1845 2033 enim

262 2067 513 2123 Socrates
534 2082 563 2121 a
594 2067 813 2123 Platone
841 2069 1133 2123 distiterit?
1161 2069 1309 2124 nullo
1342 2081 1520 2124 autem
1552 2071 1658 2125 alio
1687 2072 1847 2126 modo

262 2158 467 2213 distare
494 2158 673 2212 abillo
713 2158 814 2213 nisi
850 2158 1220 2215 accidentibus
1249 2169 1443 2228 potest.
1474 2161 1528 2215 ld
1559 2162 1661 2215 erit
1689 2161 1845 2217 diffe-

262 2252 432 2306 rentia
478 2250 769 2306 secundum
810 2252 1100 2321 superioris
1145 2254 1428 2307 terminum
1473 2252 1843 2319 dilfinitionis,

264 2358 421 2411 quam
448 2358 561 2397 rem
588 2343 798 2398 scilicet
820 2343 1067 2399 viderunt
1109 2344 1269 2399 etiam
1299 2344 1351 2399 hi
1382 2343 1470 2414 qui
1508 2344 1845 2399 dilfinitionis

263 2434 418 2505 hujus
450 2450 640 2506 vagum
685 2451 1134 2507 communemque
1182 2439 1340 2491 finem
1391 2436 1845 2507 reprehendentes

264 2536 421 2584 certa
442 2528 808 2584 conclusionis
833 2529 1118 2584 terminum
1149 2529 1513 2599 suhjecerunt.

333 2619 558 2676 Interius
607 2629 776 2675 autem
821 2629 1192 2691 perscrutantes
1236 2620 1603 2688 differentiam,
1633 2622 1840 2689 dicunt,

264 2728 361 2767 non
385 2713 643 2781 quodlibet
681 2712 911 2767 dividens
948 2730 1009 2767 ea
1034 2729 1148 2783 quae
1179 2713 1269 2768 sub
1312 2714 1489 2767 eodem
1514 2728 1693 2783 genere
1727 2722 1845 2767 sunt

262 2819 363 2856 esse
382 2802 747 2871 dilferentiam,
771 2804 860 2857 sed
879 2788 1016 2873 quod
1036 2804 1104 2856 ad
1125 2819 1231 2857 esse
1255 2803 1513 2877 conducit,
1537 2812 1586 2856 et
1606 2803 1743 2872 quod
1770 2813 1845 2857 est

260 2911 379 2964 pars
406 2898 544 2966 ejus,
577 2906 621 2949 et
650 2896 782 2964 quod
805 2903 878 2950 est
902 2912 1011 2949 esse
1028 2896 1119 2949 rei.
1148 2894 1325 2964 Neque
1351 2895 1484 2948 enim
1508 2895 1647 2965 quod
1665 2905 1844 2966 aptum

260 2996 443 3039 natum
478 2996 551 3040 est
578 2987 830 3057 navigare,
861 2988 955 3041 erit
994 2986 1215 3041 hominis
1243 2984 1566 3053 di/ferentia,
1598 2987 1689 3039 etsi
1729 3001 1842 3055 pro-

259 3078 427 3147 prium
456 3079 524 3133 sit
561 3078 799 3133 hominis.
842 3077 1067 3132 Dicimus
1098 3078 1231 3131 enim
1259 3078 1562 3132 animalium
1592 3078 1698 3132 lucc
1733 3080 1842 3149 qui-

261 3167 373 3221 dem
394 3177 517 3234 apta
545 3183 650 3222 esse
671 3168 738 3221 ad
765 3168 1133 3237 navigandum,
1177 3168 1270 3222 illa
1291 3184 1405 3221 vero
1446 3169 1683 3234 minime,
1712 3170 1842 3222 divi-

1958 1962 2222 2016 stantialis
2239 1963 2486 2031 qualitas,
2507 1962 2599 2017 sed
2622 1971 2824 2017 tantum
2848 1964 3129 2033 quamdam
3149 1964 3541 2034 quodammodo

1956 2052 2305 2121 aptitudinem
2349 2062 2640 2118 monstrat,
2695 2064 2747 2109 et
2785 2054 2850 2108 ad
2890 2053 3185 2109 faciendum
3232 2054 3431 2123 aliquid
3463 2055 3541 2111 vel

1956 2156 2063 2196 non
2094 2143 2391 2198 faciendum
2425 2146 2910 2214 opportunitatem,
2944 2144 3143 2200 idcirco
3180 2146 3338 2215 igitur
3369 2148 3539 2215 speci-

1956 2232 2055 2287 fica
2099 2234 2402 2290 differentia
2442 2251 2548 2290 non
2592 2236 2803 2291 dicitur.
2856 2236 2972 2302 Quo
3010 2236 3069 2290 fit
3121 2245 3178 2291 ut
3220 2253 3325 2292 non
3370 2240 3540 2293 omnis

1956 2324 2262 2381 differentia
2302 2342 2421 2396 quae
2468 2329 2568 2382 sub
2614 2327 2803 2383 eodem
2846 2343 3039 2397 genere
3092 2330 3295 2397 positas
3336 2331 3539 2399 species

1955 2420 2258 2485 distribuit,
2291 2420 2539 2490 specifica
2568 2436 2687 2476 esse
2730 2422 2924 2489 possit,
2959 2423 3053 2477 sed
3091 2436 3154 2477 ea
3191 2430 3393 2477 tantum
3424 2438 3540 2492 qua:

1955 2511 2022 2564 ad
2054 2510 2408 2566 substantiam
2438 2512 2638 2581 speciei
2685 2512 2920 2581 prolicit,
2954 2521 3006 2567 et
3032 2528 3150 2583 qua:
3178 2512 3230 2567 in
3262 2522 3413 2582 parte
3444 2513 3538 2568 dil-

1953 2600 2217 2655 finitionis
2245 2602 2526 2671 accipitur.
2560 2602 2842 2656 Concludit
2881 2602 3037 2672 igitur
3067 2617 3159 2658 eas
3188 2618 3305 2659 esse
3330 2604 3539 2674 specifi~

1954 2708 2045 2749 cas
2068 2693 2398 2750 differentias
2418 2708 2536 2765 quae
2553 2695 2749 2749 alteras
2770 2709 2798 2748 a
2817 2710 2875 2750 se
2893 2695 3096 2764 species
3113 2695 3326 2752 differre
3343 2697 3541 2753 faciunt

1953 2799 2049 2853 per
2071 2784 2351 2840 distantias
2392 2786 2769 2841 suhStantiales
2797 2803 2810 2839 :
2843 2801 2962 2840 nam
2993 2788 3038 2841 si
3070 2788 3350 2858 unicuique
3380 2789 3429 2843 id
3460 2799 3540 2847 est

1953 2889 2102 2940 esse,
2137 2875 2488 2944 quodcunque
2536 2876 2954 2930 substantialiter
2995 2877 3177 2945 fuere,
3211 2893 3539 2948 qumcunque

1952 2967 2266 3023 differentia:
2295 2968 2717 3023 substantialiter
2740 2966 2967 3022 diversa:
2994 2976 3144 3035 sunt,
3177 2978 3231 3022 et
3267 2970 3382 3024 illas
3422 2984 3540 3039 spe-

1952 3060 2063 3115 cies
2089 3060 2283 3130 quibus
2324 3061 2523 3115 adsunt
2549 3061 2695 3116 omni
2734 3058 3030 3114 substantia
3073 3059 3275 3114 faciunt
3317 3062 3447 3115 alias
3477 3076 3537 3117 ac

1951 3152 2346 3221 discrepantes,
2363 3163 2521 3223 atque
2546 3153 2625 3207 lue
2644 3153 2697 3207 in
2719 3151 3049 3208 difﬁnitionis
3066 3161 3213 3222 parte
3234 3164 3536 3220 sumuntur,

260 3259 435 3313 deum
472 3258 722 3329 hominem
751 3260 811 3313 αι,
838 3260 954 3315 am,
976 3275 995 3314 ;
1021 3261 1109 3314 τεά
1137 3268 1315 3329 aptum
1342 3276 1450 3317 ωδε
1491 3261 1559 3313 αα
1595 3261 1842 3331 navigan-
1870 3239 1920 3303 C
1953 3258 2078 3297 nam
2111 3243 2154 3297 si
2180 3243 2426 3297 diffinitio
2454 3244 2804 3298 substantiam
2833 3253 3114 3309 monstrat,
3145 3250 3198 3298 et
3219 3242 3537 3298 substantia-

262 3348 410 3417 dum,
442 3366 547 3403 non
578 3350 675 3404 erit
700 3351 1051 3419 rompletivum
1078 3350 1401 3417 substantiae,
1440 3366 1529 3403 nec
1558 3353 1668 3425 ejus
1695 3366 1834 3419 pars,

262 3443 347 3497 sed
370 3443 603 3511 aptitudo
639 3443 875 3515 quendam
903 3444 1087 3497 solum.
1122 3442 1327 3497 Idcirco
1349 3445 1468 3513 quia
1496 3459 1595 3495 non
1618 3454 1691 3496 est
1722 3443 1840 3496 talis

261 3535 571 3603 di/ferentia,
618 3536 795 3605 quales
840 3545 958 3591 sunt
1000 3535 1300 3603 di/ferentiaz
1327 3549 1440 3604 qua:
1467 3534 1717 3604 speci/ica:
1759 3534 1842 3587 di-
1892 3542 1907 3603 ί

261 3641 457 3700 cuntur,
500 3640 647 3686 erunt
693 3648 813 3701 ergo
854 3631 1105 3700 speciﬁcw
1150 3629 1484 3697 diﬂ’erentiaz,
1533 3644 1842 3699 quacunque

261 3721 471 3777 alteram
501 3724 700 3794 faciunt
724 3724 958 3792 speciem,
990 3732 1037 3777 et
1062 3738 1375 3793 quwcunque
1403 3723 1454 3776 in
1484 3739 1539 3776 eo
1560 3722 1697 3792 quod
1719 3723 1841 3791 quid

259 3826 332 3869 est
358 3831 467 3869 esse
492 3816 566 3870 rei
602 3814 941 3885 accipiuntur.
971 3815 1043 3869 Ac
1084 3814 1146 3868 de
1173 3812 1473 3881 differentiis
1509 3812 1713 3883 quidem
1740 3813 1841 3866 ista

257 3906 531 3975 sufﬁciant.

333 3994 543 4050 Sensus
571 3994 945 4065 propositionis
974 3995 1272 4065 hujusmodi
1297 4004 1382 4053 est
1407 4012 1420 4048 :
1452 3994 1715 4062 Quoniam
1743 4010 1839 4051 su-

260 4088 445 4157 perius
475 4085 613 4142 dixit
640 4086 1025 4143 determinasse
1052 4087 1307 4158 quosdam
1338 4088 1691 4144 differentiam
1719 4102 1841 4144 esse
1882 4103 1890 4110 ’

263 4194 361 4248 qua
390 4194 421 4231 a
458 4192 519 4235 se
547 4180 758 4250 singula
805 4180 1202 4251 discreparent,
1252 4182 1325 4236 ait
1370 4180 1504 4253 alios
1535 4179 1842 4250 diligentius

261 4271 328 4328 de
363 4272 667 4329 differentia
711 4285 1139 4346 perscrutantes,
1189 4291 1293 4331 non
1339 4274 1504 4329 fuisse
1551 4274 1842 4329 arbitratus

262 4376 403 4423 recte
431 4383 553 4424 esse
583 4371 828 4440 superius
862 4371 1187 4441 propositam
1217 4368 1611 4431 diﬂinitionem.
1658 4366 1843 4437 Neque

262 4459 404 4513 enim
450 4460 628 4516 omnia
672 4477 1004 4533 quaecunque
1049 4462 1151 4517 sub
1197 4461 1387 4517 eodem
1436 4460 1606 4529 posita
1644 4472 1844 4528 genere
1884 4504 1887 4507 .

261 4550 474 4608 differre
498 4552 697 4609 faciunt
722 4555 1038 4617 differentiae
1066 4555 1135 4610 de
1162 4555 1355 4625 quibus
1386 4569 1531 4609 nunc
1558 4561 1839 4617 tractatur,

1952 3334 2034 3388 les
2077 3332 2393 3388 differentiae
2422 3335 2629 3403 species
2663 3334 2932 3401 efficiunt,
2963 3334 3342 3392 substantiales
3381 3333 3535 3391 diffe-

1953 3430 2140 3499 rentia:
2168 3436 2346 3497 partes
2375 3437 2501 3482 sunt
2531 3428 2931 3505 dilfinitionum.
2982 3410 2983 3413 η

2523 3519 2611 3574 DE
2653 3519 2968 3576 PROPRIO.

2026 3612 2308 3681 Proprium
2350 3630 2464 3669 vero
2509 3602 2883 3685 quadrifariam
2921 3614 3150 3669 dividunt
3182 3632 3201 3670 :
3240 3630 3359 3670 nam
3401 3625 3446 3670 et
3486 3618 3536 3670 id

1953 3706 2090 3775 quod
2112 3707 2208 3760 soli
2227 3707 2381 3761 alicui
2402 3708 2586 3776 speciei
2609 3708 2814 3772 accidit,
2836 3716 2880 3761 et
2904 3708 2947 3761 si
2971 3724 3072 3761 non
3094 3710 3252 3774 omni,
3276 3710 3537 3779 praprium

1954 3809 2070 3852 est:
2102 3808 2153 3851 ut
2178 3800 2381 3859 homini
2422 3817 2527 3855 esse
2566 3803 2814 3856 medicum
2838 3802 2915 3854 vel
2939 3811 3265 3871 geometram.
3312 3800 3378 3854 Et
3405 3803 3537 3872 quod

1888 3924 1893 3949 ε
1956 3890 2095 3950 οηιηὶ
2123 3872 2331 3956 accidit,
2360 3902 2405 3945 et
2432 3893 2476 3944 si
2499 3908 2600 3945 non
2627 3892 2747 3958 soli,
2774 3891 3198 3958 quemadmodum
3221 3891 3414 3945 homini
3434 3908 3538 3945 esse

1955 3980 2203 4048 bipedem.
2235 3980 2301 4033 Et
2326 3982 2463 4049 quod
2490 3984 2586 4035 soli
2611 3993 2658 4035 et
2698 3981 2835 4034 omni
2863 3990 2909 4032 et
2940 3982 3240 4051 aliquando,
3272 3991 3326 4034 ut
3348 3984 3538 4036 homini

1954 4076 2007 4128 in
2036 4058 2286 4129 senectute
2311 4090 2594 4129 canescere.
2630 4074 2697 4126 Et
2723 4074 2856 4140 quod
2889 4073 2985 4127 soli
3011 4082 3058 4126 et
3084 4060 3220 4126 omni
3248 4081 3291 4125 et
3321 4088 3537 4141 semper,

1955 4166 2379 4235 quemadmodum
2402 4166 2594 4221 homini
2616 4181 2723 4220 esse
2739 4164 2966 4219 risibile:
2992 4180 3107 4218 nam
3138 4165 3230 4219 etsi
3251 4180 3350 4217 non
3376 4164 3563 4218 rideat

1955 4275 2171 4332 semper,
2200 4270 2369 4313 tamen
2389 4258 2599 4314 risibilis
2621 4242 2829 4324 dicitur,
2854 4275 2955 4315 non
2975 4259 3113 4331 quod
3134 4273 3330 4328 semper
3352 4258 3536 4323 rideat,

1955 4352 2044 4404 sed
2072 4351 2207 4421 quod
2234 4368 2429 4422 semper
2452 4360 2603 4422 aptus
2629 4336 2789 4406 natus
2808 4353 2873 4406 sit
2903 4336 2969 4405 ad
2996 4351 3289 4419 ridendum,
3318 4354 3411 4405 hoc
3449 4368 3539 4403 au~

1956 4455 2056 4499 tem
2082 4447 2127 4498 ei
2161 4462 2356 4515 semper
2380 4448 2612 4501 naturale
2646 4456 2748 4511 est,
2781 4455 2835 4499 ut
2864 4455 2911 4501 et
2944 4463 3068 4512 equo
3106 4444 3370 4501 hinnibile.
3413 4443 3538 4499 Han:

1956 4544 2129 4589 autem
2149 4538 2481 4590 nominantur
2501 4553 2613 4591 vere
2634 4537 2862 4606 propria,
2888 4536 3123 4601 quoniam
3145 4526 3540 4591 convertuntur:

262 4640 315 4701 ξιι
346 4651 427 4696 ρει
469 4644 731 4712 ερεείθεω
763 4612 1029 4701 nominari
1067 4612 1289 4719 φηςιηι,
1335 4645 1517 4700 plures
1547 4646 1688 4721 enim
1716 4612 1844 4701 ευηῇ
1866 4612 2203 4705 [ι’ᾳιιὶάῳιὲά
2230 4627 2363 4681 enim
2394 4637 2466 4681 est
2494 4643 2649 4697 equus
2674 4626 2924 4680 hinnibile
2951 4638 3052 4695 est,
3078 4636 3124 4681 et
3152 4627 3399 4697 quidquid
3427 4627 3539 4679 Itin-

261 4746 381 4801 quzc
408 4731 480 4807 ita
507 4732 749 4790 dividunt
789 4737 997 4807 species
1023 4739 1123 4795 sub
1160 4753 1269 4792 uno
1298 4752 1496 4808 genere
1524 4737 1755 4806 positas,
1788 4747 1847 4791 ut

262 4832 447 4877 tamen
474 4839 654 4881 eorum
685 4828 1042 4885 substantiam
1070 4830 1293 4885 minime
1321 4829 1657 4885 conforment
1679 4829 1843 4897 :rquia

262 4926 374 4966 non
400 4914 641 4972 videntur
668 4933 793 4976 esse
820 4920 1136 4993 differentia:
1164 4923 1447 4993 specificze,
1477 4922 1579 4977 nisi
1602 4922 1705 4977 illa)
1728 4932 1848 4977 tan-

259 5011 370 5056 tum
399 5018 516 5075 qua:
543 5005 610 5061 ad
640 5007 692 5062 id
722 5008 865 5079 quod
897 5018 981 5064 est
1015 5024 1138 5067 esse
1178 5012 1498 5081 proficiunt,
1542 5011 1593 5066 id
1635 5020 1717 5066 est
1761 5010 1847 5064 hae

259 5110 377 5162 qua:
413 5095 465 5151 in
496 5096 905 5157 diffinitibnihus
931 5103 1163 5174 alicujus
1202 5116 1382 5175 partes
1412 5116 1679 5176 ponuntur
1711 5122 1725 5159 :
1760 5103 1845 5160 ha:

257 5192 433 5238 autem
462 5197 585 5243 sunt
605 5230 620 5257 ,
649 5198 708 5245 ut
734 5193 996 5248 rationale
1038 5195 1291 5250 hominis.
1334 5196 1463 5251 Nam
1491 5197 1842 5253 substantiam

257 5271 490 5331 hominis
529 5278 857 5355 conformat,
891 5293 946 5339 et
986 5283 1055 5338 ad
1093 5299 1213 5342 esse
1259 5286 1492 5341 hominis
1522 5287 1760 5355 proficit,
1790 5296 1850 5343 ct

255 5365 593 5424 dilfiuitionis
623 5373 738 5440 ejus
777 5391 901 5444 pars
932 5386 1015 5432 est
1048 5376 1226 5447 :ergo
1263 5379 1365 5433 nisi
1392 5380 1457 5433 ad
1502 5379 1553 5433 id
1582 5380 1721 5447 quod
1762 5388 1879 5441 est,

255 5470 374 5511 esse
403 5459 678 5528 conducit,
710 5469 764 5517 et
782 5464 899 5534 ejus
920 5467 1061 5536 quod
1089 5480 1172 5523 est
1200 5484 1322 5523 esse
1349 5469 1423 5523 rei
1456 5483 1579 5536 pars
1605 5469 1695 5537 sit,
1724 5483 1846 5537 spe-

254 5546 409 5603 cilica
442 5546 747 5604 differentia
773 5554 919 5609 nullo
949 5558 1107 5613 modo
1136 5560 1329 5628 poterit
1356 5560 1672 5628 nuncupari.
1704 5558 1847 5625 Quid

254 5646 339 5690 est
379 5646 564 5693 autem
604 5653 727 5695 esse
754 5643 831 5696 rei
856 5645 984 5699 nihil
1026 5648 1166 5703 aliud
1200 5649 1299 5704 nisi
1328 5647 1597 5703 difﬁititio.
1634 5647 1849 5702 Unicui-

256 5744 361 5797 que
389 5732 536 5787 enim
566 5734 646 5788 rei
677 5732 1019 5803 interrogatus
1064 5741 1187 5808 quid
1232 5750 1346 5809 est,
1379 5742 1423 5795 si
1454 5742 1570 5811 quis
1596 5744 1735 5811 quod
1767 5748 1853 5794 est

259 5836 377 5882 esse
417 5838 722 5888 monstrare
764 5826 1030 5915 voluerit,
1064 5833 1430 5899 diiﬁnitioncm
1460 5834 1605 5892 dicit.
1632 5834 1775 5906 Ergo
1800 5832 1901 5919 si”

1959 4717 2135 4783 nibile,
2157 4733 2331 4787 equus.

2032 4809 2286 4879 Superius
2308 4808 2505 4863 dictum
2536 4816 2619 4863 est
2648 4808 2825 4862 omnia
2855 4807 3067 4877 propria
3094 4822 3160 4862 ex
3184 4804 3541 4863 accidentium

1962 4918 2160 4973 genere
2188 4900 2532 4959 descendere.
2564 4899 2831 4970 Quidquid
2862 4900 3004 4955 enim
3034 4900 3100 4956 de
3128 4897 3307 4971 aliquo
3346 4900 3541 4970 praedi-

1963 5009 2116 5054 catur
2147 5006 2239 5052 aut
2265 4995 2616 5057 substantiam
2649 4993 2932 5063 informat,
2960 5006 3050 5050 aut
3079 4994 3370 5050 secundum
3407 4994 3543 5049 acci~

1964 5088 2098 5145 deus
2126 5088 2283 5144 inest.
2309 5086 2447 5142 Nihil
2474 5086 2609 5142 vero
2627 5094 2708 5141 est
2729 5086 2867 5156 quod
2892 5081 3173 5155 cujuslibet
3201 5087 3275 5141 rei
3300 5087 3543 5141 substan-

1963 5182 2090 5235 tiam
2142 5189 2399 5237 ntonsu'et
2444 5179 2544 5234 nisi
2592 5193 2791 5247 genus,
2838 5181 3077 5248 species,
3117 5186 3181 5240 et
3224 5172 3518 5231 differentia

1965 5273 2145 5327 Genus
2187 5271 2400 5341 quidem
2446 5278 2500 5326 et
2540 5268 2866 5333 differentia,
2915 5269 3109 5337 speciei
3140 5285 3152 5319 :
3183 5267 3389 5333 species
3417 5280 3542 5320 vero

1962 5364 2377 5419 individuorum.
2411 5361 2676 5431 Quidquid
2723 5375 2850 5430 ergo
2879 5359 3140 5428 reliquum
3184 5364 3265 5410 est
3310 5356 3362 5409 in
3405 5356 3542 5410 acci-

1963 5457 2202 5512 dentium
2224 5469 2448 5510 numero
2468 5453 2699 5521 ponitur.
2723 5451 2825 5506 Sed
2846 5451 3093 5519 quoniam
3113 5446 3543 5517 ipsa'accidentia

1964 5550 2160 5603 habent
2206 5549 2346 5601 inter
2391 5560 2450 5600 se
2490 5544 2721 5613 aliquam
2766 5541 3154 5604 differentiam,
3202 5538 3399 5593 idcirco
3442 5538 3544 5595 alia

1964 5642 2175 5711 quidem
2207 5638 2452 5709 propria,
2484 5638 2584 5691 alia
2613 5637 2789 5706 priore
2814 5644 2972 5703 atque
3000 5633 3299 5703 antiquiore
3329 5632 3546 5690 nomine

1965 5724 2261 5794 accidentia
2310 5743 2715 5803 nuncupantur,
2767 5739 2820 5785 et
2876 5730 2943 5783 de
2985 5728 3350 5784 accidentibus
3393 5729 3551 5799 paulo

1966 5842 2105 5901 post.
2134 5830 2280 5887 Nunc
2310 5828 2376 5885 dc
2411 5829 2640 5899 propriis
2666 5841 2784 5900 quae
2810 5824 3185 5896 quadrifariam
3213 5822 3547 5896 dividuntur,
