4244 6254
656 316 749 373 151

1873 309 1986 387 ΑΝ.
2028 307 2236 364 MANL.
2275 307 2429 364 sev.
2472 282 2700 364 BOETu

3816 312 3919 372 152

653 452 760 493 non
808 443 1056 505 tanquam
1107 441 1278 500 genus
1324 424 1541 497 aliquod
1591 424 1861 496 proprium
1910 426 1963 479 in
2006 434 2233 497 quatuor
2259 429 2315 491 Α
2339 435 2393 482 ει
2416 426 2545 492 soli,
2577 436 2629 480 et
2657 438 2871 494 semper
2894 424 3073 491 adest,
3108 432 3167 478 ut
3189 433 3312 480 esse
3338 424 3562 481 risibile.
3597 428 3769 497 Atque
3798 429 3917 484 ideo

652 528 858 598 species
899 522 1062 579 dividi
1088 521 1366 589 secarique
1392 518 1590 588 possit,
1620 518 1713 572 sed
1744 518 1842 573 hoc
1878 518 2017 588 quod
2048 518 2122 572 ait
2147 520 2227 573 di—

649 622 855 687 vidunt,
886 619 956 672 ita
981 614 1378 686 intelligendum
1408 622 1492 667 est
1519 622 1765 681 tanquam
1790 615 1833 667 si
1862 611 2067 666 diceret
2089 629 2225 667 nun-

651 722 876 783 cupant,
911 709 959 764 id
987 718 1068 765 est
1098 707 1369 777 proprium
1411 704 1786 775 quadrifariam
1817 704 2032 769 dicunt,
2074 705 2226 773 cuius

649 802 985 872 quadrifariae
1010 797 1382 868 appellationis
1409 796 1825 865 signiﬁcationes
1846 808 2142 860 enumerat,
2169 806 2228 850 ut

648 908 768 964 quas
788 892 856 947 sit
875 890 1200 946 conveniens
1222 898 1274 941 et
1294 900 1524 954 congrua
1547 886 1868 956 nuncupatio
1886 886 2226 955 proprietatis

647 981 912 1037 ostendat.
946 979 1085 1033 Dicit
1117 992 1245 1047 ergo
1271 976 1413 1045 quod
1443 977 1712 1046 proprium
1745 978 1916 1042 primo
1944 978 2055 1040 εει,
2086 976 2226 1031 acci-

648 1074 780 1129 dens
805 1072 945 1141 quod
977 1072 1049 1124 ita
1075 1070 1161 1123 uni
1192 1069 1389 1137 speciei
1414 1068 1584 1133 adest,
1616 1077 1673 1121 ut
1699 1076 1873 1121 tamen
1898 1065 2043 1120 nullo
2064 1066 2227 1120 modo

645 1172 948 1233 coaequetur
976 1162 1026 1215 ei
1048 1159 1187 1226 ,sed
1230 1158 1370 1213 infra
1398 1159 1653 1213 subsistat
1676 1173 1738 1211 ac
1770 1167 2007 1221 maneat,
2039 1166 2096 1210 ut
2124 1157 2223 1210 ho-

646 1257 804 1312 minis
833 1256 1027 1311 dicitur
1056 1254 1326 1324 proprium
1369 1250 1631 1306 medicum
1672 1264 1820 1314 esse,
1855 1248 2054 1303 idcirco
2082 1247 2226 1318 quod

643 1348 773 1404 nulli
801 1347 1106 1402 animalium
1133 1345 1306 1399 inesse
1332 1351 1526 1412 potest.
1555 1339 1665 1396 Nec
1685 1339 1814 1394 illud
1841 1337 2225 1394 attendendum

642 1458 709 1496 an
742 1440 842 1495 hoc
872 1440 935 1493 de
967 1438 1110 1493 onmi
1146 1436 1362 1490 homine
1391 1432 1670 1504 praedicari
1718 1431 1917 1500 possit,
1955 1429 2049 1485 sed
2097 1428 2226 1483 illud

644 1543 846 1590 tantum
872 1533 1016 1604 quod
1044 1531 1111 1585 de
1138 1529 1285 1583 nullo
1307 1528 1411 1582 alio
1436 1528 1536 1580 nisi
1563 1525 1630 1579 de
1654 1523 1870 1577 homine
1893 1521 1996 1576 dici
2032 1529 2223 1590 potest,

643 1624 907 1681 medicum
946 1636 1088 1677 esse.
1136 1621 1199 1675 Et
1246 1620 1360 1672 haec
1400 1617 1614 1688 quidem
1662 1614 1981 1684 significatio
2024 1611 2225 1682 proprii

644 1718 839 1772 dicitur
866 1729 986 1771 esse
1007 1710 1365 1780 soli,'etiatnsi
1386 1724 1490 1764 non
1514 1708 1676 1764 omni.
1701 1706 1813 1762 Soli
1835 1706 1977 1762 enim
2000 1706 2222 1774 speciei,

2331 530 2527 573 czetera
2554 518 2769 587 quidem
2809 517 3047 571 converti
3096 531 3203 572 non
3251 526 3496 587 passum.
3540 516 3726 587 Neque
3773 520 3919 574 enim
3962 550 3963 553 η

2329 618 2636 678 coaequatur
2677 610 2817 677 quod
2858 607 2975 674 soli,
3028 607 3123 661 sed
3168 622 3271 661 non
3317 608 3467 660 omni
3512 607 3709 675 speciei
3738 607 3915 663 adest.
3960 622 3965 633 ’

2332 701 2550 770 Species
2577 701 2791 770 quidem
2836 699 2904 754 de
2947 700 3064 769 ipso
3092 699 3194 754 dici
3243 708 3446 769 potest,
3491 701 3664 770 ipsum
3695 716 3824 755 vero
3851 701 3917 756 de
3960 706 3963 721 ⁵

2329 793 2510 862 specie
2558 793 2799 847 minime.
2841 791 2941 859 Qui
2987 791 3129 846 enim
3179 793 3414 846 medicus
3444 800 3552 857 est,
3600 802 3775 862 potest
3812 792 3918 850 dici
3960 792 3963 793 ⁷

2330 884 2511 938 homo.
2543 885 2711 938 llomo
2732 898 2864 938 vero
2885 883 2975 952 qui
2998 892 3102 947 est,
3128 883 3364 938 medicus
3383 884 3547 938 etiam
3571 899 3677 938 non
3700 884 3915 938 dicitur.

2329 975 2561 1030 Rursum
2589 975 2729 1045 quod
2771 978 2840 1029 ita
2886 985 2967 1029 est
3006 976 3093 1029 alii
3146 976 3447 1043 proprium,
3488 986 3546 1028 ut
3585 976 3734 1028 omni
3776 974 3918 1028 adsit

2330 1069 2538 1122 etiamsi
2581 1082 2686 1122 non
2717 1068 2851 1133 soli,
2883 1066 3054 1136 ipsum
3083 1068 3300 1136 quidem
3328 1067 3396 1123 de
3424 1068 3604 1135 specie
3635 1068 3915 1137 praedicari

2330 1168 2526 1228 potest,
2557 1160 2764 1227 Species
2794 1173 2924 1213 vero
2950 1160 3018 1213 de
3056 1173 3122 1213 eo
3165 1159 3405 1213 minime.
3436 1156 3568 1212 Nam
3598 1159 3750 1228 bipes
3780 1174 3917 1227 prae-

2328 1251 2496 1306 dicari
2534 1251 2602 1305 de
2632 1251 2849 1305 homine
2877 1258 3081 1318 potest,
3110 1250 3272 1305 homo
3300 1266 3429 1306 vero
3455 1250 3523 1305 de
3548 1250 3740 1319 bipede
3769 1251 3918 1306 nullo

2295 1416 2302 1423 _
2329 1344 2510 1398 modo.
2540 1343 2745 1397 Rursus
2769 1343 2912 1411 quod
2950 1345 3019 1397 ita
3048 1342 3233 1408 adest,
3262 1350 3322 1397 ut
3360 1344 3505 1397 omni
3527 1384 3541 1407 ,
3574 1350 3628 1396 et
3656 1341 3789 1408 soli,
3820 1341 3915 1398 sed

2329 1435 2616 1504 aliquando
2642 1435 2806 1500 adsit,
2842 1435 3093 1502 quoniam
3141 1435 3210 1488 de
3253 1443 3493 1503 tempore
3528 1433 3686 1487 habet
3717 1432 3914 1502 aliquid

2328 1525 2647 1580 diminutum
2671 1569 2685 1593 ,
2727 1540 2831 1581 nec
2871 1524 3188 1596 simpliciter
3229 1525 3411 1591 adest,
3462 1525 3781 1593 reciprocari
3809 1536 3911 1578 non

2328 1618 2544 1686 poterit.
2577 1618 2870 1671 Possumus
2909 1617 3051 1671 enim
3095 1616 3303 1681 dicere,
3338 1616 3512 1670 omnis
3551 1618 3638 1681 qui
3671 1616 3914 1684 pubescit

2331 1708 2496 1763 homo
2523 1718 2604 1763 est
2624 1750 2637 1773 ,
2667 1723 2775 1762 non
2816 1718 2996 1763 tamen
3037 1707 3296 1772 dicimus,
3326 1707 3499 1761 omnis
3528 1707 3615 1776 qui
3645 1718 3723 1761 est
3754 1706 3914 1761 homo

641 1808 850 1863 etiamsi
894 1821 998 1860 non
1041 1802 1189 1858 omni
1234 1811 1560 1869 coaequatur,
1607 1809 1663 1852 ut
1708 1798 1907 1851 homini
1955 1797 2221 1851 medicum
2254 1800 2303 1873 Β
2330 1801 2611 1872 pubescit:
2641 1807 2815 1868 potest
2840 1800 2981 1854 enim
3010 1799 3229 1853 minime
3256 1797 3322 1853 ad
3339 1798 3675 1867 iuventutem
3703 1799 3913 1864 venire,

641 1914 783 1965 esse,
815 1898 914 1952 soli
942 1895 1158 1967 quidem
1186 1895 1325 1948 inest
1353 1890 1577 1957 homini,
1601 1890 1695 1946 sed
1726 1905 1831 1944 non
1860 1890 2108 1944 omnibus
2128 1890 2227 1944 ho-

641 1989 869 2044 minibus
897 1986 962 2042 ad
990 1988 1266 2042 scientiam
1295 1984 1463 2039 adest.
1495 1982 1651 2036 Aliud
1678 1981 1951 2051 proprium
1974 1990 2056 2035 est
2080 1981 2224 2050 quod

642 2082 765 2137 huic
807 2080 1113 2136 econtrario
1152 2077 1345 2132 dicitur
1380 2076 1525 2131 omni
1574 2074 1732 2129 etiam
1774 2087 1879 2127 non
1918 2071 2045 2139 soli,
2079 2072 2223 2141 quod

641 2170 945 2242 huiusmodi
971 2178 1086 2236 est,
1117 2177 1174 2223 ut
1201 2180 1413 2221 omnem
1445 2164 1659 2234 quidem
1687 2165 1920 2233 speciem
1950 2165 2224 2217 contineat

640 2277 864 2332 eamque
891 2258 1248 2315 transcendat.
1278 2257 1341 2311 Et
1368 2258 1620 2325 quoniam
1650 2255 1865 2323 quidem
1895 2254 2027 2307 nihil
2052 2264 2134 2309 est
2153 2271 2221 2310 ex

641 2352 896 2421 subjectis
918 2349 1116 2420 speciei
1140 2347 1282 2418 quod
1306 2346 1397 2401 illo
1424 2345 1643 2414 proprio
1666 2360 1772 2399 non
1799 2354 1974 2400 utatur
1993 2334 2221 2401 dicimus

640 2445 805 2499 omni.
850 2444 1112 2511 Quoniam
1158 2456 1286 2495 vero
1326 2437 1654 2495 transcendit
1695 2439 1745 2493 in
1788 2438 1948 2503 alias,
1992 2437 2221 2494 dicimus

640 2550 746 2589 non
772 2534 891 2597 soli,
925 2533 1027 2586 hoc
1058 2530 1363 2600 huiusmodi
1392 2540 1473 2584 est
1502 2531 1660 2600 quale
1690 2529 1892 2584 homini
1930 2545 2049 2585 esse
2073 2522 2221 2601 bipe4

639 2626 783 2680 dem.
800 2622 1079 2692 Proprium
1099 2623 1243 2676 enim
1265 2630 1345 2675 est
1366 2620 1595 2676 hominis
1611 2634 1731 2675 esse
1751 2622 2017 2690 bipedem.
2036 2622 2221 2677 Omnis

638 2716 779 2772 enim
810 2715 971 2769 homo
990 2714 1140 2782 bipes
1164 2720 1247 2766 est
1272 2713 1485 2767 etiamsi
1514 2726 1619 2766 non
1650 2711 1814 2777 solus,
1843 2727 1970 2767 aves
2001 2715 2141 2767 enim
2166 2725 2219 2767 et

639 2808 856 2879 bipedes
899 2816 1043 2862 sunt.
1086 2806 1325 2862 Gemina:
1370 2805 1531 2875 igitur
1572 2804 1989 2875 significationes
2017 2807 2217 2874 proprii

638 2917 758 2973 qute
780 2902 1023 2972 superius
1046 2900 1200 2955 dictm
1228 2907 1353 2954 sunt
1378 2898 1576 2954 habent
1599 2898 1793 2968 aliquid
1818 2898 2018 2963 minus;
2047 2900 2215 2968 prima

638 2994 849 3064 quidem
879 2992 1018 3066 quod
1044 3007 1150 3048 non
1175 2992 1341 3060 omni,
1376 2991 1607 3048 secunda
1640 3006 1766 3046 vero
1792 2991 1930 3060 quod
1959 3006 2065 3045 non
2092 2991 2214 3057 soli,

636 3102 768 3156 quas
796 3086 838 3140 si
867 3085 1175 3157 iungimus,
1206 3084 1431 3140 facimus
1455 3084 1598 3138 omni
1622 3092 1675 3139 et
1702 3083 1821 3136 soli.
1852 3083 1955 3137 Sed
1982 3082 2216 3152 dempsi-

2328 1905 2492 1965 atque
2518 1895 2638 1950 ideo
2660 1909 2760 1948 nec
2781 1894 3073 1963 pubescere
3096 1891 3221 1962 (nisi
3244 1891 3384 1945 forte
3404 1906 3508 1946 non
3531 1891 3601 1945 sit
3621 1890 3913 1959 pubescere
3964 1904 3967 1907 λ

2331 1984 2564 2040 hominis
2602 1984 2928 2055 proprium),
2970 1982 3065 2038 sed
3102 1982 3156 2037 in
3182 1982 3465 2052 iuventute
3510 1980 3799 2051 pubescere
3824 1995 3912 2033 so-
3946 2030 3949 2033 ,

2330 2075 2623 2130 luinmodo.
2654 2076 2760 2129 Aut
2802 2074 2965 2129 etiam
2993 2088 3115 2128 cum
3143 2071 3377 2126 nondum
3411 2081 3492 2126 est
3520 2071 3573 2125 in
3609 2070 3907 2139 iuventute,

2328 2176 2421 2221 aut
2453 2167 2614 2221 etiam
2636 2166 2937 2235 praeteriit,
2970 2175 3151 2221 tamen
3180 2166 3252 2219 sit
3287 2164 3339 2219 ei
3369 2163 3641 2233 pr0prium
3670 2177 3776 2216 non
3809 2162 3911 2217 tale

2327 2258 2486 2326 quale
2514 2266 2639 2312 tunc
2677 2260 2790 2312 lieri
2821 2265 3022 2327 potest,
3057 2271 3179 2311 cum
3207 2266 3403 2325 praeter
3434 2253 3765 2324 iuventutem
3794 2265 3869 2309 εει
3889 2296 3905 2320 ,

2327 2350 2424 2404 sed
2445 2350 2600 2419 quale
2625 2364 2745 2405 cum
2776 2351 2827 2404 in
2852 2351 3135 2418 iuventute
3162 2349 3439 2413 consistit,
3471 2356 3631 2418 atque
3660 2347 3779 2402 ideo
3809 2348 3909 2401 hoc

2327 2441 2471 2512 quod
2500 2457 2607 2497 non
2636 2442 2687 2496 in
2720 2458 2878 2498 omne
2908 2452 3119 2511 tempus
3159 2440 3410 2507 tenditur,
3457 2439 3664 2495 etiamsi
3695 2439 3801 2495 tale
3827 2447 3909 2494 est

2327 2534 2472 2602 quod
2501 2535 2647 2588 omni
2674 2535 2872 2603 speciei
2906 2534 3071 2599 adsit,
3104 2534 3247 2603 quod
3274 2540 3451 2587 tamen
3488 2534 3539 2586 in
3575 2540 3784 2602 tempus
3811 2531 3908 2585 ali-

2327 2625 2469 2691 quod
2496 2620 2793 2692 differatur,
2828 2626 3094 2695 integrum
3124 2633 3283 2696 atque
3307 2625 3607 2681 absolutum
3632 2624 3905 2693 proprium

2328 2731 2450 2773 esse
2478 2732 2583 2772 non
2614 2717 2831 2774 dicitur.
2864 2718 3123 2786 Quartum
3161 2726 3245 2774 est
3268 2719 3409 2789 quod
3449 2720 3520 2774 ita
3549 2719 3727 2781 adest,
3769 2726 3826 2771 ut
3853 2725 3906 2772 et

2324 2808 2493 2863 solam
2526 2819 2703 2865 teneat
2731 2811 2987 2881 speciem,
3018 2819 3073 2865 et
3092 2819 3148 2865 ut
3173 2810 3316 2864 omni
3339 2810 3502 2876 adsit,
3529 2819 3584 2865 et
3607 2810 3905 2866 absolutum

2326 2901 2447 2955 sita
2478 2903 2734 2971 temporis
2760 2903 3090 2969 conditione,
3115 2911 3174 2955 ut
3201 2901 3407 2957 risibile
3428 2901 3569 2971 quod
3590 2917 3619 2956 a
3644 2900 3906 2971 superiori

2325 2991 2611 3059 plurimum
2639 2992 2829 3057 distat,
2866 3006 2986 3045 nam
3027 2990 3165 3059 quod
3199 2991 3402 3045 risibile
3442 3000 3556 3058 est,
3594 3004 3809 3061 semper
3836 2992 3908 3046 ri-

2324 3083 2453 3139 dere
2472 3092 2669 3153 potest.
2692 3084 2896 3139 Rursus
2916 3084 3003 3153 qui
3027 3090 3200 3153 potest
3221 3084 3273 3137 in
3291 3083 3568 3151 iuventute
3587 3084 3904 3153 pubescere,

638 3194 756 3234 mus
782 3179 978 3248 aliquid
1007 3176 1302 3233 secundum
1339 3184 1578 3245 tempus,
1623 3175 1667 3229 si
1708 3176 1756 3230 ei
1799 3175 2082 3244 adjiciatur
2121 3175 2222 3229 ali-
2250 3177 2298 3243 C
2329 3190 2447 3231 cum
2488 3174 2600 3245 ipsa
2640 3176 2893 3243 iuventus
2930 3192 3033 3229 non
3077 3174 3145 3228 sit
3191 3189 3423 3245 semper,
3474 3189 3581 3230 non
3626 3175 3675 3230 ei
3722 3174 3906 3244 adest,

636 3271 867 3341 quando,
901 3278 959 3324 ut
984 3270 1051 3324 sit
1079 3267 1194 3322 haec
1216 3268 1373 3322 tertia
1400 3267 1597 3337 proprii
1630 3267 1969 3335 nuncupatio,
1999 3269 2141 3322 omni
2166 3277 2223 3323 et

636 3363 757 3427 soli,
788 3361 879 3415 sed
909 3359 1217 3429 aliquando,
1242 3368 1299 3412 ut
1320 3366 1402 3413 est
1426 3358 1479 3411 iu
1503 3364 1779 3412 senectute
1804 3372 2112 3424 canescere,
2135 3359 2220 3413 vel

636 3454 689 3507 in
716 3454 992 3521 iuventute
1022 3450 1313 3519 pubescere
1345 3466 1357 3501 :
1389 3449 1536 3503 omni
1562 3449 1704 3504 enim
1752 3448 1951 3503 homini
1982 3448 2135 3505 adest
2164 3449 2217 3503 in

633 3544 907 3616 iuventute
932 3541 1244 3613 pubescere,
1269 3550 1318 3596 et
1342 3541 1394 3595 in
1419 3550 1692 3597 senectute
1712 3557 2000 3597 canescere
2020 3552 2073 3596 et
2094 3543 2214 3598 soli.

634 3634 935 3692 Pubescere
962 3635 1104 3690 enim
1135 3634 1299 3688 solius
1336 3640 1418 3687 est
1462 3632 1727 3702 hominis,
1772 3633 1864 3689 sed
1908 3633 2215 3704 aliquando,

636 3742 808 3797 neque
834 3727 977 3782 enim
1006 3724 1057 3780 in
1085 3726 1230 3780 omni
1262 3734 1523 3795 tempore,
1555 3725 1648 3780 sed
1676 3724 1728 3779 in
1759 3726 1872 3780 sola
1901 3735 2103 3781 tantum
2130 3727 2220 3796 iu-

635 3829 869 3877 ventute.
914 3821 1037 3877 llaec
1066 3820 1226 3890 igitur
1263 3818 1637 3873 determinatio
1666 3820 1866 3889 proprii
1910 3821 1961 3873 in
1992 3834 2056 3875 eo
2098 3821 2217 3886 qui-
2294 3842 2295 3845 η

635 3914 756 3969 dem
788 3911 927 3983 quod
950 3911 1119 3975 omni,
1147 3920 1201 3966 et
1221 3910 1321 3965 soli
1354 3910 1511 3979 inest,
1546 3910 1789 3965 absoluta
1816 3919 1916 3977 est,
1943 3911 2036 3966 sed
2062 3926 2124 3965 ex
2153 3925 2219 3965 eo

636 4005 814 4060 minus
862 4003 1061 4074 aliquid
1110 4002 1404 4070 contrahit,
1452 4018 1573 4058 cum
1622 4003 1849 4058 dicimus
1896 4002 2215 4072 aliquando,

635 4096 774 4168 quod
803 4094 849 4152 si
879 4095 1209 4159 auferamus,
1244 4094 1303 4149 iit
1331 4094 1529 4164 proprii
1564 4094 1768 4164 integra
1798 4102 1851 4148 et
1890 4092 2117 4162 simplex
2146 4091 2221 4146 si-

633 4173 904 4259 gnificatio
945 4187 1047 4242 hoc
1081 4186 1281 4241 modo:
1315 4186 1587 4255 proprium
1630 4196 1712 4239 est
1756 4184 1898 4254 quod
1945 4185 2124 4249 omni,
2164 4192 2221 4238 ct

635 4280 768 4346 soli,
800 4285 855 4333 et
879 4291 1091 4346 semper
1121 4276 1300 4339 adest,
1333 4284 1391 4328 ut
1420 4275 1623 4329 homini
1652 4275 1885 4342 risibile,
1922 4291 2059 4344 equo
2101 4276 2221 4328 hin-

636 4369 818 4425 nibile.
850 4366 1036 4422 Omnis
1062 4366 1206 4421 enim
1232 4365 1421 4430 homo,
1452 4376 1505 4419 et
1529 4365 1677 4419 solus
1706 4369 1865 4419 homo
1892 4365 2112 4423 risibilis
2135 4374 2224 4419 est

635 4473 689 4518 et
716 4477 944 4532 semper,
977 4460 1223 4516 similiter
1257 4468 1311 4513 et
1348 4473 1516 4527 equus
1559 4458 1833 4512 binnibile.
1878 4457 2060 4528 Neque
2089 4456 2219 4513 illud

2328 3281 2541 3337 semper
2578 3276 2636 3321 ut
2664 3268 2716 3321 in
2742 3266 3019 3337 iuventute
3046 3265 3339 3336 pubescat:
3371 3266 3486 3321 haec
3509 3276 3685 3321 autem
3720 3275 3907 3336 quarta
3976 3304 3981 3305 κ

2328 3360 2530 3427 pr0prii
2554 3358 2869 3427 signiﬁcatio
2890 3372 3047 3427 quam
3075 3358 3219 3415 nulla
3241 3358 3496 3427 temporis
3515 3357 3762 3413 difflnitio
3782 3373 3908 3413 con-

2327 3455 2568 3522 stringit,
2599 3452 2841 3506 absoluta
2871 3461 2953 3506 est
2973 3493 2985 3515 ,
3029 3462 3188 3521 atque
3217 3450 3337 3506 ideo
3367 3452 3527 3506 etiam
3558 3452 3905 3517 convertitur,

2328 3552 2385 3597 et
2411 3544 2479 3599 de
2520 3559 2578 3597 se
2609 3543 2834 3598 invicem
2866 3542 3137 3612 proprium
3175 3551 3335 3613 atque
3369 3543 3578 3613 species
3617 3542 3909 3612 praedicam

2328 3644 2415 3689 tur
2447 3653 2461 3688 :
2495 3634 2655 3690 homo
2678 3635 2821 3691 enim
2848 3635 3022 3691 omnis
3046 3635 3265 3691 risibilis
3304 3646 3416 3700 est,
3445 3644 3499 3691 et
3525 3650 3683 3692 omne
3709 3636 3910 3692 risibile

2327 3726 2509 3782 homo.

2864 3818 2952 3873 DE
2994 3817 3372 3875 ACCIDENTI.
3440 3844 3443 3845 ν

2400 3910 2647 3963 Accidens
2672 3918 2746 3963 est
2770 3911 2903 3978 quod
2928 3911 3069 3964 adest
3102 3920 3145 3964 et
3170 3910 3327 3976 abest,
3357 3920 3538 3981 prtem
3564 3912 3773 3983 subjecti
3799 3928 3911 3967 cor-

2324 4006 2633 4073 ruptiouem.
2663 4003 2919 4057 Dividitur
2948 4013 3120 4058 autem
3147 4005 3199 4057 in
3228 4005 3352 4069 duo,
3377 4006 3432 4058 in
3461 4005 3743 4074 separabile
3788 4018 3833 4060 et
3858 4008 3910 4061 in

2326 4092 2681 4172 inseparabile.
2714 4094 3011 4166 Separabile
3029 4097 3163 4149 enim
3189 4096 3425 4149 accidens
3449 4106 3523 4151 est
3546 4097 3765 4152 dormire
3788 4113 3808 4151 :
3833 4100 3910 4151 ni-

2327 4202 2476 4256 grum
2504 4203 2616 4239 vero
2648 4203 2783 4253 esse,
2812 4188 3215 4255 inseparabiliter
3243 4205 3391 4243 corvo
3429 4199 3480 4244 et
3515 4188 3753 4259 ΑὲιΙιὶορὶ
3780 4194 3913 4243 acci-

2328 4277 2405 4329 dit
2432 4291 2453 4330 :
2481 4286 2644 4344 potest
2665 4288 2833 4331 autem
2860 4279 3099 4349 intelligi,
3127 4290 3177 4332 et
3203 4296 3384 4335 corvus
3409 4282 3574 4348 albus,
3599 4292 3645 4335 et
3667 4281 3914 4353 zEthiops

2327 4367 2493 4420 nitens
2519 4367 2749 4422 candore
2769 4380 2953 4439 praeter
2981 4371 3193 4440 subjecti
3227 4374 3621 4442 corruptionem.
3660 4374 3914 4443 Diﬁinitnr

2328 4466 2499 4511 autem
2527 4459 2601 4512 sic
2646 4476 2844 4531 quoque
2869 4476 2887 4514 :
2915 4463 3150 4517 accidens
3188 4466 3427 4532 estquod
3470 4467 3715 4537 contingit
3754 4467 3914 4519 eidem

635 4571 735 4612 nos
780 4555 886 4608 ulla
915 4553 1244 4608 dubitatione
1284 4552 1564 4621 perturbet
1611 4550 1753 4621 quod
1798 4564 2010 4622 semper
2053 4550 2221 4607 homo
2245 4552 2303 4616 Ι)
2325 4550 2492 4605 inesse
2530 4551 2610 4606 vel
2638 4568 2737 4605 non
2768 4554 2963 4619 inesse,
2994 4557 3203 4623 etquod
3238 4572 3401 4627 neque
3437 4573 3594 4627 genus
3622 4569 3725 4623 est,
3760 4574 3916 4628 neque

637 4662 740 4702 non
768 4646 981 4701 rideat:
1010 4660 1117 4700 non
1153 4644 1294 4699 enim
1324 4642 1502 4699 ridere
1545 4644 1817 4713 proprium
1858 4652 1941 4699 est
1983 4644 2216 4713 homini,

635 4740 733 4795 sed
762 4739 987 4805 risibile,
1016 4738 1158 4809 quod
1190 4752 1297 4792 non
1338 4736 1389 4791 in
1422 4744 1565 4804 actu,
1598 4736 1691 4792 sed
1721 4737 1773 4791 in
1796 4746 2057 4803 potestate
2086 4753 2220 4793 con-

636 4829 775 4883 sistit
806 4845 821 4893 ;
864 4843 995 4898 ergo
1033 4828 1245 4883 etiamsi
1277 4844 1381 4883 non
1411 4829 1619 4897 rideat,
1649 4828 1772 4899 quia
1814 4830 1993 4886 ridere
2039 4840 2217 4887 tamen

638 4917 832 4990 possit,
874 4918 973 4971 soli
1013 4925 1069 4972 et
1096 4918 1241 4971 omni
1280 4917 1483 4971 homini
1529 4932 1743 4986 semper
1771 4919 1963 4975 adesse
2001 4922 2218 4989 dicitur,

637 5022 692 5068 et
720 5009 1096 5068 convenienter
1124 5012 1399 5080 proprium
1432 5020 1789 5079 nuncupatur.
1824 5010 1956 5063 Nam
2007 5012 2052 5065 si
2096 5023 2221 5066 actu

636 5112 915 5175 separetur
939 5118 970 5159 a
990 5102 1169 5173 specie
1192 5110 1452 5171 potestate
1476 5101 1620 5156 nulla
1640 5104 1847 5157 ratione
1875 5103 2214 5173 disiungitur.

617 5198 875 5275 .Quatuor
891 5196 1049 5266 igitur
1063 5192 1480 5264 significationes
1502 5194 1701 5264 proprii
1721 5193 1875 5251 dixit.
1896 5195 2026 5250 Nam
2045 5198 2220 5266 prima

637 5288 850 5357 quidem
901 5296 984 5343 est
1029 5282 1243 5355 quando
1292 5283 1541 5338 accidens
1590 5282 1663 5338 ita
1710 5284 1966 5354 subjectae
2016 5288 2216 5356 speciei

637 5380 821 5444 adest,
852 5389 909 5433 ut
938 5378 1038 5434 soli
1067 5379 1117 5432 ei
1148 5375 1320 5444 adsit,
1346 5375 1552 5430 etiamsi
1583 5388 1688 5431 non
1716 5378 1898 5443 omni,
1927 5387 1981 5432 ut
2012 5377 2219 5433 homini

639 5470 922 5524 medicina.
956 5468 1199 5525 Secunda
1231 5483 1361 5525 vero
1387 5482 1507 5523 cum
1534 5468 1635 5524 soli
1662 5469 1875 5539 quidem
1905 5486 2008 5526 non
2037 5471 2210 5541 adest,

638 5561 784 5615 omni
816 5576 942 5616 vero
969 5576 1183 5633 semper
1208 5561 1534 5632 adiungitur,
1581 5570 1639 5616 ut
1667 5560 1870 5617 homini
1910 5578 2031 5619 esse
2060 5564 2211 5633 bipe-

637 5654 781 5705 dem.
807 5653 986 5708 Tertia
1016 5670 1145 5711 vero
1167 5669 1286 5709 cum
1318 5656 1463 5710 omni
1503 5666 1555 5711 et
1586 5657 1719 5721 soli,
1764 5656 1859 5712 sed
1904 5658 2209 5727 aliquando,

638 5748 696 5794 ut
716 5742 917 5799 homini
938 5746 989 5800 in
1006 5746 1285 5813 iuventute
1315 5747 1631 5818 pubescere.
1662 5749 1863 5820 Quarta
1887 5765 2009 5805 cum
2039 5752 2209 5820 omni,

2237 5828 2285 5876 εἴ

2328 4646 2538 4715 species,
2573 4654 2733 4717 negue
2754 4644 3065 4713 diﬂ’erentia,
3090 4663 3255 4718 neque
3275 4650 3562 4719 proprium,
3594 4666 3794 4721 semper
3819 4668 3912 4704 au-

2330 4747 2428 4792 tem
2452 4747 2525 4792 est
2554 4738 2606 4791 in
2636 4736 2862 4810 subjecto
2889 4738 3183 4793 subsistens.
3217 4738 3464 4794 Omnibus
3490 4741 3650 4811 igitur
3680 4744 3915 4796 determi-

2329 4832 2468 4885 natis
2494 4846 2611 4901 qua!
2637 4832 2900 4902 proposita
2935 4840 3091 4885 sunt:
3119 4832 3234 4887 dico
3265 4842 3434 4888 autem
3471 4850 3684 4907 genere,
3722 4837 3914 4902 specie,

2331 4924 2651 4992 differentia,
2694 4924 2933 4992 praprio,
2962 4932 3009 4978 et
3044 4925 3341 4993 accidente,
3390 4928 3657 4983 dicendum
3693 4936 3769 4983 est
3804 4942 3916 4994 qua

2330 5018 2432 5070 sint
2468 5016 2592 5082 ipsis
2621 5015 2943 5084 communia,
2975 5026 3025 5070 et
3051 5032 3174 5088 qua!
3189 5022 3415 5089 propria.
3500 5085 3513 5099 .

2403 5105 2697 5174 Quoniam,
2739 5115 2799 5159 ut
2840 5107 3088 5177 superius
3116 5110 3313 5165 dictum
3356 5118 3466 5177 est,
3498 5098 3673 5162 Omnia
3701 5123 3823 5177 qua:
3849 5109 3915 5167 de
3947 5115 3949 5118 ‘

2328 5197 2510 5266 aliquo
2537 5196 2913 5268 praedicantur,
2941 5200 3026 5254 vel
3051 5200 3468 5255 substantialiter
3493 5198 3576 5253 vel
3604 5200 3915 5255 accidenta-

2329 5291 2455 5347 liter
2480 5289 2750 5347 dicuntur.
2782 5290 3023 5365 Cumque
3044 5308 3107 5348 ea
3129 5308 3249 5363 qua:
3270 5292 3692 5348 substantialiter
3718 5295 3914 5363 praedi-

2329 5392 2545 5453 cantur,
2569 5385 2685 5455 eius
2722 5386 2791 5442 de
2824 5402 2929 5457 quo
2966 5387 3215 5440 dicuntur
3254 5383 3604 5440 substantiam
3634 5386 3913 5441 difﬁnitio—

2330 5490 2560 5546 nemque
2581 5476 2909 5543 contineant,
2933 5486 2985 5533 et
3006 5477 3108 5530 sint
3126 5490 3191 5531 eo
3211 5477 3510 5546 antiquiora
3531 5489 3692 5549 atque
3714 5479 3911 5548 majora

2329 5568 2471 5637 quod
2499 5584 2563 5624 ex
2593 5570 3029 5624 substantialibus
3055 5554 3360 5639 praedicatis
3390 5569 3657 5626 efﬁcitur:
3690 5586 3913 5638 cumque

2329 5678 2392 5718 ea
2425 5678 2541 5732 qua:
2566 5663 2989 5717 substantialiter
3018 5662 3270 5719 dicuntur
3302 5674 3557 5735 pereunt,
3588 5678 3805 5718 necesse
3834 5672 3911 5720 esi

2327 5768 2386 5811 ut
2416 5756 2571 5811 simul
2604 5757 2761 5811 etiam
2810 5771 2870 5811 ea
2920 5756 3318 5826 interimuntur,
3366 5773 3590 5831 quorum
3639 5766 3913 5823 naturam,
