4244 6254
288 259 389 331 153

1192 258 1259 316 ΙΝ
1297 255 1743 319 ΡΟΒΡΗΥΒΙΗΙ(
1782 255 2425 321 CDMMENTARIOBUM
2469 264 2597 320 LIB.
2639 260 2701 317 γ.

3454 260 3558 323 134

283 381 745 453 substantiamque
786 377 1126 439 formabant:
1165 393 1285 450 quae
1317 393 1439 437 cum
1481 378 1552 433 ita
1597 378 1732 444 sint,
1776 394 1869 437 ne-
1898 380 1952 457 ᾼ
1976 378 2177 433 interiit
2199 376 2407 448 species
2430 395 2443 431 ι
2470 393 2599 446 ergo
2621 377 2762 446 quod
2803 376 3002 441 dictum
3030 385 3113 437 est
3151 377 3340 437 adesse
3367 386 3424 437 et
3461 380 3558 435 ab.

284 489 438 539 cesse
478 484 561 530 est
607 482 668 526 ut
709 487 827 543 qutr
872 469 1267 526 accidentaliter
1303 470 1572 535 dicuntur,
1621 471 1872 538 quoniam

284 564 639 622 subSIantiam
668 563 887 619 minime
914 560 1237 629 informant,
1273 570 1325 615 et
1364 560 1555 617 adesse
1588 570 1643 617 et
1683 562 1875 618 abesse

285 654 501 726 possint
534 662 724 723 praeter
750 652 972 720 subjecti
1002 652 1423 722 corruptionem.
1462 653 1535 707 Ea
1576 654 1715 709 enim
1750 663 1870 709 tan-

290 757 403 805 tum
432 762 550 803 cum
578 748 770 817 absunt
797 745 1093 817 subjectum
1124 760 1471 816 corrumpere
1494 756 1734 816 possunt,
1756 764 1876 817 qua:

289 840 526 897 efficiunt
552 849 710 910 atque
747 840 1086 913 conformant
1129 854 1248 908 quae
1290 849 1418 894 sunt
1464 839 1874 896 substantialia:

289 946 410 1000 quae
442 946 562 987 vero
592 946 695 985 non
738 929 981 987 efficiunt
1018 930 1404 999 substantiam,
1450 940 1506 984 ut
1544 932 1873 999 accidentia,

290 1034 354 1075 ea
382 1036 498 1076 cum
528 1020 751 1085 adsunt,
786 1021 870 1076 vel
900 1020 1119 1085 absunt,
1168 1036 1269 1077 nec
1308 1020 1598 1078 informant
1626 1022 1876 1079 substan-

290 1113 413 1166 tiam
445 1126 543 1168 nec
571 1121 942 1183 corrumpunt.
972 1113 1067 1167 Est
1088 1112 1246 1184 igitur
1274 1112 1522 1169 accidens
1553 1115 1692 1184 quod
1725 1114 1878 1171 adest

290 1212 341 1261 et
368 1206 513 1260 abest
545 1214 741 1274 praeter
776 1204 1000 1275 subjecti
1042 1206 1459 1273 corruptionem.
1494 1204 1548 1259 ld
1585 1215 1761 1260 autem
1796 1204 1879 1260 di-

290 1296 483 1367 viditur
508 1295 559 1350 in
587 1296 721 1351 duas
752 1304 951 1365 partes.
984 1294 1247 1350 Accidens
1271 1296 1414 1349 enim
1442 1294 1581 1351 aliud
1613 1305 1694 1352 est
1724 1308 1883 1363 sepa-

289 1385 491 1451 rabiie,
541 1386 683 1440 aliud
736 1385 1109 1454 inseparabile.
1163 1386 1474 1457 Separabile
1522 1386 1775 1456 quidem,
1826 1396 1886 1443 ut

290 1474 571 1543 dormire,
604 1475 818 1531 sedere.
865 1474 1222 1545 lnseparabile
1270 1490 1398 1529 vero
1442 1474 1677 1546 Ettiiopi
1728 1485 1885 1546 atque

288 1581 492 1632 corvo,
520 1567 668 1623 color
708 1568 876 1637 niger.
924 1568 979 1622 In
1010 1584 1111 1637 qua
1154 1582 1213 1623 re
1245 1568 1365 1622 talis
1394 1569 1565 1623 oritur
1602 1569 1881 1639 dubitatio,

290 1650 370 1711 ita
402 1656 544 1712 enim
587 1665 668 1711 est
705 1655 990 1713 diffinitum
1023 1675 1034 1710 :
1064 1658 1315 1713 accidens
1344 1667 1423 1713 est
1462 1658 1601 1727 quod
1642 1660 1792 1714 adest
1830 1670 1885 1716 et

1977 486 2118 535 esse,
2151 486 2255 525 non
2288 485 2367 534 re,
2397 470 2488 524 sed
2518 470 2698 523 animo
2730 470 3129 541 intelligendum
3160 480 3259 535 est,
3284 471 3480 542 alioQui
3506 481 3563 533 et

1975 562 2341 617 substantialia
2366 578 2483 630 qum
2514 563 2733 617 onmiuo
2760 564 2995 630 separari
3018 580 3126 619 non
3154 574 3395 633 possunt,
3417 580 3563 634 saepe

1977 655 2155 707 animo
2197 664 2250 707 et
2284 653 2607 722 cogitatione
2641 652 3030 723 disjungimus,
3064 666 3122 710 ut
3161 657 3205 709 si
3249 656 3317 710 ab
3347 656 3565 723 homine

1978 742 2444 798 rationabilitatem
2477 742 2801 809 auferamus,
2828 760 2987 813 quam
3014 745 3143 813 licet
3165 754 3288 800 actu
3316 761 3567 814 separare

1980 852 2085 893 non
2118 850 2435 907 possumus,
2470 845 2645 895 tamen
2680 836 2726 891 si
2753 837 2917 891 animi
2952 838 3325 907 imaginatione
3356 837 3566 907 disjun-

1979 930 2183 999 gimus,
2217 930 2394 983 statim
2439 930 2573 999 perit
2603 929 2837 984 hominis
2874 928 3118 998 Species,
3146 928 3287 998 quod
3326 928 3465 984 idem
3511 931 3568 985 in

1980 1018 2347 1079 accidentibus
2384 1034 2490 1074 non
2527 1020 2607 1074 fit.
2645 1019 2865 1073 Sublato
2896 1020 3037 1073 enim
3066 1018 3329 1075 accidenti
3370 1020 3569 1086 cogita-

1982 1110 2162 1176 tione,
2210 1102 2418 1179 species
2471 1119 2671 1165 manet.
2737 1110 2833 1163 Est
2875 1124 3086 1179 quoque
3129 1107 3229 1163 alia
3277 1107 3571 1171 accidentis

1982 1197 2233 1252 diffinitio
2254 1210 2571 1255 cmterorum
2598 1199 2835 1254 omnium
2860 1200 3179 1269 privatione,
3204 1208 3263 1253 ut
3289 1198 3342 1255 id
3363 1198 3572 1254 dicatur

1984 1290 2233 1347 accidens
2264 1290 2403 1361 quod
2438 1306 2608 1363 neque
2635 1306 2807 1361 genus
2834 1291 2921 1357 sit,
2946 1306 3120 1361 neque
3146 1291 3372 1359 species,
3398 1302 3573 1359 neque

1985 1383 2305 1452 differentia,
2338 1398 2511 1451 neque
2542 1384 2835 1454 proprium,
2866 1399 2983 1453 qua:
3008 1382 3255 1438 diffinitio
3284 1382 3575 1453 plurimum

1987 1488 2117 1545 vaga
2143 1481 2227 1531 est
2266 1474 2526 1544 valdeque
2556 1477 2875 1537 communis.
2907 1473 2999 1531 Sic
3038 1475 3180 1530 enim
3213 1474 3373 1529 etiam
3403 1488 3575 1543 genus

1987 1566 2207 1622 diffiniri
2241 1576 2445 1637 potest,
2476 1568 2616 1636 quod
2646 1582 2819 1636 neque
2850 1570 3086 1636 species,
3118 1582 3291 1637 neque
3319 1565 3577 1622 difl'eren-

1990 1657 2094 1725 tia,
2125 1674 2297 1727 neque
2330 1661 2601 1728 proprium
2632 1660 2736 1725 sit,
2779 1674 2878 1716 nec
2902 1659 3191 1717 accidens:
3225 1660 3412 1717 eodem
3444 1673 3577 1728 quos

290 1747 450 1803 abest
477 1756 671 1815 praeter
695 1746 923 1816 subjecti
958 1748 1376 1817 corruptionem.
1410 1747 1551 1804 ldem
1584 1760 1758 1804 tamen
1790 1765 1884 1805 ac-
1914 1761 1964 1827 Β
1989 1764 2093 1821 que
2123 1749 2281 1804 modo
2303 1752 2510 1819 species
2538 1765 2599 1805 ac
2625 1750 2922 1806 dill‘erentia
2943 1760 3098 1821 atque
3121 1750 3415 1820 proprium.
3438 1749 3577 1807 Cum

293 1842 477 1905 cidens
502 1840 791 1911 aliquando
833 1840 1187 1911 inseparabile
1224 1840 1416 1896 dicitur
1442 1859 1453 1893 :
1484 1842 1623 1912 quod
1666 1844 1709 1898 si
1743 1845 1886 1898 inse-

294 1933 533 2011 parabile
560 1942 671 1998 est,
704 1933 896 1988 abesse
924 1947 1028 1989 non
1059 1933 1275 2003 poterit.
1314 1932 1532 1990 Frustra
1565 1936 1720 2005 igitur
1744 1938 1888 2007 posi:

298 2037 409 2082 tum
440 2033 524 2081 est
552 2022 798 2080 accidens
825 2038 945 2080 esse
967 2023 1111 2095 quod
1142 2023 1357 2091 adesse,
1390 2034 1442 2079 et
1467 2026 1658 2081 abesse
1697 2030 1884 2096 possit,

299 2133 423 2185 cum
448 2117 553 2171 sint
579 2117 814 2189 quaedam
840 2117 1157 2186 accidentia,
1183 2133 1303 2188 quae
1331 2133 1358 2173 a
1380 2118 1622 2190 subjecto
1653 2136 1758 2175 non
1794 2137 1887 2176 va-

298 2211 447 2269 leant
474 2210 730 2281 separari.
758 2209 864 2269 Sed
897 2210 957 2267 fit
982 2226 1125 2281 saepe
1153 2220 1213 2269 ut
1238 2226 1357 2283 qua:
1379 2222 1497 2271 actu
1526 2213 1759 2285 disjungi
1783 2231 1887 2270 non

302 2304 545 2369 valeant,
598 2312 777 2359 mente
823 2312 878 2360 et
931 2303 1252 2377 cogitatione
1298 2313 1631 2372 separentur.
1695 2307 1797 2362 Sed
1844 2306 1889 2361 si

303 2393 461 2449 animi
488 2395 697 2451 ratione
724 2395 1006 2466 disjunctae
1029 2396 1313 2465 qualitates
1338 2411 1367 2453 a
1393 2396 1646 2466 subjectis
1688 2413 1792 2454 non
1824 2414 1889 2456 ea

302 2489 610 2560 perimunt,
655 2488 751 2545 sed
794 2489 849 2544 in
879 2504 975 2544 sua
1020 2488 1314 2544 substantia
1346 2498 1688 2561 permanent,
1731 2501 1890 2562 atque

302 2579 627 2655 perdurant,
659 2580 962 2637 accidentes
1000 2595 1121 2637 esse
1169 2581 1557 2652 intelliguntur.
1590 2583 1702 2654 Age
1733 2584 1891 2655 igitur

308 2672 554 2743 quoniam
601 2671 846 2741 Ethiopi
893 2672 1040 2728 color
1085 2673 1235 2745 niger
1281 2673 1477 2733 auferri
1528 2690 1634 2730 non
1683 2685 1891 2746 potest,

307 2764 485 2817 animo
506 2778 629 2818 eum
651 2772 707 2818 et
730 2763 1051 2833 cogitatione
1075 2778 1409 2835 separemus,
1437 2764 1541 2819 erit
1564 2764 1723 2835 igitur
1745 2767 1895 2823 color

296 2852 462 2933 albus
493 2853 750 2924 EthiOpi.
773 2854 906 2909 Num
936 2854 1135 2911 idcirco
1159 2854 1365 2925 species
1386 2865 1713 2925 consumptae
1733 2857 1893 2914 sunt?

298 2942 543 3025 ‘Minime.
579 2945 705 3000 item
738 2950 893 3002 etiam
924 2962 1141 3015 corvus,
1173 2948 1215 3002 si
1240 2947 1309 3001 ab
1333 2963 1398 3004 eo
1418 2950 1651 3005 colorem
1678 2951 1889 3019 nigrum

296 3035 685 3117 imaginatione
713 3052 1055 3113 separemus,
1086 3048 1364 3109 permanet
1406 3047 1582 3096 tamen
1607 3042 1720 3095 avis
1743 3083 1756 3106 ,
1789 3056 1891 3097 nec

1990 1853 2168 1897 autem
2211 1841 2397 1898 eadem
2438 1843 2785 1899 similitudine
2826 1842 3153 1899 definitionis
3185 1842 3413 1912 plurima
3443 1841 3576 1910 detis

1990 1933 2091 1991 niri
2134 1942 2365 2003 queunt,
2399 1950 2502 1989 non
2547 1944 2629 1989 est
2673 1936 2963 1991 terminans
3007 1945 3059 1991 et
3088 1935 3439 1990 circumclusa
3480 1935 3577 1991 de~

1990 2026 2229 2094 scriptio,
2264 2028 2559 2095 prmsertim
2601 2043 2723 2084 cum
2754 2029 2910 2098 longe
2940 2029 3007 2083 sit
3036 2029 3103 2082 ab
3141 2028 3465 2085 deﬁnitionis
3496 2028 3577 2082 in.

1992 2120 2240 2199 tegritate
2262 2121 2587 2190 sejuncmm,
2616 2122 2756 2190 quod
2783 2122 3067 2192 cujuslibet
3088 2122 3165 2177 rei
3194 2120 3419 2177 formam
3448 2120 3577 2175 alia-

1991 2226 2109 2271 rum
2161 2227 2339 2267 rerum
2375 2214 2657 2281 negatione
2699 2215 3051 2269 demonstrat.
3088 2212 3289 2282 Quibus
3330 2214 3577 2289 omnibus

1994 2303 2281 2372 expeditis,
2309 2304 2360 2358 id
2389 2316 2469 2360 est
2499 2320 2729 2375 genere,
2760 2306 2969 2375 specie,
3000 2303 3330 2372 differentia,
3362 2304 3578 2375 propria

1993 2405 2153 2464 atque
2184 2395 2481 2461 accidenti,
2516 2396 2905 2468 descriptisque
2930 2412 3117 2459 eorum
3145 2397 3389 2455 terminis
3412 2411 3579 2467 quam

1994 2494 2106 2543 tum
2152 2488 2450 2554 postulabat
2480 2487 2838 2543 institutionis
2885 2488 3155 2559 brevitas,
3192 2505 3257 2545 ea
3286 2490 3397 2559 ipsa
3434 2503 3581 2546 com-o

1995 2582 2228 2637 muniter
2274 2581 2648 2650 pertractanda
2681 2583 3038 2653 persequitur,
3069 2590 3129 2639 ut
3162 2598 3296 2654 quas
3336 2582 3477 2638 inter
3523 2597 3581 2644 so

1992 2672 2227 2729 habeant
2251 2672 2577 2730 differentias
2600 2673 2715 2731 huic
2736 2676 2992 2747 quinque,
3021 2675 3089 2731 de
3117 2676 3313 2745 quibus
3331 2674 3582 2745 superius

1998 2766 2324 2836 disputatum
2346 2776 2461 2833 est,
2493 2781 2693 2838 quasve
2722 2766 3125 2823 communiones
3154 2767 3410 2822 mediocri
3454 2780 3581 2821 con-

1994 2858 2322 2921 sideratione
2351 2858 2710 2922 demonstret,
2741 2866 2798 2912 ut
2822 2872 2928 2912 non
2952 2856 3128 2912 solum
3156 2871 3276 2925 qua:
3310 2857 3423 2927 ipsa
3452 2855 3581 2922 sint,

1997 2964 2184 3005 verum
2209 2948 2373 3003 etiam
2398 2947 2848 3018 quemadmodum
2876 2946 2989 3016 ipsa
3015 2946 3156 3001 inter
3180 2958 3241 3001 se
3266 2958 3579 3015 comparen-

1999 3051 2111 3108 tur,
2135 3049 2407 3113 appareat.

307 3175 3558 3202 MM

1408 3266 1783 3381 LIBER
1843 3228 2494 3392 QUINTUS.

375 3524 648 3596 Expeditis
675 3540 771 3595 per
796 3537 855 3580 se
880 3524 1129 3582 omnibus
1154 3538 1272 3595 qua:
1304 3520 1601 3594 proposuit,
1630 3530 1689 3578 et
1718 3533 1888 3591 quan-
1919 3522 1964 3584 C
1994 3486 2167 3577 Homo
2196 3532 2441 3593 presteres:
2473 3525 2539 3581 de
2563 3524 2646 3580 his
2668 3528 2756 3596 qui
2783 3534 2905 3581 sunt
2935 3525 3304 3595 particulam,
3336 3528 3584 3598 prwdica-

294 3621 415 3673 lum
459 3616 514 3672 in
558 3616 977 3685 uniuscujusque
1026 3614 1467 3671 consideratione
1526 3618 1766 3682 poterat,
1827 3608 1895 3662 ad

300 3710 548 3777 scientiae
581 3710 868 3765 terminum
900 3709 1139 3769 breviter
1166 3707 1442 3774 adductis,
1470 3720 1612 3763 nunc
1639 3704 1750 3775 jam
1783 3717 1893 3760 non

296 3800 372 3869 ,de
395 3801 731 3872 singulorum
762 3808 983 3875 natura,
1008 3800 1060 3855 id
1096 3811 1175 3856 cst
1211 3799 1295 3855 vel
1332 3800 1579 3869 generis,
1620 3798 1700 3852 vel
1739 3795 1896 3854 difi’e-

298 3894 535 3959 rentiae,
568 3893 651 3946 vel
683 3892 913 3960 speciei,
947 3892 1030 3948 vel
1066 3891 1293 3963 proprii,
1328 3892 1414 3947 vel
1441 3889 1769 3955 accidentis,
1803 3886 1895 3943 sed

305 3982 379 4040 de
400 3982 468 4038 ad
490 3997 551 4039 se
577 3983 801 4038 invicem
833 3983 1093 4039 relatione
1121 3992 1427 4051 pertractat.
1444 3982 1577 4038 Nam
1599 3980 1723 4051 quia
1746 3994 1896 4035 com-

298 4075 597 4131 ,muniones
616 4086 692 4129 'ac
731 4074 1062 4130 differentias
1088 4091 1263 4131 rerum
1294 4075 1528 4146 colligit,
1557 4087 1662 4129 non
1693 4080 1750 4126 ut
1774 4078 1901 4126 sunt

298 4183 401 4239 per
420 4185 481 4224 se
508 4184 598 4224 res
629 4168 734 4223 illa:
756 4168 1090 4236 considerat,
1119 4169 1212 4239 sed
1235 4167 1300 4224 ad
1332 4168 1463 4223 alias
1487 4165 1716 4238 qualiter
1742 4178 1896 4217 com-

300 4273 579 4335 parentur.
611 4262 667 4317 Id
697 4272 877 4319 autem
912 4263 1106 4335 duplici
1138 4263 1299 4321 modo
1323 4262 1408 4327 fit,
1439 4260 1523 4317 vel
1544 4256 1896 4315 similitudine

300 4358 430 4417 .dum
458 4366 716 4414 retractat
744 4359 1180 4424 communitates,
1209 4357 1295 4414 vel
1315 4354 1752 4411 dissimilitudine
1770 4349 1898 4406 dum

300 4451 636 4509 differentias
663 4470 677 4505 :
711 4467 831 4524 quae
861 4467 981 4508 cum
1004 4452 1076 4507 ita
1095 4452 1224 4518 sint,
1249 4465 1349 4505 nos
1376 4463 1591 4520 quoque
1618 4450 1699 4510 (ut
1726 4445 1901 4503 adhuc

304 4542 566 4612 kcimus)
609 4554 832 4617 propter
875 4545 1174 4615 planiorem
1215 4542 1542 4599 intellectum
1590 4538 1900 4612 philosophi

308 4635 529 4704 vestigia
561 4645 971 4707 persequentes,
1003 4636 1281 4693 ordiemur
1305 4635 1374 4690 de
1401 4634 1484 4690 his
1503 4632 1903 4689 communitati-

302 4725 411 4781 bus
433 4741 551 4795 qua:
572 4726 768 4783 adsunt
793 4729 1014 4798 generi,
1046 4727 1249 4798 speciei
1280 4725 1631 4792 differentiae,
1659 4724 1897 4796 proprio,

304 4829 472 4887 atque
492 4819 782 4876 accidenti.

1998 3623 2100 3669 tur.
2137 3616 2345 3671 Ilisibile
2376 3634 2576 3687 quoque
2612 3628 2659 3673 et
2687 3618 2750 3674 de
2777 3620 2978 3673 nurnine
3004 3659 3020 3684 ,
3052 3628 3099 3674 et
3131 3619 3195 3673 dc
3237 3620 3316 3673 Isis
3352 3621 3440 3687 qui
3465 3633 3583 3674 sunt

1998 3709 2354 3777 particulares,
2387 3711 2721 3779 praedicatur.
2750 3708 2972 3780 Nigrum
2990 3721 3245 3781 postremo
3273 3710 3337 3764 dc
3359 3726 3506 3765 corvo
3537 3721 3585 3765 st

1998 3800 2155 3854 ebeno
2177 3841 2192 3866 ,
2214 3812 2258 3856 et
2295 3804 2357 3856 de
2382 3802 2461 3857 Itis
2515 3804 2602 3868 qui
2631 3812 2747 3857 sunt
2782 3804 3149 3872 particulam,
3179 3802 3317 3872 quod
3345 3813 3420 3858 est
3452 3805 3584 3857 acci-

1999 3893 2123 3947 dens
2156 3895 2512 3959 inseparabile.
2543 3893 2675 3947 Item
2707 3896 2893 3947 moveri
2928 3894 2992 3947 de
3022 3895 3225 3948 homine
3251 3904 3297 3949 et
3335 3896 3400 3949 de
3434 3911 3584 3961 equo,

2002 3993 2047 4037 et
2069 3984 2229 4037 dehis
2250 3987 2335 4053 qui
2361 3995 2478 4039 sunt
2508 3984 2871 4052 pnrticulares,
2901 3984 3039 4051 quod
3073 3994 3146 4036 est
3176 3986 3408 4037 accidens
3438 4003 3586 4050 sepa—

2000 4075 2183 4143 rabile,
2207 4074 2295 4129 sed
2319 4074 2669 4144 principaliter
2695 4073 2896 4142 quidem
2924 4073 2986 4125 de
3010 4072 3305 4135 individuis,
3335 4074 3585 4126 secunda-

2001 4170 2077 4223 rio
2108 4184 2219 4223 uero
2246 4176 2291 4221 et
2328 4167 2390 4221 de
2416 4166 2496 4221 his
2535 4182 2646 4236 qua
2671 4165 2927 4220 continent
2954 4164 3217 4219 individua
3255 4164 3584 4235 prtedicatur.

2072 4260 2373 4330 Antequam
2403 4259 2735 4329 singulorum
2766 4258 2833 4315 ad
2861 4257 3276 4328 unumquodque
3319 4257 3588 4313 habitudi-

2002 4368 2125 4421 nem
2155 4362 2368 4419 tractet,
2403 4353 2543 4408 illam
2577 4353 2723 4423 prius
2753 4351 3004 4420 respicit,
3038 4366 3198 4420 quam
3228 4365 3415 4407 omnes
3435 4348 3501 4403 ad
3530 4364 3588 4405 se

2004 4448 2230 4505 invicem
2261 4449 2458 4504 habere
2486 4447 2733 4503 videntur
2769 4465 2783 4502 :
2828 4446 2943 4505 haec
2972 4454 3150 4501 autem
3185 4454 3269 4499 est
3310 4460 3412 4500 una
3440 4457 3589 4511 come

2002 4541 2188 4596 munio
2222 4556 2338 4609 quae
2380 4541 2772 4608 propositarum
2805 4536 3037 4607 quinque
3077 4550 3256 4591 rerum
3302 4550 3584 4593 numerum

2003 4631 2310 4704 pluralitate
2358 4629 2752 4699 praedicationis
2799 4627 3056 4692 includit,
3103 4628 3284 4679 omnia
3325 4624 3470 4677 enim
3518 4624 3586 4678 de

2005 4721 2244 4793 pluribus
2273 4719 2631 4789 praedicantur
2655 4735 2669 4783 ;
2712 4718 2763 4773 in
2788 4716 2890 4772 hoc
2918 4731 3046 4785 ergo
3072 4714 3175 4769 sibi
3218 4722 3407 4771 cuncta
3436 4728 3588 4771 coms

2006 4813 2317 4879 municant,
2362 4827 2484 4866 nam
2532 4822 2587 4867 et
2628 4825 2797 4881 genus
2845 4810 2909 4864 de
2952 4806 3190 4879 pluribus
3237 4808 3588 4878 praedicatur,

384 4907 513 4965 Cum.
538 4910 691 4983 igitur
720 4912 956 4966 omnibus
976 4922 1049 4967 est
1090 4912 1152 4965 de
1199 4910 1433 4983 pluribus
1472 4911 1765 4982 pradicari.
1792 4911 1900 4967 Sed
1926 4907 2243 4977 Ditemque
2284 4905 2495 4976 species
2534 4920 2597 4959 ac
2636 4902 2935 4959 differentia
2956 4944 2971 4969 ,
3003 4912 3057 4957 et
3098 4902 3402 4971 proprium,
3433 4910 3591 4971 atque

308 5018 466 5074 genus
485 5004 689 5072 quidem
714 5003 777 5056 de
802 5004 1035 5059 omnibus
1062 5005 1155 5059 sub
1185 5022 1239 5059 se
1264 5004 1525 5077 speciebus
1571 5014 1619 5059 et
1659 5005 1723 5059 de
1768 5002 1903 5057 indi-

309 5094 505 5159 viduis,
531 5096 770 5153 similiter
796 5105 843 5151 et
872 5096 1168 5166 di/ferentia
1206 5098 1539 5167 praedicatur,
1566 5097 1759 5166 species
1788 5110 1902 5149 vero

309 5185 375 5239 de
402 5186 480 5239 Itis
506 5201 623 5257 quin
642 5188 735 5241 sub
764 5188 878 5258 ipsa
906 5199 1025 5242 sunt
1054 5189 1336 5244 individuis
1365 5204 1383 5243 :
1410 5198 1460 5241 at
1508 5190 1774 5259 proprium
1797 5228 1811 5248 ,
1855 5192 1903 5240 et

307 5278 373 5331 de
392 5278 557 5346 specie
582 5279 730 5349 cujus
758 5290 833 5334 est
862 5282 1149 5352 proprium,
1175 5292 1221 5335 et
1250 5282 1312 5335 de
1339 5282 1418 5335 Itis
1448 5296 1562 5350 qua:
1591 5278 1682 5333 sub
1704 5294 1765 5331 ea
1789 5294 1903 5349 spe-

302 5369 383 5423 cie
408 5377 531 5421 sunt
562 5368 860 5425 individuis.
886 5372 1132 5427 Accidens
1155 5384 1345 5437 autem,
1379 5382 1424 5425 et
1455 5371 1517 5435 de
1542 5368 1823 5439 speciebus,
1856 5377 1901 5422 ct

306 5462 371 5513 de
403 5456 687 5510 individuis
715 5472 732 5509 :
762 5475 975 5527 namque
999 5464 1197 5517 animal
1227 5474 1269 5518 et
1297 5463 1362 5515 de
1384 5462 1555 5529 equis,
1590 5471 1636 5514 et
1668 5459 1729 5513 de
1752 5459 1904 5521 bobus

2009 4998 2257 5057 accidens
2292 5016 2303 5050 :
2333 5012 2452 5067 qua:
2478 5010 2600 5051 cum
2644 4994 2714 5049 ita
2755 4994 2892 5056 sint,
2939 5002 3022 5049 est
3066 5008 3251 5048 eorum
3287 5007 3390 5050 una
3438 5001 3594 5061 atque

2007 5091 2298 5149 indiscreta
2324 5089 2635 5144 communio
2664 5086 2732 5143 de
2759 5084 3000 5154 pluribus
3016 5084 3310 5153 praedicari.
3343 5082 3595 5150 Desigoat

2009 5192 2189 5241 autem
2219 5180 2548 5251 Porphyrius
2574 5179 2740 5248 ipsam
2770 5176 2837 5232 de
2865 5176 3107 5246 pluribus
3138 5173 3589 5243 medicationem,

2010 5272 2456 5345 quemadmodum
2514 5271 2565 5325 in
2614 5268 2837 5336 singulis
2895 5268 3027 5330 fiat,
3073 5273 3128 5319 et
3176 5262 3591 5331 unumquodque

2010 5367 2401 5440 propositorum
2433 5362 2498 5418 de
2535 5361 2723 5431 quibus
2758 5358 2999 5427 pluribus
3050 5354 3371 5424 praedicetur
3412 5364 3567 5409 osten

2010 5460 2107 5516 dit.
2140 5460 2224 5512 Ait
2246 5457 2385 5511 enim
2407 5467 2575 5523 genus
2600 5449 2811 5520 quidem
2840 5446 2907 5502 de
2937 5445 3178 5515 pluribus
3207 5443 3505 5514 praedicari,
3543 5445 3595 5498 id

306 5549 648 5621 pradicalur,
680 5564 796 5618 quae
831 5561 945 5606 sunt
991 5557 1215 5622 species,
1250 5564 1295 5609 et
1341 5556 1403 5608 de
1447 5555 1540 5606 hoc
1586 5567 1743 5622 equo,
1772 5561 1818 5605 cl
1848 5552 1910 5604 de
2013 5559 2095 5607 est
2123 5545 2402 5616 speciebus
2424 5556 2485 5596 ac
2509 5542 2812 5608 specierum
2842 5535 3222 5604 individuis,ut
3243 5536 3438 5590 animal
3463 5552 3606 5623 praes.

310 5647 407 5699 hoc
433 5644 581 5709 bove,
610 5657 727 5711 qua:
752 5653 869 5695 sunt
894 5646 1177 5702 individua.
1206 5649 1520 5702 lrrtttionale
1541 5661 1659 5700 vero
1680 5646 1743 5698 de
1768 5646 1910 5714 equis
2014 5642 2221 5700 dicatur
2251 5638 2317 5693 de
2343 5635 2560 5690 homine
2597 5642 2756 5702 atque
2786 5644 2923 5699 equo
2944 5671 2959 5695 ,
2988 5644 3052 5684 ac
3080 5629 3147 5686 de
3190 5630 3275 5685 his
3313 5629 3600 5687 individuis

310 5748 358 5797 et
385 5737 577 5804 bobus,
603 5744 651 5792 et
689 5736 755 5790 de
788 5733 870 5790 Itis
911 5737 999 5806 qui
1040 5749 1159 5794 sunt
1198 5742 1531 5811 partirnlares
1576 5738 1908 5808 praedicatur.
2016 5750 2134 5807 qua:
2161 5731 2260 5790 sub
2289 5729 2369 5787 eis
2397 5735 2541 5785 sunt.
2567 5725 2697 5785 item
2722 5737 2890 5797 genus
2921 5722 3241 5795 praedicatur
3262 5722 3329 5782 de
3352 5721 3606 5789 diaeresis
