4244 6254
640 314 747 373 155

1874 316 1982 373 ΑΝ.
2022 315 2231 374 MANL.
2269 314 2426 375 SEV.
2469 312 2693 371 ΒΟΕΤΙΙ

3816 290 3913 374 iss

594 466 599 471 ι
636 438 725 495 tiis
750 435 1080 509 specierum,
1112 439 1272 504 atque
1292 431 1345 488 id
1366 430 1488 502 jure
1518 451 1529 485 :
1560 431 1807 503 quoniam
1836 432 1979 487 enim
2010 432 2218 502 species
2245 436 2296 496 Α
2325 431 2548 502 aequalia
2569 440 2695 486 sunt
2714 430 2931 487 sibimet
2958 406 3360 487 convertantur.
3382 427 3565 503 quue
3588 418 3649 488 fit
3673 417 3729 489 ut
3748 449 3915 505 genus

632 527 947 585 differentiae
975 523 1286 581 informant.
1311 524 1442 580 Cum
1467 524 1627 593 igitur
1649 538 1817 592 genus
1848 523 1915 577 de
1938 524 2221 592 speciebus

638 620 994 691 praedicetur,
1023 626 1361 687 consequens
1389 625 1471 671 est
1506 625 1563 670 ut
1591 616 1752 671 etiam
1780 615 1849 671 de
1879 615 1960 671 his
1991 616 2223 683 dicatur,

632 724 751 779 qua:
804 709 1105 778 specierum
1161 707 1514 763 substantiam
1565 706 1899 777 formamque
1950 706 2221 774 efﬁciunt,

632 814 737 869 quo
770 801 847 867 lit,
876 810 933 855 ut
959 814 1127 871 genus
1153 801 1312 856 etiam
1343 798 1409 855 de
1438 798 1759 854 diﬂ‘erentiis
1792 798 2133 868 prredicetur,
2160 813 2225 854 ac

633 908 741 949 non
765 894 833 949 de
862 908 997 961 una,
1029 893 1123 950 sed
1153 893 1219 948 de
1249 892 1491 963 pluribus
1523 908 1538 947 :
1571 891 1766 947 dicitur
1788 892 1929 946 enim
1961 891 2101 962 quod
2132 906 2222 945 ra-

635 985 832 1041 tionale
874 992 957 1040 est
1007 999 1127 1040 esse
1175 984 1402 1051 animal,
1442 993 1497 1039 et
1530 970 1717 1038 rursus
1746 982 1887 1053 quod
1916 982 2224 1037 irrationale

634 1087 749 1144 εει,
772 1091 892 1144 esse
922 1076 1140 1131 animal.
1170 1077 1244 1131 Ita
1274 1092 1443 1147 genus
1474 1076 1542 1132 de
1568 1078 1850 1148 speciebus
1878 1090 1940 1130 ac
1972 1076 2224 1131 differen-

634 1168 722 1221 tiis
746 1165 1086 1235 praedicatur,
1118 1181 1180 1221 ac
1210 1167 1278 1221 de
1308 1166 1390 1220 liis
1416 1167 1663 1236 quiesub
1688 1167 1825 1236 ipsis
1866 1178 1989 1220 sunt
2028 1165 2224 1220 indivi-

634 1258 774 1323 duis,
807 1258 1121 1314 difl‘erentiaa
1143 1273 1273 1314 vero
1300 1259 1367 1313 de
1394 1258 1634 1327 pluribus
1665 1258 1917 1313 dicuntur
1946 1257 2227 1326 speciebus

635 1364 697 1406 ac
725 1352 791 1406 de
818 1366 1000 1405 earum
1038 1349 1325 1405 individuis
1344 1390 1359 1415 ,
1402 1359 1459 1404 ut
1485 1349 1797 1404 irrationale
1825 1349 1891 1404 de
1920 1362 2059 1418 equo
2090 1363 2228 1418 prae-

636 1442 843 1496 dicatur
872 1457 933 1497 ac
958 1441 1119 1508 bove,
1148 1456 1267 1510 qua:
1295 1450 1419 1495 sunt
1466 1440 1643 1511 plures
1676 1440 1889 1511 species
1908 1479 1924 1506 ,
1966 1448 2020 1495 et
2048 1439 2114 1494 de
2145 1439 2228 1495 his

636 1549 753 1604 quae
785 1534 885 1588 sub
916 1534 1045 1602 ipsis
1078 1542 1205 1589 sunt
1245 1532 1536 1588 individuis
1574 1533 1765 1588 eodem
1796 1534 1956 1587 modo
1988 1533 2183 1587 dicitur
2212 1548 2225 1586 :

636 1642 760 1681 nam
794 1626 935 1697 quod
967 1626 1034 1681 de
1081 1625 1369 1681 universali
1417 1624 1736 1695 praedicatur
1760 1668 1773 1692 ,
1806 1624 2129 1695 prmdicatur
2173 1633 2229 1679 et

636 1715 706 1771 de
736 1716 1036 1771 individuo.
1068 1714 1222 1783 Quod
1266 1718 1309 1771 si
1339 1715 1642 1772 differentia
1681 1716 1749 1772 de
1784 1716 2067 1785 speciebus
2094 1716 2228 1771 dici-

2328 524 2395 579 de
2413 522 2748 591 differentiis,
2775 532 2830 579 et
2854 523 3157 593 speciebus,
3174 532 3229 578 et
3250 524 3481 594 prepriis
3497 533 3656 595 atque
3676 527 3917 581 accidens

2330 617 2470 671 tibus
2492 615 2834 686 prmdicetur,
2864 624 2922 671 ut
2951 631 3072 671 cum
3106 614 3333 670 dicimus
3363 616 3504 687 quod
3531 618 3793 673 rationale
3814 627 3916 683 est,

2328 706 2525 761 animal
2545 715 2645 772 est;
2667 721 2834 777 genus
2846 706 2914 762 de
2929 704 3249 773 differentia,
3268 706 3411 777 quod
3428 705 3591 763 homo
3607 718 3711 773 est,
3726 705 3920 764 animal

2329 807 2438 861 est;
2473 812 2641 869 genus
2668 797 2735 853 de
2768 798 2977 868 specie,
3016 798 3158 865 quod
3200 797 3403 853 risibile
3444 806 3552 865 est,
3580 799 3776 853 animal
3808 809 3919 864 est;

2331 903 2500 959 genus
2529 888 2597 945 de
2624 889 2869 959 proprio,
2894 888 3035 959 quod
3076 880 3289 959 nigrum
3316 897 3427 954 est;
3461 890 3504 944 si
3538 888 3677 946 forte
3701 904 3921 945 corvum

2337 983 2421 1039 vel
2452 982 2761 1053 Ethiopem
2791 983 3254 1047 demonstremus,
3288 981 3485 1036 animal
3516 990 3628 1049 est,
3658 996 3826 1052 genus
3856 980 3923 1037 de

2335 1074 2597 1131 accidenti
2631 1072 3007 1144 praedicamus.
3045 1073 3251 1128 Rursus
3295 1058 3436 1143 quod
3485 1072 3645 1127 homo
3692 1082 3808 1139 εει,
3839 1087 3923 1126 ra-

2335 1168 2533 1223 tionale
2559 1177 2660 1236 est,
2692 1168 3050 1222 differentiam
3082 1165 3150 1221 de
3172 1166 3374 1236 specie.
3403 1165 3554 1233 Quod
3585 1164 3789 1220 risibile
3818 1174 3921 1233 est,

2335 1260 2597 1315 rationale
2623 1268 2705 1313 est
2728 1258 3131 1326 ,‘dill‘erentiam
3158 1258 3226 1312 de
3255 1257 3498 1327 proprio.
3531 1256 3682 1323 Quod
3715 1257 3925 1326 nigrum

2332 1364 2446 1418 est,
2475 1353 2736 1407 rationale
2759 1362 2869 1416 est;
2913 1353 2958 1406 si
2987 1350 3295 1419 Ethiopem
3339 1350 3797 1415 demonstremus,
3825 1348 3925 1403 dif-

2334 1448 2614 1503 ferentiam
2647 1446 2714 1500 de
2736 1444 3030 1500 accidente.
3068 1445 3197 1498 lieni
3230 1444 3370 1513 quod
3399 1442 3601 1497 risibile
3626 1451 3729 1506 est,
3763 1440 3924 1495 homo

2336 1548 2437 1603 est,
2469 1538 2702 1609 speciem
2729 1536 2795 1593 de
2819 1536 3056 1605 proprio.
3084 1533 3236 1602 Quod
3264 1534 3475 1603 nigrum
3503 1544 3608 1600 εει,
3632 1532 3794 1587 homo
3819 1540 3921 1597 εει,

2337 1631 2381 1684 si
2407 1628 2714 1699 Astliiopem
2745 1629 3105 1698 designeiuus,
3139 1625 3372 1695 speciem
3402 1624 3468 1679 de
3496 1623 3777 1679 accident?.
3812 1623 3924 1689 Qua

2336 1722 2389 1776 in
2422 1738 2479 1777 re
2506 1721 2647 1792 quod
2678 1720 2886 1790 nigrum
2930 1728 3041 1786 est,
3070 1719 3229 1773 etiam
3260 1716 3462 1772 risibile
3490 1725 3601 1781 est,
3633 1715 3685 1770 in
3718 1714 3927 1772 Ethio-

638 1816 743 1874 tur,
773 1809 1146 1880 prmdicabitur
1173 1811 1332 1865 etiam
1362 1810 1429 1865 de
1458 1810 1696 1881 ejusdem
1726 1810 1923 1880 speciei
1947 1809 2225 1879 subjectis.
2257 1805 2307 1868 Β
2335 1816 2416 1885 pis
2437 1814 2891 1870 demonstratione
2913 1854 2928 1879 ,
2955 1810 3229 1882 proprium
3259 1809 3328 1866 de
3356 1808 3617 1864 accidenti
3667 1809 3928 1878 prmium.

639 1902 858 1972 Species
879 1918 1007 1957 vero
1037 1903 1104 1958 de
1131 1903 1241 1956 suis
1270 1910 1473 1957 tantum
1510 1902 1798 1956 individuis
1837 1901 2161 1972 praedicatur
2210 1918 2223 1953 :

639 2008 814 2064 neque
839 1993 983 2049 enim
1016 1994 1129 2049 ﬁeri
1163 2003 1369 2063 potest,
1403 2003 1460 2047 ut
1499 2008 1617 2062 quin
1663 1993 1870 2062 species
1914 2000 1998 2047 est
2043 1990 2228 2045 ultima

639 2099 863 2155 qua-que
886 2099 1012 2140 vere
1054 2087 1263 2154 species
1307 2099 1369 2139 ac
1413 2086 1583 2154 magis
1624 2085 1831 2154 species
1862 2093 2226 2152 nuncupatur,

640 2175 756 2232 hsce
784 2178 914 2233 alias
941 2178 1232 2255 deducatur
1263 2179 1315 2232 in
1341 2178 1579 2248 species;
1612 2177 1749 2247 quod
1794 2178 1835 2231 si
1870 2176 1938 2229 ita
1969 2174 2231 2243 est,,sola

641 2279 763 2340 post
796 2271 1030 2339 speciem
1075 2270 1344 2325 individua
1384 2279 1589 2325 restant
1624 2289 1635 2322 :
1674 2270 1795 2339 jure
1825 2269 1987 2339 igitur
2018 2270 2230 2337 species

640 2360 707 2415 de
733 2361 846 2417 suis
879 2370 1080 2416 tantum
1109 2362 1394 2416 individuis
1420 2362 1763 2431 pricdicatur,
1790 2372 1846 2416 ut
1868 2362 2027 2416 homo
2054 2362 2121 2417 de
2141 2361 2234 2418 So-

639 2466 816 2523 crate,
844 2457 1096 2523 Platone,
1125 2454 1420 2523 Cicerone,
1451 2466 1504 2513 et
1529 2457 1762 2512 czeteris.
1796 2457 2076 2528 Proprium
2106 2459 2231 2513 item

640 2547 706 2602 de
732 2547 912 2615 specie
940 2546 1261 2616 praedicatur
1280 2550 1431 2616 cujus
1454 2558 1535 2603 est
1563 2552 1862 2618 pr0priuut,
1890 2564 2061 2619 neque
2088 2549 2233 2603 enim

640 2648 782 2693 esset
813 2639 1084 2707 proprium
1124 2638 1350 2707 alicujus
1396 2638 1441 2692 si
1487 2639 1553 2693 de
1596 2639 1773 2708 aliquo
1822 2640 2232 2709 praedicaretur;

640 2727 706 2783 de
734 2743 841 2798 quo
868 2728 1009 2782 enim
1038 2743 1266 2799 quaeque
1292 2745 1410 2796 res,
1440 2738 1493 2784 et
1515 2730 1615 2784 soli
1644 2739 1697 2785 et
1719 2730 1866 2784 omni
1891 2772 1905 2797 ,
1939 2741 1989 2786 et
2021 2746 2236 2802 semper

641 2822 853 2889 dicitur,
904 2821 1146 2892 ejusdem
1194 2822 1468 2894 proprium
1518 2839 1639 2880 esse
1684 2834 2013 2880 monstratur
2052 2842 2064 2880 :
2117 2842 2236 2896 qua:

642 2930 761 2970 cunt
788 2916 858 2970 ita
882 2917 1022 2982 sint,
1055 2918 1331 2987 proprium
1365 2917 1437 2973 de
1479 2918 1659 2986 specie
1705 2918 1918 2989 dicitur,
1950 2928 2006 2974 ut
2032 2920 2237 2977 risibile

642 3007 709 3061 de
750 3006 997 3073 homine,
1038 3009 1215 3061 omnis
1261 3007 1401 3061 enim
1444 3008 1606 3061 homo
1638 3007 1855 3063 risibilis
1898 3018 2000 3063 cst.
2033 3009 2238 3064 Dicitur

642 3098 805 3154 etiam
841 3099 907 3154 de
952 3099 1240 3154 individuis
1278 3099 1478 3168 speciei
1518 3099 1584 3154 de
1620 3116 1722 3169 qua
1772 3086 2112 3170 praedicatur.
2144 3103 2238 3157 Est

2336 1914 2460 1959 tur:
2495 1906 2733 1961 converti
2778 1915 2959 1958 autem
3002 1903 3069 1957 ad
3096 1908 3279 1956 totum
3330 1899 3580 1955 accidens
3623 1908 3835 1969 potest,
3870 1905 3928 1956 ut

2334 1998 2584 2067 quoniam
2617 1996 2905 2052 individuis
2934 1993 3267 2064 singulorum
3294 2006 3413 2047 esse
3446 1992 3813 2061 praeponitur,
3846 1990 3929 2045 id-

2334 2091 2481 2147 circo
2511 2091 2578 2147 de
2608 2090 2979 2161 superioribus
3009 2088 3170 2144 etiam
3209 2086 3550 2157 praedicatur,
3583 2092 3641 2139 ut
3675 2085 3927 2155 quoniam

2337 2186 2591 2239 Socrates
2639 2183 2837 2238 animal
2860 2190 2971 2251 est,
3017 2181 3281 2236 rationale
3334 2188 3438 2246 est,
3483 2177 3686 2233 risibile
3730 2185 3835 2244 est,
3875 2185 3929 2232 et

2336 2276 2500 2331 homo
2529 2286 2630 2331 est.
2659 2274 2902 2346 Cumque
2950 2274 3005 2329 in
3036 2272 3259 2329 Socrate
3288 2273 3356 2327 sit
3386 2270 3657 2325 calvitium
3684 2269 3824 2339 quod
3846 2275 3929 2324 est

2338 2367 2612 2434 accidens,
2646 2368 2969 2437 praedicatur
3002 2365 3143 2421 idem
3192 2366 3261 2419 de
3286 2361 3535 2429 animali,
3566 2362 3633 2416 de
3661 2359 3928 2428 rationali,

2339 2459 2407 2513 de
2434 2458 2647 2525 risibili,
2675 2459 2741 2513 de
2765 2458 3003 2523 homine,
3034 2465 3092 2511 ut
3118 2455 3370 2511 accidens
3388 2454 3455 2509 de
3470 2461 3697 2523 quatuor
3715 2452 3930 2522 reliquis

2340 2550 2683 2618 praedicetur.
2718 2550 2823 2606 Sed
2853 2551 3043 2605 horum
3076 2548 3392 2620 profundior
3426 2545 3650 2616 quaestio
3687 2554 3796 2613 est,
3832 2558 3930 2600 nec

2342 2644 2410 2698 ad
2436 2644 2751 2699 solvendum
2792 2642 2923 2698 satis
2964 2650 3046 2697 est
3069 2640 3359 2711 temporis,
3397 2638 3501 2694 hoc
3530 2647 3729 2693 tantum
3754 2640 3931 2708 ingre-

2340 2738 2605 2793 dientium
2634 2737 2986 2807 intelligentia
3030 2744 3344 2805 exspectet,
3386 2734 3527 2806 quod
3574 2735 3676 2788 alia
3718 2732 3931 2803 quidem

2340 2840 2493 2883 recto
2515 2830 2705 2883 ordine
2725 2829 3106 2898 przcdicantur,
3130 2827 3232 2880 alia
3264 2840 3392 2882 vero
3414 2825 3655 2897 obliquo,
3682 2825 3930 2895 quoniam

2342 2919 2549 2974 moveri
2580 2917 2852 2973 hominem
2878 2927 3081 2973 rectum
3106 2926 3210 2983 est,
3235 2916 3286 2973 id
3319 2916 3459 2986 quod
3483 2926 3730 2971 movetur
3762 2914 3934 2970 homi<

2342 3024 2466 3064 nem
2507 3023 2628 3065 esse
2658 3022 2915 3064 conversa
2972 3009 3241 3063 locutione
3282 3010 3615 3079 proponitur.
3671 3009 3935 3075 Quocirca

2341 3109 2544 3154 rectam
2573 3096 2904 3169 Porphyrius
2933 3099 2985 3153 in
3037 3084 3286 3155 omnibus
3323 3098 3743 3169 propositionem
3788 3112 3937 3153 sum-

642 3191 787 3246 enim
818 3192 1099 3253 Socrates,
1135 3190 1312 3254 Plato,
1347 3199 1404 3245 et
1448 3190 1637 3245 Cicero
1676 3193 1898 3248 risibilis
1932 3212 1944 3245 :
1977 3194 2234 3249 accidens
2263 3191 2309 3253 C
2345 3191 2471 3261 psit.
2522 3189 2678 3257 Quod
2705 3190 2751 3245 si
2794 3191 2915 3260 quis
2954 3190 3058 3245 vim
3104 3190 3501 3259 praedicationis
3544 3190 3939 3263 solutionisquo

644 3296 776 3338 vero
800 3290 853 3336 et
878 3281 945 3336 de
973 3281 1252 3351 speciebus
1291 3282 1529 3350 pluribus
1556 3282 1779 3351 dicitur,
1808 3294 1863 3340 et
1889 3284 1956 3341 de
1991 3286 2236 3341 diversa-

645 3390 763 3429 runt
792 3373 1095 3441 specierum
1128 3373 1435 3428 individuis.
1463 3373 1664 3429 Dicitur
1694 3375 1834 3430 enim
1860 3391 2054 3431 corvus
2076 3385 2239 3448 atque
2267 3372 2280 3388 '

645 3466 895 3535 Aitliiops
926 3465 1098 3535 niger,
1131 3474 1184 3521 et
1214 3465 1301 3522 hic
1331 3466 1582 3537 IEthiops
1606 3478 1767 3538 atque
1793 3468 1878 3524 hic
1908 3484 2122 3535 corvus,
2147 3468 2239 3540 qui

645 3567 773 3615 sunt
802 3558 1078 3626 individui,
1105 3559 1243 3629 nigri
1269 3570 1446 3616 autem
1473 3561 1768 3617 secundum
1788 3562 2083 3634 nigredinis
2106 3578 2240 3634 qua-

656 3657 859 3714 litatem
889 3665 1146 3713 vocantur
1166 3698 1181 3725 ,
1206 3668 1367 3728 atque
1397 3658 1499 3713 hoc
1525 3658 1737 3729 quidem
1761 3668 1845 3715 est
1870 3658 2122 3714 accidens
2158 3659 2241 3714 in-

647 3752 965 3821 separabile.
999 3752 1101 3808 Sed
1150 3752 1321 3806 multo
1370 3752 1537 3822 magis
1580 3751 1898 3822 separabilia
1943 3753 2239 3808 accidentia

646 3845 891 3914 pluribus
929 3845 1330 3913 inhmrescunt,
1376 3855 1436 3901 ut
1480 3846 1684 3902 moveri
1725 3847 1964 3913 homini,
1996 3855 2050 3901 et
2075 3846 2236 3913 bovi;

646 3937 870 4005 uterque
891 3935 1033 3990 enim
1066 3946 1332 3990 movetur.
1365 3936 1429 3991 Et
1456 3951 1640 3993 rursus
1663 3952 1726 3993 ea
1748 3953 1867 4009 qua:
1897 3937 1997 3993 sub
2021 3937 2240 3997 homine

646 4024 770 4083 sunt
795 4037 957 4098 atque
981 4028 1118 4084 bove
1138 4029 1425 4097 individua,
1452 4031 1658 4087 moveri
1682 4045 1827 4101 saepe
1855 4031 2237 4103 pricdicantur.

648 4120 756 4176 Sed
787 4120 1176 4177 advertendum
1206 4130 1323 4189 est,
1357 4134 1579 4179 auctore
1611 4123 1941 4195 Porphyrio,
1984 4125 2127 4194 quod
2175 4137 2241 4180 ea

647 4228 768 4283 qua:
797 4214 1095 4269 accidentia
1126 4224 1250 4270 sunt
1281 4216 1648 4284 principaliter
1683 4217 1900 4287 quidem
1929 4217 1995 4272 de
2038 4216 2119 4271 his
2159 4216 2244 4271 di-

647 4317 863 4373 cuntur,
879 4308 930 4361 in
961 4306 1159 4375 quibus
1180 4315 1306 4361 sunt
1328 4306 1625 4363 individuis
1650 4327 1661 4362 :
1686 4308 1924 4363 secundo
1948 4321 2081 4362 vero
2097 4308 2238 4374 loco,

648 4400 713 4453 ad
748 4400 1073 4456 universalia
1122 4400 1517 4455 individuorum
1573 4400 1917 4466 referuntur,
1959 4408 2121 4470 atque
2167 4401 2241 4456 ita

650 4490 959 4559 przcdicatio
1011 4493 1371 4548 subteriorum
1402 4493 1795 4563 superioribus
1847 4492 2127 4558 redditur,
2182 4501 2241 4549 ut

648 4583 901 4653 quoniam
937 4582 1159 4654 nigfredo
1194 4583 1415 4654 singulis
1436 4562 1612 4640 corvis
1635 4584 1824 4640 adesse
1848 4583 2068 4653 dicitur,
2101 4580 2241 4640 dici-
2268 4562 2322 4625 Ῐ)

649 4686 737 4731 tur
777 4676 939 4732 etiam
989 4676 1178 4732 adesse
1216 4677 1435 4747 speciali
1464 4692 1646 4732 corvo.
1700 4679 1831 4732 Nam
1885 4678 2008 4748 quia
2059 4677 2241 4732 omnia

650 4768 989 4835 particularia
1036 4768 1267 4838 qualitas
1327 4770 1424 4823 ista
1472 4768 1764 4825 accidentis
1820 4768 2111 4840 nigredinis
2162 4767 2245 4823 in-

652 4854 796 4917 licit,
829 4856 1030 4909 idcirco
1068 4857 1313 4936 eamdem
1345 4859 1681 4925 nigredinem
1717 4860 1785 4915 de
1825 4860 2005 4929 specie
2030 4875 2244 4930 quoque

650 4942 1005 5011 praedicamus
1021 4942 1285 5008 dicentes,
1308 4959 1528 4999 corvum
1553 4947 1723 5015 ipsam
1746 4949 2005 5017 speciem,
2032 4949 2242 5019 nigrum

649 5049 793 5090 esse.
828 5033 882 5088 In
920 5035 1113 5104 quibus
1147 5035 1395 5089 omnibus
1438 5037 1632 5092 mirum
1675 5038 1844 5093 videri
1890 5049 2101 5109 potest,
2143 5055 2241 5096 cur

648 5142 820 5199 genus
847 5128 915 5183 de
939 5126 1156 5196 proprio
1186 5126 1478 5196 praedicari
1517 5143 1627 5184 non
1669 5128 1866 5185 dixerit
1919 5149 1931 5184 :
1980 5146 2080 5188 nec
2112 5147 2240 5191 vero

651 5220 887 5291 speciem
915 5218 983 5275 de
1003 5218 1193 5274 eodem
1225 5221 1471 5290 proprio,
1504 5236 1603 5277 nec
1631 5221 1985 5278 differentiam
2014 5223 2083 5279 de
2113 5240 2239 5294 pro-

651 5316 771 5385 prio
795 5354 810 5383 ,
843 5315 937 5372 sed
970 5324 1171 5370 tantum
1203 5329 1371 5385 genus
1412 5315 1627 5386 quidem
1663 5317 1729 5372 de
1758 5317 2040 5387 speciebus
2076 5328 2238 5389 atque

649 5408 986 5465 diﬂ'erentiis.
1021 5409 1379 5465 Dill‘erentiam
1409 5424 1536 5464 vero
1567 5410 1633 5466 de
1664 5410 1944 5481 speciebus
1966 5420 2126 5483 atque
2148 5412 2234 5467 in-

650 5504 901 5561 dividuis.
933 5506 1177 5575 Speciem
1206 5505 1273 5561 de
1296 5504 1603 5561 individuis.
1639 5504 1919 5574 Proprium
1962 5506 2030 5562 de.
2054 5506 2236 5579 specie

646 5607 808 5667 atque
836 5598 1146 5654 individuis.
1181 5600 1447 5656 Accidens
1477 5599 1543 5654 de
1579 5599 1859 5668 speciebus
1898 5610 2057 5670 atque
2099 5599 2238 5655 indi-

647 5686 841 5741 viduis.
877 5689 1013 5745 Fieri
1046 5692 1185 5746 enim
1218 5703 1393 5761 potest
1424 5704 1480 5748 ut
1509 5710 1626 5764 qua:
1650 5694 1871 5764 majoris
1899 5692 2236 5765 praedicatio-

648 5778 733 5839 nis
749 5789 893 5868 sunt,
922 5796 982 5837 ea
1006 5782 1073 5840 de
1086 5785 1294 5842 cunctis
1315 5787 1611 5846 minoribus
1633 5788 2011 5861 praedicentur,
2030 5798 2094 5850 ,ει
2116 5802 2235 5861 qua:

2345 3288 2640 3343 attenderit
2666 3287 2719 3341 iii
2742 3285 2965 3357 singulis
2986 3301 3304 3356 comparans
3327 3285 3823 3356 praedicationibus,
3845 3301 3937 3345 eas

2340 3379 2561 3449 quidem
2591 3379 2921 3449 prolationes
2948 3394 3067 3449 qua:
3106 3387 3269 3434 rectae
3295 3388 3447 3443 sunt,
3481 3378 3715 3434 inveniet
3744 3394 3774 3434 a
3801 3378 3938 3433 Por-

2295 3480 2307 3491 '
2350 3473 2545 3545 phyrio
2574 3488 2695 3528 esse
2726 3482 3035 3529 numeratas
3066 3489 3079 3527 :
3108 3487 3201 3529 eas
3238 3487 3369 3529 vero
3404 3488 3523 3544 qua:
3552 3486 3817 3529 converso
3843 3486 3938 3529 or-

2344 3568 2470 3623 dine
2494 3567 2876 3638 przedicantur,
2908 3566 3071 3623 fuisse
3099 3570 3381 3635 sepositas.

2415 3659 2697 3715 Commune
2723 3667 2796 3713 est
2821 3668 2991 3713 autem
3015 3660 3189 3730 generi
3209 3668 3255 3714 et
3290 3658 3599 3726 di/j‘erentia:
3626 3658 3937 3714 continentia

2344 3754 2625 3823 specierum
2654 3766 2673 3807 :
2698 3752 2920 3806 continet
2945 3754 3081 3805 enim
3105 3759 3151 3805 et
3176 3750 3466 3817 differentia
3489 3753 3696 3821 species,
3720 3753 3813 3807 etsi
3834 3767 3938 3806 non

2346 3854 2419 3899 tot
2462 3854 2584 3915 quot
2614 3861 2803 3918 genera
2828 3862 2845 3911 ;
2875 3844 3129 3898 rationale
3153 3846 3310 3911 enim,
3343 3843 3434 3899 etsi
3460 3860 3558 3899 non
3587 3844 3841 3898 contineat
3866 3844 3938 3897 ir-

2345 3939 2678 3993 rationabilia
2698 3937 3129 4009 quemadmodum
3159 3936 3372 4002 animal,
3396 3946 3561 3991 tamen
3590 3937 3811 3990 continet
3841 3936 3938 3989 lio-

2346 4030 2535 4083 minem
2561 4039 2609 4083 et
2632 4029 2819 4095 Deum,
2839 4042 2955 4098 qui:
2980 4036 3099 4081 sunt
3124 4026 3334 4097 species.
3370 4023 3438 4079 Et
3467 4042 3777 4096 quacunque
3800 4039 3938 4097 prte-

2349 4124 2586 4178 dicantur
2616 4123 2679 4177 de
2708 4130 2891 4193 genere
2916 4162 2930 4187 ,
2972 4128 3027 4173 ut
3050 4134 3239 4191 genus,
3289 4127 3335 4174 et
3362 4119 3426 4173 de
3463 4119 3539 4172 Itis
3563 4130 3678 4188 qua:
3707 4117 3797 4170 sub
3826 4118 3939 4187 ipso

2348 4214 2749 4286 suntspeciebus
2762 4213 3133 4286 prwdicantur.
3149 4210 3279 4264 Item
3293 4227 3601 4281 quascunque
3614 4213 3678 4264 de
3698 4208 3940 4277 di/Ieren-

2349 4310 2422 4362 tia
2443 4308 2811 4381 pradicantur,
2844 4317 2901 4361 ut
2923 4306 3244 4375 di/I'erentia,
3274 4315 3321 4359 et
3348 4308 3412 4360 de
3449 4305 3528 4360 liis
3571 4321 3686 4375 qui:
3723 4319 3785 4358 ea:
3827 4305 3943 4373 ipsa

2348 4410 2470 4453 sunt
2491 4399 2750 4470 speciebus
2778 4400 3207 4468 prwdicabuntur.
3242 4401 3382 4456 Nam
3412 4417 3524 4453 cum
3555 4414 3714 4471 genus
3735 4397 3799 4450 sit
3830 4394 3943 4449 ani-

2347 4493 2477 4561 mal,
2508 4509 2610 4547 non
2638 4494 2805 4547 solum
2832 4494 2895 4547 de
2918 4510 2977 4548 eo
2996 4497 3307 4565 praedicatur
3335 4494 3641 4557 substantia,
3664 4502 3708 4546 et
3738 4490 3942 4543 anima-

2352 4596 2481 4651 tum,
2526 4596 2575 4640 et
2612 4587 2869 4655 sensibile,
2907 4588 2995 4642 sed
3025 4590 3178 4641 etiam
3221 4589 3285 4642 de
3320 4587 3399 4641 his
3445 4602 3559 4655 quae
3596 4585 3687 4638 sub
3728 4581 3942 4636 animali

2353 4688 2472 4733 sunt
2494 4678 2752 4757 speciebus
2784 4679 3017 4734 omnibus
3047 4681 3394 4752 prendit-antur
3422 4678 3532 4733 hare
3572 4692 3731 4747 usque
3770 4674 3837 4727 ad
3861 4675 3943 4727 iii-

2354 4773 2584 4827 dividua.
2617 4772 2845 4843 Cumque
2873 4773 2937 4828 sit
2968 4773 3258 4842 differentia
3297 4773 3549 4826 rationale
3571 4812 3587 4837 ,
3635 4770 3943 4841 prmdicatur

2352 4868 2417 4919 de
2443 4883 2501 4920 ea
2524 4876 2580 4920 ut
2609 4866 2918 4933 dilferentia,
2951 4868 3006 4921 id
3025 4868 3161 4937 quod
3183 4878 3254 4922 est
3278 4867 3477 4921 ratione
3499 4866 3575 4919 uti
3596 4882 3615 4929 ,'
3646 4882 3745 4918 non
3775 4863 3944 4917 solum

2352 4967 2522 5012 autem
2551 4960 2615 5011 de
2641 4974 2700 5013 eo
2728 4960 2863 5025 quod
2902 4968 2972 5013 est
3003 4961 3285 5026 rationale,
3329 4962 3420 5014 sed
3453 4961 3602 5013 etiam
3630 4964 3695 5009 de
3718 4955 3797 5008 liis
3827 4968 3943 5023 quas

2354 5048 2447 5102 sub
2482 5049 2723 5101 rationali
2764 5058 2881 5102 sunt
2926 5050 3184 5119 speciebus
3214 5049 3573 5120 pradicabitur
3615 5046 3815 5099 ratione
3843 5047 3941 5101 uti.

2354 5138 2634 5193 Commune
2657 5156 2772 5195 vero
2795 5152 2897 5211 est,
2937 5154 2984 5196 et
3030 5142 3127 5196 hac
3168 5150 3425 5213 perempto
3449 5152 3630 5209 genere
3670 5136 3748 5188 vel
3790 5134 3944 5202 di/fe—

2347 5230 2533 5293 renti'a,
2565 5231 2718 5285 simul
2747 5232 2927 5303 perimi
2950 5242 2996 5287 et
3025 5249 3086 5287 ea
3109 5247 3221 5299 quae
3246 5241 3359 5285 sunt
3389 5226 3480 5281 sub
3510 5226 3672 5295 ipsis;
3693 5223 3956 5303 quemadi

2347 5321 2561 5375 modum
2589 5324 2722 5377 enim
2747 5323 2792 5377 si
2835 5340 2934 5377 non
2972 5320 3045 5376 sit
3081 5322 3303 5387 animal,
3347 5335 3444 5373 non
3483 5326 3740 5390 cst‘equus
3784 5333 3942 5386 neque

2348 5410 2502 5467 homo
2526 5414 2637 5468 :sic
2656 5416 2700 5469 si
2726 5424 2828 5469 non
2855 5416 2920 5469 sit
2946 5413 3220 5481 rationale,
3242 5413 3441 5469 nullum
3463 5412 3557 5487 erit
3578 5411 3775 5466 animal
3802 5408 3954 5490 quod

2346 5514 2524 5559 utatur
2548 5508 2766 5562 ratione.
3922 5512 3953 5543 7'

2425 5598 2555 5655 Post
2579 5616 2697 5656 eam
2730 5616 2851 5672 qua:
2876 5601 3079 5657 cunetis
3104 5601 3295 5659 adeSse
3325 5603 3436 5658 visa
3467 5609 3549 5657 est
3588 5569 3952 5690 communita-'I

2351 5701 2486 5758 tem,
2516 5692 2852 5763 singulorum
2882 5693 2948 5748 ad
2976 5709 3033 5749 se
3054 5694 3435 5755 similitudines
3465 5708 3527 5748 ac
3553 5687 3951 5793 dissimilitudio‘

2301 5865 2325 5874 υ
2348 5802 2445 5845 nes
2471 5786 2680 5870 quaerit.
2721 5785 2785 5841 Et
2817 5787 3064 5857 quoniam
3113 5789 3251 5849 inter
3279 5791 3513 5863 quinque
3539 5782 3819 5859 praposita
3848 5782 3955 5869 θεέ
