4244 6254
297 276 382 333 157
1082 271 1145 326 ΙΝ
1183 270 1451 327 ΙὈΙὶΡΙΙΥ
1464 268 1629 326 RIUM
1666 269 1878 326 COMMI

1970 265 2310 325 I'AHIORUM
2348 266 2550 323 LIBER
2597 269 2654 320 ν.

3455 276 3556 329 138

295 402 389 441 nus
417 398 477 439 ac
513 382 813 438 diﬁ‘erentia
861 382 1259 438 universalioris
1288 394 1413 437 sunt
1456 381 1863 451 praedicationis.
1898 383 1946 444 Α
1976 381 2334 451 praedicantur
2386 382 2672 438 intereunt.
2732 383 3025 442 Commune
3082 387 3223 443 enim
3279 397 3362 444 est
3411 389 3510 446 hoc
3536 435 3551 457 ,

298 476 567 536 Siquidem
597 490 787 545 genus,
817 484 869 531 et
896 475 1104 544 species
1134 479 1369 531 continet
1400 484 1453 530 et
1493 473 1820 529 differentias
1848 490 1862 527 ε

296 560 613 626 differentia:
642 582 768 623 vero
794 568 999 636 species
1029 566 1296 621 continent
1322 611 1335 635 ,
1366 581 1537 636 neque
1563 566 1629 618 ab
1657 565 1739 618 his
1762 564 1867 618 ullo

298 660 456 715 tnodo
478 660 832 714 continemur.
861 655 1097 710 Primum
1121 657 1332 726 generis
1363 668 1414 712 et
1444 654 1865 709 differentiarum

300 750 671 808 similitudines
691 750 914 818 colligit,
939 764 1003 803 ac
1029 748 1259 819 primum
1286 748 1500 817 quidem
1533 748 1677 816 ponit
1704 747 1865 801 hanc.

299 846 434 902 Dicit
466 845 604 901 enim
643 857 929 899 commune
968 856 1086 897 esse
1115 843 1299 912 generi
1330 856 1392 896 ac
1428 839 1776 906 differentiae,
1811 849 1871 895 ut

295 935 497 1007 species
525 935 772 990 claudant
798 951 812 987 :
846 948 969 988 nam
992 934 1129 989 sicut
1148 947 1319 1005 genus
1341 934 1439 988 sub
1470 947 1531 987 se
1561 931 1723 987 habet
1743 946 1867 1000 Spe-

297 1029 431 1095 cies,
456 1027 526 1083 ita
551 1028 712 1082 etiam
740 1025 1035 1082 differentia
1058 1067 1074 1092 ,
1110 1034 1166 1080 et
1205 1025 1251 1081 si
1282 1041 1387 1080 non
1435 1033 1513 1079 tot
1548 1032 1677 1095 quot
1705 1023 1871 1079 habet

296 1131 475 1191 genus.
535 1119 746 1175 Etenim
788 1118 1038 1190 quoniam
1083 1132 1251 1187 genus
1298 1115 1652 1171 differentiam
1704 1115 1867 1169 etiam

296 1213 521 1278 claudit,
566 1221 619 1267 et
658 1226 764 1266 non
811 1226 969 1265 unam
1017 1219 1222 1264 tantum
1274 1208 1372 1264 sub
1415 1223 1475 1263 se
1511 1206 1870 1262 differentiam

294 1312 504 1360 coercet
538 1317 601 1359 ac
628 1302 854 1365 retinet,
893 1300 1075 1371 plures
1102 1314 1324 1356 necesse
1352 1308 1435 1355 est
1463 1307 1519 1353 ut
1548 1298 1741 1353 habeat
1768 1298 1870 1352 sub

293 1395 528 1463 species,
563 1408 720 1463 quam
754 1391 1008 1461 qualibet
1036 1406 1139 1445 una
1170 1406 1353 1445 earum
1384 1404 1518 1460 quas
1546 1389 1744 1444 claudit
1769 1387 1872 1443 dif-

293 1487 641 1542 ferentiarum
678 1501 693 1539 :
724 1494 779 1539 ut
813 1484 1009 1540 animal
1047 1484 1364 1555 praedicatur
1393 1482 1460 1539 de
1491 1481 1786 1538 rationabili
1818 1490 1873 1536 et

293 1576 669 1632 irrationabili.
719 1575 873 1642 Quod
921 1576 965 1631 si
1021 1576 1094 1630 ita
1133 1585 1242 1640 est,
1297 1574 1671 1643 praedicabitur
1706 1581 1759 1627 et
1804 1572 1873 1628 de

293 1668 378 1723 his
408 1683 528 1739 quae
572 1668 670 1721 sub
714 1666 959 1721 rationali
1004 1673 1130 1720 sunt
1167 1666 1353 1735 posita:
1396 1663 1694 1734 speciebus,
1726 1663 1871 1718 etde

1976 471 2354 524 univcrsalium
2409 472 2463 525 in
2514 473 2811 529 substantia
2857 478 3189 545 pereuntium
3225 481 3396 548 perire
3425 484 3553 538 sub-

1967 559 2132 628 jecta.
2166 561 2268 617 Sed
2306 562 2473 629 prima
2518 567 2826 620 communio
2852 567 3239 625 demonstravit
3264 589 3456 642 genera
3487 576 3557 632 de

1971 651 2255 719 speciebus
2285 654 2584 721 praedicari,
2611 657 2746 710 sicut
2770 657 2932 711 etiam
2962 659 3310 717 differentias.
3336 666 3555 736 Propter

1972 741 2111 797 hanc
2145 742 2304 812 igitur
2331 745 2735 800 similitudinem
2767 748 2811 802 si
2840 750 3149 807 auferantur
3173 768 3399 823 genera,
3436 772 3559 826 ερεο

1970 834 2080 889 cies
2112 845 2355 903 pereunt.
2400 837 2491 893 Sic
2537 838 2697 893 etiam
2736 840 2946 911 species
2991 846 3167 912 perire
3210 861 3429 905 necesse
3475 860 3563 911 est

1972 944 2091 998 quae
2120 928 2220 983 sub
2249 927 2564 986 differentiis
2587 941 2741 998 sunt,
2778 933 2821 986 si
2853 934 3186 991 universales
3226 952 3408 994 earum
3447 940 3557 994 dif-

1972 1018 2212 1075 ferentiae
2239 1031 2645 1087 consumantur,
2665 1023 2816 1092 cujus
2839 1028 3145 1093 exemplum
3179 1036 3260 1081 est
3291 1045 3304 1082 :
3337 1030 3389 1084 Si
3414 1031 3560 1085 enim

1972 1110 2187 1166 auferas
2231 1112 2427 1167 animal
2480 1111 2755 1168 hominem
2794 1123 2955 1184 atque
3002 1131 3196 1186 equum
3238 1120 3556 1187 sustuleris,

1972 1216 2091 1271 quae
2113 1210 2237 1255 sunt
2266 1202 2475 1270 species
2505 1205 2693 1273 positae
2728 1205 2827 1258 sub
2859 1208 3100 1261 animali.
3133 1209 3193 1262 Si
3234 1209 3444 1263 auferas
3476 1226 3560 1264 ra.

1975 1292 2173 1347 tionale
2193 1333 2207 1356 ,
2242 1294 2508 1349 hominem
2538 1295 2815 1366 Deumque
2846 1300 3144 1367 sustuleris,
3173 1301 3262 1370 qui
3304 1311 3430 1356 sunt
3457 1303 3560 1358 sub

1973 1384 2220 1438 rationali
2249 1383 2546 1440 differentia
2579 1388 2857 1444 collocata.
2893 1390 2961 1444 Et
3000 1391 3067 1445 de
3093 1394 3560 1451 communitatibus

1973 1474 2187 1545 quidem
2222 1476 2498 1547 hat-tenus,
2529 1495 2669 1535 nunc
2695 1480 2761 1536 de
2791 1483 3004 1552 generis
3028 1494 3081 1539 et
3106 1484 3420 1542 differentiae
3451 1488 3559 1544 dis-

1975 1566 2327 1622 similitudine
2358 1571 2660 1638 perpendit.

2049 1659 2326 1731 Proprium
2366 1674 2535 1715 autem
2574 1666 2771 1733 gtueris
2812 1676 2885 1721 est
2925 1669 2987 1720 de
3023 1681 3253 1739 ptui-.ous
3294 1666 3560 1742 praedicari

291 1757 371 1813 his
400 1772 521 1828 qua:
548 1757 647 1813 sub
673 1756 988 1817 irrationali.
1025 1756 1121 1811 Est
1158 1770 1284 1823 ergo
1323 1770 1609 1809 commune
1646 1753 1867 1808 animali
1902 1763 1953 1825 Β
1977 1767 2129 1820 quam
2161 1751 2470 1823 di/I'erentia,
2503 1766 2549 1808 et
2577 1758 2788 1825 species,
2821 1768 2866 1812 et
2896 1763 3181 1831 proprium,
3208 1774 3252 1817 et
3273 1766 3509 1821 accidens
3542 1784 3558 1823 :

294 1860 342 1903 tt
371 1848 653 1913 rationali,
689 1846 740 1902 id
782 1856 865 1901 est
890 1847 1070 1917 generi
1101 1855 1156 1901 et
1195 1845 1529 1912 differentiae,
1562 1845 1701 1915 quod
1735 1844 1876 1899 sicut

295 1955 457 2013 genus
482 1939 547 1995 de
580 1939 687 1994 Deo
713 1947 767 1994 et
813 1939 1028 1993 homine
1060 1938 1398 2007 praedicatur,
1428 1938 1498 1992 ita
1526 1937 1682 1990 etiam
1711 1938 1876 1990 ratio-

297 2032 410 2088 nale
440 2030 579 2099 quod
608 2040 687 2084 est
711 2029 1008 2084 differentia
1028 2072 1041 2095 ,
1075 2029 1141 2084 de
1175 2029 1285 2084 Deo
1312 2038 1366 2083 et
1392 2027 1462 2084 de
1498 2028 1715 2083 homine
1742 2029 1874 2083 dici-

297 2141 399 2179 tur.
426 2124 533 2180 Sed
562 2139 665 2178 non
707 2132 909 2178 tantum
950 2122 1062 2177 hare
1093 2122 1401 2192 praedicatio
1439 2122 1677 2176 funditur
1706 2136 1876 2191 quan-

298 2224 401 2271 tuu
434 2216 701 2282 animalis,
735 2217 786 2270 id
830 2225 912 2272 est
957 2219 1189 2286 generis.
1222 2215 1434 2269 Animal
1483 2216 1626 2270 enim
1666 2230 1771 2269 non
1806 2216 1875 2273 de

300 2307 400 2363 Deo
423 2307 597 2363 solum
627 2318 785 2377 atque
816 2306 849 2362 h
875 2309 1033 2361 iinine
1053 2306 1265 2372 dicitur,
1290 2306 1383 2360 sed
1406 2306 1473 2361 de
1503 2321 1639 2376 equo
1663 2317 1715 2360 ct
1737 2307 1875 2364 hove

300 2398 630 2470 praedicatur,
664 2396 732 2451 ad
760 2410 880 2465 quae
910 2396 1184 2451 rationalis
1210 2395 1511 2451 differentia
1540 2412 1646 2451 non
1680 2413 1873 2466 perve-

302 2491 388 2546 nit.
419 2488 525 2546 Sed
553 2486 978 2559 quandocunque
1008 2485 1171 2540 Deum
1220 2487 1569 2555 supponimus
1617 2488 1835 2542 animati
1855 2528 1871 2553 ,

303 2583 586 2638 secundum
631 2595 818 2636 eorum
862 2578 1167 2648 opinionem
1215 2578 1475 2643 facimus,
1533 2578 1621 2648 qui
1670 2580 1874 2644 solem,

304 2676 580 2744 steltasque
603 2683 763 2745 atque
793 2680 957 2727 totum
984 2671 1124 2727 hunc
1150 2672 1402 2725 mundum
1433 2672 1722 2726 animatum
1754 2687 1876 2728 esse

304 2771 653 2836 confirmant,
701 2782 820 2838 quae
863 2766 1025 2821 etiam
1074 2766 1294 2822 deorum
1345 2767 1561 2822 nomine
1606 2772 1690 2836 (ut
1731 2781 1876 2836 saepe

307 2863 502 2918 dictum
535 2866 650 2930 est)
678 2860 1095 2931 appellaverunt.
1134 2859 1375 2913 Secunda
1408 2859 1533 2913 item
1570 2859 1877 2914 communio

308 2964 382 3008 est
445 2953 658 3025 generis
724 2967 784 3006 ac
848 2951 1192 3017 differentiae,
1245 2952 1494 3020 quoniam
1547 2965 1876 3023 quaecunque

306 3048 656 3120 pra-dicantur
685 3047 750 3101 de
794 3061 991 3117 genere
1033 3054 1089 3099 ut
1134 3059 1326 3115 genera
1347 3086 1360 3109 ,
1394 3042 1581 3099 eadetn
1612 3054 1666 3099 et
1701 3045 1765 3099 de
1795 3044 1878 3099 his

1977 1844 2173 1897 animal
2198 1847 2330 1899 enim
2372 1847 2434 1900 de
2478 1848 2697 1913 homine,
2730 1861 2777 1904 et
2819 1868 2963 1922 equo,
3004 1864 3047 1909 et
3086 1873 3196 1923 ace,
3240 1867 3286 1911 et
3335 1875 3560 1931 serpente

1976 1939 2302 2007 p'a’dicatur.
2363 1941 2669 2010 Quadrupes
2717 1960 2832 1997 vero
2879 1947 2940 1999 de
2986 1949 3107 2001 aolis
3148 1958 3366 2017 quatuor
3410 1956 3559 2023 pedes

1977 2030 2275 2084 habentibus
2296 2070 2311 2096 ,
2344 2031 2494 2085 liam)
2529 2052 2640 2087 rere
2669 2036 2731 2088 de
2776 2036 2898 2090 aolis
2928 2039 3202 2094 individuis
3232 2044 3514 2099 hominibus
3541 2065 3558 2110 ;

1976 2122 2096 2175 item
2117 2120 2359 2177 liinnibile
2388 2126 2449 2178 de
2473 2127 2581 2179 sola
2616 2143 2742 2196 equo
2763 2139 2809 2182 et
2841 2129 2903 2182 de
2928 2129 3005 2182 liis
3032 2133 3118 2198 qui
3141 2144 3257 2185 sunt
3282 2138 3559 2201 particula-

1977 2229 2057 2267 res
2086 2229 2103 2266 :
2128 2215 2361 2269 similiter
2391 2226 2437 2269 et
2480 2220 2713 2271 accidens
2744 2220 2806 2271 de
2847 2222 3171 2285 paucioribus
3199 2242 3352 2293 quam
3379 2244 3556 2297 genus.

1982 2304 2193 2374 Oportet
2244 2316 2411 2359 autem
2462 2307 2783 2375 (li/Terentia:
2821 2314 3048 2380 accipere
3093 2316 3271 2381 quibus
3314 2320 3558 2375 dividitur

1976 2413 2156 2468 genus,
2190 2414 2288 2450 non
2320 2415 2405 2452 eas
2423 2414 2537 2469 qua:
2558 2402 2808 2471 complent
2833 2404 3165 2460 substantiam
3194 2413 3407 2478 generis.
3436 2414 3558 2467 Am-

1977 2486 2136 2557 plius,
2167 2504 2325 2558 genus
2356 2490 2575 2542 continet
2622 2491 2961 2555 dilferentiam
3002 2506 3278 2566 potes'ate;
3322 2506 3559 2559 animalis

1977 2579 2111 2630 enim
2142 2578 2239 2632 hoc
2266 2581 2470 2650 quidem
2502 2584 2756 2639 rationale
2783 2595 2887 2650 est,
2919 2588 3048 2642 illud
3080 2606 3193 2645 cera
3233 2594 3556 2663 irrationale;

1978 2668 2281 2735 di/fereutt’a’
2312 2688 2424 2725 vero
2454 2690 2555 2726 non
2580 2677 2838 2731 continent
2864 2696 3071 2748 genera.
3098 2684 3349 2753 Amplius,
3375 2707 3559 2759 genera

1976 2763 2177 2831 quidem
2203 2764 2375 2831 priora
2398 2775 2512 2819 sunt
2542 2765 2621 2818 Itis
2644 2783 2757 2837 qua:
2782 2771 2871 2822 sub
2901 2787 2953 2822 se
2976 2782 3090 2825 sunt
3122 2776 3300 2842 posin
3315 2778 3559 2843 (li/feren-

1977 2853 2081 2917 tiis,
2107 2863 2152 2906 et
2176 2869 2385 2922 propter
2407 2858 2500 2908 hoc
2527 2858 2679 2910 simul
2708 2860 2908 2928 quidem
2946 2877 3033 2914 eas
3055 2868 3314 2932 auferunt,
3341 2887 3441 2923 non
3464 2889 3557 2925 (ιιι-

1978 2949 2078 2996 tem
2103 2944 2256 2997 simul
2277 2946 2588 3015 auferuntur
2616 2948 2677 3000 ab
2705 2951 2774 3002 eis
2802 2964 2820 3003 :
2846 2951 3043 3004 sublato
3070 2956 3203 3007 enim
3229 2958 3442 3012 animali
3466 2979 3558 3015 ait»

1980 3039 2144 3106 fertur
2168 3038 2421 3092 rationale
2447 3051 2492 3092 et
2542 3041 2863 3109 irrationale,
2886 3043 3187 3112 (li/ferentia:
3212 3034 3438 3104 beronon
3464 3072 3559 3107 au~

306 3158 418 3210 qua:
456 3147 555 3195 suti
603 3143 716 3211 ipso
761 3148 887 3194 sunt
930 3137 1203 3208 speciebus
1244 3137 1599 3207 praedicantur
1643 3138 1708 3191 ad
1738 3136 1877 3192 hanc
1905 3138 1950 3201 C
1982 3130 2325 3197 feruntgenus
2354 3145 2374 3182 :
2402 3146 2516 3183 nam
2540 3131 2738 3185 etiamsi
2773 3150 2945 3189 annus
2995 3137 3368 3206 interimuntur,
3395 3154 3559 3200 tanien

307 3231 699 3297 similitudinem
736 3248 749 3285 :
782 3240 837 3286 et
865 3244 1190 3299 quaecunque
1235 3229 1591 3298 praedicantur
1620 3228 1685 3285 de
1724 3228 1875 3285 Διαθ-

265 3355 269 3360 τ
306 3326 466 3380 rentia
516 3334 572 3379 ut
616 3323 948 3387 differentia,
985 3322 1171 3377 eadem
1214 3338 1425 3389 quoque
1460 3331 1513 3377 et
1552 3322 1619 3377 de
1651 3324 1730 3379 his
1759 3339 1878 3393 qua:

306 3419 396 3474 sub
425 3419 538 3489 ipsa
568 3416 867 3472 differentia
895 3425 1041 3482 sunt,
1071 3422 1129 3469 ut
1154 3413 1464 3469 differentia:
1498 3413 1872 3485 praedicantur.

307 3510 459 3579 Cujus
489 3509 770 3566 sententia:
798 3509 920 3563 talis
949 3516 1031 3562 est
1057 3521 1116 3562 et
1129 3507 1319 3577 positio
1348 3522 1363 3561 ε
1395 3506 1529 3560 Sunt
1569 3507 1718 3576 plura
1758 3522 1878 3578 quae

305 3605 365 3658 de
392 3603 677 3672 generibus
701 3602 1076 3673 prmdicantur,
1111 3610 1166 3654 ut
1189 3615 1412 3669 genera;
1456 3610 1511 3655 ut
1548 3600 1614 3654 dc
1661 3601 1878 3656 animali

306 3697 492 3752 dicitur
512 3696 801 3751 animatum
832 3702 886 3750 et
910 3692 1227 3757 substantia,
1251 3701 1411 3763 atque
1436 3691 1551 3748 hac
1580 3704 1635 3747 ut
1659 3707 1876 3763 genera.

306 3787 427 3842 llaec
454 3788 613 3857 igitur
644 3783 992 3855 praedicantur
1028 3792 1083 3837 et
1112 3781 1178 3837 de
1228 3781 1313 3837 his
1357 3797 1478 3851 qua:
1520 3783 1618 3837 sub
1661 3782 1879 3838 animali

309 3890 452 3946 sunt,
477 3892 766 3946 rursusque
788 3888 843 3930 ut
872 3892 1065 3946 genera
1100 3894 1113 3931 :
1148 3892 1269 3932 nam
1311 3876 1564 3941 hominis,
1597 3886 1652 3932 et
1678 3879 1881 3935 anima-

308 3980 419 4025 tum
460 3978 517 4026 et
557 3969 849 4024 substantia
892 3983 1057 4038 genus
1085 3966 1201 4034 est,
1240 3968 1381 4023 sicut
1402 3977 1527 4024 ante
1559 3968 1733 4023 fuerat
1767 3967 1881 4024 ani-

304 4064 476 4119 malis.
506 4066 636 4118 item
674 4062 727 4116 in
767 4062 894 4131 ipsis
934 4060 1245 4117 differentiis
1274 4060 1522 4131 quasdam
1568 4061 1881 4118 differentia

304 4156 645 4211 inveniuntur
670 4167 787 4223 quae
813 4152 880 4207 de
909 4151 1038 4223 ipsis
1072 4150 1385 4207 differentiis
1417 4150 1794 4221 praedicantur,
1823 4161 1883 4208 ut

305 4249 369 4305 de
408 4246 655 4304 rationali
704 4245 821 4299 dna:
864 4243 1177 4299 differentiae
1227 4243 1494 4298 dicuntur.
1542 4243 1695 4311 Quod
1738 4243 1879 4298 enim

306 4340 561 4395 rationale
609 4346 694 4392 est
736 4337 895 4391 utitur
943 4336 1189 4401 ratione,
1241 4335 1322 4390 rel
1378 4335 1537 4389 habet
1590 4335 1876 4392 rationem.

306 4431 452 4488 Aliud
477 4439 563 4484 est
589 4438 764 4483 autem
794 4426 869 4481 uti
897 4427 1140 4492 ratione,
1180 4425 1320 4480 aliud
1361 4434 1445 4481 cst
1480 4426 1679 4481 habere
1717 4428 1882 4484 ratio-

1981 3221 2264 3273 substuntia
2292 3222 2519 3276 animata
2540 3225 2824 3291 sensbilis,
2858 3227 3073 3300 intelligi
3099 3242 3294 3302 potest,
3331 3246 3446 3306 qua:
3488 3249 3561 3294 est

1982 3311 2197 3364 animal.
2226 3312 2481 3384 Amplius,
2505 3331 2664 3387 genus
2692 3318 2742 3370 in
2774 3334 2830 3372 eo
2856 3322 2994 3389 quod
3015 3324 3135 3390 quid
3156 3334 3250 3393 est,
3276 3327 3563 3395 di/ferentia

1982 3404 2034 3454 in
2060 3418 2115 3455 eo
2152 3404 2288 3472 quod
2318 3406 2466 3474 quale
2499 3407 2621 3477 quid
2658 3419 2731 3462 est
2777 3412 3106 3479 prredicatur,
3136 3421 3562 3486 quemadmodum

1981 3493 2174 3548 dictum
2196 3506 2288 3551 est.
2312 3499 2568 3567 Amplius,
2597 3516 2753 3570 genus
2781 3520 2936 3558 unum
2956 3506 3156 3575 quidem
3188 3519 3259 3564 est
3286 3517 3561 3571 secundum

1982 3602 2390 3661 unamquamque
2425 3594 2637 3659 speciem
2659 3635 2674 3661 ,
2709 3606 2761 3648 ut
2793 3608 2865 3651 est
2906 3598 3125 3654 hominis
3155 3604 3384 3671 animal;
3412 3610 3561 3677 di/fes

1980 3681 2158 3734 rentia:
2182 3698 2295 3734 vero
2339 3683 2513 3752 plures
2536 3729 2560 3765 ,_
2582 3695 2636 3739 ut
2681 3689 2962 3758 rationale,
2998 3698 3208 3749 mortale
3232 3741 3246 3765 ,
3289 3704 3468 3755 mentis
3517 3715 3562 3757 et

1980 3772 2268 3841 disciplina:
2292 3762 2636 3847 susceptibile,
2662 3782 2841 3851 quibus
2864 3784 2925 3837 ab
2946 3787 3060 3840 aliis
3082 3762 3275 3855 cli/fert.
3302 3793 3560 3863 Amplius,

1980 3883 2137 3941 genus
2158 3869 2360 3939 quidem
2389 3870 2555 3925 simile
2584 3883 2654 3926 est
2686 3877 2940 3941 materiae,
2974 3881 3152 3947 fornice
3182 3898 3296 3936 vero
3323 3887 3562 3952 (ii/feren-

1982 3963 2054 4017 tia
2078 3978 2095 4014 :
2116 3979 2233 4016 cum
2259 3972 2427 4017 autem
2456 3965 2584 4030 sint,
2614 3973 2658 4019 et
2687 3965 2790 4020 alia
2822 3974 3139 4037 communia,
3172 3981 3217 4023 et
3241 3977 3448 4044 prapria
3475 3998 3561 4049 ge-

1983 4055 2119 4109 neris
2143 4065 2190 4109 et
2213 4054 2539 4123 diﬂ’erentiw,
2565 4074 2700 4110 nunc
2733 4060 2830 4113 ista
2853 4062 3127 4132 s‘uﬂiciant.

2056 4148 2336 4218 Proprium
2367 4149 2581 4219 quidem
2609 4152 2734 4222 quid
2762 4153 2829 4209 sit
2865 4157 3201 4214 convenienti
3225 4169 3384 4233 atque
3423 4165 3559 4223 inte-

1982 4257 2078 4313 gro
2105 4241 2360 4296 Vocabula
2391 4241 2673 4299 diffinitum
2717 4257 2817 4300 est.
2851 4249 2955 4303 Sed
3000 4266 3092 4318 per
3132 4252 3442 4311 abusionem
3477 4258 3559 4314 illa

1983 4332 2142 4387 etiam
2165 4336 2375 4403 propria
2399 4335 2759 4404 quorumlibet
2786 4337 3055 4402 dicuntur.
3083 4360 3200 4414 «inae
3232 4347 3282 4400 in
3329 4362 3561 4419 unaqua-

1985 4442 2087 4496 quc
2121 4442 2180 4483 re
2208 4428 2274 4482 ab
2295 4429 2413 4483 aliis
2433 4430 2713 4484 continent
2740 4431 3114 4503 differentiam,
3142 4438 3263 4493 lice.
3292 4456 3412 4495 tum
3441 4445 3562 4501 aliis

304 4538 441 4584 nem,
475 4529 537 4576 ut
575 4518 717 4575 aliud
759 4528 842 4575 est
882 4519 1078 4573 habere
1108 4532 1326 4574 sensum
1350 4558 1365 4584 ,
1405 4519 1547 4573 aliud
1590 4519 1665 4573 uti
1697 4533 1880 4575 sensu.
1908 4530 1962 4593 ι)
1986 4520 2091 4573 sint
2120 4535 2182 4573 ea
2214 4520 2323 4589 ipsa
2354 4522 2676 4575 communia.
2710 4522 2809 4577 Per
2854 4539 2915 4579 se
2945 4526 3139 4596 quippe
3169 4532 3443 4599 proprium
3481 4546 3561 4592 est

303 4615 465 4670 liabet
505 4612 704 4684 quippe
730 4626 947 4668 sensum
988 4619 1042 4666 et
1084 4610 1389 4674 dormiens,
1435 4610 1530 4666 sed
1556 4626 1661 4666 non
1693 4614 1874 4668 utitur.

300 4706 369 4762 fta
408 4720 627 4776 quoque
670 4703 939 4758 dormiens
980 4702 1139 4757 habet
1184 4702 1479 4764 rationem,
1528 4704 1620 4757 sed
1662 4704 1882 4760 minime

302 4800 484 4859 utitur;
527 4811 655 4866 ergo
684 4796 852 4864 ips.us
897 4795 1331 4850 rationabilitatis
1361 4796 1602 4863 quaedam
1633 4795 1882 4853 differen-

302 4888 368 4943 tia
397 4899 478 4945 Bal
509 4888 721 4945 ratione
749 4886 847 4950 uti,
878 4884 972 4941 sed
1000 4886 1097 4939 sub
1130 4886 1543 4942 rationabilitate
1575 4890 1778 4957 positus
1800 4897 1884 4943 est

301 4977 475 5036 homo.
510 4976 836 5034 Praedicator
876 4976 1036 5046 igitur
1073 4975 1140 5032 de
1173 4976 1386 5032 homine
1424 4978 1630 5034 ratione
1667 4981 1773 5045 uti,
1826 4989 1882 5035 ut

299 5072 534 5141 quaedam
564 5066 882 5123 differentia.
911 5066 1096 5121 υισεη
1126 5068 1267 5122 enim
1311 5084 1341 5123 a
1389 5072 1595 5126 caeteris
1636 5071 1881 5127 animali-

295 5162 390 5220 bus
437 5163 636 5224 homo,
668 5160 788 5226 quia
830 5158 1036 5214 ratione
1076 5159 1263 5214 utitur.
1314 5160 1743 5218 Demonstratum
1798 5174 1882 5221 est

294 5256 449 5326 igitur
476 5249 624 5323 quod
652 5251 789 5305 sicut
816 5264 880 5305 ea
910 5266 1029 5320 quae
1056 5252 1123 5306 de
1153 5264 1351 5321 genere
1381 5252 1770 5321 prxdicantur,
1799 5256 1882 5310 di-

292 5355 487 5401 cuntur
521 5341 588 5393 de
615 5339 794 5408 generi
816 5340 1069 5409 subjectis
1100 5356 1114 5393 a
1143 5341 1215 5394 ita
1245 5339 1405 5394 etiam
1435 5356 1497 5395 ea
1531 5357 1647 5411 quae
1672 5343 1741 5399 de
1780 5345 1876 5399 dif-

290 5432 531 5494 ferentia
572 5428 947 5498 praedicantur,
979 5429 1231 5485 dicuntur
1258 5429 1326 5486 de
1356 5428 1440 5485 bis
1479 5446 1597 5501 qua:
1628 5431 1874 5489 dideren-

289 5531 377 5585 tiis
402 5523 525 5582 suis
550 5531 939 5591 supponuntur.
973 5523 1210 5577 Tertium
1254 5538 1540 5579 commune
1580 5532 1698 5589 est,
1737 5529 1878 5596 quod

289 5625 428 5682 sicut
456 5614 763 5684 absumptis
793 5614 1105 5682 generibus,
1128 5617 1339 5684 species
1378 5615 1773 5685 interimuntur,
1806 5619 1878 5676 ita

288 5709 631 5781 consumptis
656 5702 973 5772 differentiis
1002 5707 1207 5773 species
1240 5708 1307 5764 de
1343 5708 1532 5781 quibus
1565 5707 1878 5769 αισθτθηιίω

749 5826 1025 5889 Panos.
1062 5824 1279 5890 LXIV.

1988 4608 2186 4662 homini
2221 4610 2458 4678 quodrci
2504 4612 2668 4676 omni,
2698 4621 2753 4665 et
2794 4614 2914 4680 soli,
2954 4626 3006 4669 et
3051 4632 3263 4686 semper
3302 4622 3472 4691 adest,
3504 4634 3563 4682 ut

1986 4697 2303 4752 risibilitas:
2355 4713 2451 4767 per
2497 4708 2803 4770 usurpatam
2857 4719 2985 4759 vero
3034 4704 3355 4766 locutionem
3400 4717 3559 4773 etiam

1985 4790 2261 4861 praprium
2296 4790 2525 4847 hominis
2559 4793 2946 4851 rationabilitas
2983 4797 3193 4869 dicitur,
3241 4819 3346 4858 non
3381 4822 3473 4876 per
3502 4825 3563 4868 se

1985 4882 2293 4954 proprium,
2334 4884 2530 4954 quippe
2562 4884 2701 4954 quod
2742 4886 2790 4940 ei
2834 4902 2955 4944 cum
2996 4890 3218 4947 deorum
3250 4905 3332 4951 est
3373 4907 3561 4956 natura

1985 4988 2299 5038 commune,
2332 4974 2424 5029 sed
2458 4976 2659 5031 homini
2701 4979 3091 5037 rationabilitas
3125 4987 3395 5055 preprium
3426 4990 3561 5047 dici-

1988 5074 2095 5129 tur,
2125 5068 2188 5121 ad
2210 5068 2584 5124 discretionem
2609 5072 2827 5141 pecudis
2851 5074 2991 5142 quod
3021 5080 3278 5132 rationale
3305 5094 3409 5133 non
3435 5094 3512 5135 est
3548 5100 3559 5136 :

1986 5159 2037 5216 id
2064 5176 2190 5215 vero
2232 5173 2448 5233 promer
2477 5163 2611 5217 hanc
2655 5177 2900 5232 causam,
2929 5170 3177 5237 quoniam
3209 5169 3259 5224 id
3290 5174 3561 5239 proprium

1987 5252 2398 5322 Uniuscujusque
2428 5253 2624 5308 dicitur
2649 5256 2790 5325 quod
2825 5255 2989 5311 habet
3024 5273 3213 5323 suum;
3256 5275 3359 5329 quo
3407 5263 3562 5332 igitur

1984 5343 2105 5415 quis
2133 5344 2198 5399 ali
2223 5346 2329 5400 aTio
2355 5344 2546 5409 differt,
2572 5347 2843 5414 proprium
2868 5347 2986 5415 ejus
3015 5363 3120 5402 non
3146 5347 3374 5404 absurda
3407 5368 3563 5409 usur-

1987 5436 2199 5506 patione
2231 5435 2568 5503 praedicatur.
2620 5435 2725 5490 Sed
2774 5452 2915 5491 nunc
2958 5438 3097 5507 quod
3130 5438 3259 5494 dicit
3286 5443 3563 5513 proprium

1984 5527 2192 5599 generis
2221 5540 2339 5580 esse
2359 5526 2426 5580 de
2452 5526 2693 5595 pluribus
2719 5528 2997 5598 praedicari
3024 5546 3182 5600 quam
3212 5543 3408 5589 caetera
3432 5553 3563 5606 qua-

1987 5631 2124 5686 tuor,
2160 5618 2384 5686 idipsum
2416 5620 2628 5687 generis
2657 5623 2758 5676 tale
2792 5624 3063 5692 proprium
3086 5633 3189 5691 est,
3213 5629 3368 5697 quale
3389 5646 3483 5702 per
3503 5647 3564 5691 so

1986 5711 2255 5783 proprium
2292 5708 2393 5765 dici
2426 5710 2594 5779 solet,
2630 5712 2680 5768 id
2713 5722 2815 5781 est,
2848 5714 2992 5783 quod
3024 5730 3258 5790 semper,
3281 5728 3341 5778 et
3364 5721 3563 5790 soli,et

3037 5829 3077 5892 5
