4244 6254
627 350 729 411 159
949 401 979 416 ν

1861 350 1971 407 AN.
2014 350 2223 408 MANL.
2266 349 2416 408 SEV.
2460 347 2687 406 BOETII

3790 354 3891 411 "0

625 468 771 528 omni
797 466 933 525 adsit
957 464 1161 540 generi.
1191 466 1385 524 Generi
1432 464 1576 523 enim
1620 466 1721 524 soli
1767 466 1941 533 adest,
1969 476 2024 522 ut
2049 466 2207 526 diffe-
2235 468 2290 532 Α
2314 480 2438 521 num
2456 466 2945 535 poteritremanere
2971 470 3176 540 genus?
3203 469 3459 538 Dicimus,
3485 471 3892 541 potest.Unum-

626 563 820 631 rentia,
844 562 1045 632 specie,
1071 562 1288 632 proprio
1313 570 1470 632 atque
1497 561 1772 617 accidente
1800 563 2019 617 uberius
2045 572 2205 633 atque
2235 595 2241 600 ν

627 657 931 714 affluentius
961 656 1295 726 praedicetur.
1327 656 1432 712 Sed
1473 657 1540 712 de
1581 656 1662 711 his
1699 656 2015 712 differentiis
2042 701 2056 725 ,
2083 672 2207 724 pro-

628 742 757 819 priis
800 756 957 818 atque
1000 747 1395 814 accidentibus,
1450 747 1501 801 id
1547 748 1649 802 dici
1698 758 1907 818 potest,
1956 765 2074 817 quae
2106 749 2207 803 sub

627 842 863 912 quolibet
884 855 1079 911 genere
1096 850 1238 907 sunt,
1265 840 1409 894 idest
1427 841 1493 895 de
1512 841 1827 898 differentiis
1852 841 2065 911 quidem
2086 856 2205 911 quas

626 932 897 1001 quodlibet
913 930 1152 985 dividunt
1165 947 1328 1001 genus
1350 948 1363 986 :
1378 932 1555 1000 specie
1570 947 1700 987 vero
1718 946 1836 1001 qua:
1849 931 2097 986 divisibili
2114 948 2208 1001 ge-

627 1024 772 1078 neris
791 1021 1085 1077 diﬂ'erentia
1110 1022 1443 1077 informatur.
1463 1022 1685 1090 Proprio
1706 1032 1884 1077 autem
1909 1022 1989 1076 illi
2007 1023 2207 1092 speciei

626 1131 744 1185 quae
762 1114 965 1169 subillo
977 1130 1173 1184 genere
1194 1123 1293 1179 est,
1312 1114 1452 1183 quod
1474 1114 1788 1170 differentiis
1801 1116 2202 1190 estdivisivum,

625 1206 1089 1275 accidentibusque
1128 1222 1247 1277 qua:
1288 1206 1371 1259 his
1403 1207 1607 1262 haerent
1638 1207 1924 1263 individuis
1948 1208 2069 1278 quae
2106 1211 2207 1266 sub

624 1306 686 1353 ea
709 1298 888 1367 specie
915 1306 1055 1362 sunt,
1076 1312 1231 1367 quam
1264 1297 1594 1366 designatum
1618 1313 1785 1369 genus
1816 1300 2058 1355 includit.
2094 1301 2215 1357 lloc'

626 1391 832 1445 facilius
854 1391 1094 1457 exempla
1126 1390 1419 1446 declarant.
1453 1390 1532 1445 Sit
1564 1391 1705 1445 enim
1749 1406 1918 1460 genus
1968 1390 2203 1460 animal,

625 1483 924 1552 quadrupes
967 1497 1029 1535 ac
1077 1482 1224 1549 bipes
1265 1479 1578 1535 differentiae
1610 1482 1710 1535 sub
1741 1482 1985 1538 animalis
2018 1485 2207 1552 posita:

623 1573 981 1637 continentia,
1019 1573 1176 1625 homo
1216 1584 1374 1640 atque
1419 1588 1588 1643 equus
1634 1571 1843 1641 Species
1884 1574 1985 1627 sub
2016 1574 2207 1630 eodem

623 1681 818 1735 genere
857 1666 1188 1730 constitutae,
1239 1666 1445 1720 risibile
1489 1674 1648 1736 atque
1693 1664 1951 1722 hinnibile
1990 1668 2207 1741 propria

622 1756 933 1812 earumdem
976 1756 1303 1825 specierum,
1334 1757 1490 1811 velox
1520 1767 1574 1813 et
1616 1758 1870 1837 bellator,
1905 1758 2207 1816 accidentia

2312 560 2560 630 quodque
2589 560 2732 615 enim
2766 577 2870 615 non
2902 578 2968 616 ex
3001 562 3082 618 bis
3114 563 3182 619 de
3211 565 3404 634 quibus
3432 566 3773 634 praedicatur,
3798 564 3891 621 sed

2314 665 2376 706 ex
2410 650 2492 705 bis
2523 666 2589 705 ex
2621 653 2811 722 quibus
2840 653 3075 709 efficitur
3102 657 3451 711 substantiam
3485 650 3664 711 sumit.
3712 657 3894 726 Itaque

2312 741 2373 797 fit
2400 752 2457 797 ut
2486 758 2673 813 genus,
2703 744 2928 799 sublatis
2954 745 3269 802 differentiis
3289 746 3556 813 divisivis,
3584 761 3895 817 permanere

2312 833 2503 902 possit,
2536 836 2661 889 dum
2695 844 2872 890 tamen
2905 846 3157 892 maneant
3200 838 3306 892 illae
3343 854 3460 906 quae
3490 840 3654 908 ipsius
3686 839 3895 909 generis

2315 925 2539 979 formam
2569 925 3029 997 substantiamque
3069 930 3421 983 constituunt.
3460 929 3723 997 Quoniam
3751 934 3894 984 enim

2313 1016 2511 1070 animal
2560 1018 2794 1071 animata
2840 1027 2999 1088 atque
3041 1020 3312 1076 sensibilis
3360 1019 3673 1077 differentia:
3705 1022 3919 1077 consti-‘

2314 1117 2469 1164 tuunt
2492 1127 2504 1162 :
2540 1109 2623 1164 ha:
2652 1110 2696 1165 si
2718 1121 2966 1167 maneant
2993 1122 3151 1182 atque
3168 1114 3477 1183 jungantur,
3503 1115 3679 1184 perire
3695 1114 3893 1169 animal

2313 1213 2420 1253 non
2448 1210 2655 1268 potest,
2684 1200 2809 1257 licet
2838 1216 2901 1257 ea
2940 1215 3161 1272 pereant
3194 1204 3261 1259 de
3291 1204 3481 1274 quibus
3525 1205 3726 1258 animal
3754 1220 3895 1276 prae-

2314 1290 2542 1357 dicatur,
2569 1294 2830 1347 rationale
2860 1295 3065 1348 scilicet
3096 1306 3257 1363 atque
3287 1295 3600 1351 irrationale
3643 1316 3653 1347 :
3701 1312 3895 1351 unum-

2313 1383 2561 1453 quodque
2585 1386 2728 1439 enim
2762 1388 2844 1455 (ut
2865 1386 3064 1441 dictum
3094 1388 3201 1456 est)
3228 1404 3292 1441 ex
3316 1388 3399 1443 his
3425 1389 3735 1445 substantia:
3766 1404 3893 1460 pro-

2314 1476 2593 1544 prietatom
2627 1480 2792 1533 sumit
2845 1492 2908 1534 ex
2935 1481 3125 1548 quibus
3154 1478 3407 1549 efﬁcitur,
3440 1496 3547 1536 non
3593 1482 3660 1536 ab
3703 1481 3787 1536 his
3828 1483 3895 1538 de

2314 1567 2505 1636 quibus
2537 1569 2875 1638 praedicatur.
2923 1570 3168 1639 Amplius
3210 1572 3254 1625 si
3285 1580 3538 1642 utrasque
3568 1570 3896 1629 differentias

2313 1673 2483 1728 genus
2514 1670 2781 1730 potestate
2810 1665 3074 1729 continet,
3108 1664 3278 1732 ipsum
3305 1679 3402 1735 per
3439 1680 3499 1722 se
3526 1677 3770 1721 neutram
3802 1683 3913 1722 eae

2315 1769 2432 1807 rum
2461 1754 2595 1808 intra
2628 1769 2685 1809 se
2712 1756 2933 1824 positam
2962 1756 3381 1828 collocatamque
3410 1759 3680 1815 concludit
3709 1777 3722 1811 :
3754 1760 3896 1830 quod

623 1864 741 1918 qua:
772 1847 851 1902 his
882 1847 1164 1902 individuis
1190 1847 1464 1911 accidunt,
1495 1862 1614 1917 quae
1654 1848 1755 1902 sub
1793 1848 2075 1917 speciebus
2102 1849 2202 1905 ho-
2235 1848 2287 1913 B
2312 1843 2357 1898 Si
2380 1854 2501 1900 at!"
2524 1846 2736 1916 quidem
2768 1861 2860 1902 εδδ
2884 1862 2989 1903 non
3020 1850 3289 1915 conlille‘r
3322 1850 3415 1905 88d
3446 1859 3711 1922 Ροιθειθίε
3731 1894 3746 1920 ν
3770 1861 3894 1909 θοιιι

626 1942 782 1995 minis
811 1947 969 2009 atque
1000 1940 1120 2009 equi
1150 1939 1512 1994 continentur.
1539 1939 1751 1995 Animal
1780 1940 1939 2011 igitur
1958 1940 2101 2010 quod
2124 1952 2209 1997 est

622 2048 808 2102 genus,
839 2032 1160 2101 praedicatur
1181 2031 1248 2085 de
1274 2030 1619 2101 quadrupede
1641 2041 1694 2085 et
1721 2027 1912 2098 bipede
1938 2046 2055 2100 qure
2082 2041 2210 2087 sunt

622 2122 933 2177 differentia:
968 2140 979 2174 :
1011 2121 1319 2191 quadrupes
1348 2137 1474 2176 vero
1513 2137 1619 2175 non
1651 2121 1845 2176 dicitur
1883 2122 1950 2178 de
1978 2122 2204 2192 bipede,

623 2216 714 2270 sed
748 2225 947 2269 tantum
973 2215 1039 2269 de
1066 2214 1147 2268 his
1174 2213 1491 2268 animalibus
1516 2228 1635 2284 quae
1662 2222 1891 2282 quatuor
1918 2217 2083 2285 pedes
2113 2217 2208 2271 ha-

626 2309 771 2362 bent.
803 2306 926 2360 Plus
957 2307 1116 2375 igitur
1147 2305 1464 2373 praedicatur
1500 2318 1671 2375 genus
1697 2311 1854 2373 quam
1883 2306 2203 2363 differentia.

624 2401 828 2454 Rursus
856 2398 1015 2452 homo
1037 2398 1104 2453 de
1134 2398 1384 2467 Platonej;
1412 2393 1476 2452 'et
1519 2395 1741 2453 Socrate
1770 2400 2087 2468 praedicatur
2106 2444 2122 2470 ,
2154 2411 2210 2458 et

544 2486 547 2487 ⁷
624 2493 691 2547 de
713 2490 921 2547 creteris
952 2507 964 2543 :
997 2490 1191 2545 animal
1223 2504 1352 2544 vero
1380 2504 1485 2543 non
1513 2489 1675 2545 modo
1709 2490 2038 2548 de-hominis
2069 2494 2207 2548 indi-

625 2585 825 2649 viduis,
857 2584 1207 2639 verumetiam
1245 2581 1313 2637 de
1343 2584 1552 2637 caeteris
1583 2583 2038 2640 irrationabilibus
2065 2586 2207 2642 indi-

624 2677 798 2732 viduis
822 2675 1048 2731 dicitur:
1083 2675 1199 2745 plus
1222 2673 1382 2745 igitur
1403 2687 1571 2743 genus
1597 2688 1756 2745 quam
1779 2676 1987 2746 species
2016 2678 2210 2747 praedi-

626 2781 793 2825 catur.
824 2770 928 2824 Sed
959 2784 1081 2825 cum
1102 2770 1171 2824 sit
1203 2767 1474 2838 proprium
1504 2773 1623 2839 equl
1653 2768 1945 2837 hinnibile,
1978 2785 2208 2842 cumque

625 2876 792 2930 genus
820 2876 975 2932 quam
1017 2860 1223 2932 species
1263 2860 1481 2915 uberius
1521 2859 1859 2931 praedicetur,
1898 2864 2209 2933 praedicatio

624 2967 834 3025 quoque
863 2954 1079 3025 generis
1109 2952 1308 3023 proprii
1332 2953 1734 3024 supergreditur
1747 2953 2206 3024 praedicationem.

626 3048 890 3104 Accidens
920 3061 1161 3118 quoque,
1202 3054 1257 3101 et
1293 3048 1338 3101 si
1367 3046 1611 3117 pluribus
1653 3047 1832 3104 inesse
1880 3057 2083 3118 potest,
2133 3061 2209 3103 ta-

626 3157 747 3197 men
778 3155 921 3210 saepe
948 3154 1145 3209 genere
1172 3138 1502 3195 contractius
1542 3139 1829 3208 invenitur,
1864 3150 1922 3195 ut
1959 3141 2207 3208 bellator,

627 3247 732 3286 non
758 3231 969 3300 proprie
1008 3231 1107 3284 nisi
1136 3229 1298 3284 homo
1328 3216 1542 3297 dicitur,
1570 3240 1629 3287 et
1655 3233 1910 3288 velocitas
1941 3233 1993 3287 in
2026 3235 2209 3301 paucis

626 3320 944 3377 animalibus
970 3320 1239 3375 invenitur
1271 3338 1285 3375 :
1318 3336 1425 3391 quo
1455 3322 1533 3386 fit,
1583 3331 1639 3377 nt
1678 3339 1848 3394 genus
1878 3335 1931 3380 et
1959 3322 2241 3385 differeu-.

630 3415 721 3477 tia,
752 3422 806 3467 et
832 3412 1030 3482 specie,
1056 3420 1112 3468 et
1141 3413 1375 3483 proprio,
1400 3422 1455 3469 et
1482 3414 1779 3483 accidente,
1815 3418 2043 3487 amplius
2068 3435 2206 3488 prte~

628 3505 856 3559 dicetur.
886 3503 1057 3573 Atque
1102 3504 1214 3558 haec
1250 3512 1347 3559 est
1375 3520 1477 3559 una
1510 3505 1805 3576 proprietas
1839 3508 2051 3578 generis
2092 3526 2211 3579 qum

628 3610 794 3666 genus
819 3595 888 3650 ab
912 3594 1029 3650 aliis
1055 3595 1304 3651 omnibus
1334 3596 1605 3666 disiungat
1629 3613 1691 3652 ac
1723 3608 1952 3669 separet.
1990 3600 2212 3670 Oportet

629 3700 831 3758 autem,
859 3691 1046 3761 inquit,
1066 3704 1204 3745 nunc
1222 3704 1317 3746 eas
1337 3690 1667 3746 differentias
1689 3690 2213 3764 intelligere,'quibus

629 3784 883 3840 dividitur
910 3795 1097 3854 genus,
1128 3798 1229 3839 non
1274 3784 1465 3853 quibus
1511 3782 1828 3839 informatur
1871 3800 2037 3855 genus
2064 3802 2078 3838 :
2108 3786 2211 3841 illa:

630 3875 773 3932 enim
807 3889 834 3929 a
865 3875 1054 3945 quibus
1082 3872 1396 3929 informatur
1419 3889 1615 3944 genus,
1664 3874 1784 3943 plus
1827 3890 1985 3945 quam
2034 3875 2208 3946 ipsum

628 3983 797 4039 genus
826 3966 941 4021 sine
969 3960 1131 4022 dubio
1154 3964 1527 4035 praedicantur,
1563 3977 1619 4019 ut
1655 3967 1945 4020 animatum
1997 3976 2051 4021 et
2092 3983 2213 4022 cor—

634 4076 850 4132 porcum
892 4060 1029 4115 ultra
1067 4058 1263 4114 animal
1310 4057 1537 4112 tendunt
1577 4072 1697 4112 cum
1746 4058 1852 4114 sint
1896 4057 2212 4115 differentia:

631 4152 876 4207 animalis
904 4166 1005 4205 non
1034 4149 1302 4213 di'visivaa,
1332 4149 1427 4205 sed
1468 4150 1642 4217 potius
1677 4150 2057 4205 constitutivre.
2086 4151 2215 4207 0m-

634 4248 716 4300 uia
749 4246 889 4299 enim
912 4240 1277 4311 suprriOra'de
1307 4242 1647 4296 inferioribus
1680 4243 2050 4311 praedicantur.
2082 4246 2213 4311 Quae

632 4351 762 4391 vero
803 4334 869 4389 de
915 4333 1255 4388 inferioribus
1307 4332 1700 4402 prmdlcantur,
1752 4348 1924 4403 neque
1974 4338 2213 4392 converti

634 4439 878 4501 possunt,
908 4428 1021 4484 haec
1048 4427 1113 4482 ab
1139 4426 1216 4481 eis
1244 4439 1361 4493 quae
1391 4408 1641 4478 inferiora
1671 4410 1796 4479 sunt
1822 4425 2047 4493 amplius
2077 4442 2215 4497 prae-

633 4524 896 4578 dicantur.
930 4522 1052 4577 Post
1084 4520 1187 4574 hoc
1222 4516 1367 4571 aliud
1413 4516 1682 4585 proprium
1706 4517 1941 4586 generis
1980 4521 2214 4577 ostendit

2311 1936 2470 1990 etiam
2498 1938 2565 1991 ab
2590 1937 2671 1993 his
2701 1940 2891 2007 poterit
2910 1941 3146 2008 separari
3177 1957 3188 1993 :
3225 1940 3325 1996 hoc
3353 1941 3526 2011 ipsum
3554 1942 3722 2008 enim,
3752 1942 3895 2011 quod

2312 2037 2394 2082 est
2413 2042 2505 2083 eas
2540 2039 2800 2097 potestate
2831 2031 3126 2098 continere,
3159 2032 3214 2085 id
3242 2042 3359 2085 erat
3406 2040 3527 2087 actu
3568 2048 3673 2086 non
3717 2032 3895 2087 conti-

2294 2133 2459 2187 ,nere.
2504 2118 2686 2175 Genus
2726 2132 2883 2189 vero,
2931 2122 3054 2191 quia
3094 2123 3361 2192 quaslibet
3402 2122 3732 2178 differentias
3776 2132 3897 2181 actu

2305 2223 2421 2282 non
2438 2212 2700 2277 continet,
2724 2222 2845 2267 actu
2871 2212 2938 2267 ab
2968 2213 3167 2268 eisdem
3192 2214 3351 2268 etiam
3373 2221 3669 2283 separatur.
3695 2213 3897 2272 Rursus

2310 2301 2456 2357 aliud
2497 2313 2581 2358 est
2631 2309 2847 2374 generis
2898 2310 3209 2375 proprium,
3268 2308 3408 2376 quod
3454 2322 3518 2362 ex
3575 2309 3897 2378 prOprietate

2312 2394 2738 2463 praedicationis,
2774 2397 3098 2466 agnoscitur.
3142 2400 3312 2453 Omne
3335 2398 3474 2453 enim
3515 2415 3681 2469 genus
3712 2401 3777 2455 ad
3820 2402 3898 2455 iu-

2319 2486 2731 2557 terrogationem
2784 2489 2907 2558 quid
2948 2499 3029 2545 est
3078 2488 3529 2561 unumquodque,
3587 2492 3897 2559 reSponderi

2313 2580 2595 2646 convenit,
2630 2589 2687 2634 ut
2721 2582 2921 2635 animal
2959 2581 3009 2635 in
3038 2598 3103 2636 eo
3134 2582 3272 2651 quod
3316 2583 3442 2652 quid
3467 2592 3548 2637 est
3588 2586 3657 2639 de
3683 2584 3897 2640 homine

2313 2669 2634 2739 praedicatur
2665 2689 2676 2723 :
2709 2670 3007 2726 differentia
3039 2687 3163 2727 vero
3186 2674 3423 2739 minime,
3450 2674 3545 2729 sed
3574 2678 3623 2728 in
3656 2690 3720 2730 eo
3755 2676 3895 2746 quod

2313 2765 2473 2834 quale
2514 2766 2613 2829 sit;
2653 2768 2829 2821 omnis
2870 2768 3012 2822 enim
3054 2767 3350 2824 differentia
3384 2771 3434 2824 in
3480 2773 3735 2840 qualitate
3766 2789 3896 2828 con-

2313 2856 2474 2910 sistit.
2501 2856 2607 2911 Sed
2640 2857 2738 2912 boc
2765 2861 3037 2927 proprium
3068 2864 3173 2915 tale
3195 2868 3278 2914 est
3299 2861 3454 2931 quale
3484 2864 3727 2931 superius
3758 2864 3896 2919 di\i—

2316 2962 2453 3014 inus,
2484 2963 2587 3002 non
2622 2964 2714 3016 per
2738 2964 2815 3015 se,
2852 2951 2945 3004 sed
2978 2952 3270 3006 secundum
3296 2952 3520 3023 alicujus
3545 2956 3898 3014 differentiam

2314 3040 2536 3105 dictum,
2568 3042 2762 3111 alioqui
2788 3056 3072 3097 commune
3102 3053 3183 3097 est
3215 3045 3313 3097 hoc
3344 3050 3525 3113 generi
3548 3061 3669 3101 cum
3697 3049 3897 3116 specie,

2316 3142 2371 3187 ut
2392 3133 2450 3187 in
2481 3148 2545 3187 eo
2575 3130 2714 3204 quod
2738 3134 2864 3203 quid
2894 3136 2965 3188 sit
2985 3124 3305 3205 praedicetur
3329 3152 3343 3189 ε
3371 3137 3463 3191 sed
3487 3137 3606 3208 quia
3633 3139 3733 3195 hac
3760 3141 3810 3194 in
3840 3156 3899 3199 re

2240 3219 2286 3283 Ο
2317 3238 2483 3295 genus
2532 3237 2561 3277 a
2608 3222 2905 3278 differentia
2955 3226 3248 3295 discrepat,
3300 3229 3551 3296 quoniam
3598 3229 3899 3290 differentia

2314 3313 2527 3384 quidem
2555 3314 2607 3369 iu
2636 3314 2705 3368 eo
2733 3314 2872 3384 quod
2905 3317 3061 3386 quale
3089 3325 3198 3381 i-st,
3230 3316 3405 3385 genu‘s’
3424 3332 3550 3372 vero
3579 3319 3631 3372 in
3661 3334 3727 3375 eo
3758 3322 3898 3391 quod

2312 3409 2441 3477 quid
2471 3416 2553 3463 est
2594 3407 2939 3476 praedicatur,
2982 3412 3196 3477 generis
3237 3410 3506 3478 proprium
3553 3410 3748 3466 dicitur
3793 3429 3898 3469 non

2315 3515 2410 3569 per
2430 3514 2508 3563 se,
2535 3501 2629 3554 sed
2654 3500 2719 3554 ad
2750 3500 3063 3556 differentia:
3090 3502 3545 3571 comparationem
3566 3544 3580 3570 ,
3614 3512 3669 3559 et
3694 3504 3748 3558 in
3779 3520 3897 3559 om-

2317 3591 2470 3646 nibus
2499 3592 2719 3661 reliquis
2746 3592 2987 3646 eamdem
3016 3596 3277 3650 rationem
3302 3596 3583 3650 conveniet
3610 3598 3896 3665 speculari;

2313 3683 2663 3750 quodcunque
2705 3682 2845 3736 enim
2894 3683 2963 3737 ita
3010 3687 3285 3753 proprium
3334 3686 3518 3755 generi
3564 3687 3790 3754 dicitur,
3842 3699 3899 3749 ut

2316 3772 2443 3826 nulli
2483 3774 2552 3827 sit
2599 3773 2688 3828 alii
2737 3775 3051 3839 commune,
3098 3776 3190 3830 sed
3243 3785 3445 3832 tantum
3476 3777 3577 3833 hoc
3607 3793 3775 3849 genus
3804 3778 3892 3837 ha-

2316 3862 2456 3930 beat,
2489 3873 2542 3918 et
2568 3872 2802 3935 semper,
2834 3866 2884 3920 id
2914 3867 3208 3923 secundum
3239 3883 3296 3924 se
3324 3872 3592 3939 proprium
3624 3888 3897 3944 uuncupa~

2318 3968 2402 4011 tur
2434 3975 2445 4011 :
2478 3959 2737 4029 quidquid
2767 3975 2892 4015 vero
2923 3972 3041 4015 cum
3081 3962 3186 4029 alio
3228 3976 3512 4019 commune
3556 3974 3637 4021 est
3660 4008 3675 4032 ,
3711 3967 3763 4022 id
3792 3983 3898 4027 non

2317 4056 2412 4117 per
2438 4066 2517 4117 se,
2544 4052 2635 4106 sed
2669 4052 2733 4105 ad
2762 4050 2984 4108 alterius
3008 4052 3363 4109 diderentiam
3387 4058 3660 4127 proprium
3683 4054 3896 4115 dicitur.

2316 4142 2433 4198 Alia
2458 4159 2640 4199 rursus
2669 4146 2880 4213 generis
2907 4153 2961 4198 et
2986 4141 3300 4201 differentiae
3327 4148 3595 4217 separatio
3616 4159 3723 4215 est,
3753 4152 3898 4220 quod

2315 4232 2480 4301 genus
2522 4232 2735 4303 quidem
2780 4235 2980 4304 speciei
3029 4251 3192 4291 unum
3238 4252 3451 4309 semper
3489 4239 3899 4307 adest,scilicet

2317 4326 2617 4394 proximum
2652 4344 2665 4379 :
2696 4326 2843 4396 plura
2869 4329 3011 4384 enim
3035 4342 3258 4399 possunt
3282 4347 3403 4391 esse
3428 4337 3726 4406 superiora,
3754 4339 3898 4397 velut

2274 4418 2282 4425 '
2319 4416 2545 4469 hominis
2570 4412 2762 4472 animal
2788 4412 2953 4489 atque
2973 4422 3291 4492 substantia,
3317 4426 3411 4480 sed
3435 4428 3732 4496 proximum
3756 4431 3897 4501 ejus-

2318 4512 2437 4566 dem
2471 4511 2701 4595 hominis
2732 4516 2933 4570 animal
2958 4526 3160 4572 tantum
3183 4536 3195 4571 :
3221 4519 3534 4577 differentiae
3561 4514 3687 4578 vero
3718 4525 3897 4595 plures

634 4631 736 4686 quo
765 4614 836 4669 ab
874 4613 955 4667 bis
990 4610 1307 4666 differentiis
1337 4622 1454 4679 quae
1483 4610 1583 4664 sub
1627 4609 1815 4665 eodem
1858 4619 1985 4666 sunt
2027 4614 2215 4681 positae
2242 4594 2296 4658 ll
2320 4605 2409 4659 uni
2436 4594 2853 4683 speeieirades‘se
2888 4610 3166 4682 poteruutl,
3204 4621 3259 4667 ut
3283 4613 3539 4668 rationale
3559 4594 3730 4684 atque
3752 4631 3897 4669 mor-

632 4702 1165 4775 segreg‘atur.0mue
1210 4702 1351 4756 enim
1395 4716 1562 4775 genus
1607 4701 1846 4756 continet
1882 4701 2214 4759 differentias

634 4804 896 4865 putestate
928 4813 940 4848 :
974 4793 1273 4850 differentia
1304 4806 1433 4848 vero
1461 4807 1628 4863 genus
1672 4806 1777 4847 non
1817 4804 1993 4863 potest
2039 4797 2217 4852 contio

634 4902 785 4942 nere.
814 4886 1021 4940 Animal
1059 4886 1199 4938 enim
1231 4885 1488 4939 rationale
1528 4896 1687 4952 atque
1733 4884 2041 4955 irrationale
2090 4901 2219 4941 con-

635 4980 768 5035 tinet
789 4984 1082 5048 potestate,
1125 4989 1298 5045 neque
1330 4974 1472 5028 enim
1500 4975 1925 5041 rationabilitas,
1967 4987 2057 5029 aut
2080 4977 2219 5051 irra-

633 5067 957 5127 tionabilitas
996 5066 1197 5121 animal
1228 5066 1423 5135 poterit
1470 5065 1768 5120 continere.
1814 5066 2083 5121 Potestate
2118 5074 2213 5123 au-4

632 5175 739 5220 tem
790 5163 865 5219 ait
896 5158 1172 5217 continere
1200 5157 1397 5213 animal
1423 5157 1782 5223 differentias,
1821 5159 1945 5229 quia
1977 5160 2075 5229 (ut
2123 5177 2214 5216 su-

635 5258 812 5327 perius
836 5254 1038 5312 dictum
1064 5252 1167 5324 est)
1196 5250 1362 5323 genus
1390 5250 1605 5331 quidem
1629 5264 1815 5306 omnes
1847 5251 2005 5307 habet
2032 5254 2131 5308 sub
2150 5269 2210 5310 se

600 5348 962 5405 ’did‘erentias
1007 5353 1312 5418 potestate,
1351 5355 1471 5400 actu
1513 5358 1642 5400 vero
1687 5343 1906 5400 minime
1952 5361 1966 5397 :
2009 5338 2085 5400 ex'
2104 5362 2210 5416 quo

633 5442 713 5511 fit,
745 5439 931 5496 utalia
958 5440 1252 5510 proprietas
1281 5437 1504 5493 oriatur.
1538 5436 1761 5493 Sublato
1805 5438 1947 5494 enim
1987 5454 2206 5509 genere,

633 5531 772 5601 perit
794 5529 1091 5588 diderentia
1125 5547 1139 5584 :
1180 5529 1336 5584 veluti
1372 5529 1580 5585 sublato
1626 5529 1840 5601 animali
1890 5530 2212 5586 interimitur

634 5623 1051 5690 rationabilitas,
1084 5621 1221 5691 quod
1250 5612 1333 5676 est
1361 5606 1677 5677 differentia.
1712 5620 1778 5677 At
1808 5622 1851 5676 si
1890 5622 2213 5678 rationabile

634 5714 939 5779 lnterimas,
985 5710 1346 5768 irrationabile
1394 5714 1589 5768 animal
1647 5724 1843 5770 manet.
1893 5714 1997 5769 Sed
2048 5713 2209 5782 objici

630 5814 836 5874 potest,
858 5806 983 5875 quid
1010 5806 1054 5860 si
1073 5814 1326 5875 utrasque
1352 5805 1677 5863 differentias
1718 5808 1879 5863 simul
1900 5808 2207 5873 abstulero,

2320 4698 2423 4752 tale
2452 4696 2669 4753 homini.
2710 4700 2889 4778 Itaque
2926 4703 2984 4755 fit
3021 4702 3268 4760 diffinitio
3307 4721 3373 4760 ex
3417 4721 3524 4760 uno
3567 4708 3780 4778 quidem
3808 4725 3899 4778 ge-

2320 4782 2478 4856 nere,
2522 4792 2615 4845 sed
2669 4776 2906 4861 pluribus
2945 4778 3290 4864 differentiis,
3332 4808 3387 4851 ut
3436 4776 3898 4856 hominisanimal

2321 4884 2577 4938 rationale
2622 4896 2783 4953 atque
2822 4888 3065 4941 mortale.
3118 4887 3321 4945 Rursus
3370 4891 3469 4946 alia
3508 4893 3761 4949 discretio
3792 4905 3897 4960 est,

2320 4974 2460 5042 "quod
2490 4989 2655 5043 genus
2681 4977 2894 5045 quidem
2934 4980 3078 5034 velut
3116 4980 3398 5050 quemdam
3447 4985 3674 5053 subjecti
3721 4986 3896 5039 locum

2321 5054 2489 5130 tenet,
2516 5064 2811 5121 diderentia
2844 5082 2967 5124 vero
2995 5070 3202 5139 formae,
3232 5074 3300 5126 ita
3326 5080 3383 5127 ut
3413 5074 3540 5127 illud
3571 5076 3635 5127 sit
3671 5075 3897 5130 materia

2319 5157 2584 5226 quaedam,
2616 5173 2731 5230 qum
2760 5160 2978 5231 figuram
3005 5166 3256 5232 suscipiat
3281 5179 3294 5216 :
3327 5164 3440 5218 haec
3456 5180 3583 5218 vero
3606 5166 3674 5218 sit
3701 5165 3895 5231 forma,

2316 5264 2434 5320 quae
2478 5251 2862 5319 superveniens
2895 5254 3091 5323 speciei
3132 5253 3478 5308 substantiam
3528 5256 3898 5326 rationemque

2317 5341 2571 5411 perficiat.
2606 5342 2807 5399 Idcirco
2838 5343 3072 5414 pluribus
3105 5345 3419 5402 didereutiis
3450 5364 3478 5403 a
3522 5366 3717 5419 genere
3745 5351 3897 5405 diffe-

2316 5435 2542 5491 reu'iam
2571 5440 2885 5509 segregavit,
2919 5440 3039 5517 quia
3069 5442 3177 5495 haec
3202 5440 3435 5498 maxime
3464 5445 3674 5514 generis
3706 5460 3895 5514 quatu-

2317 5529 2436 5582 dam
2459 5530 3158 5605 similitudinemcontinet,
3190 5536 3310 5609 quia
3347 5544 3431 5610 est
3461 5522 3807 5601 universalis,
3841 5544 3895 5595 et

2319 5633 2512 5692 pncter
2552 5620 2717 5694 genus
2762 5618 2897 5679 inter
2941 5636 3132 5681 crtera
3184 5629 3433 5686 maxima.
3479 5620 3583 5687 Sed
3618 5616 3748 5685 cum
3794 5629 3895 5686 alia

2318 5716 2464 5779 plura
2491 5717 2809 5783 communia,
2838 5714 3091 5789 plurariue
3116 5722 3328 5793 propria
3356 5725 3565 5793 gen-ris
3592 5723 3730 5776 inter
3753 5736 3811 5777 se
3833 5735 3897 5779 ac

2315 5805 2626 5863 differentia:
2655 5810 2863 5866 valeant
2895 5812 3154 5881 inveniri,
3189 5810 3451 5872 sufficiant
3491 5832 3663 5879 nunc,
3696 5814 3895 5884 inquit,
