4244 6254
317 376 418 440 lu

1160 377 1226 433 IN
1265 375 1705 433 PORPHYRIUM
1743 373 2391 436 COMMENTARIOBUM
2423 381 2553 438 LIB.
2593 383 2648 442 ν.

3492 397 3602 458 "2

319 504 438 551 Ista.
468 493 619 553 Satis
647 499 734 550 est
759 492 909 549 enim
939 491 1004 546 ad
1045 491 1423 547 discretionem
1456 491 1721 560 quaslibet
1750 489 1903 543 din‘e-
1928 488 1991 551 A,
2012 489 2161 556 piens
2186 492 2560 563 diti‘erentiam,
2594 499 2825 567 speciem
2852 501 2999 571 facit,
3030 504 3133 563 hoc
3153 513 3238 563 est
3262 523 3427 580 genus
3454 510 3602 581 quod

318 586 524 645 rentias
549 596 853 651 assumere,
883 583 1089 639 etiamsi
1116 598 1235 653 quae
1263 582 1364 638 dici
1395 590 1618 649 possunt
1644 598 1751 637 non
1785 596 1905 635 om-

319 678 407 733 nia
437 678 775 748 colligantur.

392 766 568 823 Genus
594 776 793 835 autalt,
826 776 871 820 et
916 767 1113 837 species
1159 782 1427 819 contmswe
1470 766 1671 833 quidem
1719 765 1906 818 habent

317 859 382 914 de
412 858 641 925 pluribus
664 857 954 927 pradicari,
977 856 1405 925 quemadmodum
1432 855 1626 908 dictum
1655 866 1749 909 est.
1795 854 1905 910 Su-

314 962 484 1006 matur
504 959 671 1004 autent
696 950 889 1017 species
909 991 923 1014 ,
954 956 1007 1001 ut
1050 949 1243 1019 species
1283 948 1448 1002 solum
1470 988 1486 1011 ,
1515 963 1617 1001 non
1645 957 1814 1000 autent
1848 956 1903 1000 ut

314 1058 503 1109 genus,
520 1041 565 1093 si
594 1041 745 1107 fuerit
768 1040 905 1103 idem
927 1040 1115 1110 species
1140 1050 1187 1092 et
1209 1055 1389 1111 genus.
1416 1037 1691 1091 Commune
1720 1038 1797 1091 his
1830 1048 1905 1091 est

315 1134 461 1185 etiam
499 1130 614 1206 hoc,
658 1131 834 1199 priora
863 1130 940 1185 his
974 1146 1081 1184 esse
1119 1130 1183 1185 de
1219 1129 1401 1197 quibus
1451 1130 1818 1203 prwdicaittur,
1855 1138 1904 1182 et

314 1234 471 1278 totum
498 1212 759 1292 quoddam
779 1238 889 1278 esse
910 1232 1202 1291 utrumque.

362 1316 609 1373 Generis
634 1326 690 1371 et
716 1315 914 1386 speciei
945 1324 1224 1370 enumerat
1254 1314 1353 1368 tria
1379 1314 1678 1373 communia
1699 1355 1714 1377 ,
1739 1328 1902 1367 unum

313 1409 529 1478 quidem
557 1407 625 1463 de
650 1408 894 1478 pluribus
925 1406 1201 1477 praedicari
1233 1424 1247 1461 :
1279 1422 1450 1476 genus
1490 1406 1632 1463 enim
1678 1417 1731 1460 et
1782 1422 1905 1472 spe-

311 1501 423 1556 cies
442 1501 513 1555 de
535 1496 779 1569 p‘uribus
798 1499 1181 1567 praedicantur,
1206 1499 1302 1553 sed
1328 1514 1496 1567 genus
1518 1498 1582 1552 de
1605 1500 1904 1568 speciebus,

312 1600 376 1647 ut.
403 1592 613 1647 dictum
644 1598 761 1654 est,
789 1589 996 1657 species
1026 1604 1152 1643 vero
1184 1588 1251 1644 de
1289 1588 1597 1644 individuis.
1630 1591 1733 1645 Sed
1766 1605 1907 1643 nunc

312 1684 385 1738 de
421 1684 509 1737 illa
541 1681 721 1753 Specie
749 1682 985 1752 loquitur
1031 1695 1150 1749 qua:
1184 1690 1385 1735 tantum
1434 1683 1641 1750 species
1688 1692 1798 1748 est,
1846 1691 1904 1735 ut

310 1776 508 1842 homo,
540 1774 592 1827 id
630 1783 711 1829 est
749 1788 869 1842 quae
911 1788 1015 1829 non
1047 1772 1205 1826 etiam
1233 1787 1402 1842 genus
1435 1783 1514 1827 est
1537 1813 1553 1839 ,
1583 1774 1676 1828 sed
1719 1774 1903 1827 ultima

1999 583 2176 639 “habet
2208 587 2518 642 latissimam
2541 592 3349 663 praedicationem,,coarctatum
3374 605 3426 660 in
3451 580 3606 662 tliﬂ‘e-
3633 580 3636 589 q

2013 676 2212 729 reutias
2251 686 2305 730 et
2347 687 2683 735 contractum
2736 682 2861 738 facit
2894 688 3130 754 speciem
3166 710 3177 743 :
3209 694 3429 748 omnino
3458 698 3605 753 enim

2009 766 2191 832 generi
2215 766 2401 834 juncta
2429 769 2730 826 differentia
2762 777 2992 842 speciem
3052 781 3246 847 reddit,
3277 792 3332 839 et
3385 802 3453 841 ex
3490 789 3609 844 uni-
3647 788 3671 839 ἐι

2014 857 2320 913 versalitate
2387 871 2440 914 et
2487 862 2746 917 latissima
2800 868 3177 935 prirdicatione
3228 874 3279 928 in
3326 890 3608 947 angustum

2011 951 2211 1017 speciei
2246 954 2533 1009 terminum
2560 958 2850 1012 contrahit.
2877 960 3089 1015 Animal
3111 963 3255 1018 enim
3288 970 3441 1037 cujus
3472 987 3611 1039 prae-

2011 1043 2209 1098 dicatio
2256 1060 2350 1114 per
2398 1063 2457 1103 se
2506 1049 2663 1120 longe
2694 1050 2904 1122 lateque
2935 1053 3121 1109 ditl'usa
3144 1066 3246 1125 est,
3279 1059 3324 1114 si
3354 1064 3611 1134 corripiat

2012 1135 2291 1192 rationalis
2335 1138 2692 1197 differentiam
2751 1152 2804 1198 et
2857 1145 3123 1214 mortalis,
3154 1147 3408 1205 diminuit
3447 1164 3633 1224 atque

2010 1227 2280 1281 contrahit
2331 1230 2382 1283 in
2422 1247 2584 1285 unum
2637 1233 2872 1291 hominis
2918 1239 3154 1308 speciem
3194 1259 3208 1294 :
3243 1242 3387 1299 unde
3442 1244 3501 1301 lit
3553 1257 3619 1305 ut

2012 1316 2188 1371 minor
2224 1318 2292 1373 sit
2334 1334 2549 1390 semper
2582 1326 2790 1393 species
2840 1344 3001 1397 quam
3041 1346 3229 1399 genus,
3272 1343 3435 1404 atque
3487 1338 3610 1397 ideo

2010 1411 2373 1482 contineatur,
2427 1415 2521 1470 sed
2546 1433 2650 1473 non
2707 1422 3001 1489 contineat,
3044 1426 3362 1500 sublatoque
3410 1447 3619 1501 genere

2010 1503 2283 1558 auferatur
2326 1509 2574 1576 species:
2608 1513 2651 1566 si
2692 1514 2834 1569 enim
2881 1525 3048 1575 totum
3081 1520 3314 1588 auferas,
3351 1539 3472 1593 pars
3497 1542 3610 1587 non

2010 1596 2146 1660 erit;
2179 1598 2322 1667 quod
2346 1600 2391 1654 si
2419 1604 2951 1674 species.auleralur,
2980 1626 3151 1681 genus
3184 1624 3406 1673 manet:
3441 1620 3613 1681 veluti

2010 1702 2129 1743 cum
2170 1692 2369 1746 animal
2414 1697 2722 1764 sustuleris,
2753 1699 3078 1758 interimitur
3124 1706 3286 1763 etiam
3325 1709 3514 1776 homo;
3560 1713 3613 1774 si

2013 1777 2283 1837 lmininem
2316 1784 2548 1853 auferas,
2570 1789 2766 1845 animal
2798 1802 2965 1847 restat
2992 1812 3004 1848 :
3035 1795 3322 1859 hoc,etiam
3342 1817 3505 1860 causa
3526 1814 3617 1867 est

312 1865 540 1936 species.
575 1862 729 1930 Quod
757 1862 801 1916 si
830 1861 988 1918 talem
1001 1863 1252 1967 “speciem
1282 1879 1543 1932 ponamus
1578 1879 1695 1933 qua:
1735 1865 1897 1919 etiam
1928 1868 1987 1928 Β
2007 1879 2062 1922 ιιι
2091 1887 2259 1938 genus
2283 1874 2350 1928 de
2371 1876 2551 1945 specie
2578 1880 2803 1941 univoce
2831 1885 3172 1955 praedicetur,
3196 1888 3247 1945 id
3275 1901 3454 1959 est,ut

313 1973 479 2029 genus
506 1971 628 2011 esse
658 1964 869 2025 potest,
893 1969 954 2009 ac
984 1954 1051 2009 de
1085 1970 1148 2009 ea
1178 1955 1419 2010 dicamus
1446 1958 1585 2025 quod
1613 1972 1899 2013 commune

319 2051 481 2107 habet
506 2064 625 2105 cum
656 2032 852 2117 genere
879 2048 948 2102 de
972 2047 1212 2116 pluribus
1229 2049 1506 2117 praedicari
1524 2092 1538 2112 ,
1569 2049 1697 2102 nihil
1730 2051 1903 2104 inter-

314 2149 399 2195 est
436 2154 501 2193 an
541 2140 611 2193 ita
654 2138 929 2205 dicamus,
969 2139 1142 2207 ipsum
1170 2154 1342 2209 genus
1403 2140 1454 2192 id
1492 2155 1672 2195 secum
1706 2140 1907 2197 habere

314 2246 617 2297 commune,
648 2230 712 2285 de
742 2230 984 2300 pluribus
1012 2230 1314 2299 prtedicari.
1342 2231 1485 2287 Talis
1507 2242 1586 2286 est
1608 2233 1750 2287 enim
1774 2250 1903 2302 spe-

313 2326 448 2390 cies,
494 2340 613 2395 quae
659 2339 765 2377 non
806 2325 978 2379 solum
1020 2332 1103 2378 est
1141 2324 1375 2394 species,
1417 2323 1510 2377 sed
1543 2324 1699 2377 etiam
1736 2340 1907 2395 genus

316 2430 410 2473 est.
461 2418 557 2471 Est
598 2428 776 2472 autem
817 2432 1100 2472 commune
1139 2417 1222 2479 his
1265 2431 1478 2487 quoque
1510 2417 1650 2486 quod
1684 2428 1908 2486 utraque

317 2509 490 2577 priora
530 2517 656 2561 sunt
705 2509 787 2562 his
828 2507 893 2563 de
924 2507 1115 2578 quibus
1151 2509 1530 2577 praedicantur.
1562 2511 1732 2563 Omne
1764 2510 1907 2565 enim

321 2601 460 2670 quod
484 2602 552 2655 de
581 2600 822 2670 p'ttribus
854 2600 1199 2670 praedicatur,
1250 2600 1294 2653 si
1343 2610 1490 2655 recto
1530 2600 1621 2671 (ut
1665 2602 1909 2669 superius

320 2693 520 2747 dictum
554 2696 671 2760 est)
699 2692 887 2745 ordine
912 2692 1159 2759 dicatur,
1190 2692 1335 2761 prius
1362 2702 1440 2746 est
1490 2692 1572 2745 his
1612 2692 1680 2746 de
1719 2693 1926 2761 quibus,

317 2782 652 2853 praedicatur.
693 2783 955 2839 Przeterea
998 2792 1082 2838 est
1130 2784 1235 2837 illis
1260 2783 1360 2838 hoc
1405 2784 1562 2837 etiam
1601 2798 1919 2852 commune,

318 2875 459 2944 quod
492 2890 657 2942 genus
694 2890 757 2929 ac
795 2875 1004 2944 species
1035 2884 1203 2928 tatunt.
1236 2884 1362 2927 sunt
1398 2889 1583 2928 eorum
1626 2890 1744 2943 quae
1774 2876 1911 2929 intra

318 2980 477 3019 suum
509 2966 763 3019 ambitum
794 2968 1071 3020 continent
1096 2974 1146 3020 et
1178 2974 1429 3020 coercent
1461 2982 1473 3017 :
1502 2964 1739 3029 omnium
1766 2966 1914 3019 enim

321 3055 617 3124 specierum
648 3065 811 3110 totum
833 3070 1002 3126 genus
1031 3065 1134 3125 est,
1166 3065 1219 3110 et
1244 3055 1484 3110 omnium
1514 3052 1911 3111 individuorum

316 3154 483 3209 totum
528 3157 609 3202 est
657 3149 883 3217 Species.
936 3147 1113 3219 Eque
1171 3147 1313 3202 enim
1369 3164 1536 3219 genus
1591 3158 1646 3219 et
1700 3149 1910 3218 species

2008 1961 2119 2016 cies
2142 1964 2399 2052 suscipiat
2419 1967 2794 2025 ditﬁnitionem
2821 1978 3037 2043 generis
3065 1988 3121 2035 et
3141 1996 3359 2052 nomen,
3384 1986 3476 2041 sed
3502 1961 3604 2047 non

2010 2070 2041 2107 e
2068 2048 2351 2123 converso,
2377 2060 2775 2130 dilﬁnitionem;
2799 2069 2996 2138 quippe
3020 2073 3217 2139 speciei
3246 2048 3416 2144 genus
3442 2084 3605 2136 susci-

2013 2164 2147 2216 pere
2179 2166 2285 2205 non
2318 2153 2553 2223 videtur,
2587 2157 2937 2214 substantiam
2984 2163 3129 2217 enim
3188 2167 3428 2234 priorum
3473 2171 3606 2228 infe-

2014 2243 2157 2297 riora
2188 2245 2513 2313 suscipiunt.
2544 2248 2599 2303 Si
2642 2250 2786 2303 enim
2845 2252 3079 2307 dil‘tinias
3114 2258 3335 2325 animal,
3367 2271 3422 2315 et
3459 2262 3607 2323 dicas

2012 2336 2366 2394 substantiam
2417 2353 2537 2395 esse
2602 2344 2889 2397 animalem
2940 2354 3099 2414 atque
3138 2351 3447 2407 sensibilem
3476 2370 3488 2407 :
3517 2362 3605 2410 aut

2013 2428 2056 2481 si
2114 2422 2373 2496 pracdices
2420 2432 2487 2486 de
2514 2431 2754 2497 homine
2792 2436 3009 2502 animai,
3054 2453 3236 2494 verum
3288 2442 3511 2503 dixeris.
3547 2446 3607 2508 Si

2014 2520 2175 2573 etiam
2199 2522 2444 2577 animalis
2469 2523 2841 2589 difﬁnitionem
2869 2528 2936 2583 de
2964 2529 3182 2586 homine
3209 2536 3609 2610 praedicaveris,

2014 2610 2268 2682 dicasque
2308 2614 2580 2673 hominem
2611 2633 2733 2674 esse
2755 2620 3105 2679 substantiam
3134 2626 3419 2685 animatam
3447 2644 3600 2704 tlqu

2016 2706 2353 2772 sensibilem,
2374 2708 2518 2790 nihil
2560 2709 2725 2766 fuerit
2774 2713 2833 2768 in
2860 2716 3227 2785 propositione
3267 2722 3406 2787 falsi,
3437 2726 3530 2780 scd
3559 2726 3606 2789 si

2016 2796 2247 2854 hominis
2276 2802 2539 2861 rationem
2572 2804 2787 2874 reddas,
2818 2810 3017 2865 animal
3058 2812 3319 2871 rationale
3356 2819 3606 2891 mortale,

2014 2904 2075 2943 ea
2106 2892 2327 2947 animali
2353 2909 2458 2947 non
2490 2897 2841 2963 conveniunt;
2878 2914 3052 2968 neque
3075 2902 3216 2957 enim
3248 2903 3298 2956 id
3324 2907 3465 2973 quod
3490 2909 3593 2965 auio

2016 2980 2249 3063 malest,
2276 2983 2326 3041 id
2360 2983 2465 3037 dici
2498 2986 2694 3054 poterit
2719 2987 2917 3041 animal
2961 2990 3221 3045 rationale
3260 2998 3513 3063 mortale;
3548 2999 3613 3056 tit,

2016 3060 2195 3141 igitur.
2230 3081 2286 3125 ut
2331 3073 2471 3147 sicut
2507 3076 2715 3145 species
2748 3079 2961 3147 generis
3007 3095 3200 3152 nomen
3245 3060 3507 3155 suscipit,
3533 3090 3609 3151 itt

2016 3167 2176 3219 etiam
2190 3166 2373 3251 capiat
2400 3167 2482 3225 dif
2482 3168 2771 3237 ﬁnitionem
2796 3188 2809 3222 :
2837 3181 2892 3226 ct
2913 3173 3050 3231 sicut
3071 3190 3462 3249 genusnomen
3483 3196 3593 3251 spe

314 3238 595 3292 adunativa
614 3247 696 3292 est
723 3238 1095 3308 plurimorum,
1126 3238 1277 3308 quod
1295 3253 1423 3293 vero
1455 3238 1744 3294 multorum
1771 3238 1903 3294 adu-

2011 3257 2106 3312 ciei
2139 3248 2253 3313 non
2272 3260 2519 3330 suscipit,
2561 3262 2631 3315 ita
2683 3279 2781 3320 nec
2826 3265 3067 3333 ejusdem
3097 3267 3420 3327 diliinitione
3450 3238 3590 3330 mon

313 3330 546 3383 nativum
591 3340 671 3384 est
692 3369 707 3395 ,
742 3329 793 3384 id
840 3345 1024 3384 eorum
1050 3328 1178 3401 quae
1206 3330 1272 3385 ad
1303 3331 1523 3387 unitatis
1556 3324 1789 3387 formam
1814 3349 1899 3389 re-

314 3422 470 3487 ducit,
498 3430 643 3476 recte
675 3421 871 3475 dicitur
902 3430 1097 3477 totum.
1294 3484 1298 3487 ,
1478 3498 1481 3501 _
1824 3410 1827 3415 ’

379 3522 637 3592 Di/Terunt
666 3532 836 3576 autem
875 3538 934 3576 eo
963 3522 1102 3593 quod
1127 3508 1289 3595 genus
1318 3510 1527 3595 quidem,
1552 3508 1747 3595 species
1775 3544 1901 3587 con-

312 3612 450 3679 tinet,
474 3612 667 3681 species
716 3628 831 3664 vero
877 3613 1187 3677 continetur,
1212 3622 1259 3665 et
1283 3630 1383 3666 non
1412 3616 1667 3669 continent
1687 3633 1895 3687 genera.

312 3700 384 3755 De
435 3701 666 3770 pluribus
722 3702 855 3754 enim
900 3700 1211 3771 prtedicatur
1263 3719 1424 3774 genus
1475 3714 1641 3774 quam
1682 3708 1892 3776 species.

310 3791 536 3862 Amplius
564 3809 749 3863 genera
770 3793 973 3861 quidem
996 3784 1271 3863 pra’jacerc
1304 3806 1517 3862 oportet,
1544 3804 1589 3849 et
1618 3798 1898 3869 informata

311 3879 619 3946 diﬂ'erentiis
658 3881 908 3950 speciﬁcis
934 3883 1175 3955 per/icere
1203 3882 1393 3953 species
1418 3902 1435 3948 ;
1480 3888 1613 3939 unde
1644 3898 1691 3939 et
1722 3889 1898 3955 priora

307 3980 427 4025 sunt
473 3970 773 4024 naturaliter
800 3987 1005 4041 genera,
1033 3980 1077 4025 et
1104 3989 1272 4026 secum
1298 3974 1492 4044 species
1521 3972 1896 4043 interimentia,

306 4078 403 4115 nec
429 4070 600 4115 tamen
640 4061 700 4113 ab
740 4048 1234 4116 eis‘interimuntur:
1264 4081 1381 4117 nam
1410 4065 1453 4118 si
1484 4066 1673 4136 species
1712 4067 1797 4133 sit,
1823 4076 1896 4120 est

304 4163 348 4206 et
371 4168 532 4223 genus
564 4169 581 4205 :
608 4168 765 4223 genus
785 4167 899 4205 vero
926 4154 971 4205 si
996 4154 1076 4217 sit.
1105 4171 1205 4208 non
1231 4145 1435 4209 omnino
1464 4157 1557 4210 erit
1586 4159 1800 4227 species.
1823 4156 1895 4211 Et

307 4262 491 4315 genera
516 4244 721 4314 quidem
755 4230 957 4298 univoce
996 4242 1060 4299 de
1088 4248 1343 4315 speciebus
1375 4248 1741 4319 praedicantur,
1776 4267 1892 4318 W89

307 4338 404 4389 cies
428 4338 543 4389 vero
570 4336 634 4389 de
659 4335 925 4405 generibus
956 4332 1195 4390 minime.
1215 4339 1452 4406 Amplius
1476 4357 1661 4410 genera
1688 4343 1894 4411 quidem

303 4427 547 4481 excedunt
596 4442 683 4480 eas
727 4442 839 4493 qua:
876 4426 968 4479 sub
994 4427 1120 4493 ipsis
1144 4438 1262 4481 sunt
1290 4429 1499 4498 species,
1532 4428 1893 4487 continentia:

303 4519 488 4589 species
529 4526 697 4571 autem
749 4516 998 4571 excedunt
1040 4522 1221 4587 gmera
1260 4522 1489 4589 propriis
1546 4516 1891 4588 di/Terentiis;

301 4609 516 4678 mpm,
552 4624 644 4662 nec
693 4608 879 4677 species
927 4608 1031 4676 ﬁet
1055 4616 1281 4680 unquam
1310 4614 1765 4682 generalissimum,
1800 4630 1889 4671 nec
1915 4612 1975 4681 Ι)
1995 4641 2125 4695 Nam
2154 4608 2199 4693 ai

300 4715 455 4769 genus
490 4698 586 4767 ﬁet
627 4700 851 4770 unquam
890 4700 1335 4769 specialissimum.

369 4818 644 4890 Expeditis
675 4821 1051 4893 communibus
1078 4824 1292 4894 generis
1323 4834 1377 4880 et
1398 4828 1625 4897 speciei,
1649 4845 1792 4887 nunc
1819 4832 1905 4888 de-

298 4926 479 4965 eorum
500 4912 832 4991 discretione.
848 4900 1157 4983 pertractat.
1173 4916 1398 4973 Differre
1417 4923 1556 4975 enim
1571 4921 1701 4979 dicit
1715 4939 1887 4995 genus

298 5018 326 5055 a
352 5005 550 5074 specie,
584 5006 838 5076 quoniam
866 5022 1036 5079 gvnus
1065 5011 1303 5069 continet
1329 5000 1561 5085 species,
1598 5024 1654 5071 ut
1674 5018 1884 5085 animal

295 5095 531 5151 continet
556 5096 865 5171 hominem;
891 5100 1099 5171 species
1123 5116 1251 5161 vero
1274 5120 1379 5160 non
1402 5090 1640 5177 continet
1660 5124 1903 5180 genera,

292 5202 463 5257 neque
484 5191 625 5245 enim
650 5191 811 5259 homo
842 5192 907 5249 de
927 5193 1148 5268 animali
1173 5195 1511 5264 prtedicatur.
1533 5199 1714 5270 Itaque
1746 5202 1804 5256 lit
1822 5210 1883 5258 ut

289 5280 492 5347 species
510 5280 723 5361 quidem
740 5280 1080 5361 contineatur
1093 5301 1120 5338 a
1139 5282 1445 5361 generibus,
1466 5306 1734 5360 nunquam
1753 5309 1880 5357 vero

287 5360 567 5425 contineat
584 5387 799 5442 genera.
832 5358 1005 5438 Omne
1026 5376 1170 5447 enim
1190 5377 1334 5447 quod
1360 5358 1877 5449 amplius'przedica-

288 5464 393 5529 tur,
419 5464 562 5515 illius
592 5472 674 5515 est
711 5456 1013 5534 continens,
1034 5453 1381 5539 quod'minus
1411 5469 1625 5526 dicitur.
1652 5472 1802 5539 Quod
1829 5472 1876 5529 si

284 5570 456 5623 genus
487 5553 715 5621 amplius
737 5558 1053 5623 praedicetur
1084 5576 1242 5630 quam
1271 5560 1502 5631 species,
1522 5549 1743 5621 titecesse
1774 5576 1876 5630 est,

287 5657 339 5702 ut
372 5646 585 5717 species
617 5644 833 5717 quidem
872 5652 1207 5706 contineatur
1238 5669 1265 5706 a
1295 5668 1517 5723 genere,
1548 5670 1716 5725 genus
1752 5670 1875 5713 veto

285 5741 428 5795 nullo
460 5738 623 5794 modo
650 5737 853 5808 Speciei
882 5736 1082 5794 ambitu
1114 5728 1507 5810 prquicationis
1532 5744 1875 5817 includatur;

286 5829 440 5902 hujus
466 5839 643 5886 autem
678 5828 816 5886 ratio
846 5840 948 5898 est,
977 5832 1229 5900 quoniam
1256 5830 1423 5904 genus
1453 5853 1665 5907 semper
1694 5822 1881 5893 susci?

2004 3358 2222 3416 stretur,
2247 3352 2340 3407 sed
2363 3354 2517 3423 cujus
2538 3371 2735 3411 nomen
2760 3368 2816 3412 et
2841 3357 3181 3416 difiinitiode
3203 3363 3380 3433 aliquo
3410 3363 3590 3434 praedi-

2003 3452 2177 3508 catur,
2209 3444 2261 3499 id
2291 3445 2517 3502 univoce
2548 3447 2765 3517 dicitur.
2803 3449 2935 3503 Cum
2971 3452 3133 3522 igitur
3160 3460 3372 3523 generis
3411 3469 3466 3511 et
3504 3476 3589 3515 no-

2003 3549 2132 3589 men
2154 3545 2208 3590 ct
2231 3536 2483 3591 dittinitio
2508 3537 2575 3593 de
2602 3541 2782 3608 specie
2803 3540 3150 3610 praedicetur,
3178 3560 3346 3615 genus
3375 3549 3443 3603 de
3469 3536 3588 3619 spe-

2001 3628 2083 3681 cie
2114 3627 2339 3686 nnivoce
2367 3629 2582 3700 dicitur.
2614 3631 2877 3700 Quoniam
2912 3649 3044 3691 vero
3073 3638 3273 3705 speciei
3301 3639 3370 3695 de
3399 3655 3588 3709 genere

2002 3734 2176 3786 neque
2225 3734 2442 3786 nomen.
2466 3737 2649 3792 neque.
2674 3724 2926 3785 dittinit'io
2958 3727 3301 3797 praedicatur,
3337 3746 3442 3787 non
3468 3747 3586 3809 cou-

2002 3815 2230 3869 vertitur
2256 3815 2488 3886 univoca
2510 3816 2843 3886 praedicatio.
2877 3820 3134 3876 Diti‘erunt
3172 3838 3367 3893 genera
3408 3842 3438 3879 a
3475 3840 3588 3896 spe-

2001 3906 2185 3961 ciebus
2214 3907 2314 3962 hoc
2344 3924 2557 3979 quoque
2596 3910 2774 3978 modo,
2802 3913 2945 3980 quod
2987 3929 3184 3983 genera
3231 3920 3586 3986 supervadum

1999 4000 2225 4070 species
2247 4017 2372 4057 suas
2401 4003 2626 4056 aliarum
2657 4004 2985 4071 continentia
3012 4008 3351 4074 specierum;
3384 4012 3588 4075 Species

2000 4106 2127 4146 vero
2171 4106 2368 4161 genere
2394 4091 2811 4163 ditl'erentiarum
2834 4094 3173 4165 pluralitate.
3207 4096 3417 4151 Animal
3446 4100 3588 4155 enim

1997 4182 2136 4251 quod
2165 4190 2246 4235 est
2274 4197 2463 4251 genus,
2493 4182 2797 4251 supervadit
2833 4184 3124 4250 hominem,
3156 4186 3300 4257 quod
3340 4199 3424 4244 est.
3466 4204 3583 4260 spe-

1997 4278 2131 4341 cies,
2162 4276 2285 4345 quia
2313 4290 2416 4329 non
2451 4276 2915 4341 hominemsolum
2945 4278 3205 4349 continet,
3238 4282 3583 4342 verumetiam

1998 4366 2209 4433 bovem,
2242 4382 2434 4437 equum
2476 4367 2713 4438 aliasque
2753 4369 3147 4443 species._qnas
3176 4387 3288 4443 sua:
3328 4373 3587 4442 praedicit.

1997 4459 2158 4513 tionis
2180 4461 2356 4528 spatio
2388 4456 2635 4537 includit.
2686 4461 2911 4530 Species
2938 4476 3065 4522 vero,
3104 4473 3162 4519 ut
3204 4465 3365 4520 homo
3389 4480 3585 4537 supera

1998 4552 2141 4605 vadit
2184 4566 2372 4621 genus,
2398 4562 2455 4605 ut
2500 4552 2696 4607 animal
2739 4554 3080 4611 tbultitudine
3136 4555 3584 4617 dilferentiarum.

2206 4652 2275 4695 ιιι
2305 4656 2470 4708 genus
2494 4656 2599 4695 non
2620 4642 2779 4703 habet
2799 4643 3062 4699 rationale
3091 4644 3172 4699 vel
3191 4646 3436 4710 mortale,
3462 4646 3580 4703 nul-

1997 4720 2077 4791 las
2094 4734 2286 4801 quippe
2308 4742 2428 4795 actu
2446 4746 2614 4801 genus
2640 4733 2833 4795 retinet
2857 4733 3208 4801 dill'erenlias,
3223 4735 3440 4797 easdem
3459 4752 3583 4810 spe‘

1994 4823 2117 4876 cies
2143 4822 2593 4893 suaesubstantiae
2625 4808 2959 4893 inhaerentes
2983 4832 3145 4892 atque
3186 4824 3372 4897 insitas
3410 4808 3579 4887 tenet.

1995 4916 2165 4971 Homo
2206 4917 2361 4975 enim.
2381 4916 2658 4977 rationalis
2685 4926 2767 4973 est
2788 4926 2949 4987 atque
2968 4920 3575 4995 mortalis,qnodgcnus

1992 5008 2211 5063 minime
2240 5018 2343 5066 est.
2372 5009 2581 5085 Animal
2618 5010 2767 5065 enim
2790 5025 2964 5083 neque
2995 5011 3220 5091 mortale
3262 5024 3346 5069 est
3373 5032 3465 5085 per
3492 5031 3570 5079 se,

1992 5116 2163 5172 neque
2208 5103 2484 5157 rationale.
2527 5103 2677 5169 Quod
2720 5103 2766 5160 si
2805 5112 2976 5176 genus
3010 5104 3241 5179 quidem
3268 5109 3387 5176 plus
3415 5124 3571 5177 quam

1990 5209 2149 5249 unum
2178 5194 2416 5269 continet
2443 5195 2696 5264 speciem,
2724 5204 2778 5248 at
2797 5212 2931 5253 vero
2952 5196 3163 5267 species
3208 5199 3387 5253 multis
3414 5199 3539 5255 tlitl‘e
3558 5228 3572 5239 -

1988 5288 2174 5343 rentiis
2224 5272 3098 5358 informanturﬁuperatquidem
3139 5303 3310 5359 genus
3333 5291 3569 5359 speciem

1985 5362 2305 5444 cantinentia
2329 5368 2646 5447 specierum,
2672 5379 2878 5446 species
2898 5394 3024 5434 vero
3046 5376 3215 5436 vincit
3229 5380 3567 5451 genusdiﬂ‘e-

1988 5470 2279 5533 rentiarum
2333 5469 2657 5541 pluralitate.
2714 5469 2804 5525 Illa
2852 5485 3079 5539 quoque.
3112 5479 3199 5526 est
3244 5470 3569 5546 diligentia,

1987 5552 2124 5632 quod
2150 5576 2317 5630 genus
2345 5560 2595 5629 quoniam
2624 5561 2861 5615 omnium
2894 5560 3124 5629 primum
3155 5570 3261 5631 est,
3292 5578 3571 5637 nunquam

1986 5654 2039 5709 in
2090 5658 2292 5721 tantum
2325 5649 2651 5706 descendere
2683 5650 2878 5727 poterit
2918 5659 2975 5704 ut
3002 5650 3093 5707 ﬁat
3120 5652 3373 5728 ultimum,
3401 5673 3412 5708 :
3445 5670 3562 5726 spe.

1981 5746 2091 5801 cies
2121 5760 2249 5809 vero
2282 5759 2398 5815 quae
2441 5743 2648 5797 cunctis
2679 5752 2761 5797 est
2791 5743 3032 5809 inferior,
3062 5759 3331 5817 nunquam
3360 5750 3413 5803 in
3446 5759 3561 5805 tan.

1981 5848 2089 5892 tum
2143 5838 2430 5906 ascendere
2486 5828 2705 5907 pulerit,
2755 5846 2810 5893 ut
2849 5852 3097 5913 suprema
3146 5844 3384 5901 omnium
3416 5845 3530 5907 sliat
