4244 6254
567 380 709 460 its‘

1799 383 1908 439 AN.
1951 380 2164 439 MANL.
2205 377 2358 436 SEV.
2403 374 2623 432 BOE'I‘II

3744 370 3848 427 με

565 500 834 586 nunquam
866 509 1025 580 igitur
1043 518 1144 562 nec
1168 502 1381 576 species
1422 500 1883 573 generalissimum
1914 499 2022 563 llet,
2056 510 2157 552 nec
2187 496 2240 558 Α
2264 502 2311 547 ει
2355 507 2643 547 econverso.
2693 488 2947 579 Amplius,
3002 488 3136 543 omni
3179 488 3364 558 speciei
3410 489 3541 544 inest
3590 490 3853 562 proprium

564 620 735 677 genus
778 601 1243 673 specialissimum.
1297 596 1402 653 Sed
1455 612 1520 651 ex
1570 594 1651 649 his
1688 608 1807 665 qua:
1845 592 2003 648 dicta:
2034 600 2159 646 sunt

567 696 905 759 dltl‘ercntiis,
957 692 1073 746 alite
1126 698 1251 745 sunt
1306 704 1425 759 quae
1471 683 1903 757 genusaspecie
1928 682 2157 752 propriae

564 789 971 857 conjunctmque
991 781 1387 845 disterminant,
1430 777 1548 831 aliae
1572 791 1698 831 vero
1715 774 1832 846 quae
1855 789 1959 828 non
1980 773 2155 828 solum

564 886 734 950 genus
779 894 810 933 a
853 877 1056 948 specie,
1089 872 1441 929 verumetiam
1491 886 1519 923 a
1565 869 1774 924 caeteris
1801 868 2068 923 deducunt
2094 881 2158 921 ac

564 969 975 1033 disterminant;
1009 980 1182 1036 neque
1207 965 1348 1020 enim
1376 962 1444 1017 de
1476 960 1558 1016 his
1587 970 1792 1016 tantum
1820 967 2033 1031 oportet
2052 959 2157 1014 dif-

563 1062 803 1119 ferentiis
825 1076 944 1131 quce
972 1067 1097 1114 sunt
1126 1056 1303 1119 dictae,
1330 1052 1681 1110 verumetiam
1713 1052 1764 1106 in
1792 1050 2001 1106 caeteris
2027 1065 2157 1105 con-

564 1153 825 1222 siderare,
853 1152 897 1205 si
947 1148 1161 1220 proprie
1209 1160 1453 1203 normam
1496 1142 1836 1199 discretionis
1865 1142 2156 1213 quaerimus

565 1258 878 1316 agnoscere.

602 1334 849 1390 ‘Generis
892 1340 1062 1388 autem
1100 1340 1148 1385 et
1196 1328 1391 1401 praprii
1421 1342 1685 1383 commune
1723 1325 1931 1396 quidem
1970 1330 2043 1377 est
2077 1338 2159 1376 se-

566 1427 654 1498 qui
700 1426 888 1497 species
918 1440 935 1477 :
967 1437 1185 1490 namque
1221 1422 1266 1474 si
1304 1419 1457 1473 homo
1504 1428 1599 1483 est,
1647 1416 1843 1470 animal
1879 1423 1954 1468 est
1987 1428 2006 1467 :
2033 1422 2083 1468 et
2110 1413 2158 1467 si

566 1520 717 1573 homo
748 1526 842 1581 est,
872 1514 1061 1569 risibile
1087 1520 1181 1567 est.
1214 1510 1492 1565 Commune
1537 1516 1609 1563 εει
1652 1522 1847 1577 quoque
1893 1503 2159 1575 aequaliter

564 1612 841 1684 praedicari
868 1625 1025 1680 genus
1059 1607 1125 1661 de
1153 1605 1435 1677 speciebus,
1468 1612 1517 1658 et
1548 1601 1812 1672 proprium
1848 1600 1911 1653 de
1943 1597 2022 1651 his
2043 1611 2158 1667 qua:

565 1704 877 1776 participant
909 1702 999 1757 illo
1032 1699 1331 1756 individuis.
1364 1697 1663 1767 xEqualiter
1684 1696 1817 1749 enim
1844 1703 1892 1747 et
1919 1692 2072 1746 homo
2108 1697 2157 1744 et

566 1798 654 1851 bos
684 1796 877 1849 animal
914 1801 1007 1861 est,
1037 1804 1084 1847 et
1116 1793 1288 1847 Cicero
1334 1799 1381 1844 et
1417 1789 1540 1843 Cato
1580 1797 1694 1842 stml
1732 1786 1967 1840 risibiles.
2002 1782 2153 1837 Cum-

2262 588 2412 657 cujus
2441 595 2514 640 est
2548 582 2811 654 praprium
2837 574 2892 638 et.
2916 584 3013 637 soli
3042 593 3089 638 et
3120 599 3338 652 semper,
3371 599 3527 654 genus
3566 599 3683 637 vero
3712 584 3854 638 omni

2262 679 2462 749 quidem
2495 676 2679 744 speciei
2708 677 2837 729 inest
2860 678 3009 748 cujus
3038 675 3192 746 fuerit
3218 690 3397 745 genus,
3427 684 3472 728 et
3498 691 3717 743 semper,
3750 693 3853 731 non

2264 782 2433 824 tamen
2462 769 2575 823 soli.
2616 769 2875 837 Amplius,
2923 770 3133 841 propria
3170 768 3375 840 quidem
3400 770 3702 840 interempta
3750 786 3853 825 non

2261 862 2417 916 simul
2440 862 2740 916 interimunt
2773 876 2959 934 genera
2987 876 3005 914 :
3034 876 3220 930 genera
3248 877 3364 915 vero
3388 861 3694 932 interempta
3718 862 3853 918 inte-

2262 956 2454 1008 rimunt
2477 954 2667 1022 species
2692 969 2911 1024 quarum
2928 964 3047 1007 sunt
3067 953 3292 1025 propria.
3325 953 3496 1020 Quare
3517 954 3595 1008 liis
3616 955 3853 1009 interem-

2262 1046 2365 1117 ptis
2391 1062 2608 1116 quorum
2634 1056 2749 1101 sunt
2775 1046 3008 1115 propria,
3040 1052 3087 1098 et
3133 1045 3245 1115 ipsa
3283 1044 3438 1098 simul
3467 1045 3853 1100 inferimuntur.

2334 1138 2463 1194 Tale
2490 1153 2676 1195 rursus
2707 1138 2978 1209 proprium
3009 1138 3192 1204 sumit,
3213 1138 3352 1207 quod
3375 1138 3441 1193 ad
3461 1138 3683 1194 alterius
3706 1155 3855 1193 com-

2262 1232 2596 1303 perationem
2644 1232 2916 1303 proprium
2957 1243 3299 1302 nuncupetur
3330 1252 3342 1286 :
3377 1232 3508 1287 dicit
3537 1232 3679 1287 enim
3719 1247 3851 1303 pro-

2263 1326 2440 1396 prium
2470 1339 2591 1379 esse
2613 1324 2847 1393 generis,
2877 1325 3023 1393 prius
3046 1340 3169 1381 esse
3187 1340 3346 1395 quam
3372 1325 3605 1395 prapria.
3629 1325 3854 1396 Oportet

2263 1416 2407 1471 enim
2456 1415 2605 1486 prius
2635 1431 2757 1471 esse
2810 1432 2998 1487 genus,
3029 1417 3172 1487 quod
3223 1416 3389 1472 veluti
3429 1418 3651 1472 materia
3696 1416 3853 1472 dili’e-

2262 1506 2456 1562 rentiis
2491 1518 2844 1576 supponatur,
2876 1507 3326 1576 venientibusque
3369 1508 3687 1563 didereutiis
3738 1509 3853 1564 ﬁeri

2261 1598 2496 1669 speciem
2542 1616 2663 1655 curn
2713 1599 2908 1671 quibus
2958 1599 3174 1670 propria
3218 1610 3532 1655 nascuntur.
3586 1600 3644 1655 Si
3696 1599 3858 1669 igitur

2262 1696 2411 1765 prius
2449 1705 2531 1751 est
2566 1710 2738 1765 genus
2766 1711 2924 1766 quam
2957 1693 3296 1761 dill'ereutize,
3332 1696 3481 1765 prius
3508 1696 3669 1751 etiam
3707 1696 3858 1753 dide-

2260 1789 2451 1843 rentire
2484 1803 2644 1858 quam
2682 1787 2909 1856 species,
2936 1795 2990 1841 et
3016 1786 3299 1855 speciebus
3328 1786 3539 1855 propria
3566 1801 3855 1859 coaequen-

565 1904 715 1941 mune
754 1888 958 1940 demum
985 1890 1058 1939 est
1086 1885 1165 1938 Itis
1185 1884 1393 1937 univoce
1420 1881 1692 1950 pradicari
1712 1921 1726 1946 ,
1755 1895 1912 1950 genus
1948 1878 2011 1931 de
2036 1892 2155 1947 pro-
2186 1878 2235 1940 B
2263 1890 2367 1946 tur,
2395 1896 2503 1934 non
2539 1889 2620 1934 est
2659 1878 2876 1933 dubium
2927 1878 3056 1948 quin
3097 1878 3312 1948 propria
3356 1879 3645 1949 generibus
3675 1890 3855 1949 poste-

565 1982 690 2056 priis
709 1975 984 2051 speciebus,
1002 1988 1048 2031 et
1068 1978 1332 2048 proprium
1349 1975 1412 2028 de
1436 1975 1513 2027 his
1536 1988 1754 2044 quarunt
1771 1980 1843 2025 est
1865 1970 2149 2040 proprium.

638 2074 761 2128 Tria
786 2075 997 2128 interim
1031 2072 1245 2141 generis
1271 2085 1335 2124 ac
1359 2068 1559 2139 proprii
1590 2067 1718 2122 dicit
1768 2079 1888 2119 esse
1916 2078 2156 2119 commu-

567 2168 676 2232 nia,
707 2180 932 2233 quorum
979 2164 1204 2233 primum
1256 2161 1383 2215 illud
1429 2171 1533 2226 est,
1567 2160 1816 2229 quoniam
1869 2159 1938 2211 ita
1989 2170 2159 2227 genus

568 2257 807 2325 sequitur
852 2258 1061 2325 species
1108 2261 1168 2307 ut
1211 2251 1515 2322 proprium;
1559 2250 1730 2320 posita
1781 2248 1923 2304 enim
1978 2248 2159 2317 specie

567 2365 789 2406 necesse
837 2359 920 2403 est
974 2348 1333 2417 intelligamus
1373 2360 1543 2415 genus
1584 2352 1639 2398 et
1677 2344 1971 2413 proprium,
2029 2357 2159 2397 neu-

568 2455 707 2499 trum
756 2442 899 2497 enim
957 2441 1167 2510 species
1225 2439 1468 2508 proprias
1525 2435 1852 2505 derelinquit
1890 2452 1901 2489 :
1944 2449 2065 2489 nam
2116 2435 2161 2489 si

568 2534 733 2591 homo
759 2542 864 2601 est,
897 2530 1096 2587 animal
1123 2540 1241 2594 est;
1289 2531 1333 2585 si
1363 2533 1525 2583 homo
1559 2537 1663 2593 est,
1694 2527 1898 2582 risibile
1928 2535 2011 2581 est
2045 2544 2057 2579 :
2091 2526 2162 2580 ita

570 2625 1022 2699 quemadmodum
1090 2637 1281 2692 genus,
1326 2622 1405 2675 sic
1454 2619 1730 2689 proprium
1770 2618 1837 2673 ab
1876 2633 1938 2672 ea
1985 2617 2165 2688 specie

571 2723 722 2790 cujus
767 2727 851 2775 est
887 2717 1161 2787 proprium
1208 2728 1316 2768 non
1364 2711 1592 2767 recedit.
1642 2709 1774 2764 lllud
1825 2724 2036 2779 quoque
2083 2717 2167 2764 est

572 2824 857 2869 commune
883 2807 1026 2880 quod
1050 2805 1269 2876 mqualis
1300 2814 1383 2861 est
1407 2802 1622 2874 generis
1651 2800 2009 2872 participatio,
2029 2800 2167 2855 sicut

574 2906 733 2963 etiam
781 2902 1005 2975 proprii.
1038 2901 1208 2956 Omne
1251 2897 1392 2954 enim
1440 2911 1606 2967 genus
1657 2894 1935 2965 aequaliter
1975 2907 2007 2947 a
2054 2892 2166 2947 suis

573 2995 864 3069 speciebus
915 2992 1296 3064 participatur,
1355 2988 1629 3061 proprium
1690 3000 1823 3041 vero
1884 2983 2167 3040 individuis

575 3092 819 3148 omnibus
870 3087 1145 3158 aequaliter
1202 3083 1544 3140 adhaerescit.
1596 3080 1935 3137 Manifestum
1967 3088 2051 3135 est
2075 3095 2171 3134 au-

576 3196 685 3240 tem
736 3179 1143 3250 participatione
1194 3190 1316 3230 esse
1354 3173 1541 3243 generi
1597 3173 1803 3242 aequale
1857 3173 2166 3241 proprium;

2259 1978 2400 2032 riora
2427 1977 2555 2045 sint,
2580 1991 2643 2031 ac
2674 1992 2769 2045 per
2796 1968 2900 2031 hoc
2921 1976 3063 2045 quod
3086 1976 3288 2030 dictum
3311 1985 3413 2040 est,
3440 1975 3714 2045 pr0prium
3737 1991 3856 2031 esse

2260 2070 2497 2141 generis,
2532 2070 2678 2139 prius
2704 2083 2823 2123 esse
2850 2083 3009 2138 quam
3039 2068 3255 2137 propria
3286 2084 3300 2122 :
3329 2080 3614 2122 commune
3643 2066 3747 2122 hoc
3775 2077 3857 2123 est

2262 2163 2449 2234 generi
2481 2176 2604 2216 cum
2631 2160 2952 2216 differentia.
2982 2160 3304 2215 DilTerentiaa
3326 2161 3467 2215 enim
3497 2159 3707 2230 species
3732 2175 3859 2215 con-
3886 2162 3891 2167 ’

2263 2256 2557 2309 formantes
2588 2256 2794 2322 priores
2823 2253 3238 2307 considerantur
3265 2266 3386 2306 esse
3428 2267 3587 2322 quam
3620 2252 3857 2322 pr0pria.

2267 2347 2545 2417 Siquidem
2584 2346 2867 2416 speciebus
2894 2346 3027 2413 ipsis
3060 2346 3268 2414 priores
3295 2353 3439 2410 sunt,
3472 2360 3604 2413 quas
3646 2344 3859 2415 propria

2265 2438 2478 2493 ratione
2526 2436 2916 2501 determinant;
2970 2435 3066 2497 sed
3117 2445 3175 2491 ut
3224 2436 3423 2492 dictum
3464 2445 3549 2492 est
3590 2434 3693 2490 hoc
3738 2451 3861 2507 pro-
3901 2461 3908 2469 ο

2269 2532 2467 2600 priutn,
2523 2528 2590 2584 ad
2638 2527 2995 2584 diﬂ‘erentiam
3047 2528 3256 2599 proprii
3300 2527 3705 2599 intelligendum
3754 2538 3860 2599 est,

2270 2636 2377 2676 non
2404 2620 2564 2692 quale
2593 2619 2839 2688 superius
2865 2620 3137 2689 proprium
3170 2633 3265 2690 per
3297 2633 3356 2674 se
3384 2620 3728 2674 constitutum
3753 2628 3856 2675 est.

2270 2714 2475 2768 Rursus
2500 2710 2684 2767 dill‘ert
2710 2726 2880 2781 genus
2917 2726 2947 2766 a
2995 2710 3236 2781 proprio,
3257 2711 3400 2781 quod
3429 2726 3599 2782 genus
3643 2711 3860 2782 quidem

2273 2802 2342 2857 de
2391 2802 2636 2871 pluribus
2691 2801 3013 2871 praedicatur
3051 2801 3357 2872 speciebus,
3412 2802 3686 2871 proprium
3732 2817 3862 2858 vero

2271 2896 2495 2951 minime
2529 2912 2542 2947 :
2577 2909 2701 2949 nam
2745 2909 2918 2965 neque
2973 2910 3143 2963 genus
3192 2904 3293 2962 est,
3333 2895 3435 2950 nisi
3482 2898 3665 2966 plures
3703 2911 3770 2951 ex
3806 2911 3865 2951 se

2273 2990 2486 3054 species
2510 2987 2771 3057 proferat,
2804 3002 2903 3042 nec
2934 2988 3210 3056 preprium
3237 2988 3283 3041 si
3308 2989 3469 3044 alteri
3495 2989 3719 3044 cuilibet
3747 3005 3867 3061 spe-

2273 3081 2376 3136 ciei
2424 3081 2593 3151 possit
2634 3094 2755 3134 esse
2799 3091 3108 3134 commune.
3138 3079 3227 3135 Fit
3262 3080 3423 3149 igitur
3464 3088 3521 3134 ut
3555 3096 3724 3150 genus
3753 3082 3869 3153 qui-

2275 3172 2396 3228 dem
2439 3172 2693 3242 plurimas
2721 3171 2822 3226 sub
2865 3185 2924 3226 se
2954 3172 3169 3240 species
3209 3172 3430 3239 habeat,
3459 3181 3520 3227 ut
3544 3172 3743 3228 animal
3776 3174 3869 3229 ho.

577 3288 752 3345 neque
779 3272 920 3328 enim
951 3270 1070 3340 plus
1107 3270 1269 3323 homo
1297 3266 1498 3320 animal
1528 3274 1611 3320 est
1637 3280 1796 3334 quam
1822 3280 1991 3335 equus
2011 3275 2171 3336 atque
2198 3250 2246 3314 Ο
2280 3265 2479 3321 minem
2509 3274 2669 3335 atque
2695 3278 2892 3335 equum
2923 3281 2934 3316 :
2967 3263 3245 3334 proprium
3287 3280 3417 3320 vero
3450 3279 3608 3320 unam
3639 3274 3867 3335 tantum,

579 3366 697 3427 bos,
725 3361 818 3418 sed
850 3362 906 3415 in
935 3375 1000 3414 eo
1027 3359 1169 3429 quod
1203 3366 1327 3412 sunt
1350 3355 1622 3422 animalia,
1651 3356 1931 3426 aequaliter
1960 3358 2169 3411 anima-

581 3459 669 3522 lis,
710 3454 762 3510 id
793 3465 875 3509 est
914 3454 1125 3523 generis
1150 3450 1467 3505 vocabulum
1503 3448 1743 3505 trahunt.
1790 3451 1923 3503 Cato
1947 3451 2087 3503 enim
2119 3460 2173 3505 et

583 3547 769 3604 Cicero
809 3543 1083 3615 mqualiter
1122 3539 1356 3597 risibiles
1414 3546 1558 3606 sunt,
1601 3538 1762 3595 etiam
1805 3541 1849 3593 si
1896 3541 2173 3609 aequaliter

583 3657 691 3697 non
722 3639 956 3702 rideant;
1012 3637 1064 3690 in
1118 3650 1184 3690 eo
1230 3631 1372 3688 enim
1426 3631 1567 3701 quod
1627 3632 1736 3701 apti
1776 3631 1842 3685 ad
1884 3632 2170 3687 ridendum

585 3743 732 3798 sunt,
754 3732 857 3786 dici
883 3729 1115 3786 risibiles
1142 3734 1386 3798 possunt,
1407 3740 1515 3780 non
1538 3725 1680 3796 quod
1703 3739 1917 3794 semper
1942 3725 2169 3781 rideant.

586 3826 895 3898 Equaliter
924 3840 1052 3894 ergo
1095 3838 1157 3878 ea
1194 3837 1313 3892 qua:
1345 3821 1444 3875 sub
1477 3836 1674 3891 genere
1706 3830 1851 3887 sunt,
1880 3822 2178 3890 suscipiunt

586 3934 777 3991 genus,
809 3918 944 3973 sicut
995 3931 1058 3973 ea
1105 3930 1223 3985 qua:
1268 3913 1367 3969 sub
1403 3914 1636 3984 propriis
1666 3914 1900 3983 propria.
1936 3914 2177 3970 Tertium

588 4011 741 4077 illud,
773 4010 917 4083 quod
965 4008 1104 4064 sicut
1145 4021 1314 4077 genus
1352 4006 1420 4062 de
1465 4006 1700 4077 propriis
1739 4007 2022 4076 speciebus
2062 4006 2181 4060 uni-

590 4121 727 4160 voee
756 4103 1096 4175 przedicatur,
1130 4102 1203 4155 ita
1233 4101 1393 4156 etiam
1426 4100 1699 4171 proprium
1748 4099 1815 4155 de
1858 4115 1952 4154 sua
2003 4100 2181 4170 specie

589 4199 817 4255 univoce
858 4196 1074 4250 dicitur.
1118 4192 1299 4248 Genus
1339 4193 1483 4247 enim
1528 4194 1779 4261 quoniam
1828 4194 2180 4249 substantiam

592 4289 791 4361 speciei
831 4286 1089 4347 continet,
1114 4298 1222 4337 non
1264 4284 1424 4338 modo
1463 4284 1580 4350 ejus
1622 4297 1818 4336 nomen
1867 4282 1934 4337 de
1977 4285 2179 4352 specie,

594 4377 952 4437 verumetiam
1008 4374 1253 4430 dillinitio
1308 4372 1654 4444 praedicatur.
1716 4372 1998 4441 Proprium
2055 4388 2183 4428 vero

595 4474 717 4543 quia
762 4470 995 4540 speciem
1049 4482 1152 4521 non
1188 4464 1463 4535 relinquit,
1495 4465 1652 4535 eique
1682 4478 1894 4533 semper
1921 4475 2179 4534 aequatur,

596 4581 699 4623 nec
727 4564 780 4618 in
809 4564 967 4617 aliam
1004 4560 1238 4632 speciem
1273 4558 1681 4630 transgreditur,
1719 4572 1819 4613 nec
1860 4557 1997 4612 inira
2058 4557 2183 4611 sub-

2278 3358 2417 3411 sicut
2438 3356 2660 3421 risibile,
2679 3356 2974 3424 hominem,
2996 3371 3102 3427 quo
3126 3356 3185 3411 ﬁt
3206 3365 3263 3412 ut
3285 3358 3378 3413 illa
3402 3374 3612 3428 quoque
3634 3362 3870 3430 proprie-

2280 3456 2361 3502 tas
2394 3463 2459 3503 ex
2488 3447 2787 3503 dill'erentia
2824 3459 3112 3503 nascatur:
3144 3464 3309 3519 genus
3359 3450 3502 3505 enim
3551 3452 3870 3521 praedicatur

2280 3538 2495 3607 quidem
2521 3538 2590 3592 de
2620 3537 2926 3607 speciebus,
2960 3538 3136 3605 ipsum
3165 3554 3293 3594 vero
3338 3540 3391 3594 in
3436 3542 3579 3594 nulla
3611 3541 3872 3611 praedica-

2281 3634 2425 3685 tione
2453 3629 2810 3699 supponitur;
2841 3631 3118 3700 proprium
3150 3645 3278 3685 vero
3322 3640 3377 3686 et
3422 3633 3629 3701 species
3667 3634 3873 3689 alterna

2284 3720 2667 3791 praedicatione
2690 3727 2985 3775 mutantur.
3012 3720 3098 3775 Fit
3120 3722 3260 3776 enim
3287 3723 3588 3792 prmdicatio
3604 3732 3695 3779 aut
3710 3741 3740 3779 a
3762 3741 3872 3781 ma-

2276 3812 2485 3883 joribus
2512 3811 2579 3865 ad
2610 3812 2840 3877 minora,
2860 3822 2952 3867 aut
2976 3812 3045 3867 ab
3074 3814 3368 3884 aequalibus
3394 3815 3459 3869 ad
3491 3818 3734 3886 mqualia.
3760 3816 3871 3875 Ge-

2283 3918 2384 3957 nus
2406 3902 2585 3973 igitur,
2609 3902 2747 3972 quod
2771 3902 2942 3973 majus
2963 3912 3070 3972 est,
3090 3904 3157 3960 de
3175 3906 3455 3975 speciebus
3477 3910 3725 3966 omnibus
3743 3928 3873 3983 prae-

2284 3994 2523 4059 dicatur;
2549 3994 2754 4064 species
2776 4009 2903 4049 vero
2929 3996 3180 4063 quoniam
3203 4000 3440 4053 minores
3466 4010 3611 4067 sunt,
3627 4002 3694 4058 de
3713 4018 3873 4073 gene-

2285 4087 2435 4143 ribus
2452 4103 2558 4143 non
2574 4089 2845 4156 dicuntur,
2859 4098 2917 4143 ut
2937 4089 3132 4145 animal
3156 4090 3223 4147 de
3243 4094 3459 4148 homine
3478 4095 3696 4161 dicitur;
3715 4096 3875 4152 homo

2286 4199 2414 4239 vero
2463 4184 2529 4239 de
2580 4184 2800 4240 animali
2844 4186 2991 4240 nullo
3033 4186 3195 4242 modo
3242 4189 3581 4257 praedicatur.
3626 4189 3694 4244 At
3744 4204 3875 4245 vero

2290 4282 2581 4351 proprium,
2618 4282 2868 4353 quoniam
2899 4283 3098 4353 speciei
3130 4286 3335 4353 aequale
3363 4295 3468 4352 est,
3500 4301 3647 4355 :equc
3684 4285 3876 4354 praedi-

2288 4384 2438 4430 catur
2476 4386 2639 4445 atque
2681 4378 3009 4446 praeponitur
3036 4393 3047 4430 :
3082 4387 3139 4431 ut
3166 4376 3371 4433 risibile
3399 4378 3466 4433 de
3498 4378 3712 4433 homine
3740 4377 3875 4432 dici-

2292 4478 2398 4536 tur,
2428 4470 2603 4524 omnis
2633 4470 2776 4526 enim
2807 4470 2969 4525 homo
2998 4470 3216 4525 risibilis
3254 4480 3356 4535 est,
3390 4472 3687 4541 eodemque
3717 4470 3877 4526 modo

2294 4562 2648 4633 convertitur,
2697 4578 2856 4619 omne
2903 4564 3046 4618 enim
3091 4563 3294 4618 risibile
3340 4563 3500 4617 homo
3542 4571 3644 4618 est.
3695 4561 3879 4618 Dili‘ert

597 4655 760 4722 sistit,
792 4652 1167 4708 difﬁniti'onem
1213 4666 1426 4722 quoque
1458 4651 1729 4721 proprium
1770 4651 2050 4721 speciebus
2082 4660 2188 4705 tra-
2218 4634 2271 4694 D
2296 4658 2454 4709 etiam
2506 4656 2776 4725 pr0prium
2822 4671 2852 4709 a
2895 4670 3115 4726 genere,
3143 4656 3285 4727 quod
3315 4656 3587 4725 pr0prium
3628 4655 3717 4709 uni
3758 4669 3873 4725 spe-

599 4750 710 4813 dit;
735 4748 888 4817 cujus
902 4748 1044 4803 enim
1068 4760 1261 4800 nomen
1279 4746 1369 4799 uni
1385 4753 1589 4799 tantum
1615 4744 1864 4798 convenit
1880 4743 2075 4814 speciei
2099 4744 2187 4798 eui

600 4838 864 4908 mquatur,
898 4838 1129 4892 dubitari
1156 4851 1259 4892 non
1293 4845 1465 4906 potest
1493 4837 1619 4906 quin
1659 4837 1775 4905 ejus
1804 4851 2016 4906 quoque
2045 4837 2186 4891 dil‘li-

603 4928 737 4984 uitio
764 4927 963 4997 Speciei
992 4927 1292 4979 conveniat.
1317 4925 1434 4989 Quo
1466 4927 1523 4977 lit
1548 4934 1603 4978 ut
1623 4925 1760 4979 sicut
1787 4940 1955 4993 genus
1983 4927 2050 4979 de
2071 4942 2193 4996 spe-

602 5020 808 5084 cichus,
828 5019 897 5072 ita
917 5017 1187 5087 proprium
1209 5014 1277 5069 de
1292 5030 1384 5070 sua
1408 5016 1587 5084 specie
1608 5019 1835 5071 univoce
1855 5018 2189 5086 praedicetur.

592 5133 595 5136 ν
677 5092 937 5173 Di/ferunl
963 5118 1152 5172 alitem,
1178 5107 1419 5175 quoniam
1444 5124 1603 5177 genus
1634 5108 1775 5176 prius
1813 5118 1906 5176 est,
1941 5112 2190 5178 posterius

609 5205 909 5277 praprium;
948 5206 1145 5273 oportet
1175 5199 1306 5254 enim
1336 5215 1443 5254 esse
1470 5201 1613 5271 prius
1638 5200 1860 5265 animal,
1900 5199 2081 5255 dehinc
2110 5204 2192 5256 di-

606 5299 709 5351 vidi
738 5293 1041 5363 diﬁ'erentiis
1067 5299 1113 5345 et
1139 5290 1384 5363 propriis.
1426 5290 1682 5357 Amplius,
1713 5307 1874 5362 genus
1892 5293 2098 5362 quidem
2129 5294 2192 5349 de

610 5388 842 5457 pluribus
866 5384 1124 5459 speciebus
1152 5383 1463 5456 prwdicatur
1488 5400 1705 5454 quarum
1744 5395 1817 5440 est
1864 5402 2045 5458 genus,
2069 5405 2193 5460 pro-

612 5480 783 5549 prium
824 5493 940 5533 vero
994 5478 1057 5531 de
1097 5492 1201 5529 una
1249 5475 1361 5529 sola
1406 5475 1572 5546 specie
1610 5476 1760 5548 cujus
1798 5489 1870 5533 est
1907 5482 2192 5551 proprium.

616 5571 874 5640 Amplius,
907 5569 1166 5638 proprium
1204 5568 1408 5639 quidem
1452 5570 1728 5624 conversim
1766 5571 1830 5626 de
1866 5587 1925 5627 eo
1954 5576 2101 5646 cujus
2125 5584 2199 5630 est

612 5662 881 5733 proprium
910 5660 1239 5730 praedicatur,
1276 5677 1434 5732 genus
1473 5678 1590 5716 vero
1634 5663 1697 5717 de
1736 5664 1881 5719 nullo
1920 5668 2197 5721 conversim

614 5750 925 5819 pradicatur
953 5766 973 5804 :
994 5767 1114 5804 nam
1143 5768 1233 5805 nec
1269 5753 1314 5805 si
1353 5753 1547 5808 animal
1567 5764 1659 5823 est,
1686 5756 1835 5810 homo
1863 5767 1935 5813 est
1959 5775 1977 5823 ;
2022 5774 2110 5812 nec
2154 5761 2199 5813 si

614 5840 809 5897 animal
835 5850 930 5909 est,
959 5842 1153 5898 risibile
1179 5854 1296 5909 est;
1341 5846 1387 5899 si
1425 5860 1540 5900 vero
1582 5847 1774 5903 risibile
1802 5860 1895 5913 est,
1921 5849 2071 5906 homo
2103 5864 2195 5924 est,

2297 4747 2397 4802 ciei
2448 4758 2501 4801 et
2543 4746 2687 4801 omni
2733 4758 2787 4801 et
2831 4760 3042 4817 semper
3081 4747 3269 4812 adest;
3312 4761 3483 4817 genus
3515 4762 3645 4802 vero
3678 4762 3744 4801 ex
3798 4746 3882 4800 his

2295 4831 2509 4907 quidem
2541 4839 2646 4893 duo
2674 4839 2901 4906 retinet,
2936 4840 2988 4893 in
3022 4855 3126 4894 uno
3152 4854 3280 4894 vero
3311 4840 3579 4894 diversum
3611 4847 3720 4904 est;
3758 4853 3879 4891 nam

2297 4936 2575 5007 speciebus
2602 4935 2712 4989 suis
2733 4945 2787 4989 et
2815 4949 3027 5004 semper
3054 4935 3205 4991 adest
3233 4944 3282 4989 et
3313 4935 3584 4999 omnibus,
3619 4948 3721 4985 non
3752 4947 3881 4984 vero

2299 5027 2464 5079 solis:
2500 5026 2599 5079 hoc
2621 5025 2762 5079 enim
2793 5034 2906 5079 erat
2932 5034 3131 5079 tantum
3158 5025 3387 5094 prOpriis
3429 5038 3568 5085 esse,
3600 5019 3738 5089 quod
3770 5020 3881 5073 siu-

2297 5116 2446 5184 gulas
2474 5116 2681 5185 species
2721 5125 2924 5171 tantum
2953 5117 3247 5181 continent,
3279 5116 3379 5171 hoc
3415 5113 3559 5169 enim
3589 5112 3880 5181 generibus

2299 5210 2439 5281 quod
2467 5211 2671 5280 plures.
2715 5212 2879 5281 Igitur
2899 5213 3111 5284 propria
3137 5211 3350 5282 quidem
3374 5210 3613 5281 singulas
3635 5209 3885 5266 obtinent

2300 5301 2528 5371 species,
2574 5316 2773 5372 genera
2828 5318 2956 5359 vero
2999 5282 3126 5357 inon
3190 5282 3454 5372 singulas;
3518 5301 3675 5357 adest
3725 5303 3884 5373 igitur

2302 5393 2575 5463 proprium
2631 5392 2729 5450 uni
2778 5394 2877 5448 soli
2936 5393 3131 5463 speciei
3192 5402 3245 5449 et
3308 5408 3524 5464 semper
3578 5406 3636 5450 et
3691 5394 3879 5449 omni:

2304 5499 2469 5555 genus
2513 5501 2641 5541 vero
2688 5494 2741 5541 et
2796 5483 2940 5539 omni
2988 5483 3201 5552 quidem
3248 5494 3301 5541 et
3342 5501 3580 5557 semper,
3636 5487 3729 5542 sed
3776 5500 3881 5541 nou

2304 5578 2451 5633 soli:
2489 5588 2547 5633 ut
2588 5577 2790 5634 risibile
2836 5573 3042 5631 homini
3092 5577 3234 5647 soli,
3281 5579 3482 5634 animal
3526 5595 3653 5635 vero
3707 5580 3881 5634 cidem

2305 5671 2537 5738 homini,
2597 5673 2691 5728 sed
2751 5687 2856 5727 non
2902 5671 3029 5740 soli;
3073 5684 3265 5744 praeest
3309 5677 3453 5731 enim
3505 5676 3711 5732 eunetis
3765 5690 3885 5746 qua:

2306 5762 2687 5819 irrationabilia
2746 5778 3135 5837 nuncupamus.
3178 5767 3443 5823 Praeterea
3492 5767 3535 5820 si
3582 5767 3887 5822 auferamus

2304 5871 2489 5927 genus,
2544 5859 2750 5928 species
2800 5860 3200 5931 interimuntur,
3244 5878 3363 5918 nam
3411 5863 3454 5917 si
3509 5878 3614 5916 non
3656 5864 3725 5917 sit
3767 5861 3887 5917 ani-
