4244 6254
353 340 477 412 ’με
544 346 545 349 ‘

1246 351 1339 408 ΙΝ
1377 350 1819 409 PORPHYRIUM
1854 346 2495 409 COMMENTARIORUM
2534 352 2663 410 LIB.
2707 355 2762 413 V.
3556 352 3653 414 ιω

365 469 503 533 mal,
526 482 636 523 non
658 468 761 524 erit
785 467 947 523 homo
976 482 989 519 :
1016 463 1061 521 si
1092 464 1398 522 auleramus
1413 467 1643 538 species,
1680 482 1790 522 non
1826 466 1961 521 inte-
1993 469 2040 527 Α
2065 466 2219 538 equi;
2259 481 2359 522 nec
2393 481 2499 522 non
2548 467 2687 522 inter
2714 482 2774 522 se
2806 466 2967 523 homo
2995 477 3155 538 atque
3182 481 3347 538 equus
3374 475 3430 524 et
3456 476 3649 537 cetera

366 562 583 617 rimitur
606 573 794 629 genus,
825 574 945 614 nam
970 558 1015 613 si
1044 572 1149 614 non
1176 557 1249 613 sit
1280 558 1460 625 homo,
1493 559 1690 613 animal
1721 574 1828 613 non
1860 572 1955 627 pe-

365 652 515 708 ribit.
540 649 760 723 Species
784 666 912 707 vero
935 661 989 706 et
1015 652 1252 721 propria,
1276 654 1527 722 quoniam
1556 659 1683 706 sunt
1702 650 1951 721 aequalia,

365 750 577 801 alterna
604 760 663 800 se
693 745 807 800 vice
835 754 1180 811 consumunt,
1212 759 1333 798 nam
1381 744 1428 799 si
1470 759 1575 798 non
1616 743 1687 797 sit
1725 742 1950 807 risibile,

362 842 530 896 homo
558 855 664 896 non
689 840 819 907 erit;
860 839 907 895 si
954 839 1117 895 homo
1161 854 1267 894 non
1309 837 1397 903 sit,
1431 838 1634 893 risibile
1677 853 1783 892 non
1832 850 1949 891 ma-

360 934 530 991 nebit.
552 934 884 989 Consumunt
913 932 1074 1004 igitur
1100 946 1298 1003 genera
1342 930 1444 986 sub
1484 946 1543 987 se
1588 931 1791 1001 positas
1823 930 1951 1001 spe:

290 1060 297 1064 -
360 1028 495 1095 cies,
523 1043 627 1084 non
666 1042 797 1084 vero
838 1026 907 1081 ab
945 1026 1029 1081 his
1082 1027 1313 1083 invicem
1363 1036 1751 1082 consumuntur
1784 1044 1798 1081 :
1828 1040 1949 1095 spe-

358 1122 470 1179 cies
504 1138 630 1178 vero
672 1130 728 1178 et
776 1119 1050 1192 proprium
1093 1120 1324 1177 invicem
1370 1119 1707 1190 perimuntur
1754 1129 1810 1175 et
1859 1134 1949 1186 pe-

357 1217 576 1273 rimunt.

426 1306 614 1364 Generi
650 1324 765 1363 vero
812 1316 861 1363 et
909 1307 1163 1363 accidenti
1200 1322 1467 1362 commune
1506 1308 1680 1384 estde
1717 1306 1947 1375 pluribus

353 1399 813 1472 (quemadmodum
839 1400 1032 1452 dictum
1062 1398 1173 1469 est)
1205 1398 1501 1469 praedicari,
1531 1398 1632 1452 sive
1661 1397 1949 1466 separabile

351 1495 419 1548 sit
468 1494 729 1558 accidens,
763 1492 865 1546 sive
894 1491 1276 1562 inseparabile;
1323 1492 1504 1544 etenim
1552 1500 1600 1545 et
1637 1492 1827 1544 moveri
1887 1493 1949 1545 de

355 1584 619 1653 pluribus,
650 1595 697 1639 et
721 1585 926 1655 nigrum
969 1584 1031 1637 de
1060 1584 1219 1637 corvis
1248 1593 1294 1638 et
1323 1583 1387 1636 de
1413 1581 1741 1653 /Ethiopibus
1768 1592 1817 1637 et
1846 1584 1947 1638 ali-

352 1680 541 1748 quibus
565 1678 861 1732 inanimatis
889 1677 1253 1747 prtvdicanlur.

422 1770 566 1825 Nihil
593 1781 675 1825 est
696 1770 835 1837 quod
865 1768 1003 1823 inter
1031 1779 1227 1824 caetera
1256 1770 1323 1823 ita
1346 1769 1412 1824 sit
1436 1785 1464 1824 a
1492 1771 1705 1839 generis
1733 1770 1941 1827 ratione

2060 559 2308 615 animalia
2340 569 2652 631 comparata
2682 575 2835 629 aeque
2861 560 3109 617 animalia
3142 550 3515 632 praedicantur.
3542 564 3648 617 Ac-

2061 652 2293 708 cidentis
2319 667 2449 708 vero
2481 651 2819 722 participatio
2846 662 2900 706 et
2926 654 3221 709 intenditur
3248 664 3302 709 et
3333 654 3648 710 remittitur.

2056 743 2307 799 Invenies
2334 744 2475 799 enim
2509 743 2804 813 quemlibet
2842 744 3000 812 paulo
3029 744 3230 800 diutius
3255 746 3645 813 ambulantem,

2056 844 2112 890 et
2151 836 2311 905 paulo
2338 835 2569 906 amplius
2609 835 2823 906 nigrum
2858 853 2869 888 :
2897 847 2951 891 et
2982 836 3025 891 si
3055 837 3106 891 in
3138 838 3267 907 ipsis
3303 838 3648 908 Aithiopibus

2056 926 2448 994 considerabis,
2479 942 2669 983 omnes
2697 945 2805 983 non
2835 943 2988 999 aeque
3018 929 3170 999 nigro
3200 930 3383 985 colore
3406 947 3527 987 esse
3552 933 3649 988 ob-

2055 1023 2244 1080 ductos
2296 1026 2557 1082 invenies.
2610 1027 2726 1080 Alia
2775 1040 2989 1096 quoque
3037 1024 3333 1080 dilierentia
3375 1033 3478 1091 est,
3510 1041 3649 1096 quo-

2056 1114 2199 1170 niam
2231 1132 2391 1172 omne
2419 1117 2668 1172 accidens
2712 1118 2765 1171 in
2812 1115 3101 1171 individuis
3133 1116 3498 1187 principaliter
3523 1118 3647 1172 sub-

2053 1206 2241 1262 sistit:
2276 1223 2470 1277 genera
2514 1224 2645 1263 vero
2696 1209 2978 1279 speciebus
3022 1219 3075 1265 et
3123 1209 3415 1265 individuis
3470 1211 3648 1280 priora

1984 1309 1993 1320 '
2053 1310 2213 1365 sunt;
2247 1300 2349 1355 nisi
2382 1302 2522 1356 enim
2553 1301 2894 1372 singulariter
2938 1303 3085 1359 corvi
3136 1303 3413 1375 nigredine
3466 1305 3647 1362 inlecti

2052 1400 2254 1459 essent,
2284 1392 2433 1447 corvi
2459 1394 2669 1462 species
2698 1396 2849 1465 nigra
2894 1410 3015 1453 esse
3059 1397 3209 1452 nullo
3245 1397 3406 1453 modo
3434 1397 3647 1454 dicere-

2051 1491 2161 1549 tur,
2190 1483 2261 1537 ita
2309 1485 2366 1538 lit
2410 1493 2468 1539 ut
2514 1486 2813 1541 accidentia
2849 1496 2970 1557 post
3021 1487 3292 1543 individua
3342 1488 3646 1545 videantur.

2050 1573 2183 1629 Nam
2210 1575 2257 1630 si
2289 1577 2434 1645 prius
2469 1586 2550 1632 est
2592 1576 2645 1632 id
2688 1580 2773 1633 cui
2814 1579 3017 1649 aliquid
3060 1580 3256 1635 accidit
3300 1596 3455 1647 quam
3510 1581 3644 1636 illud

2050 1667 2193 1737 quod
2218 1668 2433 1733 accidit,
2468 1684 2573 1724 non
2622 1680 2707 1725 est
2752 1672 2972 1727 dubium
3017 1674 3162 1743 prius
3196 1689 3319 1730 esse
3347 1676 3646 1742 individua,

2052 1761 2321 1829 posterius
2345 1776 2475 1817 vero
2506 1762 2759 1818 accidens
2793 1782 2805 1818 :
2839 1781 3034 1836 genera
3072 1781 3202 1822 vero
3236 1776 3289 1823 et
3318 1769 3525 1838 species
3552 1786 3645 1824 su-

351 1861 675 1931 disiunctum
700 1862 833 1915 sicut
856 1870 937 1915 est
960 1860 1211 1916 accidens
1244 1878 1257 1915 ε
1291 1876 1413 1915 nam
1437 1876 1556 1915 cum
1576 1876 1746 1931 genus
1769 1861 1946 1928 cujus-
1976 1843 2028 1904 Β
2052 1864 2147 1922 pra
2174 1851 2446 1909 individua
2467 1856 2906 1923 considerantur;
2935 1860 3035 1914 hoc
3057 1859 3257 1915 idcirco
3283 1861 3362 1929 ﬁl,
3393 1863 3646 1932 quoniam

353 1951 482 2008 libet
517 1951 871 2007 subsmntiam
912 1959 1193 2016 monstret,
1267 1950 1516 2005 accidens
1556 1967 1683 2005 vero
1738 1968 1766 2005 a
1815 1951 1943 2007 sub-

355 2048 548 2102 stantia
578 2046 733 2115 longe
758 2043 1087 2113 disiunctum
1116 2044 1205 2109 sit,
1236 2055 1291 2099 et
1329 2045 1665 2099 extrinsecus
1694 2045 1939 2110 veniens,

356 2141 489 2198 nihil
522 2156 645 2196 vero
674 2140 853 2195 notius
894 2154 1181 2194 commune
1226 2146 1402 2208 potest
1432 2138 1630 2193 habere
1678 2153 1799 2193 cum
1842 2153 1940 2208 ge-

353 2248 482 2289 nere
522 2247 680 2304 quam
732 2230 801 2287 de
848 2231 1095 2301 pluribus
1138 2229 1433 2300 praedicari.
1476 2224 1656 2285 Genus
1690 2230 1834 2285 enim
1871 2230 1941 2286 de

352 2325 594 2396 pluribus
647 2322 972 2393 praedicatur
1007 2321 1309 2391 speciebus,
1360 2320 1609 2375 accidens
1654 2336 1784 2376 vero
1829 2334 1938 2375 non

352 2418 510 2473 modo
550 2416 620 2471 de
659 2416 904 2487 pluribus
939 2411 1244 2482 speciebus,
1277 2412 1621 2467 verumetiam
1650 2410 1942 2482 generibus

350 2509 602 2565 animatis
640 2516 811 2577 atque
846 2504 1174 2571 inanimatis,
1204 2513 1260 2558 ut
1295 2505 1505 2574 nigrum
1533 2504 1728 2558 dicitur
1755 2502 1823 2558 de
1854 2519 1944 2559 ra-

350 2601 532 2657 tionali
562 2601 800 2664 homine,
829 2607 884 2654 et
922 2598 990 2653 de
1013 2596 1311 2652 irrationali
1351 2610 1535 2662 corvo,
1558 2605 1612 2651 et
1661 2594 1730 2651 de
1767 2596 1936 2651 inani-

350 2702 493 2749 mato
518 2692 713 2748 ebeno.
745 2691 938 2745 Album
964 2690 1122 2745 etiam
1146 2687 1214 2743 de
1236 2702 1410 2760 cygno
1435 2698 1489 2741 et
1511 2702 1801 2754 marmore,
1826 2702 1942 2742 mo-

350 2786 468 2844 veri
495 2786 563 2841 de
593 2783 833 2851 homine,
862 2782 931 2838 de
958 2796 1118 2851 equo,
1142 2792 1198 2837 et
1216 2780 1285 2836 de
1308 2780 1497 2844 stellis,
1530 2794 1593 2835 ac
1614 2780 1683 2835 de
1703 2778 1936 2850 agitatis,

350 2893 473 2950 qua:
501 2884 624 2931 sunt
653 2874 968 2946 separabilis
992 2872 1285 2929 accidentis
1315 2870 1581 2942 exempla.

425 2970 610 3040 Di/fert
657 2980 821 3025 autem
870 2985 1030 3042 genus
1074 2969 1137 3022 ab
1185 2968 1459 3033 accidenti,
1507 2966 1745 3033 quoniam
1779 2982 1939 3037 genus

328 3074 465 3118 .anle
506 3063 698 3133 species
741 3072 834 3129 est,
878 3060 1162 3114 accidentia
1202 3074 1319 3113 vero
1357 3058 1614 3129 speciebus
1658 3058 1939 3128 posteriora

350 3165 469 3211 sunt
495 3172 511 3209 :
542 3173 661 3209 nam
700 3165 746 3209 et
790 3155 832 3209 si
856 3152 1194 3223 inseparabile
1224 3152 1460 3207 accidens
1488 3160 1741 3217 sumatur,
1768 3161 1940 3206 tamen

2049 1944 2118 1999 de
2158 1943 2245 2000 his
2282 1945 2531 2002 omnibus
2557 1948 2934 2017 praedicantur,
2960 1966 3263 2023 eorumque
3290 1952 3647 2010 substantiam

2052 2037 2269 2105 propria
2317 2038 2700 2107 praedicatione
2746 2041 3099 2097 constituunt.
3158 2043 3264 2099 Sed
3315 2044 3418 2100 dici
3474 2053 3648 2115 potest

2050 2147 2247 2202 genera
2276 2149 2491 2205 quoque
2512 2145 2568 2191 et
2594 2137 2804 2207 species
2834 2138 3137 2208 posteriora
3178 2138 3466 2195 individuis
3496 2142 3647 2195 inve-

2054 2226 2198 2293 niri;
2243 2228 2347 2282 nisi
2404 2230 2548 2284 enim
2605 2231 2716 2284 sint
2768 2231 2962 2301 singuli
3016 2231 3297 2296 homines,
3350 2231 3649 2301 singuliquu

2049 2319 2195 2388 equi,
2228 2319 2476 2377 homines
2505 2331 2664 2392 atque
2690 2322 2813 2393 equi
2842 2322 3049 2393 species
3078 2336 3198 2378 esse
3242 2338 3350 2378 non
3400 2332 3645 2394 possunt,

2048 2419 2102 2466 et
2133 2412 2235 2467 nisi
2265 2412 2372 2468 sint
2401 2413 2626 2485 singulas
2646 2414 2878 2484 species,
2902 2429 3086 2471 earum
3111 2430 3281 2485 genus
3305 2415 3504 2470 animal
3523 2428 3647 2471 esse

2049 2522 2158 2562 non
2181 2507 2399 2577 poterit.
2425 2508 2531 2564 Sed
2556 2508 2867 2565 meminisse
2895 2509 3153 2567 debemus
3176 2510 3421 2581 superius
3442 2509 3646 2565 dictum

2048 2612 2170 2654 esse
2199 2614 2365 2669 genus
2394 2616 2501 2655 non
2544 2616 2609 2656 ex
2651 2600 2736 2655 his
2776 2616 2992 2659 sumere
3042 2602 3398 2659 substantiam
3430 2600 3499 2658 de
3527 2602 3646 2672 qui-

2046 2688 2149 2744 bus
2194 2689 2540 2766 praedicatur,
2572 2690 2667 2747 sed
2722 2692 2790 2747 de
2831 2708 2896 2747 eo
2946 2693 3128 2762 potius
3173 2707 3281 2764 quo
3324 2691 3647 2749 dili‘erentiis

2046 2780 2409 2837 constitutivis
2454 2782 2571 2853 ejus
2641 2784 2939 2839 substantia
3001 2784 3283 2855 formaque
3344 2785 3644 2855 perficitur.

2048 2871 2231 2941 Itaque
2288 2874 2331 2926 si
2396 2888 2569 2943 genus
2626 2873 2843 2944 quidem
2895 2873 3135 2929 divisivis
3198 2874 3518 2931 dilTerentiis
3564 2874 3647 2929 im

2050 2964 2329 3032 teremptis
2374 2979 2481 3019 non
2528 2964 2844 3035 perimitur,
2893 2965 2985 3020 sed
3043 2974 3225 3027 manet
3270 2965 3325 3019 in
3382 2965 3480 3031 iis,
3528 2979 3647 3035 qua

2046 3056 2164 3124 ejus
2187 3057 2542 3112 constitutivm
2566 3066 2712 3117 sunt,
2727 3072 2847 3128 qua:
2869 3055 2986 3126 ejus
3002 3055 3226 3111 formam
3244 3054 3645 3110 diiiinitionem-

2049 3163 2155 3217 que
2186 3148 2509 3217 perﬁciunt:
2543 3164 2771 3220 cumque
2799 3147 3117 3203 dill'erentia:
3154 3146 3393 3202 divisivas
3430 3146 3646 3216 generis

349 3260 535 3303 natura
561 3250 701 3318 prius
720 3257 794 3302 est
823 3247 953 3301 illud
980 3247 1063 3299 cui
1089 3245 1274 3298 accidit
1300 3260 1454 3315 quam
1482 3245 1733 3299 accidens.
1765 3246 1829 3299 Et
1850 3262 1940 3317 ge-
1968 3230 2017 3295 C
2046 3240 2329 3310 speciebus
2384 3242 2493 3296 sint
2543 3242 2748 3309 priores
2799 3243 2965 3314 (ipsa:
3012 3243 3155 3297 enim
3192 3240 3400 3310 species
3429 3238 3645 3296 confor-

348 3359 468 3397 nera
506 3342 712 3413 quidem
750 3357 864 3411 qua:
900 3340 1230 3412 participant,
1287 3340 1550 3408 (equaliter
1606 3340 1934 3409 participant,

347 3433 628 3487 accidentia
667 3447 782 3485 vero
827 3447 925 3484 non
976 3429 1257 3497 a'qualiter.
1302 3427 1652 3483 lntensionem
1703 3430 1837 3483 enim
1890 3439 1939 3483 et

298 3530 301 3531 ⁷
347 3524 694 3578 remissionem
722 3522 931 3590 suscipit
952 3520 1292 3574 accidentium
1318 3521 1659 3590 participatio,
1694 3537 1937 3591 generum

346 3629 461 3668 vero
488 3614 715 3667 minime.
768 3611 832 3665 Et
858 3612 1146 3665 accidentia
1174 3612 1374 3679 quidem
1404 3612 1757 3682 principaliter
1780 3616 1834 3667 in
1854 3614 1937 3667 in-

347 3707 569 3761 dividuis
603 3707 918 3772 consistunt;
946 3720 1132 3775 genera
1160 3721 1273 3758 vero
1302 3714 1350 3758 et
1395 3707 1582 3776 species
1633 3706 1937 3761 naturaliter

348 3799 525 3867 priora
554 3804 670 3851 sunt
698 3797 973 3850 individuis
998 3797 1313 3849 substantiis.
1348 3794 1413 3850 Et
1441 3813 1624 3866 genera
1647 3800 1851 3869 quidem
1877 3801 1933 3852 in

353 3905 413 3942 ro
456 3891 589 3958 quod
635 3887 755 3957 quid
801 3888 863 3941 sit
912 3890 1252 3957 praedicantur
1294 3889 1357 3940 de
1405 3890 1482 3941 Itis
1527 3906 1642 3958 qua:
1677 3892 1769 3944 sub
1806 3892 1934 3961 ipsis

354 3989 473 4034 sunt
506 3994 525 4032 :
554 3978 834 4032 accidentia
858 3994 974 4032 vero
1003 3982 1053 4032 in
1087 3996 1144 4034 eo
1181 3980 1318 4049 quod
1350 3981 1500 4048 quale
1520 3981 1713 4051 aliquid
1736 3982 1824 4047 sit,
1856 3984 1933 4036 vel

349 4076 608 4143 quomodo
678 4090 733 4128 se
790 4074 939 4128 habet
986 4076 1374 4146 unumquodque
1404 4076 1613 4145 :qualis
1664 4087 1737 4130 est
1796 4080 1930 4132 enim

352 4168 971 4240 rEthiopsinterrogatus,
996 4170 1149 4234 dicis,
1172 4171 1335 4239 niger;
1356 4178 1405 4224 et
1426 4171 1930 4244 quoutodogStrcrates

346 4278 398 4315 se
422 4260 590 4325 habet,
615 4260 765 4327 dicis,
792 4262 931 4315 sedet
961 4261 1037 4315 vel
1063 4260 1309 4314 ambulat.

419 4352 781 4408 Dili'erentiam
817 4353 1033 4423 generis
1081 4362 1135 4406 et
1178 4352 1469 4408 accidentis
1508 4353 1645 4411 hanc
1697 4356 1927 4426 primum

349 4445 615 4513 preponit,
634 4444 776 4514 quod
804 4459 974 4515 genus
1002 4444 1216 4513 quidem
1240 4455 1365 4501 ante
1386 4448 1595 4516 species
1622 4448 1712 4513 sit,
1729 4450 1930 4520 quippe

348 4536 485 4603 quod
534 4540 769 4592 materiai
824 4537 943 4592 loco
985 4547 1089 4602 est,
1140 4545 1198 4592 et
1232 4538 1546 4593 dill'ercntiis
1585 4540 1925 4597 informatum

349 4630 552 4697 species
577 4630 764 4699 gignit,
798 4638 852 4683 at
879 4644 1008 4684 vero
1034 4630 1284 4685 accidens
1311 4646 1433 4687 esse
1464 4642 1580 4702 post
1614 4635 1821 4703 species
1848 4635 1930 4689 iu-
1957 4616 2011 4676 Ῐ)

348 4721 571 4774 venitur.
605 4722 829 4790 Oportet
856 4723 999 4776 enim
1033 4721 1179 4791 prius
1206 4738 1326 4778 esse
1351 4724 1434 4778 cui
1467 4724 1661 4794 aliquid
1694 4726 1925 4791 accidat,

346 4824 460 4883 post
490 4829 618 4870 vero
646 4813 821 4883 ipsum
853 4814 1102 4869 accidens
1129 4817 1498 4885 supervenire;
1531 4832 1651 4871 nam
1680 4818 1724 4873 si
1749 4819 1929 4887 subje-

346 4921 485 4964 ctum
519 4925 622 4964 non
654 4910 725 4963 sit
752 4909 895 4979 quod
925 4910 1205 4979 suscipiat,
1234 4909 1481 4965 accidens
1520 4926 1641 4966 esse
1685 4927 1790 4966 non
1834 4928 1930 4982 po-

347 5004 485 5057 terit.
530 5002 682 5069 Quod
729 5004 774 5056 si
818 5017 988 5072 genus
1032 5003 1245 5074 quidem
1296 5004 1577 5073 speciebus
1629 5004 1925 5073 subjectum

346 5105 446 5163 cst,
478 5111 583 5151 non
616 5106 842 5165 possunt
873 5110 994 5151 esse
1036 5096 1247 5166 species
1288 5096 1391 5151 nisi
1425 5096 1503 5151 eis
1550 5112 1739 5166 genus,
1788 5098 1932 5151 velut

344 5188 563 5242 materia
594 5196 923 5257 supponatur
953 5203 970 5241 :
1003 5187 1299 5243 accidentia
1334 5203 1464 5244 vero
1508 5204 1629 5244 esse
1671 5204 1774 5242 non
1808 5204 1931 5259 pos-

342 5289 465 5334 sunt
492 5279 594 5333 nisi
618 5281 695 5333 eis
719 5280 929 5348 species
954 5288 1308 5350 supponatur,
1341 5294 1462 5333 nam
1489 5280 1826 5334 manifestum
1847 5289 1931 5336 est

339 5386 513 5439 genus
568 5371 777 5438 quidem
833 5381 958 5427 ante
1005 5373 1215 5443 species
1269 5386 1412 5437 esse,
1452 5370 1747 5426 accidentia
1804 5386 1934 5430 vero

340 5470 464 5533 post
497 5462 721 5530 species.
752 5464 957 5521 liursus
991 5467 1091 5520 alia
1128 5466 1451 5530 dill'erentia,
1482 5466 1735 5535 quoniam
1764 5481 1932 5535 genus

341 5567 521 5625 neque
547 5552 899 5609 intensionem
927 5570 1103 5627 neque
1134 5557 1509 5614 remissionem
1540 5557 1813 5626 suscipere
1839 5574 1931 5626 po-

338 5657 466 5714 test,
500 5661 610 5717 quo
651 5646 713 5700 lit
748 5656 803 5700 ut
840 5662 959 5718 qua:
997 5651 1378 5720 participabant
1409 5663 1631 5720 genere,
1661 5650 1933 5718 aequaliter

340 5741 459 5809 ejus
484 5753 681 5795 nomen
705 5738 1187 5813 diltinitionemque
1217 5743 1509 5812 suscipiant
1541 5758 1554 5794 :
1582 5756 1769 5796 omnes
1791 5745 1929 5797 enim

343 5832 586 5892 homines
636 5831 924 5895 aqualiter
966 5833 1211 5891 animalia
1252 5844 1393 5900 sunt,
1434 5834 1735 5898 eodemque
1772 5836 1933 5892 modo

2047 3346 2196 3389 mant
2224 3348 2381 3405 atque
2411 3334 2789 3405 conetituunt),
2821 3351 2926 3389 non
2958 3343 3040 3390 est
3067 3334 3287 3390 dubium
3317 3335 3445 3405 quin
3473 3324 3644 3404 genus

2046 3429 2207 3483 etiam
2240 3430 2588 3497 pereuntibus
2637 3427 2924 3498 speciebus
2962 3427 3133 3499 possit
3172 3429 3223 3483 in
3268 3416 3484 3499 propria
3524 3442 3644 3497 per~

2047 3536 2267 3575 manere
2295 3520 2613 3587 substantia,
2648 3522 2720 3575 ita
2750 3520 2816 3576 de
2844 3520 3025 3589 specie
3050 3533 3367 3590 permanere
3395 3518 3643 3574 substan-

2044 3620 2173 3673 tiam
2220 3618 2364 3674 idem
2406 3618 2474 3675 de
2513 3618 2797 3687 Speciebus
2842 3616 3042 3673 dictum
3100 3616 3189 3672 sit.
3233 3615 3452 3684 Species
3497 3613 3642 3669 enim

2043 3712 2417 3783 superioribus
2461 3710 2805 3776 dili'ereutiis,
2850 3726 2954 3765 non
3003 3710 3396 3781 posterioribus
3448 3706 3642 3785 indivi-

2044 3805 2187 3869 duis,
2221 3805 2535 3860 formantur.
2582 3806 2713 3873 Qua:
2759 3820 2880 3860 cum
2932 3804 3005 3859 ita
3035 3804 3162 3874 sint,
3190 3806 3400 3874 species
3429 3816 3641 3873 quoque

2043 3904 2169 3950 alite
2211 3895 2483 3951 individua
2531 3896 2876 3951 subsistunt:
2906 3895 3203 3950 accidentia
3250 3910 3375 3950 vero
3407 3894 3507 3950 nisi
3533 3894 3641 3949 sint

2041 3986 2236 4055 quibus
2261 3986 2525 4051 accidunt,
2554 4000 2677 4040 esse
2707 4001 2811 4038 non
2844 3994 3065 4055 possunt
3099 4003 3111 4038 :
3142 3986 3301 4040 nullis
3332 4002 3461 4041 vero
3485 3988 3637 4057 prius

2040 4080 2294 4135 accidunt
2325 4095 2486 4151 quam
2514 4078 2827 4133 individuis.
2863 4078 2990 4131 llaec
3032 4078 3181 4132 enim
3209 4079 3541 4147 generationi
3584 4089 3638 4133 et

2040 4174 2369 4243 corruptioni
2418 4174 2724 4243 supposita,
2782 4173 2948 4228 variis
2997 4187 3213 4242 semper
3270 4171 3636 4229 accidentibus

1989 4304 1993 4306 ν
2040 4278 2435 4341 permutantur.
2472 4271 2617 4325 lllam
2661 4284 2876 4341 quoque
2923 4278 3241 4327 annnmerat
3278 4267 3636 4324 dill'erentiam

2038 4377 2157 4432 qure
2175 4363 2315 4418 dicta
2335 4372 2418 4418 est
2442 4362 2711 4433 super’ius,
2734 4361 2873 4433 quod
2894 4377 3087 4431 genus,
3120 4363 3245 4433 quia
3269 4376 3380 4427 rem
3411 4361 3636 4417 demon-

2038 4468 2175 4513 strat
2223 4468 2278 4514 et
2321 4459 2389 4514 de
2429 4458 2732 4514 substantia
2778 4456 3121 4524 praedicatur,
3155 4457 3207 4512 in
3239 4470 3305 4511 eo
3334 4455 3477 4525 quod
3506 4455 3637 4527 quid

2038 4561 2125 4606 est
2152 4552 2352 4607 dicitur
2386 4569 2398 4604 :
2433 4550 2684 4606 accidens
2708 4564 2835 4604 vero
2881 4550 2932 4603 in
2964 4564 3028 4605 eo
3056 4546 3197 4618 quod
3227 4546 3383 4616 quale
3412 4558 3511 4614 εει,
3544 4555 3636 4605 aut

2039 4642 2096 4696 in
2127 4656 2194 4696 eo
2222 4641 2362 4709 quod
2392 4641 2660 4709 quomodo
2700 4654 2822 4694 sese
2862 4638 3022 4693 habet
3060 4653 3146 4692 res
3180 4655 3193 4689 :
3225 4652 3347 4691 nam
3379 4637 3423 4690 si
3454 4637 3632 4705 quali-

2042 4728 2207 4786 tatem
2236 4731 2553 4800 interroges,
2577 4729 2823 4784 accidens
2848 4726 3279 4797 respondebitur,
3307 4737 3361 4780 ut
3385 4726 3430 4780 si
3456 4724 3632 4796 qualis

2038 4832 2122 4878 est
2151 4822 2383 4877 corvus?
2414 4822 2585 4889 niger.
2618 4820 2675 4875 Si
2704 4818 2974 4889 quomodo
3013 4833 3072 4875 se
3103 4817 3297 4873 habet?
3336 4810 3478 4874 aliud
3509 4834 3631 4874 rur-

2039 4932 2133 4971 sus
2160 4915 2431 4979 accidens,
2460 4923 2550 4969 aut
2572 4913 2744 4978 sedet,
2785 4922 2878 4967 aut
2907 4912 3068 4980 volat,
3103 4920 3196 4966 aut
3223 4913 3468 4969 crocitat.
3496 4911 3628 4966 Nam

2041 5024 2163 5064 cum
2224 5007 2473 5064 accidens
2523 5007 2578 5061 in
2635 5020 2825 5060 novem
2881 5004 3295 5075 praedicamenta
3342 5002 3628 5062 dividatur.

2042 5103 2382 5171 qualitatem,
2416 5100 2797 5170 quantitatem,
2830 5096 2895 5152 ad
2934 5096 3155 5166 aliquid,
3186 5095 3295 5160 ubi,
3325 5094 3508 5156 situm,
3540 5089 3629 5143 ha-

1998 5226 1999 5229 η
2041 5197 2233 5260 hitum,
2276 5194 2512 5263 quando,
2548 5193 2746 5256 facere,
2786 5193 2916 5261 pati,
2966 5200 3157 5246 cmtera
3198 5186 3414 5255 quidem
3451 5183 3628 5238 omnia

2041 5287 2095 5340 in
2121 5283 2389 5355 quomodo
2418 5299 2478 5339 se
2504 5283 2668 5337 habet
2699 5282 3120 5350 interrogatione
3150 5284 3419 5345 ponuntur
3444 5292 3456 5327 :
3490 5290 3626 5344 qua-

2048 5378 2172 5433 litas
2199 5392 2325 5431 vero
2349 5376 2400 5430 in
2431 5374 2701 5445 qualitatis
2731 5372 3091 5427 sciscitatione
3118 5365 3429 5435 responderi
3452 5366 3629 5421 solet:

2048 5482 2170 5523 nam
2202 5469 2246 5520 si
2299 5468 2689 5534 interrogemur
2731 5461 3016 5532 qualiscst
3039 5457 3304 5526 Ethiops,
3340 5456 3628 5527 responde-

2043 5562 2216 5613 himns
2248 5557 2520 5620 accidens,
2566 5556 2615 5609 id
2650 5562 2733 5609 est
2779 5552 2952 5622 niger.
2985 5552 3040 5607 Si
3071 5549 3344 5621 quomodo
3373 5564 3432 5604 se
3470 5548 3629 5607 habet

2039 5653 2309 5715 Socrates,
2346 5657 2469 5701 tunc
2506 5645 2733 5705 dicimus
2784 5651 2875 5697 aut
2914 5641 3085 5709 sedet,
3118 5640 3520 5707 autambulat,
3541 5650 3629 5703 aut

2045 5742 2382 5809 superiorum
2410 5736 2622 5807 aliquod
2650 5735 3030 5792 accidentium.
3542 5739 3551 5749 '

2117 5832 2288 5889 Genus
2304 5833 2474 5891 itaque
2487 5830 2739 5899 quomodo
2756 5826 2818 5883 ab
2835 5828 2952 5885 aliis
2971 5836 3186 5899 quatuor
3207 5827 3413 5897 (lilia-at
3439 5826 3472 5882 d
3483 5827 3626 5884 "ctunt
