4244 6254
652 353 761 409 »ίθλΠ

1900 355 2010 409 ΑΝ.
2052 354 2259 413 MANL.
2301 357 2454 414 SEV.
2500 359 2724 417 ΒΟΕΊῚΙ

3839 376 3943 425 148

657 483 753 529 est.
779 472 1037 545 Confugit
1064 478 1236 525 autem
1262 472 1417 524 etiam
1461 472 1856 542 unumuodque
1884 471 2121 552 aliorum.
2140 474 2250 542 dif-
2281 476 2332 534 Α
2354 482 2528 529 decem
2548 487 2698 531 erunt
2730 464 2923 543 omnes,
2957 496 3172 549 quantm
3199 490 3419 550 quatuor
3447 496 3561 550 qua
3583 491 3720 535 erant
3746 498 3940 551 generis

659 570 792 636 ferre
816 566 879 617 ab
903 562 1021 616 aliis
1060 572 1331 633 quatuor»:
1372 570 1429 616 ut
1475 580 1589 616 cum
1629 564 1851 634 quinque
1878 567 2085 635 quidem
2123 568 2246 635 sint,

614 688 621 693 -
654 666 700 708 et
731 656 1131 723 unumquodque
1152 654 1217 707 ab
1240 653 1358 707 aliis
1385 661 1605 722 quatuor
1631 655 1856 721 differat,
1898 667 2075 725 quater
2099 660 2249 726 quin-

654 766 745 818 que
772 749 951 819 viginti
980 749 1109 817 fiant
1141 763 1314 801 omnes
1344 746 1679 814 differentia;
1705 749 1793 801 sed
1822 765 1919 801 non
1958 750 2032 802 sic
2070 767 2123 803 se
2168 767 2248 806 res

655 844 826 909 liabet,
855 844 945 898 sed
970 860 1170 912 semper
1202 842 1565 911 posterioribus
1609 846 1937 911 enumeratis,
1979 854 2022 898 et
2066 861 2246 899 secun-

651 937 734 989 dis
778 938 981 1005 quidem
1026 952 1133 990 uua
1173 935 1467 1004 differentia
1508 938 1784 1005 superatis,
1814 952 2077 1008 prapterea
2123 942 2246 1006 quia

650 1032 757 1095 iam
812 1040 1016 1099 sumpta
1064 1038 1137 1082 est
1177 1044 1195 1081 :
1237 1027 1398 1099 tertiis
1441 1041 1557 1080 vero
1610 1027 1829 1091 duabus,
1876 1031 2070 1096 quartis
2128 1046 2245 1083 rero

648 1123 831 1184 tribus,
861 1122 1049 1191 quintis
1097 1136 1214 1175 vero
1248 1128 1493 1188 quatuor,
1526 1118 1699 1171 decem
1740 1118 1866 1185 ﬁunt
1897 1135 2068 1171 omnes
2095 1119 2246 1185 diffe-

649 1215 844 1281 rentiaz,
876 1223 1115 1281 quatuor,
1159 1222 1280 1273 tres,
1337 1210 1472 1272 duce,
1508 1204 1633 1261 uua.
1686 1206 1859 1261 Genus
1910 1211 2090 1261 eten'm
2144 1225 2245 1277 quo

649 1308 819 1376 differt
870 1326 901 1361 a
950 1306 1242 1374 differentia
1283 1313 1328 1356 et
1370 1318 1407 1354 ιι
1451 1302 1637 1369 specie,
1688 1311 1735 1353 et
1769 1318 1800 1353 a
1843 1303 2072 1369 proprio,
2105 1302 2244 1353 etab

647 1400 904 1453 accidente
921 1400 1114 1451 dictum
1140 1408 1216 1449 est
1251 1411 1269 1449 :
1295 1408 1517 1464 quatuor
1546 1409 1668 1460 ergo
1695 1403 1811 1446 sunt
1854 1396 2051 1463 generis
2093 1393 2242 1457 diffe-

648 1492 870 1544 rentia:
903 1488 1195 1555 differentia
1239 1501 1356 1541 vero
1396 1503 1497 1550 quo
1534 1484 1708 1551 differt
1748 1500 1780 1535 a
1831 1500 2009 1552 genere
2050 1483 2243 1537 dictum

646 1590 739 1643 est,
772 1579 973 1647 quando
1013 1594 1112 1641 ouo
1154 1577 1328 1642 differt
1359 1594 1518 1649 genus
1556 1578 1619 1629 ab
1658 1593 1714 1628 ea
1749 1576 2050 1641 dicebatur;
2078 1577 2244 1641 relin-

646 1672 816 1739 quitur
855 1686 977 1737 ergo
1012 1685 1114 1738 quo
1156 1666 1363 1735 differat
1388 1685 1421 1721 a
1446 1668 1633 1735 specie,
1667 1667 1892 1735 praprio,
1922 1676 1968 1719 et
1989 1668 2243 1719 accidenti

644 1764 833 1826 dicere,
865 1772 910 1815 et
961 1762 1029 1814 ita
1075 1760 1205 1830 fiunt
1254 1768 1378 1814 tres.
1434 1758 1641 1825 Rursus
1674 1758 1863 1827 species
1908 1773 2004 1822 quo
2033 1759 2238 1829 quidem

2352 569 2421 621 ad
2452 570 2668 640 reliqua,
2697 572 2933 642 superius
2955 574 3433 629 demonstravimus.

2424 660 2686 724 Quoniam
2715 661 3048 717 differenti.=s
3088 672 3248 731 atque
3292 663 3702 717 communitates
3733 665 3938 735 generis

2351 748 2418 803 ad
2455 749 2837 818 differentiam,
2867 756 3123 820 Speciem,
3162 755 3430 823 proprium
3469 764 3629 823 atque
3670 756 3938 823 accidens,

2352 838 2493 893 idem
2523 856 2736 910 quoque
2776 840 2844 895 de
2873 842 3084 896 catetis
3116 841 3291 896 facere
3319 828 3651 898 contendens
3681 845 3938 914 pradcit.

2352 938 2483 995 quot
2537 945 2727 985 omnes
2777 930 3092 985 differentia
3142 939 3363 998 possunt
3392 946 3513 986 esse.
3554 950 3673 1003 qua
3720 936 3860 989 inter
3885 952 3940 993 se

2354 1020 2681 1085 comparatis
2704 1020 3109 1089 commistisque
3142 1022 3301 1076 rebus
3328 1021 3393 1077 iis
3423 1038 3541 1094 qua
3572 1040 3730 1095 supra
3757 1028 3941 1097 posita

2351 1121 2477 1166 sunt
2504 1112 2823 1167 efficiantur.
2856 1113 2996 1168 Sunt
3024 1122 3202 1168 autem
3245 1115 3449 1185 viginti,
3484 1133 3605 1172 nam
3635 1116 3940 1189 coinquin-

2320 1240 2323 1241 ν
2352 1218 2456 1271 que
2485 1204 2593 1258 sint
2625 1219 2732 1268 res,
2758 1216 2811 1260 et
2838 1221 3172 1275 unaquaque
3200 1222 3287 1262 res
3307 1222 3487 1262 earum
3515 1226 3544 1263 a
3574 1222 3799 1280 quatuor
3820 1212 3938 1268 aliis

2353 1293 2585 1358 differat,
2611 1295 2893 1364 quinquies
2922 1306 3111 1365 quater
3152 1296 3466 1353 diﬂ‘erentia
3497 1299 3646 1367 fiunt,
3678 1302 3818 1371 quod
3848 1319 3939 1371 ap~

2351 1386 2648 1456 positarum
2700 1388 2998 1442 litterarum
3064 1389 3444 1447 manifestatur
3499 1395 3763 1463 exemplo.
3818 1396 3938 1452 Sint

2350 1478 2581 1544 quinque
2602 1492 2689 1531 res
2708 1477 2869 1531 veluti
2899 1479 3137 1548 quinque
3158 1478 3352 1535 littera
3374 1498 3426 1546 a,
3442 1481 3490 1547 b,
3510 1499 3556 1547 c,
3572 1484 3627 1549 d,
3648 1502 3675 1537 e
3693 1500 3713 1538 .'
3728 1485 3937 1543 differat

2348 1564 2509 1635 igitur
2542 1582 2573 1617 a
2614 1565 2826 1635 quidem
2870 1566 2939 1621 ab
2979 1568 3098 1622 aliis
3121 1578 3367 1638 quatuor,
3402 1570 3453 1625 id
3494 1585 3574 1626 est
3618 1574 3668 1639 b,
3710 1592 3755 1640 c,
3788 1578 3843 1643 ά,
3871 1593 3937 1643 e;

2349 1658 2477 1711 fient
2522 1667 2751 1727 quatuor
2789 1658 3134 1726 differentia;
3192 1678 3377 1719 rursus
3405 1665 3433 1717 b
3483 1664 3696 1721 differat
3723 1669 3789 1722 ab
3817 1669 3935 1726 aliis

2346 1756 2604 1816 quatuor,
2649 1749 2697 1802 id
2755 1758 2838 1803 est
2887 1768 2940 1816 a,
2980 1768 3028 1814 c,
3063 1751 3117 1815 d,
3148 1769 3209 1818 e;
3238 1760 3620 1819 ‘erttnt‘rursus
3668 1770 3933 1828 quatuor,

645 1855 817 1921 differt
850 1872 879 1905 a
917 1852 1455 1919 differentia,dictum
1494 1860 1588 1919 est,
1630 1851 1837 1919 quando
1877 1866 1978 1913 quo
2008 1850 2233 1917 differta

2326 1860 2463 1912 qua
2483 1840 2849 1912 superioribus
2869 1845 3066 1912 juncta
3080 1857 3202 1899 octo
3224 1847 3585 1918 conjungunt;
3613 1866 3640 1902 c
3664 1866 3791 1907 vero
3823 1862 3934 1907 ter-

644 1947 808 2011 sperie
850 1944 1141 2011 differentia
1183 1942 1445 1996 dicebatur
1473 1958 1490 1995 :
1519 1952 1566 1995 et
1596 1957 1696 2008 quo
1725 1940 1928 2007 differat
1959 1958 1988 1992 a
2028 1956 2231 2009 genere,

642 2042 834 2093 dictum
863 2048 933 2091 est
961 2036 1171 2106 quando
1192 2051 1292 2101 quo
1322 2032 1529 2099 differat
1560 2047 1719 2102 genus
1763 2047 1794 2082 a
1842 2031 2005 2096 specie
2033 2030 2238 2083 diceba-

644 2145 727 2187 tur
755 2149 771 2185 :
798 2131 1047 2199 reliquum
1077 2137 1149 2180 est
1178 2127 1337 2197 igitur
1360 2141 1460 2194 quo
1498 2122 1706 2191 differat
1752 2123 1940 2191 species
1969 2137 1999 2173 a
2026 2121 2234 2188 praprio

641 2236 688 2277 et
718 2225 780 2276 ab
809 2220 1059 2274 accidenti
1090 2218 1274 2279 dicere,
1308 2227 1351 2268 et
1378 2226 1494 2268 sunt
1526 2213 1644 2267 duae
1664 2212 1739 2264 fur
1771 2211 2094 2277 differentia.
2122 2212 2235 2274 Quo

638 2324 810 2366 autem
840 2308 1009 2376 differt
1040 2307 1307 2376 proprium
1349 2306 1411 2356 ab
1456 2302 1706 2355 accidenti
1736 2300 2061 2365 relinquitur.
2093 2298 2231 2354 Nam

628 2420 739 2477 quo
763 2422 793 2455 a
813 2416 993 2473 genere
1012 2409 1055 2450 et
1078 2397 1265 2465 specie,
1292 2405 1337 2447 et
1362 2392 1651 2459 differentia
1678 2390 1908 2458 differat,
1938 2407 1981 2458 pi
1999 2392 2233 2443 (edictum

638 2506 710 2551 est
758 2497 810 2548 in
858 2494 1067 2547 illorum
1114 2489 1182 2540 ad
1222 2487 1389 2556 ipsum
1439 2482 1743 2549 differentiis
1777 2497 2034 2548 :quauor
2079 2482 2233 2552 igitur

638 2587 853 2657 sumptis
892 2582 1086 2653 generis
1122 2577 1424 2645 differentiis
1461 2576 1527 2626 ad
1576 2576 1701 2637 alia,
1746 2573 1909 2628 tribus
1936 2590 2050 2627 vero
2081 2573 2228 2641 diffe-

618 2681 831 2743 rrentite,
860 2676 1059 2730 duabus
1080 2671 1287 2743 speciei,
1316 2684 1420 2722 una
1448 2676 1619 2719 autem
1643 2665 1840 2733 praprii
1868 2665 1935 2717 ad
1964 2668 2226 2730 accidens,

1246 2773 1980 3333 Μ

2290 3016 2293 3023 λ

2096 2867 2433 3337 Α

2394 3282 2399 3289 ι

2344 1939 2415 1989 tia
2446 1951 2475 1989 a
2507 1926 2722 2005 reliquis
2744 1936 2921 1990 differt
2941 1946 3191 2007 quatuor,
3217 1939 3464 1994 videlicet
3492 1957 3545 2007 a,
3579 1940 3627 2005 b,
3659 1944 3713 2006 d,
3744 1960 3933 2015 e,qua

2342 2037 2573 2097 quatuor
2610 2027 2926 2082 differentia
2956 2030 3323 2097 superioribus
3352 2042 3473 2086 octo
3501 2035 3760 2102 copulata
3802 2037 3933 2091 (ιιιο-

2343 2119 2513 2173 decim
2545 2116 2803 2183 reddunt;
2836 2129 3024 2188 quarta
3064 2121 3119 2191 d,
3152 2121 3197 2173 si
3225 2122 3443 2190 reliquis
3465 2135 3692 2193 quatuor
3712 2142 3932 2193 compa-

2338 2218 2507 2274 retur,
2540 2208 2716 2263 differt
2753 2225 2903 2277 aque
2935 2209 3001 2261 ab
3025 2210 3250 2278 eisdem,
3281 2213 3331 2265 id
3374 2223 3455 2266 est
3484 2230 3534 2276 a,
3562 2216 3610 2278 b,
3634 2233 3681 2281 ε,
3712 2234 3779 2281 ε;
3807 2218 3933 2272 fient

2342 2302 2501 2371 igitur
2521 2316 2709 2355 rursus
2734 2311 2987 2369 quatuor,
3015 2317 3135 2369 qua
3162 2304 3528 2371 superioribus
3552 2322 3626 2359 xu
3652 2308 3929 2375 apposita,

2340 2410 2425 2449 xvr
2457 2396 2724 2464 copulant.
2755 2393 2906 2459 Quod
2954 2394 2997 2446 si
3054 2393 3236 2449 ultima
3267 2413 3293 2448 e
3336 2398 3402 2451 ab
3429 2398 3547 2453 aliis
3575 2410 3800 2466 quatuor
3830 2400 3931 2453 dif-

2343 2478 2499 2551 ferat,
2525 2483 2772 2539 videlicet
2803 2501 2856 2550 a,
2884 2485 2931 2547 b,
2960 2501 3008 2550 c,
3035 2486 3090 2549 d,
3125 2484 3253 2539 fient
3283 2488 3400 2541 alia
3424 2484 3650 2557 quatuor
3680 2490 3930 2545 differen-

2344 2575 2454 2641 tia,
2483 2590 2620 2645 qua,
2654 2574 2965 2643 composita
3006 2574 3305 2643 prioribus,
3337 2594 3402 2631 xx
3438 2582 3748 2647 perficiunt,
3781 2591 3835 2636 et
3859 2585 3929 2641 sit

2342 2666 2555 2730 quidem
2581 2664 2887 2736 hujusmodi
2905 2664 3213 2735 descriptio.

2545 2776 3289 3339 Μ

1250 3364 2870 3467 bcde-aCde.ahde-..ahce
2955 3389 3331 3473 θυι)αά

636 3543 913 3609 Quacum
942 3543 1014 3600 ita
1052 3548 1179 3611 sint,
1209 3546 1262 3601 in
1297 3548 1582 3617 generibus
1606 3548 1911 3617 quoqne‘et
1938 3547 2218 3615 speciebus
2253 3549 2299 3610 C
2331 3561 2361 3599 a
2387 3545 2586 3615 specie,
2612 3546 2829 3615 proprio
2862 3553 3022 3613 atque
3046 3545 3311 3599 accidenti
3338 3564 3350 3598 :
3383 3545 3477 3599 sed
3509 3559 3617 3614 quo
3646 3544 3919 3617 discrepet

634 3643 689 3691 et
712 3634 921 3691 cateris
950 3636 1088 3692 idem
1138 3638 1589 3693 considerab'tur.
1627 3638 1796 3691 Erunt
1838 3653 1965 3708 ergo
1994 3646 2226 3707 quatuor

634 3728 978 3797 differentia,
1012 3732 1205 3801 quibus
1247 3747 1413 3804 genus
1440 3748 1467 3785 a
1493 3732 1815 3793 differentia,
1843 3734 2054 3801 specie,
2100 3749 2223 3799 pro-

634 3821 770 3890 prio,
802 3822 1170 3892 accidentiqne
1206 3822 1547 3895 disiungitur.
1585 3825 1717 3878 Alia
1756 3837 1942 3878 rursus
1970 3834 2220 3894 quatuor,

634 3913 828 3980 quibus
872 3911 1176 3971 differentia
1219 3932 1247 3970 a
1276 3932 1494 3987 genere,
1530 3918 1743 3986 specie,
1796 3918 2010 3987 proprio
2061 3929 2221 3986 atque

639 4006 905 4062 accidenti
934 4008 1223 4078 discrepat.
1249 4008 1452 4064 Rursus
1472 4018 1702 4080 quatuor
1722 4010 1917 4078 Speciei
1946 4010 2009 4062 ad
2026 4024 2217 4078 genus,

628 4097 1006 4167 differentiam,
1030 4100 1303 4170 proprium
1334 4113 1495 4172 atque
1508 4101 1778 4156 accidens.
1795 4100 2039 4168 Quatuor
2054 4100 2216 4155 etiam

630 4192 829 4261 proprii
858 4193 924 4245 ad
972 4208 1170 4262 genus,
1202 4194 1561 4249 differentiam
1588 4236 1598 4253 ,
1642 4194 1874 4262 speciem
1894 4236 1907 4257 ,
1943 4204 2102 4262 atque
2130 4208 2217 4245 ae—

629 4282 832 4336 eidens.
867 4282 1110 4348 Quatuor
1159 4284 1379 4351 insuper
1429 4284 1725 4338 accidentis
1765 4283 1829 4337 ad
1876 4300 2046 4353 genus
2071 4326 2085 4347 ,
2117 4286 2217 4336 dif-

627 4372 932 4440 ferentiam,
966 4375 1202 4443 speciem
1234 4384 1393 4444 atque
1423 4377 1694 4444 proprium
1720 4392 1732 4428 :
1766 4390 1884 4443 qua
1914 4375 2215 4444 conjuncta

625 4479 816 4520 omnes
856 4468 1046 4537 viginti
1077 4468 1348 4537 explicant
1394 4467 1746 4523 differentias.
1789 4468 1893 4521 Sed
1927 4467 2027 4520 bne
2053 4468 2140 4521 fiet
2169 4468 2211 4520 si

624 4555 689 4609 ad
717 4558 925 4611 numeri
960 4559 1225 4613 referatur
1252 4568 1496 4613 naturam
1524 4600 1540 4625 ,
1584 4558 2109 4628 comparationisquu
2140 4559 2216 4611 al-

626 4649 1021 4704 ternationem:
1056 4665 1178 4704 nam
1206 4650 1253 4705 si
1275 4649 1340 4704 ad
1372 4650 1515 4718 ipsas
1541 4650 1965 4704 differentiarum
1996 4660 2214 4703 naturas

621 4741 850 4809 vigilans
879 4742 1049 4797 lector
1077 4742 1325 4813 aspiciat,
1357 4743 1571 4797 easdem
1604 4758 1748 4813 saepe
1776 4752 2018 4811 sumptas
2054 4741 2209 4797 diffe-

608 4831 823 4882 rentias
844 4832 1098 4887 inveniet.
1131 4836 1247 4900 Quo
1267 4835 1409 4889 enim
1439 4850 1611 4904 genus
1639 4834 1865 4888 differta
1888 4834 2209 4897 differentia,

2330 3651 2360 3689 a
2387 3651 2586 3704 genere
2610 3634 2727 3705 jam
2759 3636 3007 3705 superius
3048 3636 3373 3703 explicatum
3416 3645 3524 3704 est,
3565 3650 3687 3691 cum
3715 3636 3919 3692 dicere-

2330 3742 2450 3783 mus
2501 3742 2608 3797 quo
2655 3742 2825 3799 genus
2871 3744 2903 3781 a
2946 3726 3245 3783 differentia
3276 3727 3623 3795 discreparet.
3670 3728 3918 3785 Detracta

2328 3820 2490 3889 igitur
2516 3819 2616 3874 hac
2654 3821 3059 3889 comparatione
3079 3864 3093 3888 ,
3122 3820 3375 3889 quoniam
3401 3833 3565 3889 supra
3584 3834 3918 3875 commemo-

2328 3922 2443 3967 rata
2472 3921 2573 3979 est,
2604 3913 2984 3983 relinquuntur
3011 3923 3121 3968 tres
3149 3912 3547 3982 discrepantia,
3586 3912 3781 3982 quibus
3808 3913 3889 3968 dif
3895 3942 3915 3954 -

2328 4006 2554 4062 ferentia
2581 4021 2612 4061 a
2640 4006 2841 4074 specie,
2894 4004 3132 4076 proprio,
3179 4006 3549 4075 accidentique
3568 4003 3915 4075 disjungitur,

2326 4116 2445 4170 qua
2468 4100 2670 4169 juncta
2710 4114 2832 4154 cum
2865 4097 3233 4167 superioribus
3257 4108 3509 4167 quatuor.
3541 4107 3747 4166 septem
3788 4097 3915 4153 red-

2326 4195 2462 4248 dunt
2486 4192 2836 4248 differentias.
2870 4192 2999 4246 Post
3022 4192 3160 4245 hanc
3184 4192 3395 4259 species
3414 4192 3457 4246 si
3491 4198 3750 4255 sumatur,
3782 4204 3913 4259 qua-

2327 4296 2447 4339 tuor
2472 4285 2685 4354 quidem
2706 4285 2824 4354 ejus
2844 4294 3000 4338 erunt
3020 4283 3339 4339 differentia
3367 4282 3658 4337 secundum
3701 4284 3912 4337 numeri

2325 4376 2719 4440 diversitatem,
2745 4390 2866 4431 cum
2895 4376 2960 4429 ad
2990 4390 3181 4445 genus,
3210 4374 3601 4441 differentiam,
3636 4374 3909 4443 pr0prium

2323 4480 2484 4540 atque
2529 4468 2783 4524 accidens
2826 4479 3193 4539 comparatur,
3230 4468 3324 4523 sed
3360 4469 3566 4537 priores
3595 4467 3716 4522 dua
3759 4480 3912 4521 com-

2320 4564 2629 4632 parationes
2648 4562 2757 4631 jam
2791 4562 2949 4617 dicta
2978 4571 3141 4627 sunt;
3175 4576 3295 4615 nam
3324 4575 3431 4629 quo
3463 4561 3669 4629 species
3701 4556 3912 4612 differat

2320 4671 2349 4707 a
2378 4670 2575 4725 genere
2598 4664 2723 4710 tunc
2744 4655 2944 4709 dictum
2975 4666 3078 4717 εει,
3112 4669 3233 4709 cum
3262 4653 3389 4723 quid
3421 4667 3588 4723 genus
3611 4650 3851 4708 differret
3880 4665 3909 4703 a

2320 4747 2503 4816 specie
2514 4746 2821 4802 dicebamus
2838 4765 2849 4800 :
2867 4762 2973 4817 quo
2989 4762 3118 4802 vero
3134 4746 3345 4815 species
3372 4760 3399 4798 a
3430 4743 3729 4799 differentia
3753 4742 3912 4799 distet

2321 4850 2801 4894 commemoratum
2827 4852 2932 4907 est,
2958 4856 3081 4895 cum
3103 4839 3419 4895 differentia
3446 4839 3512 4893 ad
3544 4838 3778 4908 speciem
3804 4836 3913 4891 dis-

617 4918 808 4974 eodem
856 4921 1156 4977 differentia
1175 4924 1341 4977 distat
1366 4940 1642 4993 agenere;
1673 4935 1726 4978 et
1754 4941 1862 4993 quo
1909 4925 2209 4980 differentia
2242 4924 2296 4983 D
2323 4934 2706 4989 similitudines
2734 4933 3105 4990 redderemus.
3154 4934 3357 5000 Quibus
3387 4933 3645 4988 detractis
3673 4930 3793 4985 dua
3819 4944 3908 4983 su-

616 5009 779 5064 distat
806 5026 837 5063 a
868 5013 1069 5080 specie,
1102 5012 1291 5067 eodem
1317 5015 1526 5081 species
1553 5031 1583 5068 a
1607 5013 1908 5070 diffbreutia
1931 5016 2213 5085 disgrega-

616 5111 723 5169 tur,
757 5114 809 5158 et
840 5106 891 5159 in
929 5107 1143 5161 cateris
1190 5106 1379 5161 eodem
1432 5109 1615 5163 modo.
1648 5110 1702 5162 In
1739 5110 1835 5163 bac
1869 5110 2027 5178 igitur
2054 5110 2210 5166 diffe-

614 5196 912 5251 rentiarum
960 5196 1331 5266 dispositione,
1365 5214 1525 5269 quam
1552 5214 1715 5271 supra
1760 5200 1998 5270 disposui
2027 5244 2044 5269 ,
2078 5217 2199 5258 eas-

613 5287 737 5340 dem
766 5287 963 5356 sapius
1008 5291 1379 5345 annumerari.
1410 5290 1479 5345 At
1506 5290 1551 5344 si
1579 5290 2002 5347 differentiarum
2042 5294 2198 5349 simi-

616 5376 866 5435 Iitudines
885 5378 1254 5449 detrahamus,
1269 5379 1455 5436 decem
1478 5381 1610 5437 fient
1632 5381 1851 5438 omnino
1864 5383 2200 5452 differentia,

620 5483 753 5538 quas
779 5469 847 5525 ad
890 5482 1212 5541 praesentem
1259 5481 1541 5530 tractatum
1568 5474 1717 5531 velut
1762 5474 2005 5532 diversas
2048 5487 2208 5548 atque

615 5558 908 5618 dissimiles
935 5572 1151 5634 oportet
1177 5567 1399 5622 assumi.
1432 5568 1543 5637 Age
1568 5567 1711 5622 enim
1733 5565 1948 5623 differat
1973 5584 2144 5639 genus
2173 5585 2203 5624 a

614 5648 923 5708 diﬂerentia
942 5696 957 5719 ,
1004 5656 1201 5725 specie,
1231 5658 1445 5729 proprio
1470 5668 1632 5729 atque
1654 5658 1944 5727 accidenti,
1976 5670 2205 5730 quatuor

616 5732 957 5809 differentiis,
990 5760 1126 5814 quas
1154 5762 1315 5816 supra
1342 5748 1452 5819 jam
1479 5750 1735 5807 diximus.
1770 5752 1900 5807 item
1929 5767 2202 5807 sumamus

564 5829 973 5888 “differentiam
992 5873 1009 5898 ,
1040 5838 1261 5894 distabit
1284 5839 1398 5896 hac
1436 5856 1467 5894 a
1491 5857 1689 5911 genere
1718 5844 1973 5912 primum,
2004 5844 2199 5901 dehinc

2323 5036 2549 5093 persunt
2570 5028 2791 5097 integra
2821 5036 2981 5097 atque
3000 5028 3215 5083 intacta
3240 5028 3442 5097 speciei
3460 5024 3527 5080 ad
3559 5025 3830 5094 proprium
3852 5034 3908 5078 et

2318 5116 2569 5172 accidens
2592 5118 2986 5189 discrepantia.
3023 5122 3153 5187 Qua
3175 5120 3375 5189 juncta
3404 5133 3524 5172 cum
3546 5125 3780 5186 septem,
3811 5132 3908 5170 no~

2315 5223 2437 5261 vem
2466 5207 2798 5265 differentias
2837 5211 3122 5280 copulant:
3161 5209 3357 5277 praprii
3384 5223 3511 5263 vero
3540 5209 3585 5263 si
3612 5209 3676 5263 ad
3708 5225 3901 5263 nume-

2312 5314 2431 5353 rum
2454 5298 2771 5355 differentia
2803 5301 3231 5365 considerantur,
3256 5308 3484 5367 quatuor
3512 5311 3675 5355 erunt
3701 5301 3907 5357 scilicet

2320 5391 2387 5446 ad
2410 5406 2597 5461 genus,
2626 5392 3015 5459 differentiam,
3036 5392 3268 5462 speciem
3293 5401 3453 5461 atque
3474 5392 3725 5448 accidens
3753 5409 3905 5447 com-

2317 5484 2512 5552 parati,
2544 5499 2770 5553 quarum
2820 5484 3037 5551 quidem
3085 5492 3192 5537 tres
3243 5484 3556 5552 superiores
3586 5484 3902 5538 differentia

2315 5574 2424 5645 jam
2454 5576 2612 5631 dicta
2646 5586 2793 5632 sunt.
2817 5576 2949 5632 Nam
2978 5576 3105 5647 quid
3136 5593 3165 5630 a
3197 5592 3393 5648 genere
3420 5577 3882 5648 propriumdistat

2314 5677 2439 5722 tunc
2480 5669 2681 5723 dictum
2727 5678 2830 5733 est,
2859 5684 2981 5724 cum
3022 5670 3149 5738 quid
3184 5685 3352 5740 genus
3375 5686 3404 5725 a
3433 5672 3651 5740 pr0prio
3679 5670 3921 5725 distaret

2310 5759 2664 5814 ostendimus.
2700 5760 2906 5814 Rursus
2932 5762 3058 5830 quid
3081 5763 3355 5832 proprium
3396 5779 3424 5815 a
3456 5762 3754 5818 differentia
3786 5762 3901 5814 dis-

2310 5849 2596 5919 crepet,,in
2618 5849 2919 5922 colligenda
2946 5852 3202 5919 distantia
3247 5854 3563 5909 differentia
3584 5852 3901 5929 propriique
