4244 6254
355 475 461 534 MO

1219 467 1285 539 nt
1323 464 1769 524 murmurum
1807 460 2446 525 COMMENTARIURUM
2487 465 2613 521 ue.
2654 467 2719 525 v.

3514 470 3617 525 150

358 594 607 664 superius
655 590 1076 649 demonstratum
1116 596 1251 643 est:
1304 601 1430 645 nam
1479 585 1606 656 quid
1659 583 1931 655 proprium
1960 584 2203 651 Aatque
2231 582 2368 637 hanc
2403 584 2617 651 quidem
2663 586 2900 655 regulam
2940 585 3260 655 simpliciter
3287 602 3351 643 ac
3377 586 3497 643 sine
3519 584 3617 641 de-

362 687 569 743 dill‘erat
594 700 622 739 a
648 683 846 750 specie,
870 692 1001 737 tunc
1047 680 1350 751 expositum
1391 689 1493 745 est,
1539 678 1755 749 quando
1804 676 1933 747 quid

364 779 568 849 species
611 770 834 831 distaret
860 789 892 829 a
937 772 1153 843 proprio
1194 771 1493 848 dicebatur.
1548 770 1733 823 Restat
1774 769 1936 837 igitur

358 869 651 926 diderentia
685 882 786 921 una
818 865 1029 934 proprii'
1058 864 1123 921 ad
1153 864 1423 927 accidens,
1468 876 1609 931 quae,
1640 857 1932 926 superiori-

356 965 693 1032 busjuncta,
745 962 934 1017 decem
978 956 1309 1015 dili‘erentias
1360 954 1585 1009 claudit:
1643 949 1937 1006 accidentis

362 1071 484 1110 vero
508 1055 576 1110 ad
620 1063 818 1110 caetera
850 1059 1066 1122 possent
1108 1049 1322 1119 quidem
1378 1062 1497 1103 esse
1545 1055 1799 1116 quatuor,
1835 1040 1938 1098 nisi

354 1146 463 1216 jam
490 1162 676 1202 omnes
708 1145 1061 1215 probarentur
1105 1156 1225 1198 esse
1253 1150 1612 1208 consumptas.
1644 1137 1774 1191 Nam
1804 1135 1934 1205 quid

356 1238 569 1294 dil'fet‘at
616 1237 701 1293 vel
748 1250 937 1306 genus,
983 1235 1067 1290 vel
1115 1234 1450 1295 dili‘erentia,
1477 1232 1559 1289 vel
1583 1230 1819 1299 species,
1850 1228 1937 1283 vel

352 1330 634 1398 proprium
663 1328 733 1384 ab
773 1327 1038 1385 accidenti
1086 1342 1247 1395 supra
1296 1334 1647 1387 monstratum
1679 1330 1791 1377 est:
1839 1334 1939 1377 nec

356 1431 485 1481 sunt
519 1422 639 1491 plus
678 1420 908 1476 diversae
937 1418 1251 1481 ditl‘ereutiae
1302 1416 1596 1473 accidentis
1639 1415 1705 1469 ad
1745 1422 1940 1469 caetera

342 1528 525 1580 quam
560 1522 888 1566 casterorum
914 1511 979 1566 ad
1006 1510 1277 1566 accidens.
1310 1510 1491 1589 itaque
1516 1508 1598 1572 ﬁt,
1643 1516 1700 1561 ut
1724 1521 1846 1561 cum
1870 1506 1941 1560 sit

362 1604 604 1672 quinque
630 1617 809 1657 rerum
838 1617 1121 1667 numerus,
1167 1604 1211 1655 si
1243 1601 1411 1670 prima
1442 1608 1743 1655 assumatur
1764 1635 1779 1660 ,
1808 1611 1937 1665 quae

362 1705 489 1748 tuor
516 1694 646 1749 [iant
672 1687 1014 1759 dinei-entire;
1039 1694 1085 1747 si
1108 1692 1367 1757 secunda,
1401 1701 1526 1753 tres,
1550 1691 1936 1758 vincanturque

355 1784 612 1841 secundae
630 1787 715 1841 rei
740 1785 806 1842 ad
833 1793 1055 1840 caeteras
1089 1784 1439 1851 diﬂ’erentim,
1467 1798 1497 1837 a
1524 1782 1710 1853 primis
1739 1780 1807 1837 ad
1834 1796 1941 1835 eae-

350 1888 500 1933 teras
529 1893 633 1933 una
652 1874 1159 1931 tantumdistantia.
1193 1873 1321 1929 Nam
1350 1887 1470 1929 cum
1496 1873 1666 1942 prima
1691 1870 1940 1926 habuerit

2027 680 2427 734 monsfratione
2452 694 2593 736 nunc
2617 678 2835 734 dedisse
2863 678 3111 735 sufﬁciat.
3144 678 3200 734 In
3230 672 3617 749 priedicamenv

2028 782 2214 827 .torum
2249 786 2375 825 vero
2399 771 2762 841 eapositione,
2790 772 2927 825 ratio
2954 785 3165 841 quoque
3191 786 3285 825 cur
3316 771 3389 826 ita
3412 769 3485 826 sit
3525 784 3619 824 ex-

2030 865 2336 934 plicabitur.

2112 957 2389 1012 Commune
2437 974 2556 1027 ergo
2594 966 2667 1011 est
2688 955 2996 1023 edi/ferentia:
3036 964 3083 1008 et
3130 970 3313 1023 spectet
3357 955 3620 1022 aequaliter

2030 1048 2343 1121 participari
2370 1064 2391 1104 :
2436 1047 2628 1103 homini
2650 1049 2787 1102 enim
2830 1046 3095 1116 wqualiler
3120 1046 3426 1115 participant
3452 1047 3621 1115 partia

2027 1143 2239 1199 calores
2293 1140 2541 1206 homines,
2592 1152 2639 1199 et
2696 1141 2939 1195 rationali
2991 1138 3297 1206 differentia.
3345 1136 3621 1197 Commune

2030 1251 2239 1305 quoque
2263 1244 2337 1290 est
2361 1242 2407 1287 et
2437 1250 2633 1302 semper
2654 1235 2829 1289 adesse
2852 1234 2929 1288 his
2949 1249 3062 1303 quis
3087 1248 3261 1287 eorum
3288 1231 3618 1301 participant.

2030 1328 2255 1397 Semper
2282 1328 2418 1383 enim
2447 1328 2686 1384 Socrates
2736 1329 3006 1383 rationalis
3031 1337 3128 1395 est,
3166 1337 3213 1383 et
3244 1342 3443 1397 semper
3470 1324 3622 1379 homo

2034 1430 2137 1483 βα.

2029 1562 2039 1567 -
2110 1512 2323 1575 Dictum
2377 1523 2460 1567 est
2509 1514 2705 1582 ett-pius
2734 1529 2795 1568 ea
2826 1528 2944 1584 qua:
2988 1513 3339 1569 substantiam
3393 1510 3624 1567 formant

2034 1621 2144 1663 nec
2188 1606 2505 1661 remissione
2553 1605 2817 1673 contrahi,
2869 1620 2968 1660 nec
3019 1605 3322 1661 intensione
3352 1601 3621 1672 produci:

2040 1700 2328 1768 unicuique
2353 1701 2495 1753 enim
2521 1700 2570 1752 id
2602 1699 2742 1768 quod
2785 1708 2891 1766 est,
2948 1715 3110 1753 unum
3138 1707 3299 1768 atque
3333 1696 3474 1752 idem
3514 1702 3619 1751 est.

2044 1790 2195 1857 Quod
2215 1792 2260 1844 si
2284 1789 2579 1846 dill‘erentia
2610 1790 2907 1860 specierum
2944 1790 3304 1846 substantiam
3336 1792 3624 1854 monstrat,

2044 1882 2256 1951 species
2296 1897 2421 1937 vero
2454 1881 2865 1946 individuorum,
2897 1882 3426 1951 aequaliterutraque
3454 1878 3521 1949 ab
3550 1876 3623 1931 inc

346 1978 605 2037 quatuor,
636 1966 871 2025 secanda
902 1966 1097 2022 retinet
1136 1974 1279 2029 tres;
1324 1963 1477 2019 tertia
1507 1978 1636 2018 vero
1660 1964 1706 2018 si
1747 1976 1931 2017 suma-
1966 1944 1970 2005 ί

2036 1975 2289 2030 tensione
2313 1984 2369 2030 et
2395 1974 2712 2030 remissione
2739 1975 2977 2044 seiuncta
3006 1984 3149 2039 sunt,
3169 1988 3275 2041 quo
3287 1974 3345 2027 lit
3364 1978 3422 2027 ut
3447 1948 3624 2041 atqua-

365 2069 471 2127 tur,
500 2058 626 2113 duas
672 2056 891 2114 habebit
917 2056 1279 2123 dili‘erentias,
1310 2070 1430 2125 qua:
1459 2055 1745 2113 vincuntur
1766 2069 1796 2110 a
1832 2055 1938 2123 pri-

364 2151 469 2204 tuis
512 2161 737 2221 quatuor
766 2149 1081 2207 diﬂ'erentiis
1122 2147 1364 2213 duabus;
1390 2156 1579 2217 quarta
1629 2162 1756 2202 vero
1776 2146 1819 2201 si
1850 2161 1935 2201 su-

362 2252 536 2298 matur
562 2258 718 2299 unam
762 2242 978 2299 habebit
1009 2241 1408 2304 dill'erentiam,
1451 2254 1571 2310 qua:
1627 2240 1860 2294 vincitur
1905 2255 1937 2295 tt

361 2339 542 2409 primis
561 2346 792 2405 quatuor
819 2332 1133 2389 dill'erentiis
1164 2332 1360 2395 tribus;
1391 2332 1577 2401 quinta
1601 2346 1761 2398 vero,
1788 2345 1928 2400 quo.

363 2432 502 2484 uiam
548 2429 750 2483 nullam
801 2425 1019 2481 habebit
1057 2426 1279 2481 omnino
1325 2423 1676 2481 diﬂerentiam
1719 2436 1937 2489 novam,

363 2520 487 2575 tctis
513 2528 742 2590 quatuor
770 2532 799 2570 a
831 2516 1017 2585 primis
1060 2514 1382 2571 diﬂ‘erentiis
1411 2524 1699 2584 superatur
1723 2554 1739 2579 ,
1779 2523 1940 2584 atque

363 2612 463 2666 hoc
510 2623 858 2666 numerorum
899 2607 1066 2677 gradu
1093 2606 1309 2677 quidem
1353 2621 1523 2677 usque
1568 2606 1638 2662 ad
1665 2604 1938 2667 denarium

364 2718 642 2758 numerum
673 2701 940 2765 tenditur,
980 2710 1227 2769 quatuor,
1256 2711 1393 2766 tres,
1420 2698 1562 2767 dum,
1600 2714 1740 2754 una:
1767 2709 1824 2754 ut
1848 2713 1942 2767 ge-

364 2797 510 2852 neris
534 2795 746 2865 quidem
786 2802 1036 2863 quatuor,
1068 2791 1388 2847 diﬂerentia:
1430 2804 1562 2846 vero
1592 2799 1721 2856 tres,
1736 2790 1943 2860 speciei

365 2886 728 2955 duae,iproprii
747 2900 873 2950 una,
891 2883 1185 2939 accidentis
1212 2882 1364 2937 nulla
1390 2882 1481 2937 sit.
1510 2881 1707 2938 Prima:
1727 2882 1943 2951 generis

366 2978 582 3049 quidem
608 2978 1031 3048 comparationes
1052 2986 1468 3046 quatuornoras
1486 2983 1671 3031 tenent
1688 2974 1944 3030 dides-eu-

364 3072 497 3126 tias:
530 3069 782 3126 secundae
822 3084 951 3124 vero
986 3066 1311 3125 differentia:
1348 3067 1786 3136 comparationes
1835 3077 1944 3122 tres

365 3177 529 3217 novas
546 3170 759 3221 tenent:
792 3176 894 3215 una
914 3160 1067 3217 enim
1082 3160 1340 3227 superius
1364 3167 1679 3217 enumerata
1699 3168 1803 3224 est,
1829 3160 1940 3214 vin-

368 3257 508 3309 citur
534 3265 705 3311 autem
730 3270 760 3308 a
791 3254 983 3322 primis
1022 3264 1263 3323 quatuor
1292 3255 1453 3313 novis
1482 3253 1799 3309 dill‘erentiis
1838 3270 1941 3308 una

370 3355 605 3411 tantum;
632 3346 829 3415 speciei
864 3361 989 3401 vero
1016 3346 1183 3403 tentia
1214 3347 1547 3414 coinparatio
1578 3345 1712 3401 duas
1736 3355 1937 3402 tantum

366 3438 533 3493 habet
555 3438 882 3495 differentias
902 3452 1099 3502 novas,
1134 3435 1268 3495 duas
1308 3438 1504 3506 quippe
1533 3438 1785 3505 superius
1812 3453 1945 3494 enu-

369 3538 600 3585 meratas
632 3530 1047 3599 cognoscimus,
1076 3537 1129 3583 et
1175 3529 1399 3589 vincitur
1429 3545 1461 3583 a
1500 3539 1730 3599 quatuor
1754 3532 1943 3599 primis

367 3619 573 3676 duabus
623 3630 827 3677 tantum
879 3618 1202 3677 dili’erentiis
1250 3620 1431 3685 novis;
1490 3623 1763 3689 proprium
1816 3637 1944 3678 vero

371 3730 528 3770 unam
558 3724 759 3775 tantum
788 3712 982 3773 retinet
1005 3728 1219 3779 novatn,
1250 3712 1501 3782 quoniam
1526 3723 1645 3769 tres
1676 3715 1835 3770 habet
1859 3730 1947 3769 su-

367 3810 549 3879 perius
568 3818 931 3875 enumeratas,
952 3806 1294 3873 vinciturque
1315 3820 1346 3863 a
1368 3804 1560 3874 prima,
1588 3806 1740 3859 novis
1770 3807 1941 3862 tribus

371 3899 720 3963 dilicrentiis;
770 3894 935 3966 quinti
982 3911 1111 3955 vero
1156 3895 1451 3957 accidentis
1486 3898 1939 3965 comparationes,

375 3988 627 4061 quoniam
657 3988 853 4045 nullam
892 3987 1129 4047 retinent
1169 4001 1361 4045 novam
1388 3985 1744 4043 dilietentiam
1768 4027 1785 4053 ,
1817 3990 1945 4043 totis

370 4092 605 4154 quatuor
644 4096 676 4141 a
714 4079 1136 4152 primisgeneris
1169 4076 1642 4137 transcenduntur.
1664 4076 1849 4147 Atque
1877 4078 1943 4139 ad

368 4176 514 4232 hunc
543 4174 757 4233 modum
782 4188 848 4231 ex
877 4173 1057 4243 viginti
1084 4171 1401 4231 diﬂereutiis
1439 4169 1945 4243 secundumnume-

368 4281 485 4323 rum
526 4266 712 4325 decem
759 4263 1057 4325 secundum
1106 4261 1593 4321 dissimilitudinem
1622 4261 1946 4317 contrahun-

368 4369 487 4426 tur,
521 4368 578 4413 ut
605 4369 782 4415 tamen
811 4357 905 4413 bas
929 4354 1229 4413 secundum
1258 4353 1744 4416 dissimilitudinem
1793 4352 1947 4411 ditl‘e-

370 4450 571 4504 renlias
598 4464 702 4503 non
750 4450 801 4502 in
851 4447 1099 4517 quinariu
1132 4454 1331 4502 tantum
1361 4461 1584 4501 numero
1608 4485 1622 4510 ,
1669 4460 1852 4499 verum
1891 4446 1942 4498 in

371 4539 578 4595 cmtcris
606 4552 815 4608 quoque
843 4548 997 4597 notas
1042 4536 1241 4593 habere
1262 4537 1570 4604 possimus,
1613 4535 1825 4590 dabitur
1856 4548 1943 4589 re-

370 4635 492 4703 gula
529 4633 648 4688 talis
668 4675 682 4699 ,
716 4648 835 4703 qua:
863 4633 1071 4700 plenam
1104 4631 1524 4688 diﬂ'erentiarum
1557 4629 1947 4687 dissimilitudi-

371 4740 494 4779 nem
526 4724 576 4777 in
604 4724 1071 4794 qualibet‘numeri
1091 4724 1397 4793 pluralitate
1421 4724 1672 4792 reperiat.
1703 4721 1946 4793 Proposi-

374 4825 541 4868 tarum
562 4816 701 4871 enim
725 4830 949 4871 numero
972 4831 1151 4871 rerum
1177 4817 1221 4870 si
1254 4830 1416 4877 unum
1445 4814 1766 4885 dempseris,
1786 4826 1947 4883 atque

374 4907 425 4961 id
456 4909 591 4976 quod
628 4909 848 4979 dempto
873 4924 981 4964 uno
1025 4909 1359 4976 relinquitur,
1406 4910 1457 4963 in
1489 4919 1653 4964 totam
1679 4926 1943 4968 summam

373 5002 575 5055 numeri
601 5001 1081 5072 multiplicaveris,
1105 5002 1381 5059 dimidium
1406 5002 1524 5073 ejus
1548 5004 1690 5074 quod
1719 5003 1951 5065 ex.mul-

376 5094 697 5161 tiplicatione
750 5088 950 5152 factum
1001 5106 1123 5165 est,
1178 5098 1523 5175 coaequaliter
1562 5096 1612 5152 ei
1660 5095 1953 5165 pluralitati

371 5200 527 5253 quam
560 5189 950 5259 propositarum
994 5204 1175 5246 rerum
1221 5191 1535 5248 dili'erentisu
1578 5190 1948 5246 Continebant.

370 5278 488 5333 Sint
516 5294 647 5349 ergo
674 5296 759 5337 res
800 5292 1057 5353 quatuor,
1088 5300 1140 5351 a,
1176 5283 1225 5349 b,
1256 5300 1301 5349 ο,
1335 5286 1402 5349 d;
1442 5286 1525 5338 his
1553 5283 1739 5337 aufero
1767 5297 1953 5348 uuam,

369 5370 506 5423 ﬁunt
534 5379 676 5437 tres;
709 5372 803 5428 has
832 5373 991 5442 igitur
1015 5390 1110 5443 per
1132 5384 1295 5429 totam
1320 5387 1586 5429 summam
1609 5383 1799 5442 quater
1819 5374 1956 5429 mul-

370 5460 593 5527 tiplicu,
635 5459 763 5514 ﬁent
808 5462 1117 5529 duodecim;
1152 5467 1337 5519 horum
1362 5463 1414 5525 si
1457 5446 1733 5519 dimidium
1776 5472 1951 5539 teneq,

370 5567 467 5605 sex
498 5560 677 5606 erunt.
709 5551 809 5607 Tot
833 5567 989 5610 erunt
1018 5557 1178 5627 igitur
1206 5556 1521 5610 dili'erentia:
1538 5554 1678 5608 inter
1710 5568 1772 5608 se
1799 5554 1958 5608 rebus
1996 5600 1999 5603 .

371 5635 606 5716 quatuor
632 5648 977 5714 comparatis,
1009 5664 1042 5703 a
1061 5648 1260 5718 quippe
1289 5646 1355 5702 ad
1388 5649 1416 5701 b
1441 5655 1495 5701 et
1520 5662 1548 5698 c
1570 5652 1625 5701 et
1643 5646 1677 5700 d
1702 5653 1812 5701 tres
1834 5647 1961 5701 reti-

376 5746 467 5792 net
507 5734 861 5791 dill’erentias.
904 5736 1107 5795 Rursus
1147 5740 1173 5798 b
1200 5738 1264 5791 ad
1297 5756 1323 5791 ε
1344 5738 1458 5793 etd
1490 5736 1647 5804 duas,
1677 5753 1704 5791 c
1725 5751 1853 5792 vero
1891 5738 1959 5792 ad

376 5829 410 5883 d
439 5842 621 5898 unam,
665 5843 788 5900 qua:
805 5827 1009 5899 juncta:
1037 5829 1301 5885 senarium
1330 5845 1610 5907 numerum
1646 5830 1954 5899 complent:

1972 4684 2031 4746 1)

2034 2071 2175 2125 .liter
2193 2069 2593 2138 participentur.
2637 2070 2836 2125 Omnes
2880 2070 3020 2125 enim
3068 2066 3325 2123 individui
3372 2065 3625 2121 mortales

2038 2171 2355 2232 suntatque
2380 2162 2666 2217 rationales
2706 2163 2845 2216 sicut
2897 2161 3182 2217 homines:
3236 2175 3357 2214 nam
3406 2159 3453 2213 si
3484 2158 3625 2213 idem

2043 2265 2127 2309 est
2154 2267 2275 2309 esse
2305 2252 2508 2309 homini
2537 2253 2679 2322 quod
2703 2262 2786 2307 est
2808 2267 2928 2306 esse
2956 2251 3234 2315 rationale,
3283 2265 3406 2306 cum
3436 2262 3625 2305 omnes

2044 2345 2293 2403 homines
2333 2360 2486 2413 aeque
2514 2346 2623 2398 sint
2670 2341 2932 2410 homines,
2962 2357 3185 2398 necesse
3208 2353 3290 2397 est
3320 2349 3378 2397 ut
3413 2340 3523 2396 sint
3547 2354 3625 2394 m-

2032 2437 2273 2507 qualiter
2303 2436 2609 2492 rationales.
2666 2434 2827 2490 Aliud
2860 2449 3072 2503 quoque
3123 2447 3408 2489 commune
3463 2430 3625 2488 habet

2038 2528 2343 2587 :dill'erentia
2374 2542 2494 2585 cum
2526 2527 2725 2596 specie,
2759 2526 3012 2596 quoniam
3055 2525 3129 2581 ita
3176 2522 3493 2580 differentiae
3539 2521 3624 2578 sui

2034 2618 2415 2690 participanda
2454 2602 2561 2674 n'ou
2593 2618 2894 2688 relinquunt
2917 2628 2970 2672 ut
2998 2617 3226 2686 species,
3248 2632 3463 2686 semper
3480 2617 3625 2671 enim

2043 2714 2297 2770 Socrates
2324 2711 2598 2767 rationalis
2620 2722 2731 2767 est.
2753 2711 3004 2766 Socrates
3026 2711 3169 2766 enim
3190 2709 3280 2778 qui
3295 2705 3626 2764 rationabili.

2038 2816 2155 2861 tate
2185 2805 2483 2873 participat,
2532 2816 2748 2869 semper
2794 2802 2955 2856 homo
2996 2809 3101 2866 est,
3121 2797 3254 2868 quia
3292 2799 3496 2855 scilicet
3526 2798 3624 2852 bu-

2032 2897 2301 2954 mauitate
2331 2894 2614 2965 participat
2648 2912 2659 2946 :
2696 2904 2752 2949 ut
2799 2894 2958 2962 igitur
2989 2892 3310 2949 diﬂ‘erentite
3351 2892 3435 2945 sui
3459 2891 3624 2960 parti-

2036 2991 2275 3058 cipantia
2305 3003 2408 3043 non
2454 2986 2785 3055 relinquunt,
2823 2986 2893 3039 ita
2943 2982 3153 3053 species
3201 2982 3284 3036 his
3338 2995 3457 3049 quae
3507 2993 3625 3034 eam

2048 3080 2365 3149 participant
2391 3091 2605 3146 semper
2633 3076 2883 3146 adjuncta
2910 3080 3011 3130 est.

2117 3170 2408 3239 Promium,
2442 3176 2696 3223 autemest
2727 3164 3028 3233 differentiis
3069 3166 3271 3236 quidem
3299 3164 3354 3219 in
3402 3179 3463 3219 eo
3488 3162 3627 3235 quod

2047 3266 2197 3335 quale
2222 3266 2286 3316 sit
2315 3262 2603 3332 pradicari,
2629 3261 2809 3331 speciei
2832 3276 2948 3313 uero
2980 3260 3034 3313 in
3086 3274 3143 3313 eo
3186 3258 3321 3329 quod
3342 3256 3464 3326 quid
3507 3263 3579 3309 est
3607 3268 3626 3310 :

2047 3373 2166 3413 nam
2187 3365 2234 3409 et
2262 3356 2304 3408 si
2325 3354 2478 3408 homo
2497 3352 2631 3409 velut
2655 3353 2878 3421 qualitas
2892 3352 3194 3421 accipiatur,
3222 3367 3324 3404 non
3339 3350 3434 3406 erit
3461 3352 3626 3403 tamen

2042 3448 2340 3517 simpliciter
2355 3446 2593 3515 qualitas,
2618 3444 2705 3497 sed
2731 3443 3007 3497 secundum
3036 3442 3089 3494 id
3115 3440 3253 3510 quod
3276 3440 3445 3512 generi
3473 3439 3627 3493 adeso

2038 3541 2239 3594 nientes
2255 3538 2511 3606 differenti
2528 3552 2643 3590 eum
2665 3536 3055 3591 constituerunt.
3103 3532 3358 3602 Amplius,
3386 3530 3628 3597 differen-

2034 3633 2115 3684 tia
2143 3631 2347 3700 quidem
2405 3644 2540 3697 stupe
2581 3629 2634 3683 in
2680 3627 2907 3695 pluribus
2936 3624 3199 3695 speciebus
3258 3622 3626 3685 consideratur,

2034 3720 2849 3791 guemadmodumquadrupedes
2865 3719 2918 3772 in
2941 3716 3171 3787 pluribus
3196 3712 3498 3775 animalibus
3522 3726 3630 3780 spe-

2038 3814 2122 3873 ,eie
2142 3812 2491 3880 differentibus
2512 3826 2531 3865 :
2557 3812 2748 3876 species
2771 3824 2883 3862 vero
2910 3808 2962 3862 in
2997 3806 3121 3861 aulis
3161 3805 3239 3858 Itis
3268 3820 3382 3875 qua:
3406 3804 3496 3858 sub
3528 3816 3631 3857 una

2032 3904 2213 3972 .specie
2226 3914 2349 3957 sunt
2367 3901 2666 3955 individuis.
2682 3898 2935 3964 Amplius,
2962 3895 3249 3962 differentia
3268 3895 3471 3961 quidem
3493 3891 3632 3960 prior

2049 4004 2193 4048 estea
2212 3992 2376 4063 specie
2403 4006 2517 4060 qua:
2531 3999 2603 4042 est
2631 3987 2724 4040 sub
2744 3992 2877 4054 ipsa,
2906 3983 3060 4037 simul
3080 3985 3215 4037 enim
3228 3983 3452 4034 ablatum
3476 3982 3631 4035 ratio-

2038 4086 2166 4145 ,nale
2185 4083 2425 4139 interimit
2447 4082 2695 4134 hominem
2724 4093 2743 4132 :
2772 4078 2922 4130 homo
2942 4091 3056 4129 vero
3073 4076 3398 4143 interemptus
3419 4086 3521 4125 non
3537 4088 3632 4125 att-

2042 4179 2147 4247 .f'ert
2180 4174 2450 4237 rationale,
2478 4188 2592 4225 cum
2616 4171 2832 4241 supersit
2872 4167 3029 4223 Deus.
3044 4165 3315 4237 .Amplius,
3346 4161 3634 4229 differentia

2040 4269 2255 4340 quidem
2277 4266 2600 4338 componitur
2620 4264 2854 4325 cumatia
2874 4261 3186 4332 differentia,
3219 4260 3469 4319 rationale
3488 4259 3631 4313 enim

2042 4372 2099 4423 et
2130 4360 2346 4415 mortale
2375 4360 2703 4426 compositum
2751 4362 2821 4421 est
2876 4359 2930 4411 in
2970 4355 3319 4419 substantiam
3370 4352 3634 4406 hominis:

2050 4454 2242 4523 species
2259 4468 2372 4505 vero
2394 4451 2575 4522 speciei
2606 4467 2705 4503 non
2730 4450 3071 4523 componitur,
3099 4456 3152 4501 ut
3182 4446 3392 4515 gignant
3420 4444 3637 4498 alterum

2046 4546 2295 4613 speciem;
2335 4544 2573 4613 quaedam
2596 4544 2731 4596 enim
2769 4558 2896 4610 equa
2923 4539 3129 4593 cuidam
3175 4539 3323 4591 asino
3367 4538 3637 4606 permisce-

2054 4644 2137 4691 tttr
2165 4635 2232 4689 ad
2261 4636 2387 4689 ntuli
2414 4634 2810 4704 generationem,
2843 4648 2967 4697 equa
2996 4629 3130 4684 enint
3163 4627 3463 4696 simpliciter
3489 4626 3634 4679 asino

2058 4727 2356 4782 conveniens
2385 4739 2648 4794 nunquam
2679 4721 2939 4791 perficeret
2961 4720 3172 4775 mulum.

2130 4816 2397 4889 Expositis
2415 4804 2883 4882 communitatibus
2899 4820 3155 4883 quantum
3167 4811 3235 4866 ad
3259 4811 3641 4867 institutionem

2052 4912 2363 4984 pertinebat
2403 4908 2718 4965 dilierentite
2764 4917 2818 4961 et
2864 4906 3093 4977 speciei,
3139 4906 3449 4963 earumdem
3507 4920 3643 4958 nunc

2065 5002 2532 5062 dissimilitudines
2553 4999 2758 5071 colligit
2782 5000 2996 5055 dicens:
3024 4998 3283 5055 Dilieruut
3298 4996 3510 5066 quidem
3524 5007 3643 5062 spe-

2060 5100 2175 5155 cies
2223 5099 2280 5152 in
2305 5110 2370 5151 co
2399 5092 2536 5165 quod
2561 5092 2687 5163 quid
2730 5091 2799 5145 sit
2832 5090 3173 5158 praedicatur,
3225 5084 3521 5142 dill'erentia
3550 5094 3644 5135 au-

2052 5198 2167 5253 tem
2198 5188 2250 5244 in
2279 5201 2345 5241 eo
2375 5184 2520 5255 quod
2559 5182 2715 5252 quale
2761 5183 2851 5235 sit.
2903 5180 3033 5234 lluic
3078 5175 3390 5232 dill‘ereutire
3437 5179 3646 5241 poterat

2048 5281 2284 5348 quaestio
2314 5291 2599 5333 occurrere
2628 5292 2638 5326 :
2673 5286 2796 5325 nam
2829 5272 2875 5324 si
2904 5269 3204 5323 hunianitas
3231 5266 3344 5334 ipsa
3382 5277 3501 5333 qua:
3524 5276 3647 5332 spe-

2062 5376 2173 5429 cies
2202 5379 2304 5435 est,
2334 5369 2561 5439 qualitas
2594 5362 2974 5432 quzedamest,
3005 5373 3101 5413 cur
3129 5356 3337 5413 dicatur
3360 5353 3573 5422 Species
3594 5353 3648 5408 in

2062 5480 2128 5518 eo
2170 5460 2310 5531 quod
2347 5459 2473 5528 quid
2509 5458 2579 5509 sit
2635 5451 2937 5523 pra-dicari,
2970 5464 3089 5502 cum
3120 5457 3336 5518 propter
3361 5444 3649 5517 quamdam

2064 5569 2175 5609 sme
2206 5562 2408 5604 naturae
2450 5542 2831 5616 proprietatem
2879 5540 3121 5612 quaedam
3162 5538 3392 5610 qualitas
3421 5552 3544 5595 esse
3569 5540 3651 5593 vi.

2064 5648 2273 5701 deatur.
2309 5642 2441 5695 Huic
2495 5636 2904 5708 respondemus,
2953 5634 3078 5703 quia
3130 5631 3432 5697 dili‘erentia
3476 5631 3652 5690 solum

2068 5737 2296 5806 qualitas
2328 5744 2408 5789 eSl
2440 5750 2453 5783 ι
2479 5727 2783 5787 humanitas
2814 5740 2942 5782 vero
2964 5741 3068 5782 non
3094 5726 3269 5782 solum
3295 5734 3381 5783 est
3399 5723 3653 5797 qualitas,

2068 5830 2163 5885 sed
2194 5836 2395 5882 tantum
2427 5819 3003 5894 qualitateperftcitur.
3050 5818 3357 5879 Dillerentia
3392 5819 3535 5876 enim
3564 5832 3652 5874 su-
