4244 6254
605 414 696 470 151
1832 409 1940 467 AN.
1984 409 2193 464 MANL.
2233 407 2385 466 SEV.
2433 406 2651 463 BOE’l'll

3775 408 3876 466 152
3946 423 3960 428 ’

603 536 927 605 perveniens
953 532 1138 602 generi
1161 531 1394 604 speciem
1427 532 1551 588 facit
1582 546 1750 604 :ergo
1772 548 1940 604 genus
1960 533 2188 604 quadam
2219 535 2272 594 Α
2297 533 2477 596 adest,
2536 545 2593 588 ut
2644 532 2917 603 proprium
2947 550 2958 586 :
2987 546 3200 602 semper
3246 531 3388 588 enim
3426 532 3668 588 homines
3715 537 3875 590 ratio-

602 627 921 683 differentiae
960 625 1217 696 qualitate
1264 626 1545 681 formatum
1590 635 1674 682 est
1716 635 1774 681 ut
1818 627 2071 697 procedat
2126 627 2181 681 in

603 723 837 789 speciem
865 736 879 774 :
903 720 1109 789 species
1141 734 1263 774 vero
1294 720 1407 789 ipsa
1434 721 1609 790 qualis
1640 721 1856 791 quidem
1883 732 1965 776 est
1992 736 2184 776 secun-

601 813 726 866 dum
754 812 1107 868 differentiam
1141 814 1280 868 illius
1305 830 1422 883 qua:
1451 824 1533 870 est
1551 829 1680 884 pura
1713 829 1778 869 ac
1806 816 2034 884 simplex
2056 828 2185 883 qua-

603 905 745 971 litas,
768 921 869 974 qua
897 907 1105 960 scilicet
1137 906 1408 974 perficitur
1432 917 1485 962 et
1506 907 1874 962 conformatur
1909 925 1922 960 :
1953 905 2183 976 qualitas

601 997 858 1065 veroipsa
893 1011 1019 1065 pura
1077 998 1407 1068 simplexque
1457 1000 1605 1053 nullo
1634 999 1795 1053 modo
1839 1007 1943 1062 est,
1975 998 2070 1053 sed
2117 1013 2183 1052 ex

599 1089 939 1159 qualitatibus
966 1088 1154 1144 effecta
1182 1091 1499 1146 substantia.
1527 1092 1711 1160 Itaque
1735 1093 1858 1159 jure
1880 1089 2184 1145 differentia

599 1195 715 1248 quae
744 1194 875 1249 pure
903 1194 965 1234 ac
995 1180 1308 1250 simpliciter
1325 1182 1554 1251 qualitas
1584 1191 1665 1237 est
1686 1181 1740 1236 in
1761 1197 1829 1236 eo
1854 1180 1996 1250 quod
2025 1179 2186 1250 quale

597 1279 680 1324 est
731 1270 1126 1325 sciscitantibus
1177 1276 1550 1342 respondetur,
1600 1275 1807 1342 species
1860 1287 1991 1327 vero
2021 1273 2074 1326 in
2120 1286 2186 1327 eo

596 1360 736 1430 quod
767 1363 892 1431 quid
937 1364 1007 1416 sit
1039 1381 1050 1415 :
1104 1363 1227 1417 licet
1258 1365 1373 1432 ipsa
1419 1380 1632 1434 quoque
1675 1363 1922 1434 quaedam
1956 1365 2186 1432 qualitas

598 1454 667 1507 sit
698 1469 801 1508 non
832 1455 1081 1524 simplex,
1116 1456 1209 1510 sed
1247 1458 1314 1510 ab
1344 1458 1461 1510 aliis
1501 1457 1845 1526 qualitatibus
1876 1457 2183 1512 informata.

595 1546 800 1600 Rursus
833 1548 921 1601 illa
959 1563 1170 1617 quoque
1197 1549 1498 1603 differentia
1540 1561 1642 1619 est,
1676 1552 1798 1621 quia
1823 1552 2004 1621 plures
2033 1552 2187 1608 diffe-

595 1638 763 1690 rentia
797 1639 896 1692 sub
927 1653 984 1692 se
1017 1640 1226 1705 species
1255 1642 1496 1696 continet
1529 1660 1539 1693 :
1577 1644 1783 1712 species
1817 1658 1947 1697 vero
1979 1652 2184 1698 tantum

595 1729 882 1784 individuis
938 1741 1149 1796 praeest.
1215 1732 1560 1787 ltationalitas
1615 1733 1758 1788 enim
1814 1743 1869 1788 et
1899 1733 2177 1790 hominem

592 1820 792 1874 claudit
819 1832 872 1875 et
903 1822 1068 1876 Deum
1098 1840 1109 1876 :
1136 1824 1461 1895 quadrupes,
1490 1826 1938 1895 equum,bovem,
1967 1842 2181 1895 canem,

2292 627 2443 680 nales
2473 635 2619 692 sunt,
2651 637 2705 679 ut
2755 640 2970 695 semper
3011 639 3223 696 quoque
3269 624 3519 681 risibiles.
3568 625 3673 682 Sed
3718 627 3875 696 objici

2291 726 2498 785 poterat
2523 731 2625 770 non
2665 732 2878 784 semper
2901 730 3021 771 esse
3054 716 3297 785 bipedem
3327 715 3622 781 hominem,
3655 730 3774 770 cum
3807 717 3877 774 sit

2289 808 2440 876 bipes
2461 808 2779 873 differentia,
2811 809 2853 861 si
2882 809 3042 861 unius
3069 807 3218 875 pedis
3250 806 3576 875 perfectione
3605 816 3872 861 curtetur:

2289 915 2447 968 quam
2497 901 2586 953 tali
2639 898 2796 953 modo
2847 898 3106 952 solvimus
3157 898 3526 966 q'umstionem.
3574 896 3791 966 Propria
3825 904 3879 952 et

2289 990 2603 1046 differentia:
2631 1007 2733 1046 non
2765 996 2818 1048 in
2848 1009 2911 1048 eo
2935 993 3072 1062 quod
3101 1007 3313 1062 semper
3343 993 3657 1058 habeantur,
3694 991 3788 1046 sed
3824 993 3875 1045 in

2289 1094 2352 1135 eo
2382 1082 2521 1151 quod
2553 1097 2765 1152 semper
2804 1084 3118 1138 naturaliter
3158 1082 3341 1137 haberi
3374 1093 3616 1152 possunt,
3661 1095 3878 1150 semper

2288 1170 2534 1224 dicuntur
2559 1172 2748 1227 adesse
2777 1172 3053 1239 subjectis.
3077 1172 3131 1226 Si
3153 1170 3291 1226 enim
3311 1171 3430 1241 quis
3456 1179 3695 1226 curtetur
3716 1169 3873 1239 pede,

2288 1262 2414 1315 nihil
2445 1262 2634 1317 attinet
2657 1264 2721 1318 ad
2757 1276 3021 1330 naturam,
3060 1267 3195 1319 sicut
3227 1264 3356 1318 nihil
3389 1264 3452 1318 ad
3485 1263 3872 1318 detrahendum

2291 1356 2558 1423 prOprium
2585 1357 2747 1417 valet.
2783 1357 2826 1410 si
2872 1360 3030 1411 homo
3062 1371 3166 1410 non
3197 1356 3387 1411 rideat.
3436 1355 3559 1410 Haec
3592 1356 3732 1411 enim
3770 1370 3874 1410 non

2290 1448 2342 1501 in
2373 1462 2438 1501 eo
2461 1450 2604 1517 quod
2637 1449 2832 1511 adsint,
2865 1450 2958 1502 sed
2985 1449 3118 1503 ineo
3136 1449 3275 1517 quod
3310 1463 3404 1517 per
3429 1459 3670 1502 naturam
3688 1448 3875 1502 adesse

2289 1539 2517 1606 possint,
2549 1553 2762 1608 semper
2796 1539 2983 1594 adesse
3013 1539 3284 1593 dicuntur.
3337 1540 3514 1608 Ipsum
3557 1538 3700 1592 enim
3731 1553 3876 1591 sem-

2290 1642 2385 1695 per
2415 1643 2520 1681 non
2564 1638 2684 1681 actu
2736 1643 2856 1683 esse
2909 1628 3155 1693 dicimus,
3214 1627 3305 1682 sed
3356 1635 3566 1681 natura.
3598 1625 3874 1696 Nunquam

2288 1720 2430 1774 enim
2465 1720 2577 1773 fieri
2611 1729 2805 1789 potest,
2843 1729 2896 1772 ut
2929 1734 3022 1788 per
3055 1730 3258 1772 natura:
3295 1717 3461 1787 ipsius
3493 1716 3874 1786 pr0prietatem

2290 1827 2394 1866 non
2437 1827 2653 1882 semper
2685 1814 2843 1865 homo
2875 1813 3028 1881 bipes
3059 1812 3151 1877 sit,
3183 1812 3341 1866 etiam
3388 1813 3431 1864 si
3476 1809 3587 1865 fieri
3624 1821 3794 1876 potest
3819 1820 3876 1865 ut

593 1921 647 1964 ct
679 1922 868 1967 caetera
905 1932 916 1965 :
944 1913 1102 1968 homo
1127 1930 1255 1969 vero
1283 1917 1394 1971 sola
1438 1915 1742 1982 individua;
1795 1925 1953 1986 atque
1984 1918 2038 1972 in
2064 1917 2184 1973 aliis

2291 1919 2397 1958 uno
2425 1904 2560 1972 pede
2590 1903 2672 1957 vel
2703 1903 2960 1958 ambobus
3006 1912 3270 1970 curtetur,
3316 1903 3398 1957 vel
3439 1903 3598 1956 etiam
3628 1902 3671 1956 si
3721 1901 3876 1956 dimi-

592 2005 875 2072 speciebus
911 2006 1098 2061 eadem
1130 2007 1268 2061 ratio
1297 2017 1397 2062 est.
1434 2007 1637 2064 Idcirco
1663 2009 1806 2064 enim
1837 2009 2183 2065 diffinitiones

593 2110 807 2165 quoque
851 2107 1046 2150 secutae
1077 2109 1222 2163 sunt,
1268 2108 1324 2153 ut
1367 2098 1669 2155 differentia
1701 2105 2007 2169 vocaretur,
2043 2103 2182 2171 quod

595 2187 659 2240 de
682 2187 921 2255 pluribus
949 2189 1127 2258 specie
1152 2189 1524 2246 differentibus
1549 2192 1602 2246 in
1635 2206 1700 2246 eo
1729 2191 1872 2260 quod
1921 2193 2078 2263 quale
2115 2195 2187 2249 sit

593 2277 954 2345 praedicetur:
991 2280 1360 2348 speciesvero
1400 2281 1544 2350 quod
1588 2282 1654 2336 de
1684 2282 1926 2353 pluribus
1961 2299 2185 2338 numero

596 2369 967 2425 differentibus
1005 2372 1058 2425 in
1100 2386 1164 2428 eo
1205 2372 1347 2443 quod
1380 2374 1507 2443 quid
1555 2373 1626 2428 sit
1673 2375 2013 2444 praedicetur.
2061 2376 2187 2432 ldeo

596 2462 757 2516 etiam
805 2465 1098 2533 superioris
1138 2473 1341 2520 natura:
1374 2475 1499 2521 sunt
1530 2467 1845 2524 differentia:
1872 2484 2030 2539 quam
2059 2483 2186 2538 spe-

596 2554 724 2616 cies,
753 2559 1006 2621 quoniam
1031 2554 1368 2609 continentes
1394 2567 1518 2610 stmt
1559 2559 1856 2645 specierum
1895 2577 1906 2610 :
1963 2574 2085 2613 nam
2135 2561 2183 2614 si

596 2646 713 2709 quis
739 2643 945 2698 auferat
969 2643 1344 2709 differentiam,
1376 2648 1612 2712 speciem
1645 2643 1856 2716 quoque
1881 2651 2189 2718 sustulerit,

595 2745 650 2788 ut
671 2735 716 2789 si
741 2735 862 2804 quis
883 2735 1088 2791 auferat
1113 2737 1584 2792 rationabilitatem
1612 2737 1884 2792 hominem
1910 2739 2187 2808 Deumque

596 2828 992 2896 consumpserit
1027 2847 1040 2885 :
1073 2830 1117 2883 si
1165 2830 1282 2899 quis
1315 2843 1444 2884 vero
1490 2828 1766 2884 hominem
1797 2828 1968 2894 tollat,
2013 2829 2183 2883 ratio-

599 2920 844 2974 nabilitas
882 2931 1059 2976 manet
1087 2922 1137 2976 in
1171 2921 1393 2992 reliquis
1419 2923 1703 2991 speciebus
1729 2921 2020 2978 constituta
2048 2940 2060 2974 :
2089 2921 2188 2992 igi-

597 3021 680 3068 tur
711 3014 1024 3071 difl'erentire
1053 3017 1253 3071 distant
1283 3033 1311 3070 a
1342 3018 1544 3086 specie,
1578 3015 1721 3087 quod
1753 3032 1854 3070 una
1877 3016 2182 3072 differentia

595 3108 776 3175 plures
808 3111 1015 3178 species
1060 3111 1338 3164 continere
1369 3120 1563 3178 potest,
1616 3111 1827 3180 species
1866 3125 1994 3166 vero
2037 3111 2185 3165 nullo

596 3200 774 3253 modo.
808 3201 925 3254 Alia
957 3216 1140 3254 rursus
1170 3210 1252 3256 est
1275 3200 1597 3268 differentia,
1634 3203 1884 3270 quoniam
1915 3217 1982 3256 ex
2011 3202 2182 3270 pluri-

597 3292 696 3344 bus
743 3291 1060 3346 differentiis
1109 3307 1208 3345 una
1260 3293 1470 3361 species
1513 3293 1796 3363 jungitur:
1846 3308 1915 3347 ex
1948 3293 2186 3361 pluribus

595 3397 726 3435 vero
755 3383 1034 3451 speciebus
1088 3384 1231 3436 nulla
1273 3384 1474 3454 speciei
1533 3385 1834 3440 substantia
1883 3386 2183 3455 copulatur.

596 3470 796 3524 Junctis
825 3471 965 3526 enim
1004 3473 1320 3528 differentiis
1364 3476 1574 3530 mortali
1606 3491 1668 3530 ac
1719 3478 1962 3530 rationali
2015 3477 2186 3532 factus

595 3571 677 3616 est
712 3563 904 3628 homo;
934 3565 1131 3632 junctis
1160 3581 1290 3621 vero
1323 3566 1607 3638 speciebus
1637 3568 1782 3622 nulla
1808 3584 2040 3638 unquam
2068 3584 2187 3638 spe-

597 3657 703 3709 cies
754 3656 1089 3714 informatur.
1121 3659 1273 3727 Quod
1311 3660 1358 3714 si
1389 3661 1508 3730 quis
1537 3669 1786 3715 occurrat
1826 3661 2010 3716 dicens
2049 3676 2188 3731 quo-

594 3745 736 3799 niam
769 3750 1053 3816 permistus
1080 3751 1232 3804 asino
1253 3765 1424 3821 equus
1455 3752 1620 3806 efficit
1649 3752 1876 3820 mulum,
1906 3768 2009 3808 non
2040 3762 2188 3809 recte

595 3839 807 3894 dixerit.
855 3841 1126 3898 lndividua
1159 3847 1302 3899 enim
1336 3846 1622 3902 individuis
1660 3847 1866 3918 juncta,
1917 3849 2186 3904 individua

597 3945 778 3986 rursus
809 3933 911 3987 alia
961 3935 1182 3992 fortasse
1209 3937 1530 4008 perficiunt;
1567 3941 1679 4009 ipse
1707 3955 1837 3995 vero
1860 3955 2029 4010 equus
2059 3941 2188 3997 sim-

595 4024 822 4095 pliciter,
856 4025 909 4080 id
931 4039 1033 4095 est,
1069 4031 1466 4098 universaliter,
1491 4041 1545 4086 et
1573 4032 1756 4087 asinus
1779 4033 2182 4102 universaliter,

593 4130 768 4188 neque
793 4119 1100 4188 permisceri
1119 4134 1362 4190 possunt,
1389 4139 1563 4194 neque
1581 4124 1780 4192 aliquid
1801 4125 1845 4180 si
1863 4126 2187 4194 cogitatione

595 4211 941 4275 misceantur,
991 4213 1318 4269 efficiuntur.
1372 4214 1595 4270 Constat
1642 4217 1806 4286 igitur
1856 4219 2186 4274 differentias

596 4303 807 4372 quidem
841 4303 1092 4374 plurimas
1122 4307 1187 4359 ad
1221 4307 1378 4361 unius
1420 4308 1622 4376 speciei
1674 4309 2026 4362 substantiam
2054 4323 2185 4364 con-

597 4397 824 4453 venire:
882 4399 1090 4468 species
1128 4414 1259 4454 vero
1315 4400 1366 4453 in
1420 4400 1641 4455 alterius
1688 4399 1885 4470 speciei
1939 4410 2184 4456 naturam

597 4489 742 4542 nullo
774 4491 931 4545 modo
971 4507 1128 4560 posse
1154 4506 1471 4562 congruere.

670 4581 969 4650 ()i/ferentia
995 4599 1106 4639 vero
1133 4594 1178 4639 et
1209 4586 1468 4654 proprium
1490 4599 1756 4638 commune
1769 4585 1970 4655 quidem
1997 4585 2182 4640 habent

2293 2005 2421 2048 nuto
2451 1995 2584 2062 pede
2617 2002 2771 2046 natus
2796 1994 2866 2047 sit
2894 2009 2907 2057 ;
2946 1993 2996 2046 in
3042 1991 3124 2046 his
3153 1993 3294 2046 enim
3324 2007 3429 2046 non
3476 1993 3671 2060 speciei
3719 2001 3876 2061 atque

2292 2083 2624 2150 substantiae,
2658 2084 2752 2138 sed
2785 2085 3019 2138 nascenti
3053 2083 3330 2137 individuo
3361 2083 3668 2154 derogatur.

2369 2176 2642 2248 Pr0prium
2685 2187 2853 2231 autem
2895 2176 3198 2245 cli/ferentia:
3238 2187 3332 2244 est,
3365 2178 3501 2246 quod
3531 2177 3637 2230 hac
3666 2193 3868 2247 quidem

2292 2269 2356 2320 de
2377 2267 2607 2338 pluribus
2643 2268 2906 2340 speciebus
2934 2269 3121 2321 dicitur
3148 2283 3302 2337 serpe,
3336 2276 3390 2321 ut
3419 2266 3671 2320 rationale
3700 2267 3762 2320 de
3781 2267 3874 2320 Ito-

2293 2363 2428 2416 mine
2454 2372 2499 2416 et
2533 2351 2772 2416 de'Deo:
2802 2362 3063 2434 praprium
3089 2379 3202 2416 vero
3231 2363 3294 2414 de
3317 2378 3418 2414 una
3440 2361 3551 2415 sola
3580 2361 3764 2429 specie,
3793 2376 3875 2414 cu-

2285 2454 2378 2522 jus
2409 2461 2480 2506 est
2525 2455 2810 2524 prapriunt.
2845 2453 3100 2520 Amplius,
3136 2453 3425 2521 eti/ferentia
3469 2452 3572 2506 illis
3601 2463 3675 2506 est
3700 2468 3874 2506 conse-

2294 2557 2473 2610 quens,
2521 2560 2736 2611 quorunt
2783 2547 2855 2598 est
2901 2544 3213 2612 di/I'erentia,
3261 2545 3349 2598 sed
3383 2551 3492 2598 'non
3532 2545 3873 2600 convertitur:

2295 2636 2504 2706 propria
2532 2650 2648 2689 vero
2676 2637 2957 2690 conversim
2977 2637 3323 2706 praedicantur
3344 2636 3404 2690 de
3432 2637 3510 2689 his
3533 2652 3746 2706 quorum
3763 2644 3875 2689 sunt

2296 2729 2529 2796 propria,
2565 2738 2769 2798 propter
2801 2729 2854 2781 id
2881 2728 3021 2797 quod
3047 2736 3432 2782 convertuntur.

2342 2818 2552 2871 Distata
2572 2822 2787 2888 proprio
2801 2819 3097 2874 differentia
3116 2821 3234 2889 quia
3249 2819 3547 2874 differentia
3564 2819 3742 2889 plures
3761 2833 3876 2888 spe-

2292 2909 2403 2962 cies
2425 2909 2644 2975 claudit,
2661 2924 2723 2963 ac
2746 2912 2813 2964 de
2832 2910 2914 2964 his
2946 2911 3195 2965 omnibus
3221 2911 3542 2980 praedicatur
3568 2915 3582 2963 Ξ
3605 2911 3877 2980 proprium

2293 3015 2418 3054 vero
2433 3002 2520 3053 uni
2541 3009 2742 3053 tantum
2762 3001 2958 3068 speciei
2972 3001 3316 3070 conjungitur
3333 3011 3492 3069 atque
3508 3013 3770 3070 aequatur.
3782 3001 3880 3054 Ra-

2294 3092 2490 3146 tionale
2505 3090 2647 3146 enim
2663 3091 2730 3146 de
2747 3091 2964 3146 homine
2983 3101 3143 3162 atque
3163 3092 3229 3147 de
3243 3093 3354 3146 Deo
3375 3093 3725 3161 praedicatur:
3752 3108 3879 3163 qua-

2293 3185 2490 3255 drupes
2506 3201 2633 3241 vero
2649 3185 2717 3241 de
2734 3200 2872 3255 equo
2894 3194 2947 3240 et
2958 3186 3166 3241 caeteris
3183 3185 3619 3254 quadrupedibus
3638 3184 3881 3241 .Risibilo

2217 3266 2262 3328 C
2298 3291 2428 3333 vero
2452 3292 2608 3331 unam
2636 3286 2838 3331 tantum
2867 3279 3098 3347 speciem
3113 3277 3374 3344 continet,
3399 3277 3450 3332 id
3473 3287 3558 3332 est
3580 3277 3879 3340 hominem;

2295 3373 2437 3428 unde
2451 3373 2508 3426 fit
2524 3382 2580 3427 ut
2596 3371 2896 3428 differentia
2915 3386 3129 3441 semper
3141 3371 3372 3443 Speciem
3387 3381 3881 3442 consequatur,spe

2293 3468 2402 3521 cies
2417 3482 2544 3521 vero
2557 3465 2913 3520 differentiam
2929 3464 3166 3520 minime.
3181 3463 3594 3534 Propriumvero
3604 3478 3666 3519 ac
3677 3464 3882 3533 species

2293 3562 2514 3616 alternis
2545 3575 2666 3616 sese
2693 3562 2899 3617 vrcibus
2929 3575 3079 3631 requa
3118 3560 3495 3630 praedicatione
3524 3559 3880 3614 comitantur:

2292 3653 2444 3722 sequi
2477 3668 2602 3707 vero
2631 3653 2828 3707 dicitur
2863 3652 3087 3722 aliquid,
3117 3652 3331 3722 quando
3361 3649 3595 3721 qualibet
3637 3665 3695 3705 re
3737 3650 3883 3720 prius

2294 3747 2585 3811 nominata,
2629 3744 2895 3814 posterius
2935 3744 3136 3814 reliqua
3171 3744 3422 3799 convenit
3461 3741 3792 3812 nuncupari:
3825 3751 3882 3796 ut

2293 3838 2338 3892 si
2366 3837 2560 3903 dicam,
2601 3840 2776 3892 omnis
2816 3838 2976 3892 homo
3011 3838 3344 3894 rationabilis
3374 3847 3474 3903 est,
3516 3838 3661 3909 prius
3704 3836 3882 3891 homi-

2293 3947 2439 3998 nem,
2474 3931 2739 4000 posterius
2761 3931 3117 3987 differentiam
3149 3933 3336 4002 posui;
3364 3933 3608 4002 sequitur
3627 3947 3756 4003 ergn
3781 3931 3882 3986 dif-

2291 4024 2516 4077 ferentia
2539 4023 2794 4093 speciem.
2827 4027 2895 4078 At
2916 4023 2958 4078 si
2984 4033 3288 4079 convertam
3320 4025 3534 4078 nomina
3561 4023 3878 4093 dicamque:

2292 4117 2464 4171 Omne
2484 4116 2801 4172 rationabile
2824 4115 2984 4170 homo
3014 4125 3116 4181 est,
3149 4117 3447 4187 propositio
3479 4131 3584 4170 non
3615 4125 3762 4170 tenet
3788 4131 3877 4170 ve-

2291 4211 2535 4275 ritatem;
2591 4209 2750 4279 igitur
2796 4210 3003 4280 species
3067 4209 3213 4264 nulla
3268 4211 3477 4265 ratione
3523 4207 3876 4263 differentiam

2291 4299 2615 4355 comitatur:
2657 4301 2931 4370 pr0prium
2964 4315 3090 4356 vero
3116 4309 3170 4356 et
3214 4299 3445 4372 species,
3486 4301 3609 4370 quia
3639 4299 3880 4356 converti

2291 4406 2539 4462 possunt,
2571 4401 2758 4449 mutuo
2792 4410 2850 4450 se
2880 4404 3209 4465 sequuntur:
3247 4405 3302 4450 ut
3329 4393 3500 4451 omnis
3523 4395 3685 4451 homo
3706 4393 3881 4450 risibi-

2292 4488 2380 4555 lis,
2416 4497 2468 4543 et
2497 4502 2655 4543 onme
2684 4487 2889 4543 risibile
2916 4488 3094 4543 homo.

2366 4574 2687 4649 Di/fere'ntia:
2711 4589 2876 4635 autem
2918 4591 2966 4634 et
3001 4582 3249 4636 accidenti
3277 4597 3543 4637 commune
3579 4582 3785 4651 quidem
3814 4590 3882 4636 est

598 4677 863 4747 a’qttalfter
917 4680 1221 4751 participari
1270 4679 1332 4732 ab
1381 4680 1444 4734 iis
1467 4696 1582 4751 qum
1625 4696 1799 4734 eorum
1826 4680 2134 4752 participant
2161 4698 2182 4738 :
2213 4658 2266 4717 D
2290 4675 2354 4730 de
2395 4675 2624 4746 pluribus
2659 4674 2762 4728 dici
2789 4689 2807 4729 :
2837 4689 3102 4728 commune
3130 4690 3245 4729 vero
3276 4676 3344 4727 ad
3380 4691 3438 4728 ea
3465 4690 3581 4746 qum
3603 4683 3722 4728 sunt
3750 4674 3884 4728 inse-

596 4771 854 4835 a’qnaliter
881 4772 1011 4824 enim
1036 4771 1329 4838 rationalia,
1362 4771 1637 4826 rationalia
1663 4782 1814 4835 sunt;
1845 4782 1892 4825 et
1933 4772 2148 4826 risibilia
2165 4815 2183 4841 ,

594 4857 831 4910 risibilia.
863 4860 996 4910 Item
1021 4877 1220 4930 semper
1265 4872 1310 4915 et
1339 4867 1477 4915 omni
1500 4865 1676 4917 adesse
1701 4879 1964 4916 commune
1986 4865 2188 4935 utrique

559 4960 562 4961 '
597 4956 667 4999 est
699 4963 714 4999 :
751 4948 794 5000 si
821 4949 951 4999 enim
972 4959 1199 5002 curtetur
1219 4952 1456 5019 quibipes
1477 4964 1570 5018 est,
1599 4965 1766 5006 tamen
1791 4956 1845 5006 id
1856 4956 1922 5007 ad
1944 4960 2081 5023 quod
2096 4975 2189 5010 nae

597 5052 700 5091 tnm
720 5048 791 5091 est
813 5055 1007 5106 semper
1030 5041 1360 5107 prwdicatur,
1389 5057 1507 5094 nam
1520 5053 1567 5095 et
1589 5045 1780 5098 risibile
1800 5047 1866 5098 ad
1885 5045 1937 5097 id
1954 5048 2091 5113 quod
2104 5065 2192 5102 na-

595 5140 699 5180 tnm
716 5141 992 5197 estsemper
1005 5130 1214 5195 dicitur,
1232 5130 1320 5183 sed
1343 5148 1444 5185 non
1475 5133 1525 5186 in
1554 5149 1613 5187 eo
1637 5135 1770 5203 quod
1784 5151 1980 5206 semper
2001 5139 2182 5198 rideat.

666 5220 815 5274 Nunc
854 5219 1166 5274 differentizc
1215 5223 1520 5293 propriique
1571 5227 1891 5280 communiat
1928 5229 2180 5283 continua

593 5313 837 5366 oratione
870 5313 1226 5383 prosequitur.
1251 5314 1546 5373 Commune
1574 5320 1716 5374 enim
1749 5322 1874 5377 dicit
1909 5337 2029 5378 esse
2062 5339 2187 5394 pro-

594 5403 708 5469 prio
753 5417 813 5456 ac
861 5402 1194 5472 differentiae,
1251 5407 1390 5475 quod
1440 5409 1714 5478 :cqualiter
1761 5414 2177 5483 participantur;

591 5505 744 5558 tuque
791 5493 933 5547 enim
965 5509 1152 5551 omnes
1205 5496 1453 5553 homines
1499 5499 1791 5558 rationales
1839 5515 1981 5572 sunt,
2029 5521 2182 5576 mque

595 5583 820 5639 risibiles
850 5603 863 5639 :
899 5586 1047 5651 illud,
1094 5591 1216 5659 quia
1262 5592 1613 5648 substantiam
1669 5606 1959 5662 monstrat;
2016 5597 2178 5664 istud,

499 5701 508 5705 -
593 5674 716 5741 quia
749 5687 830 5733 est
859 5693 1068 5749 sequam
1108 5687 1336 5753 propriae
1376 5687 1591 5755 speciei,
1625 5699 1677 5741 et
1724 5691 2018 5759 subjectum
2063 5707 2181 5760 spe-
2226 5725 2232 5730 -

593 5768 729 5819 ciem
781 5783 883 5825 non
918 5771 1184 5842 relinquit.
1228 5776 1388 5830 Aliud
1429 5778 1589 5832 etiam
1624 5778 1705 5832 his
1735 5796 2020 5837 commune
2051 5785 2181 5836 sub--

590 5858 760 5930 jungit
795 5880 808 5928 ;
858 5865 1132 5932 aequaliter
1171 5868 1316 5924 enim
1348 5868 1652 5927 differentia
1683 5888 1896 5942 semper
1924 5873 2179 5942 subjectis

2290 4769 2547 4841 parabilia
2575 4765 2859 4820 accidentia
2899 4777 3098 4839 semper
3133 4777 3180 4821 et
3214 4769 3447 4822 omnibus
3491 4769 3668 4824 adesse
3708 4786 3725 4822 :
3751 4769 3886 4837 bipes

2294 4865 2429 4917 enim
2473 4877 2670 4931 semper
2715 4861 2860 4914 adest
2896 4872 2944 4917 et
2990 4862 3224 4918 omnibus
3262 4863 3445 4930 corvis,
3487 4870 3533 4916 et
3577 4863 3779 4934 nigrum
3824 4863 3888 4914 si-

2296 4955 2386 5008 mil
2392 4955 2406 5007 i
2412 4965 2502 5014 ter,

2374 5047 2489 5097 Duo
2533 5044 2750 5115 quidem
2795 5043 3116 5102 differeiitiaa
3159 5055 3212 5102 et
3253 5046 3545 5102 accidentis
3583 5057 3886 5101 communia

2301 5138 2574 5209 proponit,
2609 5155 2836 5208 quorum
2864 5155 3027 5196 unum
3067 5141 3510 5211 inseparabilibus
3537 5147 3590 5193 et
3613 5139 3887 5207 separabi-

2301 5231 2439 5284 libus
2494 5231 2855 5288 accidentibus
2909 5249 3029 5288 cum
3089 5232 3384 5288 differentia
3429 5241 3716 5287 commune
3767 5242 3888 5287 est:

2298 5323 2366 5377 ab
2393 5322 2561 5377 altero
2595 5339 2724 5380 vero
2765 5326 3065 5396 separabile
3097 5325 3344 5380 accidens
3381 5335 3710 5396 segregatur.
3748 5323 3887 5379 Tan-

2300 5425 2410 5470 tum
2434 5430 2562 5472 vero
2602 5416 2958 5487 inseparabile
2994 5416 3226 5472 secunda
3261 5419 3641 5472 communione
3682 5417 3887 5472 claudi-

2295 5513 2404 5563 tur.
2443 5509 2536 5563 Est
2567 5509 2709 5564 enim
2734 5525 3016 5565 commune
3039 5509 3352 5564 differentia:
3377 5523 3499 5565 cum
3528 5510 3777 5566 omnibus
3801 5524 3886 5562 ac~

2298 5601 2603 5656 cidentibus
2634 5603 2701 5658 de
2729 5603 2972 5672 pluribus
3001 5601 3282 5673 praedicari
3311 5620 3321 5654 :
3349 5618 3469 5657 nam
3494 5614 3547 5657 et
3570 5598 3886 5673 separabilia

2298 5704 2353 5747 ct
2387 5693 2761 5762 inseparabilia
2805 5695 3100 5750 accidentia
3128 5695 3267 5752 sicut
3299 5696 3596 5752 differentia
3626 5695 3693 5750 de
3726 5692 3887 5764 pluri-

2295 5785 2396 5839 bus
2422 5786 2701 5855 speciebus
2725 5797 2776 5840 et
2807 5787 3093 5843 individuis
3126 5790 3486 5860 praedicantur
3514 5809 3524 5842 :
3559 5801 3616 5844 ut
3644 5788 3792 5857 bipes
3823 5781 3907 5840 de'

2297 5892 2461 5934 cmvo
2495 5888 2650 5949 atque
2679 5894 2850 5950 cygno
2896 5892 3252 5954 nuncupatur,
3295 5894 3344 5938 et
3380 5883 3446 5938 de
3488 5883 3568 5936 his
3601 5881 3651 5936 in
3677 5877 3888 5938 tividuil

2238 5961 2280 5988 Υ
