4244 6254
320 326 423 379 153

1164 316 1229 370 ΙΝ
1270 309 1715 369 POBPlIYRIUM
1755 310 2400 367 COMMENTARIORUM
2444 310 2571 366 LIB.
2615 311 2676 369 ν.

3506 311 3599 366 136

324 455 445 514 quae
478 437 580 495 sub
601 450 766 493 corvo
794 443 849 491 et
876 447 1044 506 cygno
1072 442 1218 487 sunt.
1272 431 1401 485 Item
1428 428 1495 486 de
1521 427 1710 485 eodem
1740 442 1905 484 corvo
1932 432 1984 492 Α
2009 440 2108 481 nec
2140 425 2354 496 proprie
2382 422 2706 479 universalia
2745 421 2995 479 dicuntur
3032 420 3348 489 accidentia,
3376 436 3499 479 cum
3529 423 3599 480 de

320 540 484 602 atque
504 544 676 601 cygno
697 527 875 583 album
901 535 953 580 et
983 526 1217 595 nigrum,
1242 540 1360 593 qua:
1378 530 1504 577 sunt
1532 518 1904 592 inseparabilis

322 621 640 691 accidentia,
694 618 1066 691 praedicantur.
1115 614 1402 671 Ambulare
1444 615 1587 669 enim
1618 614 1701 668 vel
1741 622 1906 689 stare,

320 715 560 770 dormire
586 729 647 768 ac
671 711 894 782 vigilare
922 710 989 765 de
1019 708 1221 764 eisdem
1248 708 1498 773 dicimus,
1527 723 1646 778 qua:
1673 716 1799 763 sunt
1819 722 1909 762 ac-

318 806 555 861 cidentia
608 802 927 874 separabilia
963 802 1229 871 :-reliqua
1273 816 1404 857 vero
1441 802 1802 856 communitas
1846 814 1909 855 ea

320 904 522 951 tantum
545 895 840 950 accidentia
871 892 1083 949 videtur
1106 893 1383 959 includere
1404 908 1523 964 qua:
1548 900 1673 949 sunt
1699 892 1913 960 insepa-

321 991 542 1046 rabilis:
576 1004 697 1044 nam
735 988 875 1045 sicut
907 987 1209 1044 differentia
1249 1002 1464 1057 semper
1491 986 1747 1056 subjectis
1785 999 1911 1054 spe-

321 1082 509 1138 ciebus
531 1082 875 1146 adhaerescit.
904 1083 979 1137 ita
1004 1082 1165 1138 etiam
1204 1080 1577 1152 inseparabilis
1614 1078 1911 1135 accidentia

321 1190 596 1245 nunquam
615 1173 869 1229 videnlur
884 1174 1137 1229 deserere
1158 1173 1460 1244 subjectum
1483 1190 1497 1227 :
1520 1182 1578 1228 ut
1594 1173 1737 1229 enim
1762 1171 1912 1242 bipes

321 1268 462 1337 quod
490 1278 573 1322 est
599 1265 924 1331 differentia,
955 1280 1226 1336 nunquam
1250 1280 1531 1321 corvorum
1558 1265 1792 1334 speciem
1822 1262 1915 1318 de-

320 1356 603 1427 relinquit,
639 1357 712 1410 ita
741 1370 846 1411 nec
868 1355 1076 1425 nigrum
1104 1355 1249 1425 quod
1275 1354 1528 1409 accidens
1556 1350 1914 1423 inseparabile

320 1460 406 1504 est
431 1467 444 1502 :
474 1447 781 1504 differentia
800 1462 928 1501 vero
950 1447 1153 1501 idcirco
1181 1460 1290 1500 non
1315 1445 1573 1515 relinquit
1592 1444 1911 1513 subjectum,

321 1541 586 1611 quoniam
612 1540 730 1610 ejus
761 1539 1119 1595 substantiam
1147 1538 1381 1609 complet
1413 1554 1477 1593 ac
1507 1538 1744 1607 perficit;
1776 1536 1915 1593 acci-

320 1634 462 1687 dens
494 1647 623 1687 vero
648 1632 954 1701 hujusmodi
980 1641 1084 1699 est,
1128 1633 1251 1702 quia
1288 1648 1393 1687 non
1436 1640 1611 1702 potest
1648 1631 1911 1702 separari,

322 1737 502 1792 neque
531 1721 675 1776 enim
699 1731 879 1791 posset
900 1736 1018 1777 esse
1040 1722 1288 1778 accidens
1315 1722 1692 1793 inseparabile,
1717 1722 1763 1777 si
1778 1722 1909 1778 sub‘

325 1816 521 1885 jectum
545 1813 835 1884 aliquando
860 1813 1203 1885 relinqueret.

398 1906 659 1976 Diﬂ'erunt
690 1914 857 1959 autem
880 1906 1017 1976 quod
1058 1905 1352 1973 differentia
1382 1890 1586 1976 quidem
1615 1908 1837 1961 continet
1862 1914 1910 1961 et

328 2018 431 2055 non
462 2001 781 2055 continetur:
814 2000 1036 2055 continet
1064 2002 1197 2055 enim
1229 2002 1557 2056 rationalitas
1582 2001 1840 2057 hominem
1867 2013 1916 2058 et

330 2090 526 2160 Deum;
556 2095 837 2149 accidentia
866 2112 980 2150 vero
998 2096 1377 2166 quodammodo
1398 2100 1677 2167 continent,
1700 2115 1757 2154 eo
1777 2101 1917 2170 quod

327 2186 377 2240 in
401 2186 632 2257 pluribus
661 2197 801 2252 sunt,
830 2196 877 2241 et
902 2188 1285 2258 quodammodo
1314 2189 1657 2255 continentur,
1684 2207 1743 2244 eo
1776 2191 1917 2261 quod

328 2294 428 2333 non
462 2281 615 2334 unius
660 2280 939 2335 accidentis
975 2282 1326 2352 susceptibilia
1374 2293 1493 2338 sunt
1528 2285 1779 2357 subjecta,
1820 2284 1915 2339 sed

326 2371 687 2439 plurimorum.
712 2370 781 2425 Et
809 2371 1102 2441 di/Terentia
1128 2374 1333 2444 quidem
1377 2376 1733 2431 inintensibifis
1764 2388 1837 2432 est
1867 2387 1916 2432 et

327 2464 685 2519 irremissibitis
709 2481 727 2519 :
750 2467 1032 2521 accidentia
1053 2484 1169 2522 vero
1190 2470 1361 2523 minus
1380 2479 1425 2524 et
1452 2470 1615 2543 magis
1637 2472 1911 2541 recipiunt.

328 2560 577 2629 Amplius,
608 2559 940 2638 impermista
963 2570 1084 2615 sunt
1117 2561 1325 2632 quidem
1371 2565 1644 2617 contraria:
1674 2563 1916 2633 differen-

328 2650 429 2715 tite,
477 2650 755 2704 miscentur
791 2666 907 2704 vero
946 2652 1206 2706 contraria
1243 2651 1547 2706 accidentia.
1595 2651 1915 2725 Hujusmodi

327 2740 528 2809 quidem
555 2742 933 2796 communiones
955 2752 1000 2797 et
1030 2744 1365 2815 proprietates
1393 2743 1697 2812 iii/ferentia:
1738 2755 1789 2801 et
1817 2762 1916 2801 cte-

328 2842 551 2886 terorum
584 2844 699 2887 sunt
726 2848 744 2887 :
770 2834 959 2905 species
988 2851 1102 2889 vero
1129 2853 1230 2906 quo
1264 2837 1470 2906 quidem
1499 2836 1708 2903 di/I'erat
1752 2855 1785 2891 a
1830 2855 1915 2910 ge-

331 2939 447 2978 nere
474 2933 519 2977 et
554 2922 861 2992 iii/ferentia,
900 2927 1091 2981 dictum
1121 2938 1193 2981 est
1235 2929 1440 2998 quando
1482 2930 1772 2984 dicebamus
1814 2948 1917 2997 quo

331 3030 489 3084 genus
516 3025 562 3069 et
585 3014 874 3083 di/ferentia
898 3016 1103 3085 diﬂ'erat
1134 3034 1166 3071 a
1193 3020 1408 3084 cazteris,
1441 3020 1691 3089 reliquum
1720 3031 1795 3076 est
1815 3038 1915 3092 quo

328 3102 525 3169 ἅψεται
555 3121 586 3156 a
618 3105 829 3173 proprio
854 3114 900 3159 et
929 3107 1182 3161 accidenti
1204 3108 1394 3173 dicere.

2014 515 2296 587 Specie‘bus
2316 515 2554 587 pluribus
2576 513 2824 569 dicuntur
2852 533 2862 567 :
2888 515 3204 571 differentia:
3219 530 3345 571 vero
3367 516 3600 570 maxime

2012 607 2263 662 dicuntur
2291 606 2616 664 universalia
2647 617 2699 664 et
2730 607 2967 677 preprie.
3012 607 3141 677 Qua:
3168 610 3310 665 enim
3345 623 3601 680 quorum-

2015 701 2147 758 libet
2178 702 2498 757 universalia
2527 709 2673 768 sunt,
2704 716 2765 756 ea
2799 714 3020 756 necesse
3049 711 3133 757 est
3161 718 3345 757 eorum
3371 717 3600 773 quorum

2014 805 2141 851 sunt
2158 796 2482 852 universalia
2497 797 2656 852 etiam
2674 796 3024 850 substantiam
3041 797 3337 864 continere;
3350 812 3455 867 quo
3472 797 3530 850 fit
3545 804 3604 852 ut

2014 890 2137 959 quia
2185 890 2545 945 substantiam
2589 888 2907 945 differentiae
2936 898 3257 954 monstrant,
3302 886 3603 946 intensione

2015 993 2078 1033 ac
2108 980 2426 1035 remissione
2457 988 2694 1047 careant,
2732 995 2837 1034 una
2864 979 3008 1034 enim
3038 994 3264 1049 quicque
3306 981 3603 1036 substantia

2018 1084 2193 1140 neque
2225 1071 2471 1126 contrahi
2503 1087 2677 1141 neque
2707 1070 2907 1126 remitti
2948 1080 3142 1141 potest.
3194 1072 3263 1126 At
3308 1086 3434 1126 vero
3463 1072 3604 1127 acci-

2016 1160 2198 1216 dentia
2256 1163 2509 1231 quoniam
2560 1164 2759 1217 nullam
2807 1163 3246 1219 constitutionem
3290 1163 3604 1221 substantia

2016 1253 2336 1321 profitentur
2362 1254 2666 1311 intensione
2694 1265 2962 1322 crescunt,
2990 1268 3042 1310 et
3074 1254 3390 1312 remissione
3418 1257 3605 1314 decre-

2017 1354 2195 1398 scunt.
2231 1344 2320 1399 Illa
2351 1361 2566 1416 quoque
2598 1363 2784 1402 eorum
2815 1358 2897 1404 est
2930 1348 3249 1415 differentia,
3281 1349 3422 1420 quod
3452 1349 3605 1407 diffe-

2016 1438 2189 1492 rentia
2222 1439 2510 1495 contrariae
2552 1441 2885 1510 permisceri,
2923 1451 2978 1497 ut
3018 1457 3082 1497 ex
3119 1446 3197 1497 eis
3241 1442 3333 1498 ﬁat
3378 1443 3602 1514 aliquid,

2017 1546 2124 1585 non
2166 1541 2369 1603 queunt
2399 1548 2413 1587 :
2459 1534 2756 1589 accidentia
2785 1550 2912 1590 vero
2938 1536 3230 1603 contraria,
3267 1546 3320 1592 et
3354 1538 3602 1609 quaedam

2015 1625 2277 1682 medietas
2307 1642 2373 1681 ex
2394 1627 2654 1682 alterutra
2676 1628 3057 1685 centrarietate
3085 1630 3499 1701 conjunguntur.
3525 1631 3604 1690 Et

2019 1716 2323 1772 rationabili
2348 1718 2491 1773 enim
2526 1728 2581 1774 et
2613 1719 2970 1776 irrationabili
2999 1721 3133 1776 nihil
3173 1722 3227 1777 in
3254 1738 3416 1778 unum
3455 1723 3603 1796 iungi

1947 1828 1995 1889 Β
2024 1819 2234 1878 potest:
2273 1828 2337 1866 ex
2380 1813 2504 1867 albo
2530 1828 2660 1868 vero
2696 1824 2751 1869 et
2798 1817 2951 1885 nigro
2984 1816 3283 1885 conjunctis
3312 1817 3372 1871 fit
3411 1818 3602 1888 aliquis

2022 1902 2228 1957 medius
2259 1904 2426 1957 color.
2458 1905 2733 1974 Expositis
2780 1907 2939 1976 igitur
2978 1908 3249 1963 distantiis
3291 1906 3603 1965 differentia

2018 1993 2085 2048 ad
2108 2006 2326 2061 caetera,
2360 2005 2527 2050 restat
2546 1998 2614 2052 de
2634 2000 2813 2068 specie
2836 2000 3033 2065 dicere,
3065 2000 3220 2071 cujus
3247 2002 3459 2071 quidem
3500 2000 3601 2055 dif-

2018 2086 2271 2141 ferentias
2300 2087 2368 2141 ad
2410 2103 2577 2157 genus
2611 2101 2737 2145 ante
2778 2093 3112 2162 collegimus,
3144 2109 3264 2147 eum
3292 2093 3504 2163 generis
3536 2094 3601 2148 ad

2018 2179 2252 2247 speticm
2283 2178 2613 2235 differentias
2643 2181 2977 2251 dicebamus,
3006 2184 3252 2253 ejusdem
3283 2186 3447 2240 etiam
3474 2198 3600 2255 Spe-

2017 2270 2116 2324 ciei
2148 2271 2431 2327 distantias
2460 2273 2526 2328 ad
2554 2273 2913 2331 differentiam
2936 2277 3331 2342 diximus,cum
3352 2277 3603 2334 differen-

2020 2362 2104 2415 tiae
2116 2364 2182 2417 ad
2204 2366 2440 2434 speciem
2463 2350 2930 2424 dissimilitudines
2950 2372 3402 2427 monstrabatnus.
3418 2372 3603 2430 ltestat

2018 2455 2177 2525 igitur
2204 2458 2442 2527 speciem
2472 2461 2689 2530 proprio
2710 2472 2763 2517 et
2791 2462 3055 2518 accidenti
3075 2464 3449 2521 communione
3475 2478 3603 2520 con-

2012 2549 2261 2620 jungere,
2297 2560 2407 2604 tum
2434 2551 2752 2607 differentiis
2781 2568 3084 2626 segregare.

2091 2640 2290 2711 Speciei
2322 2657 2438 2695 vero
2463 2652 2511 2697 et
2543 2646 2740 2714 proprii
2780 2662 3047 2701 commune
3093 2658 3165 2703 est
3204 2649 3410 2719 quidem
3448 2648 3513 2703 dc
3551 2664 3605 2705 se

2018 2733 2233 2787 invicem
2256 2734 2556 2805 prwdicari,
2578 2752 2698 2789 nam
2729 2737 2774 2790 si
2813 2739 2965 2793 homo
2994 2751 3089 2807 est,
3120 2742 3312 2797 risibile
3339 2753 3452 2807 est;
3478 2760 3537 2797 ac
3560 2744 3606 2797 si

2018 2825 2232 2893 risibile,
2258 2826 2411 2881 homo
2432 2841 2452 2880 :
2478 2828 2670 2880 risibile
2698 2844 2812 2882 vero
2847 2832 3125 2884 secundum
3165 2832 3219 2884 id
3261 2834 3398 2901 quod
3432 2844 3605 2887 natum

2020 2929 2090 2973 est
2117 2919 2285 2972 ridere
2315 2921 2500 2987 accipi,
2539 2936 2673 2990 stupe
2702 2924 2819 2992 jam
2852 2923 3046 2975 dictum
3083 2931 3177 2975 est.
3210 2923 3489 2977 Commune
3533 2933 3605 2977 est

2020 3027 2215 3079 quoque
2248 3012 2515 3082 wqitatiter
2550 3015 2850 3085 participari
2884 3030 2903 3069 .'
2951 3016 3214 3085 aequaliter
3262 3019 3395 3069 enim
3439 3016 3606 3070 insunt

2021 3108 2210 3178 species
2253 3108 2329 3160 liis
2358 3123 2470 3177 qute
2496 3125 2669 3162 eorum
2709 3111 3040 3181 participant,
3073 3121 3119 3165 et
3155 3111 3367 3181 propria
3392 3126 3607 3182 quorum

399 3199 529 3249 Post
558 3194 872 3253 differentiae
893 3206 948 3254 et
973 3199 1268 3256 accidentis
1297 3202 1532 3260 redditas
1557 3207 1916 3264 communita-

1979 3213 1988 3274 :
2018 3209 2137 3253 sunt
2166 3201 2395 3271 prapriu.

327 3294 428 3351 tes,
459 3301 602 3341 nunc
630 3288 697 3343 de
732 3302 920 3344 eorum
956 3290 1277 3348 differentiis
1325 3302 1539 3363 tractat,
1584 3312 1647 3353 ac
1682 3300 1915 3369 primum

328 3379 539 3450 quidem
598 3381 757 3439 talem
788 3386 1085 3455 proponit:
1122 3386 1431 3444 Differentia
1482 3392 1678 3455 omnis,
1722 3393 1914 3465 inquit,

326 3471 559 3539 speciem
588 3475 847 3529 continet.
869 3474 1279 3533 Rationabilitas
1306 3480 1450 3534 enim
1473 3482 1716 3539 continet
1738 3484 1913 3540 hornis

327 3577 472 3630 nem,
502 3566 756 3631 quoniam
804 3568 923 3637 plus
963 3568 1359 3626 rationabilitas
1386 3587 1545 3643 quam
1580 3575 1811 3644 species,
1862 3577 1916 3632 id

328 3665 410 3710 est
431 3655 612 3723 homo,
642 3660 991 3727 praedicatur:
1016 3676 1369 3733 supergressa
1395 3667 1540 3721 enim
1564 3668 1917 3726 substantiam

328 3746 558 3801 hominis
591 3748 644 3802 in
672 3749 837 3805 Deum
866 3768 1033 3824 usque
1057 3754 1396 3812 diffunditur.
1428 3759 1743 3816 Accidentia
1786 3778 1917 3819 vero

328 3839 619 3908 aliquando
648 3843 864 3911 quidem
894 3848 1195 3915 continent;
1224 3849 1513 3920 aliquando
1551 3855 1916 3911 continentur.

332 3928 627 3986 Contineut
670 3934 908 4003 quidem,
962 3938 1080 4008 quia
1130 3941 1410 4011 quodlibet
1454 3959 1619 4000 unum
1671 3948 1921 4005 accidens

328 4022 616 4091 speciebus
642 4029 833 4081 adesse
862 4028 1100 4097 pluribus
1128 4034 1428 4101 consuevit,
1463 4044 1519 4090 ut
1548 4037 1725 4092 albutn
1748 4054 1919 4111 cygno

329 4122 381 4169 et
410 4113 609 4183 lapidi:
647 4124 705 4171 ut
730 4118 936 4189 nigrum
967 4136 1129 4179 corvo
1169 4132 1224 4179 et
1265 4123 1511 4196 Ethiopi
1540 4136 1703 4198 atque
1725 4129 1918 4185 ebeno.

329 4206 682 4265 Continentur
708 4227 856 4282 vero,
881 4215 1134 4283 quoniam
1158 4219 1310 4288 plura
1338 4220 1635 4278 accidentia
1662 4223 1752 4278 uni
1778 4224 1921 4281 acci-

331 4296 457 4352 dunt
487 4303 708 4369 speciei,
732 4314 788 4359 ut
811 4306 1056 4363 videatur
1082 4309 1171 4365 illa
1197 4313 1408 4381 species
1440 4314 1593 4384 plura
1623 4317 1922 4374 accidentia

333 4391 641 4448 continere:
674 4412 793 4452 cum
820 4400 963 4454 enim
1010 4399 1254 4474 Ethiopi
1302 4407 1498 4462 accidit
1542 4418 1594 4463 ut
1644 4411 1717 4465 sit
1735 4411 1908 4482 niger,

336 4482 526 4536 accidit
554 4494 608 4539 ut
630 4487 699 4541 sit
726 4489 917 4560 simus,
952 4500 1010 4547 ut
1042 4494 1275 4565 crispus,
1309 4514 1428 4568 qua:
1456 4510 1645 4557 cuncta
1669 4504 1921 4560 acciden-

2093 3293 2412 3360 Connnune,
2438 3293 2630 3365 inquit,
2662 3295 2861 3352 habent
2894 3312 3167 3367 proprium
3209 3305 3368 3368 atque
3404 3298 3608 3368 species

2020 3385 2088 3440 ad
2119 3386 2294 3456 seipsa
2323 3388 2733 3457 praedicationes
2758 3390 2956 3448 habere
2979 3407 3289 3450 conversas.
3315 3392 3445 3449 Nam
3474 3376 3608 3456 sicut

2021 3478 2231 3548 species
2260 3480 2326 3535 de
2349 3482 2586 3552 proprio,
2610 3484 2683 3539 ita
2713 3487 2992 3556 pr0prium
3029 3486 3098 3542 de
3142 3491 3322 3558 specie
3353 3488 3608 3557 praedica~

2023 3580 2108 3625 tur
2133 3588 2144 3623 :
2180 3587 2303 3627 nam
2329 3583 2384 3627 ut
2408 3585 2491 3629 est
2520 3578 2682 3632 homo
2711 3578 2953 3646 risibilis,
2977 3580 3047 3634 ita
3074 3589 3159 3635 est
3182 3579 3386 3636 risibile
3412 3580 3608 3647 homo;

2023 3664 2185 3735 idque
2209 3666 2321 3735 jam
2352 3669 2596 3738 superius
2635 3671 2834 3727 dictum
2864 3687 2985 3728 esse
3020 3683 3429 3741 commemorat,
3462 3676 3609 3744 cujus

2022 3761 2419 3817 communitatis
2442 3762 2704 3819 rationem
2726 3766 2927 3834 subdit,
2952 3782 3071 3822 eam
3091 3769 3299 3825 scilicet
3312 3785 3414 3840 qua
3436 3785 3610 3842 aequa.

2023 3852 2143 3907 liter
2195 3856 2407 3923 species
2455 3857 2741 3912 individuis
2787 3860 3194 3931 participantur,
3238 3866 3377 3920 sicut
3421 3867 3610 3922 eadem

2025 3946 2244 4016 propria
2287 3947 2369 4003 his
2399 3964 2625 4019 quorum
2650 3960 2777 4005 sunt
2805 3955 3054 4021 propria:
3081 3970 3201 4023 quae
3228 3957 3365 4009 ratio
3397 3971 3506 4012 non
3536 3960 3610 4013 via

2026 4037 2185 4092 detur
2206 4040 2273 4092 ad
2304 4043 2715 4097 conversionem
2757 4044 3155 4114 prasilicationis
3185 4049 3610 4117 accommodata,

2026 4130 2120 4184 sed
2154 4134 2329 4199 potius
2359 4132 2425 4186 ad
2460 4132 2603 4187 illam
2647 4136 2809 4191 aliain
2854 4136 3283 4206 similitudinem,
3313 4140 3434 4211 quia
3476 4142 3611 4201 sicut

2028 4224 2239 4292 species
2292 4216 2575 4295 a-qualiter
2615 4229 2682 4284 ab
2731 4229 3026 4287 individuis
3070 4234 3487 4304 participantur,
3545 4238 3612 4291 itit

2028 4318 2188 4373 etiam
2222 4320 2471 4390 propria;
2499 4338 2651 4392 aeque
2671 4325 2814 4379 enim
2838 4325 3089 4382 Socrates
3117 4336 3173 4382 et
3196 4327 3347 4382 Plato
3372 4328 3612 4384 homines

2026 4419 2173 4476 sunt,
2223 4413 2365 4466 sicut
2411 4415 2571 4468 etiam
2620 4416 2872 4473 risibiles.
2921 4419 3102 4488 itaque
3154 4428 3407 4498 tanquam
3455 4421 3612 4480 aliaat

2029 4505 2462 4562 communionem
2502 4510 2760 4565 debemus
2791 4512 3037 4582 accipere
3073 4512 3204 4567 illud
3233 4516 3376 4583 quod
3408 4524 3489 4570 est
3523 4517 3612 4569 ad-

335 4572 405 4625 tia
431 4584 553 4676 sunt
582 4577 875 4676 Aitbiopis,
909 4587 1120 4653 species
1143 4598 1246 4655 est,
1284 4605 1406 4658 quae
1441 4600 1526 4646 est
1569 4594 1752 4662 homo,
1782 4596 1922 4651 intra
1952 4607 2007 4668 D
2032 4600 2235 4653 ditum:
2268 4602 2548 4669 aequaliter
2586 4605 2727 4657 enim
2759 4613 2886 4659 sunt
2911 4572 3123 4675 species
3167 4572 3400 4676 his-qua:
3429 4624 3612 4665 eorum

336 4676 395 4717 se
415 4665 641 4733 plurima
668 4672 968 4768 accidentia
996 4676 1206 4732 videtur
1230 4680 1525 4739 includere.
1554 4684 1690 4741 Huic
1710 4690 1922 4743 occurri
1952 4665 1990 4731 ἦ
2035 4665 2375 4761 participant,
2399 4701 2455 4746 et
2481 4694 2694 4764 propria
2712 4665 3096 4766 quorum'sunt
3124 4665 3361 4768 propria.
3388 4702 3471 4757 An
3502 4717 3613 4757 ma-

336 4763 543 4820 potest:
574 4772 693 4815 cum
732 4761 1055 4822 differentiae
1085 4783 1300 4840 quoque
1332 4771 1510 4843 aliquo
1551 4776 1711 4832 modo
1748 4780 1924 4835 conti-

338 4858 548 4917 nentur,
579 4854 685 4909 alio
713 4856 876 4911 modo
902 4861 1207 4931 continent,
1237 4874 1294 4920 ut
1331 4866 1722 4928 rationabilitas
1747 4874 1924 4930 conti-

336 4947 423 4992 net
448 4940 714 5000 hominem
749 4947 894 5017 (plus
919 4953 1067 5009 enim
1093 4970 1255 5026 quam
1292 4956 1361 5013 de
1402 4961 1621 5018 homine
1661 4966 1924 5034 praedica—

336 5033 439 5085 turl
468 5037 773 5099 continetur
802 5056 1017 5115 quoque
1043 5047 1110 5103 ab
1143 5047 1383 5117 homine,
1416 5033 1672 5122 quoniam?
1697 5073 1802 5114 non
1830 5074 1919 5115 so-

331 5222 579 5275 mortale.
611 5224 1075 5294 llespondebimus
1095 5242 1286 5289 contra
1307 5234 1430 5303 hoc,
1458 5236 1646 5293 Omnia
1670 5255 1922 5310 quaecun-

329 5328 433 5383 que
461 5316 882 5375 sulistantialiter
904 5322 971 5378 de
1000 5326 1239 5394 pluribus
1261 5329 1641 5400 praedicantur,
1662 5338 1728 5390 ab
1754 5339 1837 5392 his
1853 5338 1922 5395 de

326 5405 527 5475 quibus
569 5407 816 5466 dicuntur
861 5430 967 5470 non
1012 5427 1268 5487 poterunt
1309 5424 1607 5490 contineri;
1634 5442 1739 5496 quo
1780 5432 1837 5486 fit
1868 5444 1924 5487 ut

329 5499 641 5556 differentia
687 5508 899 5575 quidem
930 5526 1035 5568 nou
1065 5517 1446 5575 contineantur
1486 5533 1517 5574 a
1563 5521 1765 5591 specie,
1789 5532 1845 5580 et
1878 5527 1923 5581 si
1966 5558 1971 5563 -

328 5594 438 5648 sint
465 5593 652 5667 plures
680 5595 995 5657 differentiae
1016 5620 1138 5675 qua:
1166 5609 1402 5678 speciem
1435 5610 1743 5670 informem.
1769 5619 1924 5673 Acci-

331 5683 513 5740 dcntia
543 5701 678 5743 vero
706 5691 1075 5763 continentur,
1110 5702 1361 5768 quoniam
1392 5703 1685 5761 accidentia
1725 5710 1921 5778 speciei

328 5774 682 5841 substantiam
740 5783 884 5851 nulla
927 5788 1311 5869 prtedicatione
1364 5799 1692 5857 constituunt
1728 5774 1919 5860 :‘nam

1984 4820 1987 4821 ν
2032 4782 2115 4853 gis
2144 4783 2549 4853 intelligendum
2577 4798 2662 4842 est
2698 4789 2799 4843 hoc
2837 4789 2996 4845 modo
3024 4788 3250 4859 dictum,
3291 4804 3541 4866 tanquam
3570 4793 3614 4851 si

2034 4875 2260 4942 diceret,
2283 4876 2534 4947 A‘Jqualia
2565 4890 2691 4936 sunt
2727 4882 2937 4951 species
2971 4894 3024 4938 et
3065 4886 3310 4955 propria:
3342 4904 3464 4943 nam
3494 4888 3615 4957 quia

2033 4970 2243 5040 species
2270 4986 2456 5027 eorum
2476 4982 2604 5029 sunt
2629 4976 2861 5045 species,
2888 4991 3007 5047 qua:
3037 4979 3319 5047 speciebus
3346 4981 3475 5050 ipsis
3497 4996 3615 5049 par-

1970 5106 1973 5111 ,
2035 5064 2252 5131 ticipant
2288 5083 2303 5119 :
2335 5076 2392 5120 et
2431 5069 2649 5138 propria
2694 5085 2880 5125 eorum
2940 5071 3176 5141 prepria,
3228 5087 3347 5141 quae
3387 5071 3614 5141 propriis

335 5127 440 5183 lutn
470 5129 609 5184 hanc
644 5132 997 5198 differentiam
1038 5137 1202 5196 homo
1233 5143 1495 5214 continet,
1525 5162 1708 5203 verum
1754 5149 1917 5207 etiam
1974 5186 1975 5189 η

2034 5156 2385 5225 participant;
2416 5161 2690 5229 proprium
2721 5171 2879 5233 atque
2908 5162 3117 5232 species
3149 5162 3423 5231 mqualiter
3457 5164 3615 5218 utris-

2033 5264 2139 5318 que
2191 5253 2391 5316 insunt,
2427 5253 2480 5307 id
2505 5263 2606 5322 est,
2635 5270 2807 5324 neque
2834 5257 3042 5325 species
3069 5254 3377 5323 supervadit
3403 5268 3467 5311 ea
3497 5271 3614 5326 qua:

2034 5343 2213 5411 specie
2266 5344 2607 5415 participant,
2651 5362 2824 5418 neque
2872 5351 3087 5418 propria
3133 5350 3496 5417 supervadunt
3554 5367 3616 5411 ea

2036 5449 2157 5503 qua:
2182 5438 2413 5505 prepriis
2444 5439 2785 5509 participant.
2818 5439 3054 5509 Cumque
3088 5440 3204 5496 haec
3243 5442 3457 5512 propria
3490 5459 3615 5515 spe-

2031 5526 2232 5582 cierum
2263 5529 2371 5583 sint
2401 5531 2638 5600 propria,
2667 5531 2879 5601 species
2898 5548 2961 5586 ac
2992 5536 3204 5603 propria
3242 5536 3469 5606 aequalia
3492 5553 3613 5597 esse

2031 5633 2253 5675 necesse
2282 5631 2386 5687 est,
2420 5631 2582 5691 atque
2612 5622 2839 5678 invicem
2868 5626 3167 5694 praedicari.

2106 5712 2293 5779 Di/Iert
2328 5722 2499 5769 autem
2550 5718 2737 5790 species
2787 5735 2820 5772 a
2861 5722 3096 5792 preprio,
3135 5739 3379 5795 quamam
3425 5730 3618 5799 specirs

2032 5809 2234 5871 quidem
2260 5818 2421 5866 potest
2438 5818 2484 5865 et
2512 5811 2630 5872 aliis
2651 5829 2757 5870 esse
2775 5829 2949 5885 gemis,
2972 5818 3237 5891 proprium
3258 5835 3370 5877 vero
3390 5820 3613 5875 aliarum
