4244 6254
632 413 735 473 155

1837 416 1948 474 ΔΝ.
1993 416 2193 472 ΜΑΝι.
2240 416 2391 472 SEV.
2434 417 2656 473 BOETII

3795 421 3891 477 I50

624 508 905 601 specierum
920 548 1028 586 esse
1039 530 1346 604 impossibile
1361 532 1528 588 est.Et
1547 535 1736 605 species
1752 537 1951 603 quidem
1963 547 2079 588 ante
2094 533 2213 588 sub-
2237 535 2292 594 Δ
2387 535 2592 604 Speciei
2622 548 2676 594 et
2703 537 2996 595 accidentis
3018 538 3421 596 similitudinem
3447 554 3783 595 communem
3811 539 3893 596 di-

629 622 761 675 sistit
790 637 942 687 quam
980 622 1265 691 proprium,
1289 624 1549 693 praprium
1570 641 1685 678 vero
1716 634 1828 696 post
1857 626 1913 692 ﬁt
1934 627 1986 679 in
2010 627 2172 696 specie
2193 641 2215 680 :

628 718 827 778 oportet
856 711 988 763 enim
1019 721 1138 765 ante
1162 713 1413 765 hominem
1436 729 1543 767 esse
1566 724 1618 766 ut
1644 715 1709 767 sit
1741 714 1950 767 risibile.
1981 716 2216 783 Amplius

626 803 823 862 species
848 805 1051 874 quidem
1084 821 1282 875 semper
1308 815 1424 858 actu
1468 807 1611 860 adest
1660 808 1907 879 subjecto,
1951 810 2215 880 proprium

629 912 747 951 vero
777 898 1055 966 aliquando
1072 909 1209 961 actu,
1241 908 1486 967 potestate
1511 916 1625 954 vero
1643 918 1841 971 semper
1863 914 1881 955 :
1911 905 2059 955 Itomo
2083 901 2215 954 enim

628 1004 824 1057 semper
851 999 966 1041 actu
988 999 1061 1042 est
1086 988 1347 1056 Socrates,
1375 1006 1475 1043 non
1498 1007 1613 1043 vero
1639 1008 1836 1061 semper
1860 992 2009 1057 ridet,
2034 1008 2216 1061 quam-

627 1082 700 1133 vis
748 1082 811 1133 sit
855 1086 1041 1133 natura
1078 1098 1275 1153 semper
1302 1081 1529 1136 risibilis.
1562 1082 1820 1149 Amplius,
1866 1100 2085 1154 quorum
2111 1092 2215 1136 ter-

628 1170 751 1224 mini
772 1170 1059 1237 differentes
1081 1182 1199 1227 sunt
1232 1182 1278 1225 et
1305 1172 1416 1243 ipsa
1441 1181 1556 1226 sunt
1583 1173 1872 1241 differentia
1895 1189 1912 1227 .'
1943 1184 2015 1226 est
2043 1183 2213 1226 autem

624 1264 809 1333 speciei
834 1264 1037 1333 quidem
1061 1281 1166 1318 esse
1194 1263 1287 1317 sub
1314 1280 1516 1336 genere,
1545 1274 1593 1318 et
1618 1265 1680 1317 de
1709 1263 1937 1333 pluribus
1959 1260 2209 1328 di/feren-

624 1360 754 1415 tibus
786 1378 996 1414 numero
1027 1362 1077 1413 in
1115 1378 1171 1414 eo
1210 1360 1347 1430 quod
1367 1360 1490 1429 quid
1519 1360 1582 1413 sit
1606 1360 1907 1433 prtetticari,
1941 1368 1987 1412 et
2032 1369 2214 1412 caetera

627 1452 959 1522 hujnsmodi:
988 1453 1187 1529 proprii
1231 1468 1346 1505 vero
1376 1462 1472 1520 est,
1504 1452 1603 1519 soli
1643 1461 1689 1505 et
1735 1451 1894 1515 omni,
1931 1461 1978 1504 et
2018 1465 2214 1519 semper

625 1546 823 1599 adesse.

700 1636 928 1689 Primam
960 1635 1157 1705 proprii
1187 1644 1242 1689 et
1270 1635 1466 1705 speciei
1505 1634 1864 1690 dill'erentiam
1894 1633 2042 1699 dicit,
2074 1647 2212 1703 quo-

638 1727 777 1778 niam
811 1726 1015 1794 species
1047 1733 1222 1795 potest
1247 1725 1534 1796 aliquando
1569 1727 1621 1780 in
1652 1725 1787 1781 alias
1823 1727 2030 1795 species
2060 1723 2210 1779 deri-

614 1818 758 1879 ‘vari,
791 1817 838 1871 id
884 1827 985 1887 est,
1039 1826 1213 1887 potest
1250 1833 1369 1873 esse
1394 1835 1596 1889 genus:
1629 1830 1686 1873 ut
1715 1819 1934 1885 animal,
1978 1834 2098 1873 cum
2142 1817 2212 1873 sit

2318 628 2389 683 cit
2431 626 2497 683 de
2530 630 2774 699 pluribus
2813 631 3095 701 prazdicari
3125 650 3137 686 :
3175 632 3244 688 de
3273 632 3513 703 pluribus
3539 634 3677 686 enim
3706 632 3897 687 dicitur

2316 722 2545 788 species,
2571 722 2709 776 sicut
2730 731 2783 776 et
2814 722 3087 780 accidens.
3120 725 3289 779 Raras
3313 742 3444 780 vero
3469 725 3599 780 dicit
3620 739 3743 780 esse
3769 725 3898 780 alias

2316 826 2501 865 eorum
2549 814 2974 877 communiones.
3014 816 3215 870 idcirco
3242 818 3491 885 quoniam
3542 818 3697 885 longe
3726 818 3900 870 diver-

2317 898 2433 955 sum
2460 912 2563 969 est,
2594 904 2643 958 id
2675 906 2815 975 quod
2844 907 3040 962 accidit
3078 916 3132 961 et
3161 907 3244 961 cui
3277 908 3487 962 accidit.
3516 906 3610 960 Cui
3639 908 3782 961 enim
3813 922 3903 963 ac-

2318 994 2449 1046 cidit
2499 995 2796 1065 subjectum
2840 1007 2922 1051 est
2973 1008 3135 1066 atque
3178 998 3533 1067 suppositum.
3579 999 3729 1065 Quod
3774 1014 3902 1053 vero

2317 1088 2514 1141 accidit
2550 1090 2945 1158 superpositum
2984 1103 3085 1157 eSl,
3133 1102 3292 1160 atque
3317 1090 3648 1146 advenientis
3674 1104 3900 1146 naturae.

2316 1178 2448 1233 item
2479 1182 2619 1250 quod
2646 1184 2964 1250 supponitur
2990 1183 3288 1238 substantia
3314 1190 3420 1249 est,
3442 1183 3585 1252 quod
3608 1198 3737 1237 vero
3756 1182 3903 1240 velut

2316 1259 2567 1325 accidens
2614 1273 2958 1342 praedicatur,
2991 1275 3334 1330 extrinsecus
3361 1275 3533 1331 venit.
3566 1276 3696 1342 Quae
3725 1275 3903 1331 omnia

2317 1366 2538 1421 multam
2588 1368 2704 1435 ejus
2741 1372 2881 1440 quod
2919 1380 3002 1425 est
3042 1371 3364 1440 subjectum,
3414 1381 3469 1427 et
3508 1372 3623 1442 ejus
3649 1373 3789 1443 quod
3824 1385 3885 1427 es

2316 1457 2564 1511 accidens
2594 1458 2949 1516 dilTerentiam
2981 1461 3201 1531 faciunt,
3241 1473 3418 1518 tamen
3470 1464 3697 1535 inveniri
3739 1465 3905 1520 etiam

2317 1548 2434 1602 aliae
2462 1560 2684 1617 possunt
2709 1552 2907 1620 speciei
2940 1563 2990 1607 et
3031 1553 3327 1609 accidentis
3357 1554 3735 1623 inseparabilis
3758 1571 3905 1610 com~

2317 1641 2624 1719 mttuitates,
2672 1653 2724 1696 ιιι
2770 1658 2984 1712 semper
3003 1645 3269 1713 subjectis
3298 1645 3490 1701 adesse
3524 1663 3539 1700 :
3571 1663 3723 1718 atque
3764 1651 3905 1708 enim

2303 1731 2477 1786 homo
2504 1733 2720 1803 singulis
2752 1734 3055 1789 hominibus
3092 1751 3307 1805 semper
3335 1734 3507 1804 adeSI,
3537 1748 3591 1792 et
3622 1739 3906 1809 inseparat-

2315 1822 2439 1877 bilia
2481 1825 2776 1880 accidentia
2828 1826 3051 1895 singulis
3090 1828 3375 1883 individuis
3414 1840 3610 1899 praesto
3652 1840 3816 1886 sunt:
3849 1842 3905 1886 et

560 1962 579 1973 ,
626 1911 831 1980 species
858 1911 1076 1966 animati
1108 1921 1279 1982 potest
1308 1927 1428 1967 esse
1458 1924 1625 1982 genus
1658 1912 1891 1969 hominis
1922 1911 2039 1983 (sed
2066 1926 2207 1966 nunc
2237 1896 2287 1959 Β
2312 1916 2453 1987 quod
2501 1917 2640 1969 sicut
2686 1919 2897 1983 species
2938 1918 3005 1972 de
3047 1919 3129 1974 his
3160 1936 3278 1989 quae
3318 1896 3557 1977 continet
3608 1922 3902 1989 individua,

628 2021 733 2057 non
759 2004 822 2058 de
848 2004 930 2059 his
948 2007 1230 2075 speciebus
1253 2006 1487 2077 loquitur
1502 2024 1618 2077 qua:
1640 2020 1763 2069 sunt
1787 2006 2207 2077 specialissimaz,

626 2104 785 2163 atque
819 2094 958 2150 hunc
991 2096 1321 2150 confundere
1366 2097 1575 2151 videtur
1605 2113 1865 2163 crrorcm,
1901 2095 2041 2164 quod
2089 2109 2211 2149 cum

629 2184 695 2239 ile
711 2180 792 2238 Itis
808 2188 1092 2255 speciebus
1108 2188 1288 2243 dicere
1305 2190 1640 2257 proposuerit
1659 2205 1775 2258 qua!
1793 2195 1972 2243 essent
1985 2186 2209 2250 ultimae,

631 2291 771 2329 nunc
803 2276 868 2331 de
916 2278 995 2330 his
1041 2294 1159 2347 qua:
1198 2288 1321 2333 sunt
1363 2279 1709 2344 subalterum,
1747 2288 1802 2333 et
1848 2293 1989 2347 saepe
2037 2278 2215 2332 locum

629 2367 842 2435 generis
865 2367 1146 2423 obtineant
1172 2368 1437 2439 disserit);
1469 2362 1680 2440 propria
1714 2384 1842 2423 vero
1880 2369 2026 2422 nullo
2058 2367 2217 2422 modo

631 2472 825 2525 genera
868 2474 987 2514 esse
1032 2462 1274 2529 possunt,
1328 2462 1580 2531 quoniam
1632 2461 2036 2530 specialissimis
2079 2445 2217 2514 adte-

630 2560 882 2619 quantttr.
920 2550 1050 2615 Quae
1090 2552 1341 2619 quopiam
1382 2567 1581 2621 genera
1625 2568 1747 2608 esse
1795 2562 2084 2623 nequeunt,
2121 2568 2219 2607 nec

631 2642 845 2711 propria
880 2658 994 2706 qum
1038 2652 1161 2695 sunt
1206 2642 1335 2709 ipsis
1378 2644 1603 2713 aequalia
1645 2659 1766 2697 esse
1810 2647 2216 2714 permittuntur.

636 2726 840 2792 Rursus
864 2738 1068 2807 species
1098 2736 1309 2804 semper
1331 2748 1455 2793 ante
1479 2736 1720 2792 subsistit
1739 2754 1894 2809 quam
1921 2738 2216 2807 proprium,

638 2831 737 2885 nisi
769 2822 909 2885 enim
939 2834 1004 2886 sit
1039 2832 1222 2898 homo,
1253 2831 1455 2887 risibile
1484 2847 1603 2886 esse
1629 2847 1733 2885 non
1766 2831 1976 2900 poterit,
2012 2840 2065 2887 et
2097 2844 2218 2884 cum

635 2922 734 2976 ista
768 2923 923 2977 simul
958 2924 1084 2989 sint,
1117 2932 1294 2978 tamen
1333 2924 1644 2981 substantia:
1680 2923 1931 2992 cogitatio
1968 2922 2221 2993 praecedit

636 3015 836 3086 proprii
866 3018 1149 3073 rationem.
1181 3018 1351 3073 Omne
1372 3020 1513 3072 enim
1546 3019 1815 3087 proprium
1849 3018 1899 3073 in
1932 3017 2221 3072 accidentis

634 3121 831 3176 genere
860 3108 1175 3163 collocatur.
1207 3108 1285 3162 Eo
1307 3110 1452 3164 enim
1481 3110 1658 3165 dill‘ert
1690 3110 1758 3165 ab
1781 3109 2065 3175 accidenti,
2100 3107 2218 3176 quia

2315 2021 2466 2075 mque
2494 2006 2560 2061 de
2595 2006 2856 2075 pluribus,
2882 2017 2937 2063 ut
2958 2010 3253 2064 accidentia
3284 2010 3571 2065 individuis
3603 2013 3904 2079 praedican-

2316 2110 2419 2153 tur.
2478 2099 2609 2154 Nam
2654 2101 2814 2156 homo
2853 2103 2919 2157 de
2965 2102 3204 2167 Socrate,
3252 2103 3495 2179 Platone,
3538 2105 3746 2174 nigrum
3779 2120 3906 2160 vero

2315 2200 2474 2259 atque
2502 2191 2680 2245 album
2712 2193 2780 2247 de
2810 2193 3053 2262 pluribus
3102 2196 3283 2250 corvis
3308 2205 3361 2250 et
3388 2195 3573 2266 cygnis
3598 2194 3793 2265 quibus
3813 2210 3904 2251 ac-

2312 2282 2446 2337 cidit
2475 2295 2830 2353 nuncupatur.

2388 2362 2614 2444 ‘PrOpria
2647 2374 2762 2430 vero
2797 2378 3057 2447 utriusque
3099 2389 3241 2446 sunt,
3275 2380 3459 2448 speciei
3499 2380 3705 2449 quidem
3746 2382 3802 2433 in
3850 2394 3907 2435 eo

2318 2466 2452 2535 quod
2475 2466 2600 2537 quid
2626 2476 2699 2520 est
2731 2466 3003 2536 pra'dicari
3032 2471 3093 2523 de
3128 2468 3205 2523 his
3231 2486 3448 2539 quorum
3476 2477 3552 2522 est
3578 2469 3790 2539 species,
3822 2485 3908 2523 ac-

2319 2556 2535 2612 cidentis
2573 2570 2738 2614 autem
2784 2560 2835 2614 in
2878 2577 2934 2614 eo
2972 2562 3111 2632 quod
3154 2562 3306 2629 quale
3335 2560 3541 2624 est,‘vel
3579 2562 3827 2629 quamodo
3856 2578 3908 2616 se

2322 2647 2532 2703 habens.
2548 2648 2778 2717 Amplius
2796 2665 3201 2720 unamquamque
3214 2648 3568 2714 substantiam,
3587 2665 3687 2702 una
3707 2650 3907 2719 quidem

2318 2737 2487 2804 specie
2525 2738 2857 2805 participare,
2889 2738 3119 2809 pluribus
3148 2747 3319 2791 autem
3347 2737 3708 2803 accidentibus,
3741 2746 3789 2791 et
3830 2752 3907 2790 se-

2325 2829 2657 2894 parabilibus,
2701 2837 2748 2882 et
2783 2818 3225 2900 inseparabilibus.
3249 2828 3319 2883 Et
3351 2831 3539 2901 species
3563 2829 3765 2900 quidem
3795 2836 3908 2882 ante

2320 2916 2541 2986 intelligi
2570 2928 2783 2985 possunt
2800 2936 2954 2988 quam
2977 2922 3281 2989 accidentia,
3306 2924 3503 2977 etiamsi
3523 2923 3624 2977 sint
3644 2924 3909 2993 insepara-

2325 3004 2445 3058 bilia
2464 3021 2483 3059 :
2516 3016 2712 3074 Oportet
2740 3009 2873 3062 enim
2904 3020 3023 3063 ante
3040 3027 3147 3064 esse
3184 3012 3485 3084 subjectum,
3519 3023 3575 3067 ut
3606 3015 3684 3068 illi
3716 3013 3910 3085 aliquid

2314 3098 2522 3149 reccidat
2539 3113 2558 3151 :
2586 3099 2871 3152 accidentia
2893 3116 3009 3154 vero
3041 3102 3336 3165 posterioris
3360 3106 3557 3174 generis
3576 3115 3713 3167 sunt,
3744 3116 3792 3159 et
3818 3107 3912 3160 ad-

633 3200 772 3253 circa
815 3216 1028 3254 omnem
1081 3201 1248 3254 solam
1290 3201 1586 3270 quamltbet
1630 3203 1789 3256 unam
1829 3202 2064 3269 speciem
2111 3202 2218 3255 vim

2327 3189 2545 3243 uentitite
2570 3198 2789 3244 natus-te.
2814 3191 2881 3244 Et
2903 3194 3089 3262 speciei
3116 3194 3318 3263 quidem
3349 3195 3670 3265 participatio
3695 3198 3912 3268 aquali-

636 3286 891 3363 proprite
920 3293 1315 3362 praedicationis
1374 3295 1614 3348 continet
1660 3311 1673 3346 :

634 3384 846 3452 quando
877 3384 1115 3438 continet
1155 3384 1220 3438 ad
1263 3385 1459 3439 multas
1501 3384 1708 3454 species
1747 3394 1925 3455 potest
1973 3384 2218 3440 dib'undi.

632 3474 783 3541 Quod
829 3474 877 3529 si
922 3476 1130 3544 priores
1182 3484 1310 3530 sunt
1360 3476 1672 3532 substantia:
1719 3492 1876 3546 quam
1934 3476 2222 3532 accidentia

635 3566 866 3637 (species
887 3582 1018 3622 vero
1039 3568 1333 3622 substantia
1358 3568 1751 3638 est,proprium
1777 3583 1905 3623 vero
1932 3569 2222 3638 accidens),

635 3670 741 3713 non
762 3668 855 3714 'est
880 3659 1099 3714 dubium
1120 3660 1419 3729 quin'prior
1445 3659 1515 3713 sit
1535 3660 1764 3729 Species,
1799 3661 2069 3729 proprium
2096 3675 2225 3715 vero

637 3752 924 3818 posterius.
958 3751 1337 3807 Discernuntur
1359 3756 1517 3805 etiam
1548 3753 1757 3819 Species
1777 3768 1806 3806 ιι
1841 3753 2055 3823 proprio
2077 3764 2225 3807 acms

637 3845 1022 3915 potestatisque
1042 3856 1254 3913 natura,
1289 3847 1500 3917 species
1528 3848 1670 3901 enim
1699 3857 1820 3902 actu
1855 3862 2066 3914 semper
2098 3846 2226 3900 indi-

603 3948 606 3952 λ
637 3935 811 3992 viduis
830 3936 1002 4003 adest,
1038 3938 1249 4008 propria
1275 3953 1402 3993 vero
1428 3953 1533 3993 non
1556 3953 1791 4007 semper,
1819 3938 1911 3992 sed
1939 3937 2226 4007 aliquoties

639 4036 780 4094 actu,
831 4036 1095 4098 potestate
1148 4038 1328 4086 autem
1375 4044 1607 4100 semper.
1667 4031 1921 4085 Socrates
1976 4032 2119 4082 enim
2171 4038 2226 4080 et

640 4121 788 4179 Plato
811 4131 938 4179 actu
976 4132 1102 4178 sunt
1128 4124 1407 4192 homines,
1438 4140 1546 4179 non
1578 4140 1706 4180 vero
1733 4140 1950 4193 semper
1985 4132 2107 4177 actu
2149 4123 2224 4176 ri-

626 4215 786 4282 dent,
819 4214 913 4271 sed
952 4215 1196 4271 risibiles
1222 4230 1343 4271 esse
1373 4216 1645 4283 dicuntur,
1690 4217 1811 4285 quia
1860 4216 2066 4269 tametsi
2121 4230 2225 4269 non

641 4307 870 4373 rideant,
901 4306 1283 4363 rideretameu
1314 4306 1557 4376 pessum.
1584 4308 1778 4361 Natura
1798 4307 1976 4374 itaque
1989 4306 2221 4374 species;

640 4409 699 4455 ut
716 4402 986 4471 prpprium
1009 4414 1226 4468 semper
1241 4399 1508 4470 subjectis
1526 4400 1704 4468 adest,
1733 4399 1826 4454 sed
1850 4409 1969 4452 actu
1996 4398 2223 4467 species,

646 4493 914 4561 proprium
960 4507 1087 4548 vero
1116 4507 1223 4547 non
1255 4502 1472 4561 semper
1508 4502 1651 4558 actu,
1687 4500 1742 4545 ut
1784 4491 1981 4546 dictum
2028 4499 2127 4546 est.
2162 4492 2228 4545 At

644 4597 827 4638 rursus
855 4584 1104 4654 quoniam
1132 4583 1383 4639 dilﬂnitio
1396 4583 1754 4638 substantiam
1785 4590 2068 4647 monstrat,
2096 4596 2230 4652 quo—

1746 3295 1992 3350 acciden‘s
2034 3277 2222 3349 πευιεηί
2244 3270 2297 3334 Ε
2326 3286 2405 3332 ter
2422 3288 2527 3348 (est,
2557 3282 2834 3336 accidentis
2849 3299 2965 3337 vero
2987 3286 3063 3338 vel
3088 3286 3131 3339 si
3160 3286 3495 3356 inseparabile
3513 3289 3598 3356 sit,
3622 3305 3726 3343 non
3744 3306 3912 3359 requa-

2298 3369 2442 3425 ‘tliter
2466 3388 2483 3425 :
2508 3371 2751 3445 Ethiops
2777 3375 2911 3429 enim
2936 3377 3049 3444 plus
3074 3375 3179 3431 alio
3206 3376 3455 3449 )Etltiope
3472 3380 3673 3435 habebit
3692 3382 3911 3436 colorem

2325 3463 2406 3516 vel
2456 3464 2754 3531 'intensurn,
2802 3467 2881 3521 vel
2927 3469 3192 3545 remissum
3245 3472 3525 3525 secundum
3572 3473 3910 3545 nigredinem.

2331 3556 2505 3611 llestat
2541 3557 2697 3627 igitur
2724 3557 2789 3611 de
2816 3540 3026 3627 proprio
3053 3568 3105 3614 et
3140 3562 3390 3616 accidenti
3424 3563 3591 3618 dicere
3613 3540 3644 3618 ί
3655 3580 3754 3633 quo
3780 3566 3911 3618 enim

2330 3648 2594 3718 proprium
2636 3664 2667 3700 a
2710 3650 2910 3717 specie,
2953 3660 3000 3703 et
3047 3650 3367 3719 diﬂ‘crentia,
3413 3662 3459 3707 et
3502 3670 3684 3725 genere
3716 3654 3908 3724 differt,

2329 3745 2522 3797 dictum
2551 3753 2643 3797 est.

2364 3848 2367 3849 '
2398 3836 2550 3903 Quod
2584 3851 2727 3890 nunc
2757 3833 3028 3905 proprium
3057 3836 3256 3904 speciei
3285 3846 3341 3891 et
3367 3837 3655 3904 accidentis
3679 3852 3735 3893 se
3761 3852 3912 3892 essen

2327 3932 2415 3998 qui
2444 3930 2745 3998 pollicetur,
2781 3928 2885 3983 tale
2910 3914 3190 3997 proprium
3225 3924 3627 3999 intelligendum
3648 3941 3751 3998 est,
3774 3930 3914 4001 quod

2324 4021 2576 4089 superius
2606 4021 2807 4075 dictum
2837 4028 2941 4085 est,
2967 4018 3031 4074 ad
3048 4021 3507 4090 comparationem
3535 4022 3744 4077 dicatur
3764 4020 3915 4076 διαθ-

2329 4114 2561 4165 rentium
2594 4126 2808 4167 rerum.
2854 4109 3071 4178 Species
3101 4125 3229 4165 vero
3269 4112 3323 4165 iu
3365 4125 3433 4166 eo
3478 4111 3621 4181 quod
3667 4111 3795 4181 quid
3835 4118 3915 4170 est

2330 4202 2675 4271 praedicatur,
2704 4201 2957 4256 accidens
2983 4209 3113 4256 vero
3140 4201 3193 4256 in
3220 4216 3287 4257 eo
3314 4202 3455 4273 quod
3490 4202 3649 4272 quale
3677 4211 3780 4270 est,
3812 4217 3915 4273 qua

2330 4292 2623 4347 diuerentia
2650 4308 2754 4347 non
2787 4295 2853 4346 ab
2875 4293 3239 4363 accidentibus
3258 4294 3434 4349 solum
3466 4293 3675 4363 species
3703 4292 3907 4349 discer-

2334 4383 2498 4445 nitur,
2525 4398 2711 4437 verum
2740 4384 2902 4439 etiam
2927 4400 2955 4438 a
2984 4383 3300 4439 differentiis
3329 4395 3386 4441 et
3416 4385 3662 4456 propriis,
3696 4399 3794 4440 nec
3826 4399 3918 4440 so-

2333 4475 2439 4528 lum
2462 4475 2677 4543 species
2702 4476 2769 4528 ab
2795 4476 3230 4542 eisdem,-vcrum
3254 4477 3415 4533 etiam
3434 4476 3918 4546 ‘genus.'Pra:tcrea

2331 4565 2470 4636 quod
2492 4566 2714 4636 species
2744 4568 2795 4620 in
2838 4582 2903 4623 eo
2932 4567 3077 4637 quod
3106 4567 3236 4637 quid
3275 4576 3358 4622 est
3395 4567 3735 4637 praedicator,
3784 4567 3919 4621 acci-

647 4690 764 4730 rum
796 4649 1023 4732 diversas
1052 4685 1176 4732 sunt
1204 4675 1582 4741 diliinitiones,
1626 4676 1869 4730 diversas
1900 4649 2125 4730 necesse
2149 4680 2232 4727 est

2334 4656 2629 4713 deos-vero
2656 4657 2709 4711 in
2735 4670 2803 4712 co
2828 4658 2972 4727 quod
3002 4658 3273 4728 quomodo
3293 4673 3354 4713 se
3384 4656 3611 4722 habeat;
3646 4658 3695 4711 id
3714 4672 3922 4727 quoque

645 4781 765 4820 esse
792 4768 1119 4824 substantias
1142 4785 1156 4823 :
1178 4769 1378 4838 speciei
1400 4784 1537 4824 vero
1554 4769 1831 4837 tat-proprii
1855 4768 2080 4822 divorsa:
2109 4772 2232 4820 sunt

645 4853 1259 4920 dilﬁnitienes,divers:e
1285 4858 1923 4926 igitursuntsubstantiaz.
1944 4858 2039 4910 Est
2054 4868 2231 4912 autem

630 4944 839 5015 speciei
871 4944 1122 5002 difﬁnitio
1151 4948 1250 5001 sub
1271 4962 1471 5015 genere
1500 4962 1639 5012 esse,
1672 4958 1725 5002 et
1752 4949 1819 5002 de
1861 4948 2115 5015 pluribus
2140 4964 2236 5002 nu-

648 5052 797 5095 mero
832 5036 1198 5092 diﬂ'erentibus
1253 5038 1306 5091 in
1353 5051 1422 5093 eo
1461 5038 1601 5107 quod
1645 5039 1770 5107 quid
1812 5040 1883 5092 sit
1928 5037 2232 5105 praedicari,

646 5128 1388 5203 quamsuperiuslrequenter
1411 5132 1708 5200 expositam
1741 5145 1882 5185 nunc
1906 5130 2111 5184 iterare
2135 5146 2240 5186 non

649 5241 781 5296 opus
800 5234 913 5280 est.
961 5224 1239 5294 Proprium
1269 5239 1394 5279 vero
1421 5224 1491 5277 ita
1521 5222 1821 5279 dilbnitur:
1854 5222 2132 5294 proprium
2159 5232 2243 5278 est

647 5319 787 5388 quod
816 5319 906 5373 uni
926 5328 979 5373 et
996 5317 1141 5373 omni
1162 5325 1215 5372 et
1232 5330 1457 5386 semper
1472 5316 1672 5385 speciei
1699 5316 1870 5372 adest.
1897 5315 2049 5383 Quod
2072 5317 2117 5369 si
2141 5315 2242 5370 dil-

653 5411 917 5466 tinitiones
930 5412 1161 5467 diversa:
1174 5419 1443 5475 sunt,non
1456 5408 1769 5465 estdubium
1784 5408 2042 5479 speciem,
2056 5416 2111 5463 et
2128 5421 2242 5477 pro.

658 5503 829 5570 prium
850 5503 1149 5563 secundum
1172 5511 1387 5559 natura:
1416 5516 1527 5557 sua:
1549 5501 1805 5557 terminos
1838 5501 2163 5570 discrepare.

714 5588 923 5661 .Speciei
961 5610 1080 5649 vero
1124 5604 1172 5649 et
1198 5594 1472 5648 accidentis
1514 5607 1780 5648 commune
1816 5594 2021 5664 quidem
2064 5602 2138 5647 est
2164 5592 2241 5649 :dc

650 5679 876 5749 pluribus
909 5684 1179 5751 pradieari
1191 5700 1209 5749 ;
1248 5700 1381 5739 rara
1396 5699 1523 5739 vero
1544 5692 1669 5738 sunt
1692 5683 1813 5738 alite
1834 5681 2238 5751 communitates,

652 5779 919 5838 Ρτορεεΐα
938 5774 1080 5841 Μ
1110 5773 1389 5844 plurimum
1406 5778 1655 5832 distenta
1680 5792 1735 5831 se
1749 5776 1990 5833 accidens
2012 5783 2063 5829 et
2081 5772 2136 5827 id
2156 5774 2241 5828 cui

634 5892 635 5895 η
650 5863 858 5923 accidit.
1802 5870 1805 5872 ’

2337 4765 2621 4807 commune
2646 4760 2729 4806 est
2769 4751 2967 4822 speciei
3002 4766 3124 4806 cum
3164 4766 3386 4822 genere,
3419 4765 3589 4821 genus
3619 4753 3815 4823 quippe
3861 4751 3921 4804 ab

2322 4842 2600 4898 accidenti
2626 4844 2677 4896 in
2710 4857 2778 4898 eo
2804 4843 2943 4913 quod
2962 4843 3095 4913 quid
3124 4854 3228 4912 est,
3262 4853 3318 4899 et
3347 4844 3617 4913 quomodo
3647 4859 3705 4898 se
3735 4842 3925 4899 habeat

2340 4938 2724 5006 prmdicatione
2744 4937 3019 4991 dividitur.
3057 4937 3185 4993 Item
3215 4953 3649 5007 unamquamque
3679 4938 3925 4989 substan-

2339 5033 2475 5085 tiam.
2516 5044 2619 5084 una
2676 5029 2890 5083 videtur
2929 5032 3139 5100 species
3186 5031 3493 5094 continere,
3538 5037 3593 5081 ut
3645 5026 3925 5081 Socratem

2349 5122 2533 5187 homo,
2562 5131 2722 5192 atque
2773 5121 2896 5177 ideo
2920 5125 3140 5183 Socrati
3182 5139 3283 5177 uua
3318 5129 3519 5175 tantum
3559 5116 3925 5187 propinquitas

2346 5213 2541 5283 speciei
2560 5223 2642 5267 est
2670 5213 2922 5269 hominis.
2956 5215 3160 5269 Rursus
3185 5211 3459 5268 individuo
3498 5223 3638 5279 equo
3668 5223 3773 5262 una
3805 5223 3927 5278 spe.

2344 5308 2455 5365 cies
2482 5310 2717 5380 equiest
2736 5309 2997 5379 proxima,
3029 5310 3264 5378 itemque
3289 5306 3342 5360 in
3364 5304 3608 5360 caeteris:
3640 5303 3927 5373 unicuique

2344 5403 2487 5459 enim
2515 5403 2825 5459 substantia:
2849 5418 2954 5457 una
2987 5402 3198 5471 species
3231 5410 3444 5472 praeest,
3477 5409 3530 5454 at
3560 5413 3687 5455 vero
3718 5398 3928 5453 unicui-

2330 5510 2448 5566 que
2475 5496 2792 5551 substantia:
2822 5510 2927 5549 non
2948 5508 3122 5549 unum
3152 5492 3402 5549 accidens
3426 5491 3695 5564 jungitur;
3725 5488 3926 5546 unicui-

2345 5602 2447 5655 que
2468 5588 2617 5643 enim
2637 5586 2949 5642 substantiae
2977 5585 3129 5654 plura
3170 5600 3385 5654 semper
3407 5583 3700 5640 accidentia
3735 5594 3925 5649 super-

2344 5679 2587 5749 veniunt,
2619 5688 2679 5733 ut
2721 5678 2931 5735 Socrati
2960 5678 3103 5750 quod
3136 5682 3340 5745 calvus,
3373 5678 3519 5749 quod
3556 5678 3741 5743 simus,
3785 5671 3927 5742 quod

2342 5772 2585 5840 glaucus,
2620 5771 2779 5840 quod
2808 5785 3091 5840 propenso
3120 5781 3329 5837 ventre,
3370 5782 3423 5827 et
3462 5772 3514 5824 in
3558 5768 3675 5822 aliis
3716 5764 3926 5834 quidem

2327 5859 2664 5919 substantiis
2706 5860 2777 5917 de
2824 5875 3058 5919 numero
3093 5863 3447 5919 accidentium
3499 5860 3638 5914 idem
3674 5854 3927 5917 convenit
