4244 6254
374 256 472 311 157

1247 263 1311 323 ΙΝ
1352 266 1796 328 PORPHYRIUM
1835 267 2474 333 οθιιιιεκνιιιιιθιιυιι
2512 277 2641 335 LIB.
2685 278 2750 336 ν.

3541 291 3638 348 158

354 374 574 439 πλῆθει-θ.
598 373 813 433 Dehinc
834 392 1052 449 semper
1078 388 1204 437 ante
1218 384 1517 439 accidentia
1548 387 1753 457 species
1788 389 1948 445 intcb
1978 388 2029 448 Α
2052 387 2197 441 omni
2210 387 2445 458 immitti,
2470 399 2525 444 et
2544 404 2760 462 semper
2776 394 2950 463 adest,
2968 398 3049 453 ita
3070 400 3230 456 etiam
3248 403 3471 472 nigredo
3490 410 3637 464 omni

371 462 606 536 figuntur
632 483 648 523 :
677 469 778 524 nisi
800 470 939 524 enim
964 472 1033 525 sit
1064 471 1335 549 ltomocui
1370 478 1563 537 accidit
1604 478 1818 550 aliquod
1850 497 1945 537 ac-

371 557 557 614 cidens
587 574 708 615 esse
740 575 843 616 non
872 566 1100 631 poterit:
1128 576 1183 621 et
1214 569 1313 623 nisi
1335 571 1403 623 sit
1428 571 1677 637 quaelibet
1698 572 1946 629 substan-

372 652 440 704 Iia
482 653 564 706 cui
614 654 858 709 accidens
895 657 1063 723 possit
1102 660 1338 728 adjungi,
1373 663 1624 718 accidens
1670 682 1775 721 non
1816 670 1941 723 erit.

368 742 551 797 Omnis
576 756 751 800 autem
791 744 1086 805 sdis‘tantia
1129 753 1340 823 propria
1385 758 1566 824 specie
1605 758 1941 827 continetur;

364 845 506 890 tecte
548 837 704 907 igitur
724 840 871 908 prius
906 843 1135 911 species,
1174 845 1464 905 accidentia
1508 844 1634 905 vero
1679 855 1943 921 posterius

364 930 752 998 intelliguntur,
784 938 1095 1003 posterioris
1116 941 1256 995 enim
1283 952 1409 997 sunt
1428 942 1657 1015 generis,
1691 957 1750 1002 ut
1778 948 1872 1013 ait,
1889 957 1944 1003 et

363 1021 665 1077 adventitite
692 1032 919 1083 naturae.
950 1028 1079 1084 Nam
1112 1046 1228 1101 qua:
1258 1036 1944 1094 substantiamnoniot'ot»

364 1122 530 1179 mant,
583 1124 731 1172 recte
788 1118 1094 1176 adventitlae
1142 1132 1347 1179 natura:
1398 1141 1518 1183 esse
1562 1130 1835 1197 dicuntur,
1887 1142 1942 1187 et

362 1206 675 1270 posterioris
700 1210 932 1279 generis.
965 1212 1056 1267 His
1085 1216 1229 1271 enim
1261 1219 1574 1276 substantiis
1600 1224 1794 1277 adsunt
1814 1238 1939 1295 qua:

361 1307 483 1351 ante
504 1298 822 1357 differentiis
845 1304 1144 1362 informata:
1163 1320 1288 1363 sunt
1311 1329 1322 1363 :
1348 1326 1535 1367 rursus
1554 1317 1804 1385 quoniam
1821 1333 1941 1387 spe-

339 1388 469 1445 scies
532 1393 887 1449 substantiam
952 1408 1244 1464 monstrat,
1290 1404 1588 1459 substantia
1654 1422 1781 1463 vero
1846 1410 1940 1477 (ut

356 1480 564 1538 dictum
606 1485 721 1555 est)
757 1486 1060 1545 intensione
1098 1504 1160 1546 ac
1194 1495 1513 1552 remissione
1551 1511 1716 1568 caret,
1743 1504 1937 1571 speciei

340 1573 706 1643 participatio
738 1575 1093 1641 intensionem
1130 1586 1607 1658 remissionemqne
1637 1608 1738 1645 non
1769 1594 1938 1647 susci-

332 1665 474 1730 «,pit:
511 1667 762 1723 accidens
788 1686 919 1726 vero
950 1675 1038 1728 vel
1070 1676 1114 1729 si
1149 1678 1502 1747 inseparabile
1531 1686 1617 1749 sit,
1655 1696 1828 1753 potest
1853 1689 1935 1742 in-

2054 493 2235 549 corvo,
2266 490 2323 535 et
2343 495 2555 548 semper
2581 483 2832 554 adjuncta
2862 499 2965 545 est.

2130 569 2313 638 Iliﬂ'ert
2338 582 2530 639 autem,
2551 577 2795 643 quoniam
2810 583 3084 651 proprium
3102 602 3190 640 unt
3216 588 3311 640 soli
3334 592 3514 659 speciei
3536 593 3634 645 ad-

2049 677 2144 731 est,
2174 669 2606 737 quemadmodum
2652 672 2844 726 risibile
2872 674 3068 730 homini
3096 693 3114 731 :
3141 680 3477 746 inseparabile
3522 698 3637 739 vero

2047 757 2305 824 accidens,
2358 769 2411 814 ut
2451 762 2676 829 nigrum,
2720 779 2821 818 non
2861 766 3026 821 solum
3071 767 3327 841 xEIItiopi,
3361 774 3449 827 sed
3485 776 3636 829 etiam

2047 868 2197 907 corvo
2225 856 2389 921 adest,
2422 866 2468 909 et
2500 857 2812 926 corboni,iet
2850 862 3028 928 ebeno,
3067 874 3113 917 et
3159 867 3460 936 quibusdam
3494 871 3633 928 aliis.

2047 945 2301 1013 Amplius,
2336 949 2599 1019 praprium
2625 953 2902 1004 conversint
2933 953 2996 1007 de
3021 970 3081 1007 eo
3105 957 3253 1027 cujus
3275 970 3347 1012 est
3372 965 3637 1030 prapriunt

2036 1051 2155 1102 pm
2176 1037 2406 1090 .icatur:
2433 1039 2779 1109 inseparabile
2808 1058 2923 1097 vero
2957 1038 3195 1101 accidens
3222 1054 3495 1106 conversim
3535 1073 3636 1111 non

2045 1127 2375 1195 praedicatur.
2414 1128 2477 1183 Et
2508 1134 2834 1201 propriorum
2868 1135 3071 1204 quidem
3111 1140 3323 1210 aequalis
3358 1152 3432 1197 est
3470 1148 3633 1211 parti-

2046 1217 2255 1287 cipatio,
2285 1222 2623 1276 accidentium
2653 1242 2769 1279 vero
2799 1227 2908 1282 htec
2954 1232 3159 1301 quidem
3192 1238 3372 1309 magis,
3404 1238 3496 1293 illa
3522 1257 3635 1297 vero

2038 1310 2233 1362 minus.
2268 1310 2401 1366 Sunt
2437 1316 2640 1382 quidem
2681 1329 2724 1371 et
2756 1321 2875 1373 alite
2903 1328 3293 1382 communitates
3321 1339 3369 1385 et
3401 1334 3633 1401 proprie-

2045 1406 2170 1452 tates
2213 1416 2386 1455 eorum
2419 1419 2533 1473 qua:
2573 1407 2708 1462 dicta
2749 1419 2888 1477 sunt,
2932 1414 3021 1467 sed
3054 1417 3308 1487 suﬁiciunl
3354 1421 3460 1476 haec
3489 1432 3536 1477 et
3565 1425 3632 1478 ad

2044 1488 2404 1547 discretionem
2432 1497 2678 1566 ipsorum,
2711 1510 2758 1553 et
2777 1504 2846 1555 ad
2878 1509 3253 1563 communitatis
3281 1514 3629 1572 traditionem.

2114 1584 2322 1655 Proprii
2364 1599 2525 1659 atque
2557 1593 2848 1650 accidentis
2886 1598 3056 1666 prima
3089 1602 3301 1671 quidem
3334 1605 3632 1667 difierentia

2032 1686 2143 1742 est,
2196 1678 2317 1745 quia
2376 1682 2648 1751 proprium
2697 1702 2910 1757 semper
2948 1689 3015 1744 de
3054 1706 3160 1747 una
3209 1703 3413 1752 tantum
3453 1714 3630 1769 specta

334 1748 623 1814 nte-usionis
680 1760 1117 1839 remissionisque
1162 1783 1439 1828 cremento
1481 1790 1533 1829 et
1588 1778 1925 1837 decrementa

2478 1748 2487 1751 τ
2818 1748 2830 1757 _
3270 1748 3275 1749 ν
3333 1748 3413 1752 ηπ
3453 1748 3629 1769 τ--.-

2041 1767 2251 1835 όίοίιυτ,
2287 1774 2536 1830 accidens
2566 1792 2699 1832 vero
2732 1784 3003 1839 minime:
3046 1784 3139 1841 sed
3177 1787 3292 1857 ejus
3323 1790 3629 1859 praedicatio

354 1852 568 1916 variari,
603 1861 661 1907 ut
677 1854 848 1923 ipsum
874 1857 1232 1926 inseparabile
1260 1868 1529 1933 accidens,
1556 1871 1699 1939 quod
1727 1870 1935 1928 Aitbio-

350 1943 507 2011 pibos
548 1943 719 2010 inest,
757 1948 1001 2015 nigredo.
1046 1951 1227 2009 Potest
1265 1958 1410 2013 enim
1437 1962 1767 2030 quibusdam
1811 1966 1935 2024 talis

355 2032 543 2089 adesse
562 2045 628 2089 ut
664 2036 735 2090 sit
785 2039 945 2094 fuscis
978 2045 1241 2110 proxima,
1283 2047 1402 2103 aliis
1422 2066 1558 2107 vero
1588 2055 1730 2121 talis,
1771 2065 1830 2113 ut
1864 2060 1935 2115 sit

359 2126 667 2195 nigerrima.
706 2128 893 2186 Restat
921 2149 1061 2190 nunc
1096 2141 1299 2208 proprii
1354 2145 1754 2218 accidentisqne
1782 2142 1933 2207 com-

341 2211 633 2273 ’muniones
655 2234 717 2273 ac
742 2219 1072 2280 differentias
1096 2232 1361 2300 persequi.
1390 2235 1497 2290 Sed
1522 2254 1628 2307 quo
1656 2211 1929 2311 proprium

350 2308 562 2365 differat
598 2326 627 2366 a
676 2328 892 2385 genere,
922 2319 1100 2387 specie
1139 2331 1195 2376 et
1221 2324 1542 2395 differentia,
1566 2308 1817 2403 superius
1839 2336 1931 2395 dc-

346 2412 703 2459 monstratum
736 2416 837 2472 est,
868 2423 989 2463 cum
1035 2412 1175 2479 quod
1210 2429 1396 2485 genus,
1428 2423 1654 2490 species,
1686 2437 1739 2481 et
1780 2429 1932 2486 dific-

349 2496 516 2550 rentia
560 2512 589 2550 a
626 2499 847 2569 proprio
869 2502 1111 2560 distaret.
1131 2508 1486 2568 ostendimus.
1530 2514 1680 2572 Nune
1726 2522 1929 2593 reliqua

328 2586 413 2643 -de
432 2592 898 2650 communitateet
934 2595 1238 2655 differentia
1278 2607 1640 2667 consideratio
1678 2586 1929 2690 est,q'uae

326 2724 335 2737 ,,
346 2681 622 2748 proprium
646 2684 1019 2743 accidentibus
1036 2701 1139 2746 aut
1161 2691 1339 2764 jungit
1369 2708 1463 2753 aut
1484 2708 1757 2775 segregat.

414 2791 692 2849 Commune
734 2809 906 2853 autem
938 2806 1136 2873 proprii
1175 2816 1225 2861 et
1252 2811 1528 2869 accidentis
1572 2817 1927 2891 inseparabilis

328 2894 440 2943 ιω,
472 2888 607 2954 quod
626 2900 815 2955 printer
845 2893 958 2963 ipsa
982 2911 1239 2969 nunquam
1266 2906 1546 2979 consistant
1570 2927 1629 2963 ea
1744 2920 1926 2985 quibus

328 2976 762 3045 -msiderantur;
783 2988 1215 3051 quemadmodum
1239 2977 1371 3047 enim
1395 3010 1577 3063 pra-ter
1603 3006 1795 3061 risibile
1824 3029 1923 3068 non

343 3066 566 3120 subsistit
617 3070 785 3135 homo,
828 3076 912 3129 ita
961 3095 1052 3133 nec
1092 3093 1284 3149 'prtrter
1325 3090 1642 3160 nigredinem
1698 3076 1923 3161 subsistit

276 3216 282 3222 η
346 3154 618 3227 tEtftiops:
643 3169 1137 3231 etquemadmodum
1166 3192 1364 3247 semper
1380 3154 1606 3244 vetonmi
1633 3154 1774 3248 adest

343 3248 532 3313 prium,
562 3253 636 3305 sic
659 3268 704 3307 et
733 3257 1072 3327 inseparabile
1097 3267 1349 3323 accidens.

410 3363 671 3428 Quoniam
715 3373 988 3437 proprium
1027 3389 1242 3447 semper
1277 3383 1425 3440 adest
1462 3380 1777 3465 'specicbus,
1821 3416 1918 3457 nec

338 3462 427 3504 eas
474 3454 587 3509 ullo
636 3459 796 3513 modo
838 3464 1115 3535 relinquit,
1163 3454 1524 3548 quoniamque
1562 3454 1919 3557 inseparabile

338 3544 585 3599 accidens
625 3563 653 3600 a
693 3550 934 3617 subjecto
966 3571 1070 3609 non
1114 3569 1291 3627 potest
1329 3544 1618 3641 segregari,
1670 3544 1772 3634 boc
1814 3584 1919 3636 illis

317 3630 564 3688 -iutertse
586 3638 806 3695 tvidetur
834 3657 956 3698 esse
984 3661 1286 3717 commune,
1318 3659 1457 3725 quod
1484 3630 1549 3717 ea
1588 3667 1780 3734 quibus
1835 3673 1917 3726 itt-

316 3730 480 3790 -s'unt,
514 3737 709 3794 ρτωιει·
730 3736 947 3801 propria
974 3747 1025 3791 et
1057 3735 1428 3811 inseparabilin
1460 3730 1775 3832 accidentia,
1800 3778 1920 3818 esse

318 3829 445 3871 ιιιοιι
477 3831 721 3887 possunt.
759 3826 1129 3896 inseparabilis
1162 3854 1289 3894 vero
1318 3844 1615 3903 accidentia
1645 3826 1921 3923 comparat

339 3915 584 3979 proprio,
615 3920 861 3985 quoniam
898 3934 953 3976 ut
992 3926 1040 3980 in
1064 3933 1239 4000 specie
1268 3935 1467 3992 dlClUﬂ]
1498 3954 1596 4007 est,
1633 3949 1919 4007 rarissima:

316 4009 467 4054 nsunt
493 4006 694 4072 speciei
724 4017 881 4080 atque
908 4018 1191 4077 accidentis
1214 4026 1613 4101 similitudines,
1670 4045 1916 4108 quocirca

334 4092 509 4148 multo
541 4098 709 4168 magis
746 4106 943 4171 preprii
988 4119 1145 4179 atque
1177 4119 1469 4176 accidentis
1510 4137 1921 4192 communitates

314 4186 553 4244 ‘tlif‘ficile
604 4196 986 4262 reperiuntur:
1024 4206 1273 4264 accidens
1303 4215 1443 4268 enim
1494 4219 1545 4272 in
1589 4230 1916 4283 contrarium

312 4282 493 4338 vdividi
527 4285 684 4355 solet,
716 4290 771 4344 in
808 4292 1168 4363 inseparabile
1215 4306 1463 4361 accidens
1509 4298 1669 4381 atque
1703 4334 1919 4389 separa-

332 4371 471 4428 bilc:
492 4373 623 4447 ‘qute
655 4394 782 4435 vero
811 4384 912 4439 sub
941 4404 1135 4452 genere
1164 4393 1214 4446 in
1237 4401 1563 4456 contrarium
1586 4371 1915 4478 dividuittur,

312 4480 397 4522 tea
428 4468 701 4527 nulloalio
730 4476 829 4531 nisi
860 4486 1063 4535 tantum
1093 4486 1310 4553 generis
1340 4493 1723 4559 prwdicatione
1754 4505 1916 4571 parti-
1945 4524 1998 4584 ι)

310 4558 534 4627 νείριιηι.
567 4565 719 4629 Quod
742 4567 785 4619 si
820 4572 1094 4638 proprium
1129 4558 1485 4647 inseparabile
1532 4558 1801 4657 quoddam
1832 4558 1917 4652 ac-

318 4650 516 4706 ridens
554 4663 658 4720 est,
690 4671 719 4711 a
748 4663 1031 4729 separabili
1079 4667 1336 4725 aet-identi
1393 4650 1672 4743 plurimum
1717 4685 1913 4753 difTerl,

338 4754 486 4814 atque
523 4749 643 4805 ideo
681 4754 854 4809 nullas
902 4760 1101 4826 protorii
1145 4772 1200 4817 et
1252 4769 1567 4834 reparabilis
1618 4779 1912 4836 accidentis

332 4836 712 4898 similitudines
749 4846 960 4915 quaerit.
998 4849 1101 4905 Sed
1130 4856 1379 4923 queuiam
1420 4861 1590 4928 ipSttm
1634 4871 1909 4939 proprinnt

328 4928 488 4982 certis
514 4932 834 5021 quibusdam
873 4939 1171 4997 rationibus
1201 4947 1266 5000 ab
1295 4928 1751 5021 inseparabili-bus'
1770 4963 1910 5018 acci-

312 5014 574 5079 dentibus
590 5009 789 5094 diﬂeri,
816 5029 1003 5088 horum
1029 5047 1082 5091 et
1105 5046 1517 5103 communitates
1541 5050 1762 5108 inveniri
1782 5071 1907 5125 pos-

327 5121 477 5167 sunt:
505 5124 560 5169 et
589 5117 730 5175 inter
751 5137 810 5177 se
840 5123 1177 5197 diﬂ'erentiaa,
1211 5149 1433 5203 quarunt
1471 5156 1570 5195 una
1600 5117 1814 5213 quidem
1844 5163 1905 5202 ea

322 5204 405 5257 est
440 5220 603 5275 quam
643 5217 887 5283 superius
916 5225 1293 5292 exposuimus,
1337 5234 1570 5288 secunda
1605 5250 1733 5290 vero
1770 5254 1905 5309 quo-

324 5295 467 5350 niam
498 5299 636 5354 sicut
667 5309 938 5373 proprium
962 5327 1194 5384 semper,
1226 5332 1276 5373 et
1309 5324 1451 5375 omni
1498 5328 1694 5394 speciei
1732 5332 1903 5403 adest,

304 5386 397 5443 ita
430 5389 592 5445 etiam
630 5394 984 5467 inseparabile
1024 5410 1310 5465 accidens:
1356 5403 1476 5467 nam
1525 5418 1660 5472 sicut
1706 5422 1906 5483 risibile

2028 1860 2094 1913 in
2140 1862 2399 1929 plurimas
2437 1868 2634 1924 diversi
2690 1874 2905 1940 generis
2930 1875 3267 1934 substantias
3316 1884 3628 1955 speciesque

2038 1949 2377 2019 diﬂ‘unditur,
2402 1956 2604 2012 risibile
2629 1960 2773 2015 enim
2800 1963 2868 2017 de
2894 1964 3043 2019 nullo
3071 1969 3177 2023 alio
3194 1969 3295 2024 nisi
3317 1972 3385 2026 de
3414 1949 3628 2032 homine

2028 2032 2377 2111 prtedicatur.
2411 2044 2641 2117 Nigrum.
2665 2062 2821 2118 vero,
2847 2056 2987 2123 quod
3011 2066 3095 2111 eat
3123 2060 3441 2127 quibusdam
3486 2065 3627 2121 inse!

2030 2130 2275 2200 parabile
2298 2137 2567 2203 accidens,
2591 2150 2697 2195 tam
2724 2156 2910 2208 corvo,
2928 2154 2982 2200 et
3003 2146 3241 2218 Ethiopi
3268 2166 3386 2221 quae
3403 2153 3616 2210 diversa

2024 2233 2159 2277 sunt
2183 2226 2383 2295 specie,
2410 2243 2571 2298 quam
2600 2245 2763 2286 corvo
2799 2243 2960 2305 atque
2998 2238 3198 2306 ebeno,
3226 2257 3344 2311 quae
3372 2243 3623 2306 differunt

2020 2316 2318 2382 generibus
2345 2334 2450 2373 non
2482 2328 2692 2376 tantum
2724 2327 2925 2392 specie,
2959 2337 3155 2396 praesto
3190 2340 3310 2411 est:
3341 2348 3448 2405 quo
3478 2337 3534 2393 fit
3561 2349 3619 2394 ut

2024 2408 2269 2476 propriis
2297 2411 2514 2480 quidem
2551 2418 2839 2471 conversio
2875 2433 3024 2488 aequa
3069 2408 3337 2491 servetur,
3380 2428 3452 2482 in-
3476 2416 3620 2485 acci-

2016 2499 2453 2559 'dentibus‘vero
2484 2507 2738 2565 ’minime.
2788 2510 3054 2578 Quoniam
3090 2519 3233 2575 enim
3287 2525 3502 2593 propria
3562 2526 3614 2581 in

2022 2594 2254 2664 singulis
2281 2612 2407 2653 esse
2444 2614 2599 2653 suum
2638 2602 2867 2671 thabenl,
2919 2617 3079 2678 atque
3117 2626 3305 2669 omnes
3342 2619 3614 2676 continent

2028 2689 2238 2756 species
2267 2691 2534 2761 proprias,
2559 2709 2824 2752 converso
2853 2701 3043 2758 ordine
3071 2705 3445 2774 praedicantur.
3480 2711 3611 2769 Nam

2028 2781 2169 2849 quod
2198 2782 2406 2839 risibile
2424 2794 2533 2853 est,
2568 2787 2727 2843 homo
2758 2801 2869 2846 est:
2902 2804 2955 2847 et
2989 2799 3128 2865 quod
3162 2800 3348 2869 homo,
3374 2806 3607 2874 risiblle;

2029 2876 2237 2942 nigrum
2263 2891 2392 2931 vero
2423 2892 2530 2932 non
2557 2881 2647 2946 ita,
2680 2884 2775 2936 sed
2806 2886 2978 2954 ipsum
3012 2890 3226 2957 quidem
3256 2893 3324 2949 de
3350 2894 3434 2950 his
3476 2914 3609 2966 prte-

2018 2964 2191 3018 dicari
2226 2975 2401 3036 potest
2431 2983 2500 3039 qu
2525 2971 2621 3025 bus
2657 2975 2821 3029 ineSt.
2860 2978 2973 3033 “Illa
3004 2995 3133 3036 vero
3184 2984 3248 3038 ad
3286 2983 3443 3055 hujus
3470 2964 3606 3059 prte-

2026 3058 2344 3115 dicationem
2372 3066 2611 3120 converti
2638 3070 2947 3140 retrahique
2975 3088 3079 3152 non
3109 3089 3335 3144 possunt
3361 3098 3373 3133 :
3399 3080 3608 3153 nigrum

1953 3143 1999 3207 C
2030 3152 2172 3204 enim
2200 3152 2268 3206 de
2294 3156 2550 3220 carbone,
2582 3158 2776 3221 ebeno.
2804 3145 3042 3233 homine,
3082 3177 3239 3236 atque
3275 3184 3437 3227 corvo
3467 3182 3607 3244 prte-

2023 3240 2254 3308 dicatur,
2285 3243 2399 3297 haec
2426 3260 2560 3301 vero
2587 3248 2655 3303 de
2685 3252 2836 3321 nigro
2871 3254 3108 3313 minime.
3146 3258 3276 3315 Nam
3300 3277 3419 3333 quae
3457 3240 3609 3335 plura

2023 3336 2319 3402 continent,
2351 3340 2417 3394 de
2460 3342 2543 3397 his
2575 3349 3003 3415 qttte.continent
3049 3356 3323 3422 praedicari
3365 3372 3607 3430 possunt,

2018 3441 2084 3481 ea
2107 3442 2237 3482 vero
2261 3446 2379 3497 qua:
2411 3436 2755 3492 continentur
2778 3439 2845 3494 de
2872 3456 2993 3498 sese
3026 3449 3429 3505 continentibus
3463 3454 3610 3508 nullo

2024 3519 2185 3574 modo
2221 3523 2600 3590 praed’cautur.
2635 3529 2838 3584 Rursus
2874 3534 3148 3602 proprium
3181 3539 3394 3607 quidem
3432 3556 3609 3612 equa-

2025 3608 2148 3664 liter
2182 3614 2549 3685 participatur,
2590 3620 2842 3678 accidens
2886 3626 3295 3683 remissionibus
3327 3642 3485 3702 atque
3522 3634 3609 3689 in-

2025 3705 2356 3759 tetsionihus
2400 3720 2779 3777 permittatur:
2824 3717 2999 3771 omnis
3041 3721 3182 3774 enim
3244 3724 3403 3779 homo
3459 3742 3610 3797 orque

2010 3794 2241 3849 risihilis
2268 3807 2372 3865 est,
2407 3799 2657 3874 Ethiops
2689 3821 2817 3861 vero
2855 3824 2961 3863 non
2995 3813 3275 3882 :equaliter
3316 3818 3466 3887 niger
3503 3830 3608 3889 est,

2023 3887 2115 3941 sed
2146 3892 2225 3956 (ut
2256 3891 2458 3948 dictum
2494 3897 2599 3965 est)
2635 3899 2825 3967 aliquis
2856 3903 3071 3969 quidem
3121 3907 3276 3972 paulo
3308 3912 3486 3964 minus
3531 3887 3609 3965 nis

2022 3993 2135 4047 ger,
2179 3980 2315 4035 alius
2345 3997 2475 4037 vero
2506 3989 2814 4042 teterrimus
2845 3990 3136 4047 invenitur.
3188 3997 3255 4048 Et
3297 3999 3363 4052 de
3398 4003 3609 4069 proprii

2022 4071 2237 4136 quidem
2267 4082 2429 4141 atque
2452 4078 2744 4133 accidentis
2770 4081 3084 4139 differentiis
3117 4087 3249 4140 satis
3281 4088 3480 4143 dictum
3504 4103 3607 4149 est.

2027 4160 2278 4217 Itestabat
2322 4180 2449 4221 vero
2505 4170 2796 4227 accidentis
2852 4175 2916 4228 ad
2967 4187 3158 4232 etetera
3206 4183 3609 4246 communiones

2030 4253 2489 4326 proprietatesque
2539 4263 2832 4333 explicare,
2875 4268 2965 4321 sed
3001 4269 3112 4337 jam
3154 4275 3399 4342 superius
3442 4292 3609 4333 annu-

2026 4354 2247 4400 tncratte
2286 4359 2413 4403 sunt
2450 4366 2570 4406 cum
2610 4358 2846 4425 generis,
2909 4360 3245 4426 differentiae,
3297 4367 3518 4435 proprii,
3558 4379 3609 4430 et

2024 4436 2318 4492 accidentis
2348 4430 2727 4501 similitudines
2751 4462 2815 4504 ac
2845 4450 3170 4507 differentias
3202 4455 3608 4524 assignavimus.

2026 4524 2274 4583 Fortasse
2327 4540 2505 4587 autem
2556 4533 2637 4589 bis
2677 4538 2949 4594 institutus
2988 4544 3219 4612 animus,
3262 4555 3318 4599 et
3362 4550 3609 4605 solertior

2028 4616 2220 4681 factus,
2246 4620 2600 4689 aliaspraelet-
2627 4642 2737 4691 eas,
2764 4644 2895 4697 quas
2923 4647 3063 4685 nunc
3083 4633 3339 4703 diximus,
3371 4653 3607 4694 commit.

2022 4710 2216 4767 nitates
2247 4722 2300 4767 et
2344 4714 2675 4774 differentias
2705 4724 2938 4791 quinque
2966 4742 3156 4782 rerum
3196 4745 3315 4800 qua:
3360 4736 3609 4803 superius

2021 4809 2146 4856 sunt
2192 4804 2379 4872 posita:
2425 4809 2680 4877 reperiet,
2716 4813 2808 4867 sed
2841 4815 2906 4868 ad
2934 4815 3315 4877 discretionem
3350 4835 3507 4895 atque
3546 4829 3611 4887 ad

2021 4906 2205 4947 corum
2253 4894 2633 4963 similitudines
2670 4900 3147 4974 'comparandast‘ea
3185 4915 3294 4970 fere
3320 4932 3438 4987 qua:
3483 4930 3609 4975 sunt

2021 4984 2161 5041 dicta
2199 4988 2485 5046 sufﬁciant.
2528 4993 2636 5050 Nos
2660 4998 2823 5052 etiam
2854 5002 3107 5069 quoniam
3138 4984 3386 5072 promissi
3427 5011 3607 5076 operis

2000 5089 2232 5147 .portum
2262 5093 2525 5155 tenemus,
2554 5097 2717 5158 atque
2750 5090 3048 5160 hujuslibri
3076 5098 3271 5152 seriem
3296 5100 3467 5165 primo
3488 5103 3606 5167 qui~

2016 5171 2137 5226 dem
2162 5188 2190 5227 a
2216 5175 2432 5232 rhetore
2459 5178 2748 5247 Victorino,
2770 5198 2881 5251 post
2908 5202 3034 5241 vero
3052 5203 3079 5239 a
3099 5190 3250 5242 nobis
3274 5188 3457 5243 L-ttina
3486 5207 3606 5246 ora-

2016 5267 2159 5323 tione
2186 5285 2499 5325 conversam
2531 5276 2738 5342 gemina
2769 5280 3101 5346 expositione
3126 5280 3493 5349 patefecimus,
3522 5284 3607 5343 hic

2015 5362 2299 5416 terminum
2342 5364 2501 5433 longo
2532 5368 2811 5421 statuimus
2861 5370 3009 5437 operi
3040 5371 3335 5425 continenti
3370 5374 3606 5445 quinque

2018 5467 2193 5506 rerum
2223 5453 2634 5523 disputationem
2664 5465 2720 5512 et
2740 5459 2809 5511 ad
2857 5459 3268 5527 medicamenta
3318 5468 3596 5525 servienti.
