4244 6254
597 321 617 372 1
630 319 694 372 5‘)

1823 310 1934 365 AN.
1970 309 2174 366 MANL.
2209 309 2359 366 SEV.
2398 309 2618 364 BOETII
3767 316 3858 369 Ibo

599 428 3692 483 W___..
3117 461 3194 470 ,,,
3203 462 3370 474 _.._._
3399 463 3416 473 _

1219 559 1479 664 AN.
1621 554 2100 660 MANL.

2244 549 2594 653 SEV.

2752 434 3856 481 ;_____———_-—______.2=

2731 552 3260 658 BOETII

918 777 1083 898 IN
1181 762 2338 903 CA'I‘EGORIAS
2431 766 3590 903 ARISTOTELIS

1817 964 2081 1042 LIBRI
2158 962 2674 1055 QUATUOR.

1746 1190 2121 1294 LIBER
2196 1187 2718 1296 PRIMUS.

670 1423 940 1494 Expeditis
998 1424 1078 1480 his
1122 1439 1239 1494 quae
1282 1423 1348 1478 atl
1402 1423 1814 1495 prmdicamenta
1869 1418 2166 1476 Aristotelis
2197 1415 2248 1474 Α
2273 1417 2557 1485 signiﬁcet.
2594 1419 2690 1474 Est
2721 1419 2879 1491 igitur
2911 1422 3069 1493 hujus
3104 1426 3285 1495 operis
3316 1427 3543 1482 intentio
3565 1429 3632 1484 de
3659 1430 3869 1486 vocibus

601 1515 882 1592 Porphyrii
918 1519 1252 1575 institutione
1276 1520 1478 1588 digesta
1507 1525 1655 1582 sunt,
1678 1519 1774 1570 hos
1799 1528 2010 1586 quoque
2035 1527 2182 1566 com—

601 1614 891 1666 mentarios
951 1613 1004 1666 in
1051 1612 1464 1688 pra-dicamenta
1511 1609 1844 1680 perscribens
1894 1605 2181 1660 mediocris

601 1703 723 1772 styli
755 1704 947 1757 seriem
983 1711 1322 1782 persecutus,
1369 1702 1502 1756 nihil
1544 1700 1611 1754 de
1652 1699 1902 1753 altiorum
1935 1696 2184 1765 quaestio-

604 1812 728 1850 num
761 1796 1078 1850 tractatione
1112 1794 1418 1865 pcrmiscui,
1451 1793 1544 1848 sed
1574 1789 1905 1846 dilucidandi
1936 1787 2180 1842 modera-

604 1895 747 1948 tione
777 1903 1007 1959 servata,
1042 1907 1140 1948 nec
1181 1907 1380 1961 angere
1429 1891 1681 1945 lectorem
1719 1888 1980 1943 brevitate
2016 1881 2181 1944 volui,

605 2001 704 2040 nec
749 1985 1063 2041 dilatatione
1114 1985 1462 2040 confundere.
1517 1983 1692 2050 Quare
1746 1981 1894 2049 prius
1947 1977 2185 2033 breviter

608 2079 763 2148 hujus
790 2080 966 2148 operis
998 2077 1284 2148 aperienda
1316 2077 1525 2131 videtur
1555 2073 1798 2136 intentio,
1830 2084 1949 2141 quae
1975 2078 2056 2124 est
2089 2069 2188 2122 bu-

605 2169 834 2242 jusmodi
861 2189 872 2222 :
906 2170 1084 2225 Rebus
1113 2168 1547 2239 prtejacentibus,
1573 2179 1627 2222 et
1657 2167 1708 2220 in
1741 2165 1954 2235 propria
1986 2162 2188 2233 princi-

549 2241 798 2334 'rpaliter
824 2275 1030 2319 natura:
1059 2262 1443 2320 constitutione
1489 2259 1851 2323 manentibus,
1897 2255 2186 2310 humanum

608 2363 778 2427 solum
805 2375 970 2429 genus
999 2359 1223 2422 exstitit,
1259 2357 1400 2428 quod
1437 2355 1596 2411 rebus
1621 2352 1837 2408 nomina
1882 2357 2062 2422 posset
2092 2349 2190 2402 im-

569 2464 829 2518 -_ponere.
860 2445 1011 2502 Unde
1057 2448 1254 2502 factum
1287 2455 1370 2501 est
1399 2457 1454 2499 ut
1489 2444 1761 2514 sigillatim
1792 2442 1970 2496 omnia
2009 2453 2192 2508 prose-

587 2515 765 2592 vcutus
799 2537 1028 2590 hominis
1056 2537 1265 2589 animus
1305 2534 1526 2603 singulis
1558 2531 1816 2587 vocabula
1857 2531 2016 2585 rebus
2044 2538 2193 2599 apta-

609 2639 712 2684 ret.
749 2625 813 2682 Et
840 2629 940 2682 hoc
968 2627 1204 2697 quidem,
1239 2626 1386 2680 verbi
1431 2627 1622 2693 gratia,
1656 2640 1872 2692 corpus,
1919 2623 2189 2676 hominem

610 2721 838 2784 vocavit,
870 2718 999 2773 illud
1021 2733 1170 2782 vero,
1203 2716 1454 2787 lapidem,
1473 2715 1614 2769 aliud
1643 2716 1865 2784 lignum,
1896 2713 2039 2767 aliud
2067 2727 2193 2768 vero

2286 1523 2373 1562 res
2400 1510 2848 1580 significantibus,
2882 1515 2934 1569 iu
2957 1531 3022 1570 eo
3051 1517 3194 1587 quod
3222 1520 3581 1588 signiﬁcantes
3612 1533 3734 1576 sunt
3759 1538 3877 1592 per.

2293 1609 2547 1658 tractare.
2584 1604 2708 1658 llaec
2735 1607 2954 1675 quidem
2985 1618 3070 1664 est
3096 1613 3322 1679 tempori
3368 1613 3799 1683 introductionis,
3827 1625 3873 1680 et

2287 1696 2545 1765 simplicis
2575 1700 2929 1768 expositionis
2957 1713 3076 1772 apta
3106 1707 3399 1773 sententia,
3432 1723 3590 1777 quam
3616 1724 3712 1764 nos
3741 1725 3876 1770 nunc

2290 1788 2642 1861 Porphyrium
2702 1806 3010 1864 sequentes,
3065 1798 3203 1866 quod
3251 1799 3532 1855 videbatur
3584 1803 3879 1871 expeditior

2291 1895 2410 1936 esse
2442 1882 2756 1954 planiorque
2783 1886 3125 1956 digessimus.
3148 1888 3241 1944 Est
3271 1905 3397 1945 vero
3427 1892 3479 1944 in
3507 1901 3684 1946 mente
3706 1892 3773 1946 de
3801 1895 3878 1947 in-

2293 1977 2551 2044 tentione,
2617 1981 2843 2036 utilitate
2889 1992 2942 2036 et
3000 1983 3220 2047 ordine,
3277 1984 3449 2039 tribus
3499 1986 3879 2055 quaestionibus

2293 2073 2588 2142 disputare,
2627 2074 2878 2132 videlicet
2901 2077 2955 2130 in
2986 2078 3090 2133 alio
3126 2082 3513 2134 commentario
3543 2097 3702 2151 quem
3730 2097 3880 2137 com-

2297 2178 2495 2232 ponere
2539 2165 2793 2234 proposui
2825 2167 2890 2222 de
2931 2169 3136 2224 eisdem
3179 2170 3463 2239 categoriis
3497 2172 3563 2225 ad
3596 2173 3877 2238 doctiores,

2294 2270 2518 2325 quarum
2548 2272 2651 2310 una
2677 2259 2900 2328 estquid
2922 2261 3456 2329 prmdicamentorum
3481 2263 3606 2316 velit
3633 2264 3880 2330 intentio,

2295 2348 2474 2419 ibique
2512 2352 2810 2406 numeratis
2849 2353 3188 2410 diversorum
3221 2355 3523 2420 sententiis,
3573 2355 3884 2412 docebimus

2296 2445 2379 2497 cui
2424 2455 2664 2500 nostrum
2707 2462 2924 2519 quoque
2953 2448 3182 2504 accedat
3221 2451 3522 2516 arbitrium,
3552 2450 3692 2519 quod
3729 2466 3884 2506 nemo

2299 2537 2421 2593 huic
2444 2538 2496 2593 in
2528 2541 2818 2609 praesentia
2848 2545 3128 2597 sententias
3160 2557 3461 2613 repugnare
3493 2545 3733 2610 miretur,
3763 2560 3884 2601 cum

2299 2632 2478 2688 videat
2503 2644 2705 2703 quanto
2735 2637 2822 2691 illa
2853 2639 2925 2692 sit
2953 2638 3114 2694 altior
3143 2640 3296 2708 cujus
3323 2655 3427 2695 non
3462 2640 3679 2695 nimium
3708 2640 3882 2708 ingre-

2299 2724 2558 2780 dientium
2585 2735 2794 2783 mentes
2813 2743 3038 2798 capaces
3055 2745 3174 2787 esse
3197 2732 3509 2801 potuissent,
3537 2732 3600 2786 ad
3624 2746 3756 2802 quos
3775 2745 3885 2786 me.

609 2812 869 2866 colorem.
905 2811 971 2866 Et
992 2825 1176 2866 rursus
1206 2809 1509 2880 quicunque
1535 2823 1600 2864 ex
1630 2823 1688 2863 se
1715 2808 1876 2862 alium
1899 2807 2191 2877 genuisset.
2229 2800 2274 2862 Β
2303 2817 2558 2873 όίοειὶιει·
2604 2820 2924 2876 imbuendos
2965 2822 3064 2876 ista
3121 2800 3563 2894 conscripsimus.
3609 2800 3886 2878 Alﬁoiendi

609 2903 781 2973 patris
810 2903 1071 2958 vocabulo
1109 2901 1455 2971 nuncupavit.
1499 2901 1801 2956 Mensuram
1830 2916 2043 2971 quoque
2083 2915 2194 2954 ma-

611 2995 905 3064 gnitudinis
937 2996 1136 3064 pr0prii
1185 2995 1357 3049 forma
1398 2995 1628 3049 nominis
1670 2995 1998 3059 terminavit,
2032 3002 2088 3046 ut
2115 2993 2196 3046 di-

612 3096 756 3144 ceret
787 3087 1032 3157 bipedale
1061 3103 1204 3155 esse,
1231 3096 1322 3142 aut
1349 3087 1627 3156 tripedale,
1663 3096 1716 3143 et
1746 3088 1800 3141 in
1842 3086 1965 3142 aliis
2004 3085 2194 3140 eodem

613 3183 794 3238 modo.
815 3182 1075 3237 Omnibus
1098 3184 1223 3254 ergo
1244 3182 1549 3236 nominibus
1571 3182 1849 3247 ordinatis,
1868 3183 1930 3234 ad
1958 3181 2194 3249 ipsorum

614 3293 797 3332 rursus
827 3277 1207 3332 vocabulorum
1241 3277 1597 3346 proprietates
1623 3276 1924 3346 ﬁgurasque
1946 3287 2197 3328 reversus

615 3379 715 3437 est,
746 3378 801 3424 et
848 3369 1151 3436 hujusmodi
1180 3369 1423 3424 vocabuli
1458 3368 1706 3434 formam,
1731 3383 1851 3436 quae
1883 3366 2078 3422 inﬂecti
2111 3381 2200 3420 ca-

615 3462 765 3516 sibus
817 3463 1005 3532 possit,
1046 3479 1238 3517 nomen
1269 3463 1515 3527 vocavit;
1548 3479 1666 3532 qua:
1706 3477 1832 3517 vero
1871 3460 2201 3530 temporibus

576 3621 580 3634 δ
615 3556 881 3623 distribui,
938 3557 1182 3612 verbum.
1227 3557 1405 3611 Prima
1443 3557 1601 3627 igitur
1638 3557 1722 3610 illa
1765 3555 1863 3609 fuit
1917 3555 2194 3608 nominum

574 3689 578 3696 -
617 3650 832 3719 positio,
875 3667 970 3719 per
999 3667 1159 3721 quam
1191 3653 1270 3706 vel
1314 3650 1606 3706 intellectui
1645 3651 1882 3719 subjecta
1915 3650 1996 3705 vel
2033 3648 2204 3703 sensi-

617 3741 717 3795 bus
758 3741 1080 3810 designaret.
1132 3745 1375 3799 Secunda
1406 3745 1784 3809 consideratio,
1825 3762 1927 3814 qua
1965 3744 2204 3812 singulas

617 3835 974 3905 proprietates
1005 3837 1278 3891 nominum
1311 3839 1610 3909 ﬁgurasque
1637 3840 2024 3909 perspicerent,
2057 3839 2125 3892 ita
2148 3847 2205 3891 ut

585 3991 588 3997 η
617 3928 845 3997 primum
888 3944 1082 3984 nomen
1108 3931 1177 3984 sit
1218 3931 1393 3998 ipsum
1428 3934 1502 3986 rei
1543 3932 1862 3986 vocabulum
1897 3950 1908 3984 :
1944 3940 2020 3997 nt,
2055 3931 2204 3985 verbi

618 4018 810 4090 gratia,
843 4036 964 4076 cum
992 4023 1244 4092 qualibet
1272 4039 1359 4079 res
1390 4024 1550 4079 homo
1578 4025 1804 4079 dicatur.
1845 4023 1996 4091 Quod
2028 4033 2206 4077 autem

621 4113 796 4183 ipsum
831 4117 1171 4182 vocabulum,
1204 4117 1254 4170 id
1280 4127 1363 4172 est
1389 4119 1568 4186 homo,
1604 4134 1798 4173 nomen
1825 4126 2065 4182 vocatur,
2101 4132 2206 4171 non

2299 2926 2448 2980 ergo,
2465 2913 2924 2981 etquodamrnodo
2938 2915 3254 2984 disponendi
3285 2916 3539 2972 mediocri
3557 2916 3888 2986 expositione

2301 3012 2425 3057 sunt
2439 3010 2487 3057 in
2504 3004 2632 3072 ipsis
2644 3005 2792 3074 quasi
2807 3005 3101 3074 disciplima
3117 3007 3274 3074 hujus
3289 3007 3656 3077 foribus,quos
3674 3009 3739 3063 ad
3757 3007 3890 3062 hane

2303 3112 2550 3167 paramus
2573 3098 2852 3153 scientiam
2876 3097 3177 3153 admittere.
3198 3098 3342 3153 Hanc
3364 3098 3522 3168 igitur
3538 3113 3754 3152 causam
3775 3113 3890 3153 muc

2305 3201 2426 3245 tata:
2457 3191 2736 3244 sentcntiae
2761 3191 3040 3258 utriusque
3063 3189 3244 3258 operis
3263 3189 3432 3244 lector
3451 3198 3725 3258 agnoscat,
3749 3188 3891 3258 quod

2305 3281 2413 3336 illic
2436 3283 2502 3336 ad
2528 3280 2805 3335 scientiam
2833 3279 3235 3350 Pytliagoricam
3267 3280 3664 3350 perfectamque
3691 3279 3892 3334 doctri-

2307 3388 2471 3437 nam,
2527 3373 2615 3427 hic
2665 3371 2730 3426 ad
2796 3371 3069 3440 simplices
3135 3371 3651 3428 introducendorum
3716 3379 3892 3428 motus

2305 3465 2656 3533 expositionis
2684 3464 2754 3518 sit
2778 3463 3180 3518 accommodata
3213 3465 3515 3530 sententia;
3540 3463 3634 3518 sed
3668 3478 3808 3518 nunc
3828 3462 3893 3519 ad

2306 3557 2636 3626 propositum
2667 3567 3025 3626 revertamur,
3053 3559 3228 3627 sitque
3261 3558 3315 3611 in
3363 3572 3600 3627 praesens
3630 3554 3892 3626 praadiea-

2307 3630 2610 3704 mentorum
2643 3652 2891 3718 intentio,
2919 3667 3039 3721 qua)
3073 3652 3318 3720 superius
3367 3662 3452 3707 est
3477 3650 3888 3720 comprehensa,

2312 3742 2485 3809 idest,
2504 3742 2571 3798 de
2595 3744 2778 3813 primis
2811 3744 3032 3800 vocibus
3055 3744 3481 3814 signiﬁcantibus
3511 3745 3682 3815 prima
3713 3759 3894 3798 rerum

2309 3851 2527 3905 genera,
2563 3836 2612 3891 in
2645 3852 2709 3893 eo
2741 3837 2880 3906 quod
2921 3836 3282 3907 signiﬁcantes
3323 3845 3450 3891 sunt
3489 3835 3762 3905 disputare
3792 3853 3804 3888 :
3841 3842 3894 3890 et

2310 3928 2560 3995 quoniam
2606 3945 2693 3984 res
2737 3929 2959 3984 inﬁnita:
2991 3937 3136 3995 sunt,
3168 3927 3403 3984 inﬁnitas
3450 3943 3663 3998 quoque
3713 3941 3896 3990 voces,

2314 4037 2432 4090 qua:
2463 4021 2762 4089 signiﬁcent
2789 4037 2879 4076 eas
2902 4035 3022 4075 esse
3055 4034 3276 4075 necesse
3303 4029 3418 4075 est:
3443 4019 3538 4074 sed
3571 4019 3896 4075 inﬁnitorum

2316 4112 2458 4165 nulla
2484 4112 2714 4182 cognitio
2746 4124 2846 4178 est,
2884 4112 3088 4166 inﬁnita
3135 4127 3364 4180 namque
3419 4112 3599 4166 animo
3651 4124 3898 4180 compre-

619 4205 683 4258 ad
732 4206 1178 4274 signiﬁcationem
1221 4210 1454 4262 nominis
1499 4210 1665 4277 ipsius
1708 4209 1956 4274 refertur,
2004 4209 2098 4264 sed
2140 4207 2206 4263 ad
2234 4185 2282 4249 ο
2315 4202 2476 4257 hendi
2507 4213 2797 4272 nequeunt.
2825 4203 2977 4269 Quod
2997 4212 3173 4257 autem
3204 4204 3410 4258 ratione
3442 4204 3635 4258 mentis
3661 4203 3894 4257 circum-

622 4298 867 4367 ﬁguram,
918 4299 1119 4354 idcirco
1165 4302 1306 4369 quod
1355 4302 1523 4368 possit
1559 4304 1772 4357 casibus
1811 4304 2031 4358 inﬂecti.
2067 4305 2208 4372 Ergo

623 4391 793 4460 prima
824 4391 1015 4458 positio
1039 4393 1271 4445 nominis
1297 4393 1590 4448 secundum
1624 4395 2073 4464 signiﬁcationem
2114 4411 2208 4449 vo-

621 4483 795 4536 cabuli
843 4483 978 4537 facta
1022 4493 1126 4549 est,
1171 4485 1403 4538 secunda
1443 4501 1570 4540 vero
1606 4467 1898 4542 secundum
1945 4488 2207 4556 ﬁguram:

623 4580 782 4626 etest
815 4575 988 4643 prima
1021 4575 1238 4643 positio,
1271 4583 1329 4628 ut
1357 4577 1571 4631 nomina
1600 4578 1759 4632 rebus
1786 4578 2208 4647 imponerentur,

623 4667 856 4721 secunda
881 4683 1007 4722 vero
1030 4678 1085 4722 ut
1113 4668 1233 4724 aliis
1257 4670 1558 4725 nominibus
1588 4671 1699 4741 ipsa
1729 4675 1940 4727 nomina
1966 4673 2211 4743 designa-

625 4768 831 4813 rentur.
858 4757 989 4814 Nam
1022 4776 1141 4817 cum
1173 4761 1335 4816 homo
1363 4764 1679 4818 vocabulum
1713 4765 1782 4818 sit
1803 4765 2058 4834 subjectae
2087 4765 2212 4819 sub-

624 4853 854 4920 stantiae,
889 4853 938 4906 id
982 4855 1120 4923 quod
1155 4856 1350 4910 dicitur
1382 4857 1564 4923 homo,
1612 4873 1804 4911 nomen
1839 4866 1921 4911 est
1954 4857 2208 4925 hominis,

590 4944 765 5013 ,quod
807 4944 972 5013 ipsius
1014 4946 1243 4999 nominis
1279 4947 1568 5014 appellatio
1605 4957 1708 5002 est.
1762 4949 1995 5002 Dicimus
2042 4951 2208 5014 enim,

581 5077 584 5084 .
627 5037 784 5108 quale
815 5039 1128 5094 vocabulum
1158 5049 1237 5093 est
1263 5039 1457 5094 homo?
1491 5048 1544 5094 et
1573 5042 1788 5109 proprie
1835 5041 2210 5110 respondetur,

579 5143 588 5202 ς
631 5147 847 5186 nomen.
884 5132 937 5185 In
969 5131 1069 5185 hoc.
1100 5131 1261 5200 igitur
1289 5147 1452 5202 opere
1485 5132 1599 5187 ham
1627 5134 1852 5187 intentio
1879 5143 1980 5198 est,
2008 5133 2074 5188 de
2104 5135 2214 5202 pri-

632 5225 731 5278 mis
763 5239 937 5280 rerum
978 5224 1302 5288 nominibus,
1331 5235 1384 5279 et
1425 5227 1490 5281 de
1535 5226 1754 5280 VOl'iIHIS
1793 5241 1878 5282 res
1909 5227 2215 5295 signiﬁcan-

633 5317 772 5372 tibus
805 5319 1100 5388 disputare,
1130 5333 1232 5372 non
1281 5318 1333 5372 in
1373 5332 1437 5373 eo
1467 5320 1606 5387 quod
1654 5319 1947 5373 secundum
1979 5319 2213 5388 aliquam

635 5410 1015 5476 proprietatem
1050 5413 1378 5481 ﬁguramque
1410 5410 1730 5479 formantur,
1763 5413 1855 5467 sed
1892 5415 1941 5467 in
1977 5426 2040 5466 eo
2071 5413 2213 5481 quod

633 5500 996 5567 signiﬁcantes
1051 5515 1196 5558 sunt.
1234 5504 1362 5558 Nam
1407 5503 1764 5574 quodcunque
1803 5504 1872 5559 de
1913 5505 2210 5560 substantia

2315 4298 2430 4352 dari
2479 4313 2580 4349 non
2615 4305 2808 4366 potest,
2857 4297 3053 4352 nullius
3107 4297 3347 4352 scientias
3394 4298 3499 4351 line
3539 4294 3898 4364 concluditur,

2315 4407 2479 4462 quare
2507 4392 2832 4446 inﬁnitorum
2864 4390 3088 4444 scientia
3113 4393 3255 4445 nulla
3282 4401 3365 4446 est
3393 4409 3405 4442 :
3441 4389 3536 4446 sed
3571 4388 3900 4456 bic.Aristo~

2317 4488 2450 4541 teles
2480 4501 2582 4539 non
2613 4485 2680 4539 de
2712 4484 2936 4538 inﬁnitis
2969 4499 3146 4538 rerum
3171 4483 3654 4552 signiﬁcationibus
3685 4488 3900 4541 tractat,

2316 4580 2408 4635 sed
2436 4579 2621 4633 decem
2650 4576 3060 4647 prmdicamenta
3093 4578 3428 4632 constituens
3449 4621 3462 4644 ,
3520 4576 3588 4630 ad
3640 4590 3759 4646 qua:
3790 4575 3902 4643 ipsa

2317 4673 2522 4727 inﬁnita
2554 4669 2834 4725 multitudo
2876 4669 3286 4738 signiﬁcantium
3323 4683 3513 4724 vocum
3571 4667 3762 4722 referri
3810 4665 3902 4720 de-

2317 4767 2460 4833 beat,
2491 4764 2794 4820 terminavit
2827 4782 2837 4815 :
2880 4771 2955 4827 ut,
2991 4763 3138 4818 verbi
3180 4765 3368 4831 gratia,
3405 4777 3528 4817 cum
3564 4761 3685 4816 dico
3717 4759 3901 4823 homo,

2317 4859 2540 4929 lignum,
2572 4856 2727 4927 lapis,
2782 4870 2972 4925 equus,
3015 4855 3235 4919 animal,
3286 4855 3587 4924 plumbum,
3625 4862 3899 4917 stannum,

2318 4964 2620 5022 argentum,
2654 4966 2866 5013 aurum,
2897 4959 2951 5003 et
2979 4950 3084 5003 alia
3137 4950 3440 5019 liujusmodi
3485 4964 3603 5017 qua:
3655 4946 3903 4999 nimirum

2320 5043 2523 5097 inﬁnita
2553 5052 2694 5104 sunt,
2729 5043 2843 5094 haec
2865 5041 3044 5094 omnia
3092 5042 3156 5096 ad
3184 5056 3346 5095 unum
3392 5037 3706 5093 substantia:
3734 5048 3902 5088 voca-

2320 5133 2500 5188 bulum
2543 5129 2893 5187 deducantur.
2924 5133 3046 5187 Ilaec
3075 5147 3325 5201 namque,
3355 5140 3410 5183 et
3434 5128 3480 5182 si
3511 5141 3614 5196 qua
3647 5134 3773 5179 sunt
3799 5125 3902 5178 alia

2320 5242 2438 5296 qua:
2467 5236 2626 5280 certa:
2658 5236 2779 5279 sunt
2837 5225 3039 5279 inlinita
3071 5221 3346 5286 voeabula,
3383 5233 3545 5272 unum
3585 5215 3904 5272 substantiae

2322 5335 2518 5375 nomen
2539 5319 2780 5374 includit.
2802 5318 3007 5372 Rursus
3029 5333 3148 5372 cum
3179 5315 3301 5368 dico
3320 5311 3591 5382 bipedale,
3619 5308 3902 5379 tripedale,

2323 5429 2439 5480 sex,
2474 5422 2716 5482 quatuor,
2760 5410 2968 5474 decem,
3000 5410 3218 5469 lineam,
3265 5403 3636 5475 superﬁciem,
3669 5401 3904 5456 solidius.

2325 5519 2463 5571 tem,
2497 5516 2548 5560 et
2575 5518 2911 5575 quacunque
2953 5503 3051 5554 alia
3095 5515 3161 5554 ex
3189 5498 3377 5554 eodem
3409 5511 3607 5568 genere
3632 5510 3751 5566 qua:
3791 5493 3906 5546 inﬁ~

635 5590 716 5641 vel
767 5591 943 5647 facere
975 5596 1054 5648 vel
1109 5596 1212 5662 pati
1244 5597 1459 5662 dicitur,
1504 5612 1606 5652 non
1643 5597 1713 5650 ita
1747 5605 2029 5664 tractatur,
2061 5597 2211 5664 quasi
2241 5565 2294 5625 Β
2324 5601 2433 5655 nita
2473 5607 2616 5668 sunt,
2659 5613 2765 5652 uno
2805 5593 3118 5665 quantitatis
3171 5592 3390 5648 nomine
3433 5591 3801 5653 continentur,
3850 5593 3905 5644 ut
3953 5598 3980 5620 ⁸

638 5695 797 5734 unum
828 5700 1012 5737 eorum
1040 5688 1248 5740 casibus
1283 5691 1480 5745 inﬂecti
1529 5691 1715 5760 possit,
1750 5691 1892 5745 aliud
1927 5707 2052 5744 vero
2085 5701 2217 5745 tem-

639 5771 854 5839 poribus
906 5778 1226 5841 permutari,
1281 5782 1373 5833 sed
1430 5783 1577 5849 quasi
1639 5791 1728 5835 aut
1778 5783 2068 5851 hominem,
2127 5793 2220 5838 aut

637 5877 856 5926 euuum,
887 5873 975 5918 aut
999 5865 1324 5924 individuum
1357 5873 1592 5939 aliquod,
1620 5883 1707 5930 aut
1731 5877 1961 5939 speciem
1978 5889 2219 5939 aenusve

2329 5695 2445 5748 lucc
2483 5693 2660 5746 omnia
2715 5690 2814 5745 sub
2859 5690 3159 5760 quantitate
3202 5698 3486 5759 ponantur.
3539 5687 3742 5741 Rursus
3783 5695 3905 5736 cum

2326 5785 2447 5841 dico
2475 5786 2676 5851 album,
2705 5783 2787 5838 vel
2839 5781 3119 5838 scientiam
3142 5824 3156 5848 ,
3198 5783 3282 5837 vel
3325 5782 3543 5847 bonum,
3577 5779 3655 5830 vel
3688 5775 3906 5838 malum,

2329 5878 2411 5936 vel
2435 5878 2534 5932 alia
2566 5872 2889 5943 hujusmodi,
2943 5887 3168 5945 quaeque
3216 5873 3269 5930 in
3303 5872 3422 5953 hoc
3465 5884 3676 5942 quoque
3713 5879 3910 5946 genere
