4244 6254
273 282 367 336 161

1272 274 1334 328 ΙΝ
1372 273 1808 331 CATEGOBIAS
1847 273 2301 332 ARISTOTELIS
2343 275 2468 329 LIB.
2512 275 2553 328 l.

3455 285 3470 336 l
3483 284 3550 339 6‘3

275 392 480 447 inﬁnita
511 400 655 458 sunt,
698 406 859 446 unum
883 397 1056 445 tamen
1090 403 1284 444 nomen
1315 388 1646 444 concludens
1672 391 1852 442 omnia
1884 388 2096 454 Aalter
2151 389 2458 443 Aristotelis
2518 387 2655 444 liber
2683 389 2749 446 de
2786 392 2988 448 eisdem
3020 394 3321 465 disputans,
3361 399 3548 456 eadem

275 488 551 558 qualitatis
581 486 834 548 occurrit,
866 497 917 539 et
945 484 1011 539 de
1041 484 1162 539 aliis
1191 499 1401 554 quoque
1432 483 1705 538 similiter.
1759 484 1863 536 Re.

277 591 399 632 rum
432 593 557 647 ergo
599 577 930 630 diversarum
977 575 1445 630 indeterminatani
1485 576 1864 645 inﬁnitamque

277 668 696 732 multitudinem,
730 666 916 720 decem
950 666 1490 735 praedicamcntorum
1544 667 1863 736 paucissima

279 758 666 813 numerositate
696 758 984 822 conclusit,
1013 768 1069 812 ut
1097 773 1158 812 ea
1191 774 1308 828 qua:
1340 758 1544 813 inﬁnita
1573 759 1671 814 sub
1693 759 1868 814 scien-

280 853 410 906 tiam
434 852 625 906 radere
659 868 764 905 non
796 862 1064 919 poterant,
1096 852 1282 907 decem
1327 853 1558 921 propriis
1579 854 1867 922 generibus

283 943 505 997 difﬁnita
536 945 775 998 scientiae
810 943 1292 1013 comprehensione
1339 944 1676 998 claudantur.
1728 944 1868 1012 Ergo

284 1037 466 1093 decem
523 1038 936 1105 praedicamenta
989 1053 1109 1108 qua:
1158 1037 1408 1103 dicimus,
1462 1037 1787 1092 inﬁnitarum
1815 1039 1869 1091 in

287 1132 502 1186 vocibus
535 1131 988 1201 signiﬁcationum
1038 1145 1240 1199 genera
1285 1142 1432 1196 sunt,
1475 1132 1568 1184 sed
1616 1129 1868 1199 quoniam

283 1227 458 1280 omnis
490 1241 677 1280 vocum
708 1226 1033 1294 signiﬁcatio
1062 1224 1129 1279 de
1163 1225 1324 1279 rebus
1356 1234 1461 1288 est,
1493 1240 1612 1293 quae
1645 1239 1775 1278 voce
1802 1225 1873 1276 si-

284 1317 605 1387 gniﬁcantur
630 1317 680 1370 in
705 1332 770 1370 eo
801 1315 943 1383 quod
974 1316 1346 1383 signiﬁcantes
1383 1325 1526 1378 sunt,
1558 1329 1754 1383 genera
1786 1329 1871 1368 re-

283 1425 404 1464 rum
431 1408 739 1463 necessario
768 1406 1170 1474 signiﬁcabunt.
1203 1406 1270 1461 Ut
1302 1407 1462 1474 igitur
1506 1405 1874 1460 concludenda

283 1501 360 1556 sit
400 1501 651 1563 intentio,
704 1498 992 1553 dicendum
1042 1507 1124 1552 est
1176 1498 1226 1552 in
1276 1500 1375 1552 hoc
1412 1497 1549 1551 libro
1580 1498 1647 1552 de
1689 1497 1875 1564 primis

283 1594 534 1656 vocibus,
562 1594 726 1659 prima
773 1605 950 1646 rerum
986 1607 1180 1659 genera
1230 1589 1658 1658 signiﬁcantibus
1713 1590 1762 1643 in
1809 1605 1874 1644 eo

286 1686 432 1754 quod
468 1683 829 1753 signiﬁcantes
861 1690 1004 1746 sunt,
1037 1681 1355 1750 dispositum
1400 1696 1518 1736 esse
1563 1689 1870 1736 tractatum.

289 1774 394 1829 Sed
454 1774 704 1842 quoniam
758 1773 824 1827 de
874 1773 1166 1826 intentione
1220 1771 1424 1825 dictum
1474 1782 1584 1838 est,
1635 1771 1872 1826 breviter
1903 1763 1952 1824 B

291 1866 447 1934 hujus
476 1864 658 1935 operis
704 1864 905 1918 utilitas
935 1862 1252 1932 explicanda
1303 1871 1403 1916 est.
1451 1862 1580 1916 Nam
1615 1877 1737 1916 cum
1789 1877 1874 1917 res

290 1959 509 2013 inﬁnita:
560 1957 782 2011 inﬁnitis
821 1973 1034 2028 quoque
1061 1957 1283 2010 vocibus
1331 1955 1784 2025 signiﬁcarentur,
1822 1967 1876 2011 et

293 2054 374 2121 (ut
396 2052 591 2106 dictum
629 2052 732 2120 est)
775 2051 874 2104 sub
924 2049 1201 2104 scientiam
1244 2049 1427 2111 venire
1472 2064 1578 2102 non
1628 2058 1870 2117 possent.

291 2143 391 2198 hac
411 2143 740 2208 deﬁnitione,
766 2157 868 2211 qua
896 2141 1081 2196 decem
1117 2141 1655 2210 prmdicamentm‘um
1681 2140 1875 2194 divisio

290 2235 423 2290 facta
451 2243 555 2300 est,
587 2244 897 2288 cunctarum
939 2249 1115 2288 rerum
1147 2242 1202 2287 et
1233 2247 1419 2288 vocum
1453 2232 1871 2302 signiﬁcantium

292 2328 615 2397 acquirlmus
659 2325 1016 2396 disciplinam.
1075 2326 1208 2380 Hinc
1249 2337 1327 2379 eSt
1372 2326 1512 2395 quod
1545 2325 1611 2379 ad
1647 2325 1873 2393 logiCam

292 2419 636 2477 tendentibus
682 2419 884 2488 primus
916 2419 1002 2472 hic
1033 2418 1166 2473 liber
1216 2419 1474 2488 legendus
1512 2419 1762 2484 occurrit,
1797 2418 1866 2473 id~

292 2516 434 2570 circo
461 2514 603 2585 quod
629 2529 749 2568 cum
781 2515 954 2568 omnis
1005 2513 1172 2581 logica
1201 2513 1636 2584 syllogismorum
1668 2513 1877 2568 ratione

294 2609 361 2664 sit
385 2609 691 2676 constituta,
723 2607 1022 2678 syllogismi
1071 2622 1196 2660 vero
1247 2606 1703 2674 propositionibus
1746 2607 1873 2676 jun-

293 2711 514 2771 gantur,
561 2699 956 2769 propositiones
1017 2713 1142 2752 vero
1198 2698 1540 2752 sermonibus
1597 2708 1876 2763 constent,

293 2793 468 2863 prima
492 2801 573 2846 est
599 2791 798 2846 utilitas
822 2791 946 2861 quid
977 2795 1208 2861 quisque
1238 2806 1418 2846 sermo
1447 2792 1729 2860 significet,
1756 2806 1878 2860 pro-

297 2885 431 2956 pria:
482 2886 718 2940 scientia:
761 2885 1084 2941 difﬁnitione
1123 2900 1470 2956 cognoscere.
1507 2885 1633 2941 Haec
1668 2901 1879 2956 quoque

297 2979 450 3034 nobis
468 2979 535 3035 de
561 2981 743 3034 decem
769 2981 1198 3049 prwdicamentis
1231 2983 1513 3051 inspectio,
1553 2993 1606 3038 et
1657 2982 1706 3036 in
1740 2984 1877 3055 phy-

197 3082 200 3083 '
296 3071 406 3128 sica
460 3071 763 3126 Aristotelis
801 3074 1062 3136 doctrina,
1096 3085 1151 3129 et
1181 3075 1232 3129 in
1269 3075 1488 3130 moralis
1523 3075 1878 3146 phil050phia:

1971 481 2085 536 fere
2115 480 2423 546 continens,
2456 496 2576 535 cum
2633 482 2703 536 sit
2751 487 2995 543 oratione
3027 489 3298 556 diversus;
3341 494 3431 547 sed
3471 495 3553 549 hic

1971 572 2312 643 proprietatis
2369 572 2505 626 liber
2561 573 2824 627 calculum
2874 578 3054 645 cmpit.
3104 582 3351 639 Archites
3395 585 3554 639 etiam

1970 665 2107 719 duos
2135 664 2441 732 composuit
2470 663 2633 718 libros
2665 681 2798 734 quos
2821 670 3062 730 Ka96).ou;
3103 676 3294 744 Λόγους
3335 677 3556 744 inscrip-

1971 759 2064 820 sit,
2088 771 2314 826 quorum
2341 757 2392 811 in
2429 757 2601 826 primo
2620 756 2734 813 hare
2772 759 2957 814 decem
2992 763 3408 830 praedicamenta
3441 769 3551 822 dis-

1972 850 2172 919 posuit.
2211 849 2363 904 Unde
2390 851 2719 919 posteriores
2745 852 2961 921 quidam
3013 870 3117 908 non
3153 872 3271 912 esse
3301 861 3561 927 Aristote-

1974 947 2079 1002 lem
2112 947 2271 1015 hujus
2299 947 2578 1002 divisionis
2605 947 2940 1003 inventorem
2964 951 3215 1018 suspicati
3245 965 3386 1018 sunt.
3415 958 3555 1026 quod

1977 1041 2365 1110 Pythagoricus
2397 1040 2478 1096 vir
2504 1041 2691 1097 eadem
2735 1044 3166 1112 conscripsisset,
3197 1047 3248 1100 in
3284 1064 3384 1116 qua
3432 1067 3559 1106 sen-

1977 1133 2144 1188 tentia
2185 1133 2480 1189 Jamblicus
2525 1135 2876 1206 philosophus
2908 1149 3124 1194 estnon
3169 1141 3434 1209 ignobilis,
3476 1149 3561 1200 cui

1978 1239 2084 1279 non
2110 1225 2382 1280 consentit
2409 1224 2762 1291 Themistius,
2796 1243 2967 1298 neque
2991 1231 3235 1286 concedit
3256 1247 3375 1288 eum
3401 1234 3563 1291 fuisse

1978 1319 2279 1384 Architem,
2334 1320 2422 1389 qui
2468 1319 2852 1389 Pythagoricus
2912 1322 3338 1397 'l‘arentinusqoe
3396 1339 3559 1395 esset,

1979 1411 2175 1480 quique
2228 1425 2349 1466 cum
2409 1410 2633 1465 Platone
2698 1414 3082 1482 aliquantulum
3130 1419 3385 1486 vixisset,
3467 1422 3560 1476 sed

1982 1502 2386 1572 peripateticum
2435 1503 2666 1572 aliquem
2736 1503 3036 1572 Architem,
3092 1509 3179 1578 qui
3234 1525 3370 1565 novo
3412 1514 3562 1582 operi

1979 1594 2351 1650 auctoritatem
2397 1604 2664 1650 vetustate
2719 1598 2948 1653 nominis
3011 1600 3300 1668 conderet,
3343 1605 3440 1660 sed
3495 1606 3563 1662 de

1984 1685 2067 1739 his
2091 1685 2237 1740 alias.
2263 1686 2452 1742 Restat
2479 1687 2759 1757 inscriptio
2784 1706 2903 1760 quae
2921 1693 3065 1746 varia
3097 1693 3214 1748 fuit.
3240 1694 3563 1768 lnscripsere

1981 1780 2326 1850 namque_alii
2359 1779 2428 1834 de
2457 1780 2638 1844 rebus,
2661 1781 2750 1836 alii
2779 1782 2846 1837 de
2889 1786 3174 1853 generibus
3199 1803 3400 1856 rerum,
3431 1807 3564 1861 quos

1981 1870 2168 1925 eadem
2223 1871 2522 1941 similisque
2564 1873 2718 1942 culpa
2777 1875 3038 1933 confudit.
3085 1879 3324 1950 Namque
3357 1882 3437 1952 (ut
3466 1883 3564 1938 do-

1981 1961 2209 2031 cuimus)
2240 1976 2344 2015 non
2375 1961 2442 2015 de
2483 1977 2664 2018 rerum
2714 1968 3022 2034 generibus,
3058 1985 3229 2038 neque
3272 1972 3340 2026 de
3378 1974 3561 2041 rebus,

1981 2053 2072 2107 sed
2115 2051 2181 2106 de
2208 2053 2548 2107 sermonibus
2589 2071 2770 2110 rerum
2812 2074 3010 2127 genera
3056 2060 3478 2130 signiﬁcanlibus
3510 2066 3563 2123 in

1984 2144 2086 2197 hoc
2137 2159 2303 2214 opere
2355 2155 2613 2199 tractatus
2664 2147 2913 2217 habetur,
2953 2150 3056 2206 hoc
3087 2167 3218 2207 vero
3248 2154 3567 2214 Aristoteles

1981 2234 2094 2304 ipse
2127 2235 2364 2291 declarat
2391 2251 2514 2292 cum
2550 2237 2711 2292 dicit:
2745 2240 2942 2295 Eorum
2975 2258 3096 2312 qua:
3125 2248 3418 2302 secundum
3449 2251 3567 2305 nul-

1981 2328 2084 2382 lam
2100 2329 2528 2397 complexionem
2540 2332 2811 2398 dicuntur,
2828 2335 3094 2405 singulum
3108 2348 3196 2392 aut
3211 2340 3568 2400 substantiam

1979 2418 2262 2488 signiﬁcat,
2279 2423 2753 2492 autquantitatem.
2772 2426 2923 2494 Quod
2936 2428 3061 2486 side
3074 2430 3236 2486 rebus
3247 2431 3566 2490 divisionem

1982 2510 2203 2576 faceret,
2224 2529 2330 2568 non
2353 2514 2576 2571 dixisset
2601 2515 2891 2586 signiﬁcat;
2919 2533 3007 2576 res
3036 2523 3180 2578 enim
3211 2523 3560 2596 signiﬁcatur,

1981 2619 2088 2659 non
2132 2607 2245 2675 ipsa
2271 2607 2722 2681 signiﬁeat.[lllud
2753 2627 2965 2684 quoque
2995 2615 3232 2672 maximo
3259 2632 3570 2689 argumento

1981 2705 2065 2751 est
2093 2697 2438 2754 Aristotelem
2465 2715 2569 2754 non
2598 2701 2664 2757 de
2695 2704 2878 2771 rebus,
2901 2706 2996 2760 sed
3023 2707 3089 2762 de
3109 2712 3447 2768 sermonibus
3480 2729 3568 2771 res

1982 2791 2405 2860 signiﬁcantibus
2435 2795 2723 2863 speculari,
2756 2797 2896 2866 quod
2935 2799 3012 2852 ait
3039 2817 3051 2853 :
3082 2800 3362 2871 Singulum
3409 2807 3568 2876 igitur

1982 2898 2168 2938 eorum
2193 2899 2296 2953 que
2319 2885 2460 2940 dicta
2500 2894 2642 2954 sunt,
2669 2886 2842 2956 ipsum
2867 2889 3079 2958 quidem
3112 2894 3406 2951 secundum
3427 2914 3485 2953 se
3515 2900 3570 2956 in

1985 2977 2500 3032 nullaafﬁrmatione
2523 2977 2742 3046 dicitur,
2760 2980 2948 3035 horum
2970 2991 3148 3038 autem
3171 2984 3237 3039 ad
3260 3001 3318 3041 se
3335 2987 3563 3046 invicem

1987 3070 2362 3137 complexione
2384 3070 2671 3126 afﬁrmatio
2696 3073 2773 3129 ﬁt.
2797 3072 2902 3129 Res
2918 3075 3061 3130 enim
3085 3078 3128 3132 si
3147 3081 3457 3150 jungantur,
3492 3084 3571 3140 af-

298 3165 600 3234 cognitione
623 3167 860 3234 perutilis
886 3178 988 3230 est,
1013 3168 1152 3236 quod
1175 3183 1266 3236 per
1293 3168 1500 3237 singula
1534 3169 1878 3224 currentibus
1905 3146 1953 3210 θ
1984 3160 2341 3218 Ηΐιῐηῑίοηθη]
2358 3162 2507 3218 nullo
2530 3163 2689 3218 mOdO
2713 3166 3016 3234 Ρθτθθίιιηῑν
3035 3146 3321 3229 θίίῖτὴῐηειῖίο
3338 3146 3567 3248 ηαιιίίιιιθ

298 3257 469 3327 magis
518 3258 760 3326 liquebit.
829 3259 1092 3325 Quocirca
1143 3259 1211 3312 de
1252 3260 1445 3315 ordine
1497 3276 1709 3330 quoque
1760 3261 1880 3316 libri

299 3350 455 3420 hujus
481 3349 668 3406 eadem
700 3351 838 3404 ratio
862 3358 966 3406 eat.
1023 3349 1154 3403 Nam
1201 3351 1452 3420 quoniam
1481 3367 1568 3406 res
1609 3352 1882 3422 simplices

300 3444 608 3511 compositis
634 3454 822 3499 natura
861 3445 1068 3512 priores
1095 3453 1240 3509 sunt,
1270 3461 1392 3513 quae
1415 3445 1556 3499 enim
1587 3446 1883 3515 composita

301 3549 445 3604 sunt,
473 3554 538 3592 ex
577 3537 911 3606 simplicibus
941 3547 1357 3607 componuntur.
1395 3537 1490 3592 llic
1531 3539 1784 3608 quoniam
1816 3537 1884 3592 de

303 3631 633 3701 simplicibus
683 3631 898 3685 vocibus
947 3646 1035 3684 res
1097 3630 1522 3699 signiﬁcantibus
1561 3631 1882 3698 disputatur,

303 3726 598 3778 secundum
624 3723 790 3792 ipsius
814 3722 1177 3790 simplicitatis
1226 3724 1574 3791 principalem
1615 3734 1883 3788 naturam,

306 3819 512 3886 primus
539 3815 626 3868 hic
662 3815 962 3869 Aristotelis
988 3817 1122 3870 liber
1152 3815 1528 3870 inchoantibus
1571 3815 1883 3870 addiscitur.

309 3909 422 3962 Nec
463 3905 591 3959 illud
623 3906 730 3960 fere
760 3906 975 3960 dubium
1008 3917 1106 3973 est,
1135 3908 1200 3961 ad
1236 3923 1391 3978 quam
1427 3917 1628 3975 partem
1655 3908 1889 3976 philoso-

309 4004 450 4073 phia:
480 4001 639 4070 hujus
668 3999 786 4054 libri
819 3999 1039 4054 ducatur
1085 4002 1314 4056 intentio
1335 4043 1348 4066 ,
1405 3999 1606 4054 idcirco
1636 4001 1885 4069 quoniam

308 4096 395 4164 qui
425 4095 492 4150 de
517 4094 882 4164 signiﬁcativis
912 4093 1128 4148 vocibus
1162 4099 1372 4156 tractat,
1399 4092 1465 4146 de
1487 4091 1649 4147 rebus
1679 4108 1890 4162 quoque

311 4200 391 4243 est
419 4190 755 4258 aliquatenus
795 4197 1137 4242 tractaturus.
1163 4186 1270 4240 Res
1299 4184 1498 4240 etenim
1523 4193 1574 4239 et
1606 4201 1788 4240 rerum
1820 4186 1891 4239 si-

312 4282 580 4351 gniﬁcazio
603 4281 785 4349 juncta
816 4290 916 4348 est,
954 4281 1047 4335 sed
1083 4280 1431 4350 principalior
1461 4279 1563 4333 erit
1592 4279 1679 4333 illa
1709 4279 1892 4347 dispu-

315 4375 442 4428 tatio
469 4390 588 4442 qua:
609 4374 673 4428 de
704 4374 1045 4428 sermonibus
1069 4383 1146 4427 est
1172 4391 1183 4424 :
1215 4371 1456 4426 secundo
1497 4387 1625 4424 vero
1656 4371 1774 4424 loco
1801 4370 1891 4424 illa

317 4481 432 4535 quae
463 4465 529 4520 de
587 4482 764 4520 rerum
817 4466 1026 4520 ratione
1074 4464 1351 4519 formatur.
1411 4465 1586 4530 Quare
1633 4463 1886 4530 quoniam

1988 3254 2042 3308 in
2077 3254 2323 3310 oratione
2342 3265 2441 3309 est.
2477 3255 2738 3323 Quocirca
2766 3258 2813 3312 si
2841 3260 3254 3328 praedicamenta
3281 3265 3466 3335 juncta
3489 3270 3572 3325 fa-

1991 3348 2140 3402 ciunt
2161 3347 2574 3403 afﬁrmationem
2599 3348 2909 3418 (afﬁrmatio
2938 3368 3064 3408 vero
3094 3370 3200 3409 non
3233 3358 3335 3413 nisi
3365 3358 3419 3415 in
3447 3377 3573 3418 ora-

1991 3441 2138 3495 tione
2163 3450 2268 3505 est,
2291 3457 2408 3508 quae
2432 3442 2926 3512 autemjunguntur
2954 3454 3014 3499 ut
3039 3447 3323 3504 afﬁrmatio
3349 3451 3460 3518 ﬁat,
3496 3454 3577 3514 ha:

1990 3542 2118 3588 sunt
2139 3550 2314 3588 rerum
2328 3534 2690 3605 signiﬁcantes
2705 3536 2888 3608 voces)
2913 3537 3451 3607 prmdicamentorum
3477 3555 3577 3603 tra,

1991 3638 2166 3682 ctatus
2188 3642 2292 3681 non
2307 3627 2374 3682 de
2391 3627 2573 3692 rebus,
2596 3626 2689 3682 sed
2703 3628 2770 3683 de
2785 3630 3010 3684 vocibus
3023 3642 3105 3686 est
3121 3650 3133 3698 ;
3153 3635 3291 3691 male
3314 3636 3474 3706 igitur
3496 3641 3577 3697 vel

1991 3721 2058 3774 de
2083 3721 2241 3775 rebus
2265 3721 2346 3775 vel
2369 3735 2546 3775 rerum
2565 3723 2854 3792 generibus
2878 3724 3284 3796 inscripserunt.
3307 3731 3578 3796 Annotant

1993 3813 2080 3867 alii
2117 3814 2256 3868 hunc
2286 3814 2475 3868 librum
2508 3814 2789 3884 legendum
2823 3825 2948 3870 ante
2978 3816 3212 3899 Τυρίίιελι,⁸
3252 3824 3392 3890 quod
3421 3825 3579 3882 nimis

1992 3904 2283 3958 absurdum
2315 3913 2416 3957 est.
2446 3903 2555 3957 Cur
2584 3904 2727 3957 enim
2769 3918 2874 3957 non
2929 3906 3099 3974 magis
3145 3918 3271 3963 ante
3319 3910 3579 3982 Physica?

1994 3995 2146 4064 quasi
2175 4009 2301 4048 vero
2333 3993 2507 4046 minor
2556 3993 2712 4062 hujus
2757 3995 2827 4048 sit
2883 3994 3006 4048 libri
3037 4011 3164 4050 usus
3209 3999 3261 4051 in
3303 3999 3570 4072 Physicis,

1993 4100 2115 4140 cum
2141 4083 2293 4152 primi
2328 4081 2650 4138 Resolutorii
2682 4092 2806 4138 ante
2857 4083 3055 4154 Topica
3084 4086 3350 4158 legantur,
3380 4101 3432 4146 et
3455 4102 3579 4150 ante

1997 4178 2198 4246 primos
2252 4175 2621 4230 Resolutorios
2652 4175 3078 4233 Perihermenias
3126 4180 3262 4258 liber
3302 4183 3368 4239 ad
3396 4184 3580 4257 cogni-

1998 4271 2196 4326 tionem
2223 4271 2400 4326 veniat
2427 4271 2747 4336 inchoantis,
2785 4287 2880 4327 cur
2904 4289 3008 4328 non
3022 4275 3191 4346 magis
3215 4277 3357 4334 hunc
3385 4279 3580 4337 librum

1998 4367 2078 4420 vel
2110 4377 2234 4421 ante
2252 4365 2708 4430 Perihermenias,
2733 4368 2818 4422 vel
2850 4378 2974 4424 ante
3007 4369 3374 4430 Resolutorios
3397 4376 3583 4433 inscri-

2001 4457 2255 4527 pserunt?
2306 4457 2482 4523 Quare
2529 4459 2858 4527 repudianda
2902 4470 2985 4515 est
3024 4462 3390 4530 inscriptionis
3430 4469 3583 4525 istius

317 4533 488 4612 omnis
513 4573 599 4612 ars
628 4559 796 4629 logica
842 4560 910 4612 de
939 4559 1184 4613 oratione
1214 4566 1317 4621 est,
1349 4567 1400 4611 et
1425 4557 1476 4610 in
1513 4556 1612 4610 hoc
1632 4571 1798 4624 opere
1827 4555 1894 4610 de
1921 4533 1972 4594 D
1999 4565 2213 4619 quoque
2238 4551 2351 4616 ipsa
2382 4551 2670 4613 sententia,
2711 4551 3105 4622 dicendumque
3143 4564 3227 4609 est
3259 4575 3269 4608 :
3317 4559 3579 4625 Quoniam

319 4652 533 4706 vocibus
556 4652 919 4720 principaliter
964 4661 1228 4709 tractatur
1275 4653 1601 4721 (quanquam
1639 4651 1782 4705 enim
1825 4651 1894 4704 sit

317 4738 472 4812 hujus
511 4745 624 4798 libri
681 4745 872 4799 relatio
923 4746 988 4798 ad
1049 4757 1272 4798 caeteras
1297 4758 1508 4812 quoque
1539 4741 1894 4812 philosophia:

316 4837 536 4908 partes).
569 4839 932 4908 principaliter
955 4847 1134 4891 tamen
1167 4836 1396 4891 refertur
1444 4835 1510 4889 ad
1548 4836 1795 4905 logiram,
1825 4834 1893 4889 de

315 4930 468 4998 cujus
496 4929 891 5000 quodammodo
919 4930 1249 5000 simplicibus
1274 4928 1576 4994 elementis,
1605 4928 1654 4982 id
1688 4937 1790 4992 est,
1827 4925 1895 4980 de

315 5023 649 5076 sermonibus
674 5023 724 5076 in
756 5037 822 5076 eo
860 5022 1225 5091 principaliter
1261 5019 1548 5089 disputavi.
1586 5017 1894 5073 Aristotelis

313 5128 441 5168 vero
474 5129 643 5184 neque
677 5115 835 5168 ullius
865 5114 1088 5167 alterius
1113 5113 1249 5167 liber
1277 5122 1380 5178 cst,
1420 5111 1622 5165 idcirco
1651 5110 1790 5178 quod
1839 5109 1892 5164 in

312 5207 456 5260 omni
483 5207 814 5276 philosophia
844 5206 942 5261 sibi
979 5208 1094 5276 ipse
1141 5206 1207 5260 de
1237 5206 1395 5274 hujus
1435 5204 1617 5273 operis
1655 5203 1898 5270 disputa-

313 5298 463 5352 tione
502 5301 787 5362 consentit,
818 5310 872 5353 et
901 5300 1137 5353 brevitas
1167 5298 1282 5367 ipsa
1319 5306 1478 5365 atque
1509 5295 1778 5349 subtilitas
1831 5293 1896 5348 ab

309 5387 609 5446 Aristotele
636 5403 737 5440 non
769 5389 1058 5458 discrepat,
1082 5391 1278 5460 alioqui
1313 5390 1667 5455 interruptum
1696 5386 1894 5453 imper-

307 5467 626 5547 fectumque
655 5493 791 5547 Opus
819 5481 1051 5536 edidisse
1071 5482 1344 5535 videretur
1369 5480 1456 5550 qui
1486 5479 1552 5532 de
1582 5477 1903 5547 syllogismis

313 5571 604 5633 scriberet,
637 5571 680 5624 si
710 5579 804 5624 aut
829 5571 894 5625 de
937 5573 1394 5642 propositionibus
1445 5568 1900 5640 praatermisisset,

316 5676 409 5720 aut
433 5665 502 5720 de
529 5663 720 5736 primis
749 5665 970 5719 vocibus
1014 5673 1317 5730 tractatum,
1367 5663 1559 5734 quibus
1610 5659 1737 5730 ipsa:
1786 5676 1903 5729 pro-

315 5757 613 5817 positiones
645 5756 1015 5816 continentur.
1043 5756 1332 5812 omitteret.
1385 5758 1699 5820 Quanquam
1733 5762 1902 5810 exstet

2002 4655 2183 4693 rerum
2215 4639 2384 4706 prima
2416 4637 2602 4692 decem
2634 4654 2828 4708 genera
2854 4651 2999 4706 sunt,
3023 4657 3246 4701 necesse
3277 4646 3376 4702 fuit
3397 4650 3584 4714 decem

2001 4745 2214 4800 quoque
2229 4743 2350 4783 esse
2378 4727 2651 4797 simplices
2679 4743 2860 4796 voces,
2890 4745 3008 4800 qua:
3035 4731 3102 4788 de
3131 4736 3388 4807 subjectis
3421 4745 3584 4802 rebus

2000 4823 2348 4878 dicerentur:
2375 4835 2533 4875 omne
2562 4823 2705 4875 enim
2728 4822 2868 4892 quod
2902 4824 3166 4895 signiﬁcat
3206 4828 3273 4886 de
3296 4831 3470 4889 illa're
3499 4835 3582 4890 di-

2001 4921 2139 4975 citur
2161 4933 2318 4989 quam
2352 4916 2638 4986 signiﬁcat,
2673 4932 2800 4984 ergo
2831 4918 3204 4978 inscribendus
3233 4925 3372 4982 liber
3409 4930 3584 4985 est‘de

2005 5015 2190 5069 decem
2221 5011 2673 5067 Prazdicamentis.
2702 5013 2808 5068 Sed
2843 5014 2976 5070 forte
3003 5016 3120 5085 quis
3143 5017 3304 5084 dicat,
3336 5021 3380 5073 si
3412 5020 3478 5075 de
3509 5024 3579 5077 si-

2004 5104 2380 5178 gniﬁcantibus
2411 5119 2590 5158 rerum
2643 5105 2862 5160 vocibus
2896 5106 3010 5175 ipsa
3037 5108 3328 5176 disputatio
3349 5120 3452 5178 est,
3485 5129 3583 5171 cur

2005 5202 2073 5255 de
2102 5197 2232 5268 ipsis
2264 5197 2497 5265 disputat
2529 5196 2731 5250 rebus?
2763 5196 3052 5253 Dicendum
3078 5209 3178 5262 est,
3206 5200 3456 5268 quoniam
3489 5219 3577 5260 res

2006 5308 2220 5363 semper
2256 5305 2376 5345 cum
2410 5289 2624 5358 propria
2683 5292 3074 5360 signiﬁcatione
3101 5292 3406 5360 conjuncta:
3435 5304 3580 5363 sunt,

2007 5401 2058 5448 et
2086 5385 2342 5457 quidquid
2371 5385 2423 5439 in
2471 5400 2555 5439 res
2586 5385 2747 5449 venit,
2798 5385 2898 5440 hoc
2938 5385 3078 5440 idem
3127 5385 3179 5439 in
3219 5401 3397 5441 rerum
3428 5403 3588 5445 voca.

2010 5481 2148 5536 bulis
2173 5475 2440 5532 invenitur
2469 5491 2484 5527 :
2513 5489 2678 5543 quare
2713 5485 2857 5530 recte
2888 5476 2953 5529 de
2985 5477 3262 5532 vocabulis
3285 5477 3587 5550 disputans,

2009 5569 2390 5643 proprietatem
2435 5565 2839 5633 signiﬁcantium
2891 5581 3085 5623 vocum
3140 5569 3206 5624 de
3256 5569 3338 5624 his
3370 5587 3489 5641 qua:
3515 5573 3592 5630 si.

2010 5659 2418 5733 gniﬁcabantur,
2459 5653 2510 5706 id
2555 5655 2732 5711 estde
2761 5658 2920 5713 rebus
2961 5662 3267 5730 assumpsit.
3319 5661 3432 5718 Erit
3475 5664 3587 5721 alia

2011 5766 2220 5821 quoque
2249 5748 2474 5804 fortasse
2503 5747 2762 5814 quaestio:
2792 5747 2896 5805 Cur
2923 5765 3045 5808 cum
3079 5753 3164 5811 hic
3193 5753 3487 5815 orationem
3525 5753 3588 5813 in
