4244 6254
620 364 715 422 165

1834 367 1943 422 AN.
1987 364 2191 421 MANL.
2230 362 2382 423 SEV.
2425 367 2652 425 ΒΟΕΤΙΙ

3776 381 3875 434 164

612 483 799 538 decem
833 482 1245 551 praedicamenta
1295 481 1367 536 sit
1384 466 1633 550 partitus.
1677 477 1727 531 in
1757 477 2186 532 Peribermenia‘s
2215 482 2265 538 Α
2291 494 2409 548 quae
2441 495 2612 549 neque
2638 482 2944 538 nominibus
2974 498 3144 552 neque
3189 484 3608 545 diftinitionibus
3640 491 3864 559 conjun-

583 592 587 597 ν
622 573 760 627 libro
790 573 841 626 in
867 573 1002 627 duas
1027 583 1231 629 tantum
1256 584 1433 643 partes
1469 573 1783 627 divisionem
1809 572 1952 637 fecit,
1981 571 2031 625 in
2064 587 2187 626 ver-

614 666 738 718 hum
768 665 1022 720 videlicet
1048 674 1102 719 et
1128 682 1317 719 nomen
1343 664 1366 716 ?
1391 663 1494 719 Sed
1526 663 1624 716 hoc
1659 664 1883 717 interest
1906 662 2045 729 quod
2077 661 2186 719 illic

611 755 812 823 ligutas
842 755 1219 819 vocabulorum
1252 754 1458 818 dividit,
1504 753 1553 806 itt
1589 753 1690 806 boc
1727 754 1797 807 de
1839 753 2187 823 signiﬁcatio-

612 848 768 897 nibus
801 856 1010 911 tractat,
1040 859 1203 914 quare
1232 860 1333 898 non
1365 854 1448 898 est
1466 843 1567 897 sibi
1599 845 1713 911 ipse
1754 845 2078 900 contrarius.
2123 844 2180 900 In

610 938 1039 993 I‘eriltermenias
1058 939 1199 992 enim
1228 938 1457 992 lihrode
1488 939 1707 992 nomine
1730 950 1787 993 et
1818 938 1985 993 verbo
2008 940 2184 993 consl-

607 1030 756 1085 tlerat
795 1044 915 1099 quas
959 1030 1251 1084 secundum
1316 1031 1536 1111 figuram
1593 1031 1877 1099 quamdam
1939 1032 2193 1087 vocabuli

607 1134 748 1185 sunt,
778 1121 916 1190 quod
948 1120 1089 1175 illud
1108 1121 1305 1177 inﬂecti
1340 1124 1559 1179 ca~ibus
1585 1133 1777 1192 potest,
1825 1122 1954 1177 illud
1989 1124 2182 1179 variari

605 1235 699 1289 ρετ
724 1228 1000 1284 tempora:
1038 1217 1124 1272 hic
1159 1233 1288 1273 vero
1337 1232 1442 1271 non
1475 1217 1770 1271 secundum
1817 1215 1913 1269 has
1965 1215 2184 1285 ﬁguras,

602 1312 694 1367 sed
720 1312 772 1364 in
801 1325 866 1365 co
892 1309 1034 1380 quod
1063 1324 1222 1365 voces
1272 1309 1637 1379 signiﬁcantes
1676 1316 1801 1361 sunt
1844 1308 2183 1376 disputatur:

601 1418 763 1474 quare
791 1402 1061 1458 diversam
1104 1403 1161 1457 in
1201 1400 1434 1455 diversis
1463 1401 1623 1455 rebus
1678 1408 1840 1468 atque
1874 1396 2186 1451 tractatibus

601 1495 846 1549 faciendo
875 1496 1218 1560 divisionem,
1276 1492 1422 1548 nulla
1460 1492 1845 1546 contrarietate
1895 1489 2184 1552 notabitur,

602 1606 775 1658 neque
796 1605 945 1645 nunc.
963 1591 1263 1645 orationem
1311 1588 1520 1654 dividit,
1562 1589 1656 1642 sed
1684 1587 1751 1641 ad
1782 1586 2178 1640 multitudinem

600 1697 854 1751 generum
873 1684 1085 1737 nomine
1118 1684 1230 1751 ipsa
1262 1682 1544 1751 dispertit:
1572 1696 1693 1733 nam
1716 1681 1968 1748 quoniam
1993 1679 2180 1732 deet-tn

600 1787 777 1828 rerum
824 1789 1024 1843 genera
1080 1772 1371 1828 sunt'non
1414 1771 1708 1828 secundum
1739 1770 2060 1833 orationem,
2088 1769 2181 1823 scd

2290 586 2483 642 guntur
2522 593 2535 630 :
2565 585 2622 629 ut
2653 578 2808 645 ignis,
2834 578 2999 645 ‘lipis,
3030 579 3196 644 celer,
3234 589 3291 635 et
3323 598 3442 652 quae
3477 586 3705 654 propria:
3747 588 3874 642 sub-

2289 670 2505 722 Stautire
2538 677 2721 722 natura
2750 670 2978 724 discreta
3006 680 3150 734 sunt,
3172 672 3285 727 haec
3310 685 3488 728 autem
3507 683 3769 729 vocantur
3794 676 3877 730 di-

2293 759 2590 811 versivoca.
2634 759 2746 813 Alia
2773 775 2901 813 vero
2931 776 3049 828 quas
3075 762 3305 818 diversis
3329 765 3638 819 nominibus
3669 781 3876 821 nuncu-

2293 859 2505 916 pantur.
2536 860 2589 902 et
2619 852 2705 901 uni
2731 852 3037 906 dil‘llnitioni
3056 853 3519 929 designationique
3544 857 3870 926 subduntur,

2290 952 2345 995 ut
2373 944 2794 1010 gladius,cnsis;
2833 945 2950 999 ha-c
2976 947 3116 999 enim
3144 948 3307 1001 multa
3338 958 3463 1001 sunt
3502 949 3739 1013 nomina,
3776 950 3874 1004 sed

2292 1034 2343 1087 id
2374 1035 2514 1102 quod
2554 1036 2853 1105 signiﬁcant
2876 1046 2976 1090 una
2998 1038 3323 1095 difﬁnitione
3350 1040 3673 1108 declaratur,
3691 1053 3744 1098 et
3769 1045 3871 1100 hoc

2292 1138 2398 1176 vac.
2424 1134 2507 1178 tttr
2538 1126 2909 1180 multivocum.
2943 1128 3058 1182 Alia
3090 1144 3218 1182 vero
3255 1147 3371 1199 quae
3406 1133 3867 1203 nomine-quidem

2290 1224 2611 1282 congruunt,
2652 1217 3058 1271 difﬁttitiouibtts
3112 1219 3421 1289 discrepant
3465 1238 3476 1274 :
3512 1231 3568 1276 ut
3593 1234 3675 1278 est
3706 1225 3870 1279 homo

2292 1307 2476 1360 vivens
2498 1318 2550 1360 et
2579 1308 2737 1359 homo
2773 1309 2944 1377 pictus
2971 1325 2986 1374 ;
3022 1322 3144 1364 nam
3175 1321 3457 1381 utrumque
3490 1315 3573 1367 vel
3619 1315 3869 1370 animalia

2295 1397 2382 1450 vel
2416 1397 2660 1451 homines
2696 1409 3088 1463 nuncupantur.
3121 1401 3178 1455 Si
3218 1417 3346 1477 vero
3382 1404 3503 1471 quis
3532 1405 3659 1458 velit
3695 1406 3871 1474 pictu-

2293 1505 2405 1542 ram
2434 1489 2812 1557 hominemque
2839 1490 3091 1556 difﬁnire,
3124 1493 3361 1548 diversas
3402 1496 3644 1563 utrisque
3672 1497 3872 1550 difﬁni-

2294 1582 2465 1651 tiones
2517 1582 2753 1649 aptabit,
2786 1596 2840 1637 et
2890 1585 3004 1639 hac
3045 1594 3303 1639 vocantur
3357 1587 3649 1655 mquivocn.
3697 1589 3881 1653 Quare-

2289 1675 2541 1740 quoniam
2586 1676 2711 1743 quid
2763 1676 2869 1728 sint
2918 1679 3194 1745 mquivoca
3224 1678 3423 1732 dictum
3476 1689 3578 1747 est,
3639 1680 3875 1748 singulas

2289 1764 2646 1817 Aristotelian
2700 1766 3034 1820 diillnitionis
3098 1770 3393 1823 sententias
3464 1783 3869 1838 persequamur.

599 1867 891 1920 somnium
920 1879 1092 1918 terum
1125 1858 1572 1934 signiﬁcationem
1611 1862 1662 1915 in
1694 1862 1882 1917 decem
1922 1860 2180 1928 prmd‘ica-
2211 1846 2261 1903 Β
2283 1854 2595 1925 Ᾱεῖψιὶνοεη,
2627 1857 2812 1924 inquit,
2844 1859 3093 1913 dicuntur
3143 1876 3223 1913 res
3279 1859 3502 1923 scilicet,
3536 1877 3655 1928 quae
3689 1876 3783 1930 per
3809 1876 3869 1917 se

601 1967 781 2010 menta
824 1969 981 2013 voces
1035 1954 1243 2019 dividit,
1295 1954 1469 2025 deque
1507 1952 1591 2006 his
1624 1961 1837 2005 tractat.
1868 1952 2039 2019 Atque
2063 1950 2185 2003 ideo

603 2064 823 2104 necesse
853 2049 951 2103 l‘uit
992 2047 1393 2119 quodammodo
1433 2044 1861 2114 disputationem
1911 2041 1979 2095 de
2025 2040 2185 2093 rebus

601 2156 815 2210 quoque
846 2139 1082 2204 misceri,
1114 2139 1185 2192 ita
1216 2138 1295 2208 (ut
1324 2137 1525 2192 dictum
1556 2136 1665 2203 est)
1686 2144 1741 2187 ut
1772 2149 1879 2186 non
1903 2133 2061 2196 aliter
2083 2129 2187 2184 nisi

603 2247 667 2286 ett
702 2231 871 2286 rebus
889 2230 1245 2299 proprietates
1268 2228 1321 2281 in
1351 2226 1693 2283 sermonibus
1721 2233 2064 2294 apparerent,
2096 2232 2180 2276 at-

602 2338 706 2392 que
732 2323 801 2376 ita
824 2339 931 2377 non
962 2322 1029 2378 de
1063 2322 1225 2377 rebus
1248 2320 1486 2390 proprie,
1520 2319 1614 2374 sed
1642 2318 1709 2372 de
1728 2317 2181 2387 prmdicamentis,

603 2414 655 2467 id
678 2423 783 2481 est,
798 2414 864 2468 de
886 2415 1019 2483 ipsis
1052 2429 1231 2468 rerum
1250 2412 1619 2481 signiﬁcativis
1640 2409 1859 2465 vocibus
1888 2410 1940 2462 in
1958 2423 2023 2464 eo
2042 2408 2180 2477 quod

601 2504 965 2575 signiﬁcantes
993 2512 1135 2567 sunt,
1162 2504 1357 2557 seriem
1386 2502 1762 2571 disputationis
1798 2501 2025 2555 orditur.
2077 2503 2183 2553 Cur

599 2604 797 2657 autem,
822 2592 867 2645 si
902 2592 971 2646 de
1016 2590 1449 2659 praedicamentis
1471 2590 1705 2657 disputat
1731 2630 1746 2655 ,
1771 2590 1843 2643 de
1867 2589 2178 2659 WuhOCiS‘,

598 2684 684 2738 vel
710 2682 977 2747 univocis,
1019 2682 1099 2735 vel
1134 2678 1548 2734 denominativis
1581 2680 1781 2745 iit-intus
1813 2680 1884 2733 illi
1922 2689 2181 2735 tractatus

597 2778 712 2832 est?
742 2760 953 2829 idcirco
977 2772 1231 2828 nimirum
1250 2770 1399 2841 quod
1416 2770 1662 2839 qmcdam
1698 2783 1915 2839 semper
1939 2786 1971 2822 a
1998 2769 2182 2837 dispu-

596 2870 830 2925 tantibus
864 2866 1280 2937 pramittuntur,
1304 2862 1497 2933 quibus
1525 2862 1714 2931 positis
1756 2862 1965 2918 facilior
1995 2862 2062 2916 de
2094 2878 2181 2916 sed

599 2963 884 3034 quentibus
938 2961 1103 3032 possit
1160 2974 1287 3035 esse
1320 2957 1565 3014 doctrina
1600 2974 1614 3011 :
1644 2967 1701 3012 ut
1752 2959 1808 3014 in
1862 2959 2175 3028 geometria,

603 3057 753 3125 prius
779 3054 995 3110 termini
1024 3057 1426 3121 praeponuntur,
1461 3057 1584 3119 post
1616 3049 2013 3104 theorematnm
2044 3048 2178 3101 ordo

600 3148 917 3203 conteritur.
954 3144 1026 3198 Ita
1059 3158 1270 3212 quoque
1295 3142 1391 3196 hic
1412 3141 1669 3211 quidquid
1693 3141 1760 3195 ad
1793 3141 2178 3211 prtedieamen-

2291 1952 2433 2027 ipsas
2476 1954 2758 2019 tequivocm
2794 1967 2897 2004 non
2940 1963 3087 2017 sunt,
3123 1953 3220 2005 nisi
3252 1968 3357 2005 uno
3404 1955 3619 2008 nomine
3667 1955 3861 2024 przedi-

2288 2052 2479 2097 centur
2512 2061 2523 2097 :
2551 2056 2716 2111 quare
2743 2042 2991 2111 quoniam
3026 2053 3082 2097 ut
3124 2044 3393 2113 mquiVoca
3422 2034 3549 2112 Sint,
3586 2061 3650 2099 ex
3709 2060 3862 2100 com-

2290 2135 2434 2188 muni
2468 2134 2725 2187 vocabulo
2748 2134 2981 2197 trahunt,
3006 2145 3152 2189 recte
3173 2136 3266 2197 ait,
3291 2136 3563 2204 tequivoca
3590 2136 3864 2190 dicuntur.

2290 2226 2402 2280 Non
2434 2228 2575 2278 enim
2626 2236 2749 2279 sunt
2780 2228 3076 2294 :equivoca,
3123 2226 3217 2280 sed
3260 2226 3532 2281 dicuntur.
3575 2226 3661 2280 Fit
3683 2220 3869 2283 autem

2287 2332 2392 2372 non
2419 2316 2593 2371 solum
2621 2318 2672 2369 in
2704 2316 3031 2381 nominibus,
3074 2319 3167 2372 sed
3197 2320 3358 2371 etiam
3392 2318 3445 2370 in
3486 2319 3664 2371 verbis
3688 2319 3863 2387 arqui-

2288 2410 2496 2461 vocatio
2532 2426 2543 2460 :
2568 2416 2626 2461 ut
2646 2422 2768 2462 cum
2798 2409 2916 2461 tlico
2941 2408 3271 2475 complector
3289 2418 3372 2471 te,
3403 2418 3457 2461 et
3483 2408 3813 2477 complet-tor
3834 2423 3865 2464 a

2288 2510 2355 2556 te.
2402 2500 2458 2553 lu
2484 2500 2680 2570 quibus
2718 2499 3201 2569 signiﬁcationibus
3228 2515 3347 2552 cum
3381 2515 3544 2555 unum
3572 2512 3765 2553 tenten
3795 2501 3867 2556 sit

2285 2593 2635 2662 complector,
2688 2592 2794 2645 alia
2829 2605 3003 2647 tamen
3051 2591 3277 2646 faciendi
3319 2594 3459 2646 ratio
3482 2600 3587 2659 est,
3635 2593 3738 2648 alia
3773 2606 3866 2663 pa-

2291 2683 2459 2738 tiendi
2508 2700 2522 2735 :
2581 2693 2739 2752 atque
2781 2683 2900 2737 ideo
2942 2683 3030 2737 hic
3081 2699 3295 2753 unoque
3345 2683 3695 2753 mquivocatio
3740 2693 3861 2740 est:

2287 2792 2449 2830 unum
2480 2777 2622 2831 enini
2654 2792 2847 2831 nomen
2872 2777 3011 2846 quod
3036 2786 3118 2831 est
3142 2780 3489 2848 complector,
3524 2780 3752 2835 diversis
3787 2780 3864 2835 fa-

2283 2867 2457 2921 ciendi
2489 2877 2541 2921 et
2575 2867 2806 2933 patiendi
2829 2867 3239 2923 diliinitionibus
3270 2873 3608 2926 terminatur.
3640 2872 3703 2925 In
3722 2887 3863 2941 prat-

2285 2958 2643 3027 positionibus
2669 2944 2899 3027 quoque,
2929 2968 2983 3012 et
3026 2959 3079 3012 in
3111 2961 3575 3027 coniunctionibus
3603 2963 3860 3034 frequen-

2283 3050 2740 3119 teraequivocatio
2762 3053 3048 3121 reperitur,
3078 3062 3237 3121 atque
3260 3055 3382 3109 ideo
3410 3056 3550 3124 quod
3582 3058 3686 3111 ait:
3720 3060 3864 3126 Quo-

2285 3158 2401 3196 rum
2429 3157 2621 3198 nomen
2651 3142 2821 3197 solum
2842 3157 3126 3199 commune
3149 3154 3248 3209 est,
3270 3161 3464 3202 nomen
3488 3149 3863 3217 accipiendum

600 3248 771 3292 torum
792 3233 1205 3304 disputationem
1226 3231 1391 3301 possit
1415 3247 1537 3286 esse
1563 3232 1713 3297 utile,
1745 3231 1893 3301 prius
1918 3247 2078 3300 quam
2106 3227 2183 3285 ad
2202 3217 2263 3282 (ζ
2280 3245 2363 3288 est
2391 3235 2565 3315 omnis
2594 3249 2772 3289 rerum
2797 3249 2895 3304 per
2921 3251 3102 3306 vocem
3126 3235 3463 3306 signiﬁcatio,
3498 3239 3549 3293 id
3578 3248 3683 3305 est,
3703 3254 3867 3295 omne

600 3330 712 3398 ipsa
732 3326 1142 3396 prmdicamenta
1157 3324 1382 3390 veniret,
1410 3323 1658 3392 exposuit
1683 3340 1695 3376 :
1728 3339 1901 3393 quare
1922 3323 2184 3393 quoniam

600 3434 715 3488 quae
772 3416 1105 3488 praedicenda
1122 3423 1274 3469 erant
1292 3415 1575 3484 explicavi,
1608 3430 1749 3470 nunc
1782 3415 1850 3469 ad
1877 3414 2042 3485 ipsius
2071 3415 2183 3470 "diss

598 3511 885 3583 putationis
931 3510 1124 3564 seriem
1166 3516 1481 3578 textumque
1497 3508 1797 3564 veniamus.
1832 3507 1971 3575 Quid
2000 3516 2180 3562 autem

598 3606 867 3676 mquiveca
897 3602 977 3658 vel
1007 3603 1229 3657 univoea
1258 3602 1345 3656 vel
1370 3600 1765 3656 deminativa
1814 3598 2061 3654 utilitatis
2086 3599 2181 3654 lia-

599 3698 779 3765 beant,
806 3694 1103 3753 secundum
1130 3694 1273 3763 ipsas
1289 3693 1619 3764 singulorum
1643 3694 1879 3749 rationes
1900 3691 2183 3749 difﬁnitioc

601 3804 803 3860 nesque
832 3788 1167 3845 tractabitur.

622 3940 625 3943 ,
1111 3880 1203 3935 DE
1238 3879 1658 3946 EQUIVOCIS.

669 3971 960 4043 quuieoca
987 3971 1228 4026 dicuntur
1265 3988 1481 4042 quorum
1507 3971 1677 4027 solum
1705 3984 1886 4025 nomen
1914 3986 2191 4025 commate

608 4072 704 4131 est,
727 4064 1005 4119 secundum
1037 4081 1220 4127 nomen
1245 4065 1678 4120 verosubmmtiaz
1704 4064 1837 4118 ratio
1870 4064 2088 4130 diuersa,
2123 4074 2179 4119 ut

594 4155 809 4223 attinnt,
833 4157 985 4209 homo
1023 4166 1072 4209 et
1106 4157 1245 4225 quod
1279 4157 1523 4227 pingitur.
1570 4155 1774 4211 Horum
1823 4156 1957 4209 enim
2009 4157 2199 4210 solum

595 4266 776 4305 nomen
802 4262 1064 4302 commune
1089 4257 1181 4313 eu,
1214 4247 1495 4300 «catulum
1522 4262 1705 4299 nomen
1735 4261 1857 4300 vero
1875 4246 2175 4300 substantia

594 4342 731 4397 ratio.
749 4340 969 4405 diverse.
991 4316 1048 4393 Si
1071 4336 1184 4407 quia
1207 4335 1341 4389 enim
1369 4336 1590 4406 assignat
1620 4337 1745 4405 quid
1790 4337 1856 4389 sit
1898 4344 2177 4405 utrumque

594 4450 788 4499 eorum,
818 4446 919 4502 quo
939 4432 1043 4486 sint
1058 4426 1328 4494 animuin,
1355 4428 1617 4497 propriam
1637 4426 1913 4496 “signabit
1946 4427 2174 4496 utrisque

594 4534 868 4580 rationem.

2287 3327 2607 3381 vocahuium
2662 3343 2767 3381 non
2797 3330 3070 3397 prept'ium
3102 3330 3298 3393 solum,
3330 3339 3423 3383 aut
3457 3332 3861 3399 appellativum,

2284 3417 2426 3486 quod
2456 3416 2522 3471 ad
2551 3417 2682 3471 iilttd
2714 3425 2920 3472 tantum
2963 3434 3159 3474 nomen
3190 3422 3420 3489 pertinet
3450 3408 3597 3489 quod
3650 3422 3863 3479 casibus

2284 3509 2477 3565 inﬂecti
2505 3518 2699 3576 potest,
2726 3508 2821 3564 sed
2855 3509 2918 3562 ad
2945 3524 3158 3565 omnem
3186 3526 3365 3566 rerum
3390 3513 3859 3583 signiﬁcationem,

2281 3616 2383 3668 qua
2426 3601 2589 3655 rebus
2639 3602 2882 3669 imposita
2933 3603 3188 3658 vocabula
3247 3604 3617 3673 praedicamus.
3675 3606 3863 3662 Solum

2281 3702 2459 3747 autem
2515 3690 2723 3746 duobus
2762 3694 2943 3748 modis
2989 3694 3189 3750 dicitur
3229 3714 3243 3751 :
3287 3697 3452 3753 semel
3505 3713 3629 3753 cum
3660 3701 3867 3771 aliquid

2282 3800 2446 3839 unum
2471 3800 2589 3841 esse
2621 3786 2870 3853 dicimus,
2896 3799 2952 3843 ut
2977 3789 3021 3841 si
3043 3788 3289 3844 dicamus
3312 3790 3463 3845 solus
3491 3799 3574 3847 est
3602 3795 3859 3862 mundus,

2283 3875 2333 3930 id
2365 3884 2447 3931 est
2486 3892 2651 3943 unus;
2678 3877 2785 3932 alio
2817 3893 2948 3933 vero
2992 3881 3151 3934 modo
3187 3894 3308 3935 cum
3333 3882 3558 3938 dicimus
3580 3884 3645 3937 ad
3676 3899 3863 3953 quam-

2280 3970 2407 4025 dam
2431 3971 2501 4026 ab
2524 3971 2699 4026 altero
2723 3972 3071 4039 divisionem,
3107 3984 3164 4029 ut
3194 3976 3237 4029 si
3261 3977 3384 4045 quis
3406 3975 3551 4033 dicat
3579 3980 3749 4034 solam
3776 3995 3864 4038 me

2282 4061 2481 4119 habere
2510 4064 2765 4129 tunicam,
2798 4064 2847 4117 id
2870 4076 2973 4129 est,
2996 4080 3101 4117 non
3128 4062 3287 4121 etiam
3321 4079 3516 4138 togam,
3546 4069 3610 4124 ad
3635 4070 3868 4127 divisioc

2281 4170 2403 4212 nem
2420 4155 2676 4210 videlicet
2700 4164 2853 4223 togae.
2903 4157 2997 4211 Hic
3036 4173 3164 4227 ergo
3204 4161 3522 4218 Aristoteles
3552 4164 3728 4232 posuit
3777 4165 3861 4221 di-

2279 4260 2429 4308 cens,
2456 4245 2637 4299 Solum
2668 4262 2861 4301 nomen
2891 4262 3180 4305 commune
3209 4238 3314 4316 est,
3339 4254 3490 4323 quasi
3520 4254 3624 4309 ltoc
3653 4255 3859 4312 voluis—

2279 4343 2361 4389 set
2416 4334 2638 4403 intelligi
2696 4352 2798 4389 non
2843 4340 3007 4393 etiam
3060 4340 3348 4413 dil’linitio,
3399 4347 3669 4415 tequivoc'a
3709 4349 3859 4405 enim

2275 4424 2565 4493 junguntur
2594 4428 2941 4491 nomine,sed
2968 4431 3288 4489 diftinitione
3318 4436 3660 4493 dissentiunt.
3698 4440 3878 4501 Cum.

2279 4530 2439 4572 mune
2466 4531 2681 4586 quoque
2706 4520 2887 4574 multis
2911 4522 3106 4578 dicitur
3126 4526 3548 4587 modis..Dicitur
3568 4546 3864 4591 commune

624 4680 631 4685 _
663 4614 849 4673 Omnis
870 4630 955 4671 res
983 4620 1074 4667 aut
1100 4610 1316 4667 nomine
1337 4620 1427 4665 aut
1458 4609 1778 4671 diffinitiow
1804 4618 2133 4666 monstratur
2151 4626 2171 4667 ς
2199 4585 2424 4677 nquod
2450 4585 2505 4661 in
2527 4585 2703 4678 partes
2728 4609 3001 4675 dividitur,
3035 4624 3088 4669 et
3118 4632 3228 4672 non
3249 4617 3359 4687 jam
3394 4585 3864 4681 wtumwmmune

594 4725 827 4780 namque
855 4707 1142 4778 subiectam
1170 4719 1284 4760 rem
1301 4713 1390 4758 aut
1414 4704 1628 4773 proprio
1660 4704 1875 4759 nomine
1890 4720 2164 4770 vocamus,

594 4811 686 4861 aut
711 4801 1034 4855 diiﬁnitione
1060 4799 1181 4869 quid
1210 4799 1281 4853 sit
1307 4799 1657 4854 ostendimus.
1692 4799 1759 4855 Ut
1796 4801 1942 4855 verbi
1972 4800 2179 4871 gratia,.

592 4894 873 4963 quamdam
901 4894 1253 4948 substantiam
1286 4880 1535 4949 vocamus
1567 4893 1799 4949 hominis
1836 4895 2084 4961 nomine,
2115 4905 2172 4950 et

591 4980 1227 5055 ejusdemdeliniti‘onem
1256 4983 1447 5041 damus
1475 4983 1716 5039 dicentes
1751 5000 1870 5041 esse
1899 4986 2170 5041 hominem

592 5077 789 5137 animal
815 5077 1093 5141 rationale,
1136 5077 1363 5133 mortale
1389 5094 1405 5141 ;
1437 5094 1565 5147 ergo
1593 5078 1839 5148 quoniam
1871 5094 1958 5133 res
1994 5079 2173 5135 omnis

594 5167 1014 5227 autdiftiuitione
1036 5176 1126 5223 aut
1150 5170 1363 5224 nomine
1390 5166 1713 5237 declaratur,
1744 5186 1811 5225 ex
1834 5170 1915 5224 his
1941 5172 2173 5237 duobus,

595 5263 813 5321 nomine
837 5262 1038 5318 scilicet
1066 5270 1121 5317 et
1157 5260 1499 5329 diuini-tione,
1525 5262 1890 5332 diversitates
1944 5273 2175 5332 quatuor

594 5362 964 5424 procreantur.
997 5356 1456 5423 υυωωωωᾳαβ
1497 5370 1533 5408 τε
1556 5369 1583 5409 s
1623 5364 1716 5411 aut
1738 5355 1934 5410 eodem
1961 5356 2182 5413 nomine

591 5451 650 5499 et
670 5443 854 5507 eadem
881 5430 1197 5499 deﬁnitione
1215 5445 1531 5517 junguntur,
1561 5455 1618 5501 ut
1660 5446 1827 5501 homo.
1872 5456 1929 5500 et
1954 5447 2183 5518 animal,

601 5546 824 5607 utraque
855 5540 999 5593 enim
1027 5535 1279 5593 animalia
1311 5536 1412 5592 dici
1444 5551 1684 5606 possunt,
1712 5549 1765 5592 et
1803 5549 2029 5610 utraque
2070 5556 2179 5596 una

590 5626 907 5683 dittinitione
926 5626 1244 5697 junguntur.
1291 5624 1385 5681 Est
1405 5641 1633 5697 namque
1660 5629 1857 5683 animal
1877 5630 2178 5686 substantia

590 5716 820 5771 animata
865 5716 1171 5780 sensibilis,
1206 5726 1262 5775 et
1288 5719 1449 5776 homo
1497 5734 1681 5774 rursus
1714 5720 2011 5777 substantia
2056 5722 2175 5779 ani.

591 5814 728 5866 mata
752 5805 1041 5870 sensibilis,
1071 5815 1126 5862 et
1163 5807 1277 5862 haec
1304 5818 1567 5865 vocantur
1608 5811 1849 5866 univoca.
1896 5812 2023 5867 Alia
2045 5828 2173 5869 vero

2283 4706 2387 4765 est,
2417 4700 2511 4755 sed
2532 4714 2708 4770 partes
2730 4704 2847 4775 eius
2880 4708 3111 4775 propria:
3151 4708 3505 4779 singulorum,
3547 4718 3605 4767 ut
3642 4713 3857 4772 domus.

2286 4792 2483 4847 Dicitur
2513 4808 2795 4848 commune
2824 4796 2965 4863 quod
2995 4795 3045 4851 in
3079 4809 3255 4866 partes
3286 4814 3393 4854 non
3439 4801 3695 4865 dividitur
3714 4845 3730 4870 ,
3761 4805 3865 4865 sed

2284 4886 2517 4940 vicissim
2534 4888 2585 4959 in
2605 4903 2732 4942 usus
2765 4888 3069 4944 habentium
3094 4893 3377 4961 transit,ut
3396 4909 3587 4951 servus
3612 4911 3862 4952 commu-t

2284 4980 2365 5033 nis
2398 4981 2485 5033 vel
2513 4995 2703 5049 equus.
2736 4980 2940 5039 Dicitur
2976 4986 3147 5040 etiam
3179 5003 3464 5045 commune
3493 4980 3862 5059 quod—utendo

2280 5072 2546 5147 cujusque
2562 5073 2617 5127 lit
2648 5077 2943 5144 proprium,
2978 5087 3097 5146 post
3123 5094 3275 5135 usum
3316 5095 3445 5136 vero
3474 5082 3528 5135 in
3569 5096 3871 5143 commune.

2280 5160 2590 5227 remittitur,
2626 5173 2681 5217 ut
2710 5172 2792 5218 est
2821 5165 3112 5231 theatrum,
3137 5183 3267 5222 nam
3280 5183 3405 5223 cum
3423 5184 3490 5223 eo
3514 5177 3656 5237 utor,
3678 5188 3869 5233 meum

2281 5266 2380 5319 est,
2416 5270 2537 5313 sunt
2571 5256 2695 5312 inde
2716 5257 2956 5325 discedo,
3003 5259 3055 5313 in
3082 5273 3366 5315 commune
3401 5262 3607 5316 remisi.
3657 5263 3864 5327 Dicitur

2282 5362 2831 5431 qttoqtte‘commune,
2860 5350 3001 5419 quod
3033 5351 3209 5419 ipsum
3257 5350 3477 5422 quidem
3518 5354 3687 5410 nullis
3725 5356 3861 5421 divi-

2281 5456 2396 5495 sum
2426 5442 2689 5510 partibus,
2720 5450 2887 5497 totum
2923 5457 3029 5497 uno
3068 5451 3307 5513 tempore
3338 5444 3390 5499 itt
3421 5445 3663 5518 singulos
3692 5450 3859 5515 venit,

2280 5520 2335 5587 ut
2363 5548 2464 5587 vox
2507 5534 2588 5588 vel
2619 5522 2881 5591 sermoad
2910 5532 3195 5593 multorum
3234 5550 3391 5592 aures
3426 5552 3533 5593 uno
3562 5539 3859 5608 eodemque

2280 5638 2523 5694 tempore
2576 5636 2715 5683 totus
2764 5640 2919 5699 atque
2982 5628 3186 5698 integer
3236 5633 3501 5700 pervenit.
3551 5633 3865 5693 Secundum

2279 5721 2416 5781 hanc
2444 5722 2602 5790 igitur
2627 5724 2862 5780 ultimam
2911 5724 3215 5781 communis
3246 5727 3693 5796 signiﬁcationem
3724 5729 3867 5783 Ari-r.

2278 5813 2494 5868 stoteles
2526 5825 2671 5881 putat
2706 5817 2992 5883 :equivocis
3018 5816 3178 5873 rebus
3206 5831 3499 5875 commune
3537 5800 3661 5885 esse
3700 5834 3865 5879 voc»
