  <div class='ocr_page' id='page_1' title='image "/cluster/home/n/w/nwhite01/storage/ocr_20150623/64/hvd.32044073505265/088.png"; bbox 0 0 4244 6254; ppageno 0'>
   <div class='ocr_carea' id='block_1_1' title="bbox 369 265 463 325">
    <p class='ocr_par' dir='ltr' id='par_1_1' title="bbox 369 265 463 325">
     <span class='ocr_line' id='line_1_1' title="bbox 369 265 463 325; baseline 0.043 -4"><span class='ocrx_word' id='word_1_1' title='bbox 369 265 463 325; x_wconf 79' lang='lat'><strong>[65</strong></span> 
     </span>
    </p>
   </div>
   <div class='ocr_carea' id='block_1_2' title="bbox 1354 263 2612 326">
    <p class='ocr_par' dir='ltr' id='par_1_2' title="bbox 1354 263 2612 326">
     <span class='ocr_line' id='line_1_2' title="bbox 1354 263 2612 326; baseline 0.002 -3"><span class='ocrx_word' id='word_1_2' title='bbox 1354 268 1421 324; x_wconf 83' lang='lat' dir='ltr'><strong>IN</strong></span> <span class='ocrx_word' id='word_1_3' title='bbox 1457 264 1886 324; x_wconf 73' lang='lat' dir='ltr'><strong>CATEGORIAS</strong></span> <span class='ocrx_word' id='word_1_4' title='bbox 1923 263 2364 322; x_wconf 72' lang='lat' dir='ltr'><strong>ARlSTOTELlS</strong></span> <span class='ocrx_word' id='word_1_5' title='bbox 2402 265 2532 324; x_wconf 84' lang='lat' dir='ltr'><strong>LIB.</strong></span> <span class='ocrx_word' id='word_1_6' title='bbox 2570 266 2612 326; x_wconf 86' lang='grc' dir='ltr'><strong>Ι.</strong></span> 
     </span>
    </p>
   </div>
   <div class='ocr_carea' id='block_1_3' title="bbox 3526 279 3622 335">
    <p class='ocr_par' dir='ltr' id='par_1_3' title="bbox 3526 279 3622 335">
     <span class='ocr_line' id='line_1_3' title="bbox 3526 279 3622 335; baseline 0.01 -1"><span class='ocrx_word' id='word_1_7' title='bbox 3526 279 3622 335; x_wconf 72' lang='grc' dir='ltr'><strong>Ιὸδ</strong></span> 
     </span>
    </p>
   </div>
   <div class='ocr_carea' id='block_1_4' title="bbox 368 379 3624 461">
    <p class='ocr_par' dir='ltr' id='par_1_4' title="bbox 368 379 3624 461">
     <span class='ocr_line' id='line_1_4' title="bbox 368 379 3624 461; baseline 0.006 -25"><span class='ocrx_word' id='word_1_8' title='bbox 368 381 573 436; x_wconf 90' lang='lat' dir='ltr'><strong>bulum.</strong></span> <span class='ocrx_word' id='word_1_9' title='bbox 618 379 859 451; x_wconf 76' lang='lat' dir='ltr'><strong>Namque</strong></span> <span class='ocrx_word' id='word_1_10' title='bbox 892 381 946 436; x_wconf 93' lang='lat' dir='ltr'><strong>in</strong></span> <span class='ocrx_word' id='word_1_11' title='bbox 969 379 1187 437; x_wconf 84' lang='lat' dir='ltr'><strong>homine</strong></span> <span class='ocrx_word' id='word_1_12' title='bbox 1211 381 1352 450; x_wconf 85' lang='lat' dir='ltr'><strong>picto</strong></span> <span class='ocrx_word' id='word_1_13' title='bbox 1397 391 1449 436; x_wconf 92' lang='lat' dir='ltr'><strong>et</strong></span> <span class='ocrx_word' id='word_1_14' title='bbox 1479 382 1530 434; x_wconf 91' lang='lat' dir='ltr'><strong>in</strong></span> <span class='ocrx_word' id='word_1_15' title='bbox 1574 382 1786 436; x_wconf 84' lang='lat' dir='ltr'><strong>homine</strong></span> <span class='ocrx_word' id='word_1_16' title='bbox 1821 381 1940 434; x_wconf 88' lang='lat' dir='ltr'><strong>vivo</strong></span> <span class='ocrx_word' id='word_1_17' title='bbox 1971 384 2020 441; x_wconf 79' lang='grc' dir='ltr'>Α</span> <span class='ocrx_word' id='word_1_18' title='bbox 2047 395 2135 434; x_wconf 86' lang='lat' dir='ltr'><strong>sos</strong></span> <span class='ocrx_word' id='word_1_19' title='bbox 2175 393 2354 435; x_wconf 81' lang='lat' dir='ltr'><strong>secum</strong></span> <span class='ocrx_word' id='word_1_20' title='bbox 2397 381 2544 438; x_wconf 88' lang='lat' dir='ltr'><strong>duclt</strong></span> <span class='ocrx_word' id='word_1_21' title='bbox 2571 398 2803 439; x_wconf 87' lang='lat' dir='ltr'><strong>errores.</strong></span> <span class='ocrx_word' id='word_1_22' title='bbox 2848 386 3009 442; x_wconf 76' lang='lat' dir='ltr'><strong>Ratio</strong></span> <span class='ocrx_word' id='word_1_23' title='bbox 3048 405 3262 461; x_wconf 90' lang='lat' dir='ltr'><strong>quoque</strong></span> <span class='ocrx_word' id='word_1_24' title='bbox 3307 396 3624 458; x_wconf 75' lang='lat' dir='ltr'><strong>multimoda</strong></span> 
     </span>
    </p>
   </div>
   <div class='ocr_carea' id='block_1_5' title="bbox 368 473 1943 541">
    <p class='ocr_par' dir='ltr' id='par_1_5' title="bbox 368 473 1943 541">
     <span class='ocr_line' id='line_1_5' title="bbox 368 473 1943 541; baseline 0.002 -16"><span class='ocrx_word' id='word_1_25' title='bbox 368 483 539 527; x_wconf 87' lang='lat' dir='ltr'><strong>totum</strong></span> <span class='ocrx_word' id='word_1_26' title='bbox 570 475 624 528; x_wconf 91' lang='lat' dir='ltr'><strong>in</strong></span> <span class='ocrx_word' id='word_1_27' title='bbox 649 475 887 541; x_wconf 87' lang='lat' dir='ltr'><strong>utrisque</strong></span> <span class='ocrx_word' id='word_1_28' title='bbox 911 473 1227 528; x_wconf 84' lang='lat' dir='ltr'><strong>vocabulum</strong></span> <span class='ocrx_word' id='word_1_29' title='bbox 1240 474 1437 529; x_wconf 87' lang='lat' dir='ltr'><strong>dicitur</strong></span> <span class='ocrx_word' id='word_1_30' title='bbox 1459 475 1718 540; x_wconf 78' lang='lat' dir='ltr'><strong>animalis,</strong></span> <span class='ocrx_word' id='word_1_31' title='bbox 1753 489 1943 528; x_wconf 90' lang='lat' dir='ltr'><strong>secun-</strong></span> 
     </span>
    </p>
   </div>
   <div class='ocr_carea' id='block_1_6' title="bbox 360 565 1944 633">
    <p class='ocr_par' dir='ltr' id='par_1_6' title="bbox 360 565 1944 633">
     <span class='ocr_line' id='line_1_6' title="bbox 360 565 1944 633; baseline 0.003 -15"><span class='ocrx_word' id='word_1_32' title='bbox 360 565 489 619; x_wconf 90' lang='lat' dir='ltr'><strong>dum</strong></span> <span class='ocrx_word' id='word_1_33' title='bbox 520 581 711 621; x_wconf 83' lang='lat' dir='ltr'><strong>nomen</strong></span> <span class='ocrx_word' id='word_1_34' title='bbox 765 581 889 620; x_wconf 80' lang='lat' dir='ltr'><strong>vero</strong></span> <span class='ocrx_word' id='word_1_35' title='bbox 919 567 1232 621; x_wconf 72' lang='lat' dir='ltr'><strong>substantiae</strong></span> <span class='ocrx_word' id='word_1_36' title='bbox 1273 568 1408 621; x_wconf 85' lang='lat' dir='ltr'><strong>ratio</strong></span> <span class='ocrx_word' id='word_1_37' title='bbox 1438 567 1667 633; x_wconf 88' lang='lat' dir='ltr'><strong>diversa,</strong></span> <span class='ocrx_word' id='word_1_38' title='bbox 1705 568 1803 622; x_wconf 85' lang='lat' dir='ltr'><strong>hoc</strong></span> <span class='ocrx_word' id='word_1_39' title='bbox 1848 569 1944 623; x_wconf 90' lang='lat' dir='ltr'><strong>hac</strong></span> 
     </span>
    </p>
   </div>
   <div class='ocr_carea' id='block_1_7' title="bbox 360 657 1943 726">
    <p class='ocr_par' dir='ltr' id='par_1_7' title="bbox 360 657 1943 726">
     <span class='ocr_line' id='line_1_7' title="bbox 360 657 1943 726; baseline 0.001 -15"><span class='ocrx_word' id='word_1_40' title='bbox 360 657 747 726; x_wconf 71' lang='lat' dir='ltr'><strong>signiﬁcatione</strong></span> <span class='ocrx_word' id='word_1_41' title='bbox 795 659 1098 725; x_wconf 64' lang='lat' dir='ltr'><strong>praemittit,</strong></span> <span class='ocrx_word' id='word_1_42' title='bbox 1135 669 1190 711; x_wconf 88' lang='lat' dir='ltr'><strong>ut</strong></span> <span class='ocrx_word' id='word_1_43' title='bbox 1220 659 1448 713; x_wconf 81' lang='lat' dir='ltr'><strong>si&#39;aliter</strong></span> <span class='ocrx_word' id='word_1_44' title='bbox 1485 659 1773 713; x_wconf 77' lang='lat' dir='ltr'><strong>reddantur</strong></span> <span class='ocrx_word' id='word_1_45' title='bbox 1803 659 1943 713; x_wconf 78' lang='lat' dir='ltr'><strong>difﬂ-</strong></span> 
     </span>
    </p>
   </div>
   <div class='ocr_carea' id='block_1_8' title="bbox 360 748 1941 817">
    <p class='ocr_par' dir='ltr' id='par_1_8' title="bbox 360 748 1941 817">
     <span class='ocr_line' id='line_1_8' title="bbox 360 748 1941 817; baseline 0.003 -17"><span class='ocrx_word' id='word_1_46' title='bbox 360 748 768 817; x_wconf 88' lang='lat' dir='ltr'><strong>nitionesquam</strong></span> <span class='ocrx_word' id='word_1_47' title='bbox 791 749 1088 802; x_wconf 85' lang='lat' dir='ltr'><strong>secundum</strong></span> <span class='ocrx_word' id='word_1_48' title='bbox 1113 763 1330 814; x_wconf 89' lang='lat' dir='ltr'><strong>nomen,</strong></span> <span class='ocrx_word' id='word_1_49' title='bbox 1365 751 1542 804; x_wconf 65' lang='lat' dir='ltr'><strong>statim</strong></span> <span class='ocrx_word' id='word_1_50' title='bbox 1590 761 1696 805; x_wconf 84' lang='lat' dir='ltr'><strong>tota</strong></span> <span class='ocrx_word' id='word_1_51' title='bbox 1738 751 1941 804; x_wconf 75' lang='lat' dir='ltr'><strong>difﬁni-</strong></span> 
     </span>
    </p>
   </div>
   <div class='ocr_carea' id='block_1_9' title="bbox 362 836 1941 910">
    <p class='ocr_par' dir='ltr' id='par_1_9' title="bbox 362 836 1941 910">
     <span class='ocr_line' id='line_1_9' title="bbox 362 836 1941 910; baseline 0.003 -18"><span class='ocrx_word' id='word_1_52' title='bbox 362 839 434 892; x_wconf 90' lang='lat' dir='ltr'><strong>tio</strong></span> <span class='ocrx_word' id='word_1_53' title='bbox 460 836 604 892; x_wconf 87' lang='lat' dir='ltr'><strong>labet</strong></span> <span class='ocrx_word' id='word_1_54' title='bbox 632 851 694 890; x_wconf 91' lang='lat' dir='ltr'><strong>ac</strong></span> <span class='ocrx_word' id='word_1_55' title='bbox 721 837 942 891; x_wconf 90' lang='lat' dir='ltr'><strong>titubet.</strong></span> <span class='ocrx_word' id='word_1_56' title='bbox 984 838 1060 892; x_wconf 89' lang='lat' dir='ltr'><strong>Ac</strong></span> <span class='ocrx_word' id='word_1_57' title='bbox 1094 840 1322 906; x_wconf 84' lang='lat' dir='ltr'><strong>primum</strong></span> <span class='ocrx_word' id='word_1_58' title='bbox 1352 839 1419 894; x_wconf 89' lang='lat' dir='ltr'><strong>de</strong></span> <span class='ocrx_word' id='word_1_59' title='bbox 1449 841 1789 894; x_wconf 68' lang='lat' dir='ltr'><strong>diﬂiuitionis</strong></span> <span class='ocrx_word' id='word_1_60' title='bbox 1820 857 1941 910; x_wconf 89' lang='lat' dir='ltr'><strong>pro-</strong></span> 
     </span>
    </p>
   </div>
   <div class='ocr_carea' id='block_1_10' title="bbox 363 928 1938 996">
    <p class='ocr_par' dir='ltr' id='par_1_10' title="bbox 363 928 1938 996">
     <span class='ocr_line' id='line_1_10' title="bbox 363 928 1938 996; baseline 0.003 -14"><span class='ocrx_word' id='word_1_61' title='bbox 363 931 584 996; x_wconf 88' lang='lat' dir='ltr'><strong>prietate</strong></span> <span class='ocrx_word' id='word_1_62' title='bbox 609 928 892 984; x_wconf 84' lang='lat' dir='ltr'><strong>dicendum</strong></span> <span class='ocrx_word' id='word_1_63' title='bbox 915 937 1018 983; x_wconf 85' lang='lat' dir='ltr'><strong>est.</strong></span> <span class='ocrx_word' id='word_1_64' title='bbox 1053 929 1160 982; x_wconf 75' lang='lat' dir='ltr'><strong>lllze</strong></span> <span class='ocrx_word' id='word_1_65' title='bbox 1188 932 1332 983; x_wconf 88' lang='lat' dir='ltr'><strong>enim</strong></span> <span class='ocrx_word' id='word_1_66' title='bbox 1375 941 1537 985; x_wconf 76' lang='lat' dir='ltr'><strong>certae</strong></span> <span class='ocrx_word' id='word_1_67' title='bbox 1576 931 1938 986; x_wconf 78' lang='lat' dir='ltr'><strong>diffinitiones</strong></span> 
     </span>
    </p>
   </div>
   <div class='ocr_carea' id='block_1_11' title="bbox 358 1023 1936 1092">
    <p class='ocr_par' dir='ltr' id='par_1_11' title="bbox 358 1023 1936 1092">
     <span class='ocr_line' id='line_1_11' title="bbox 358 1023 1936 1092; baseline 0.001 -17"><span class='ocrx_word' id='word_1_68' title='bbox 358 1032 480 1075; x_wconf 87' lang='lat' dir='ltr'><strong>sunt</strong></span> <span class='ocrx_word' id='word_1_69' title='bbox 508 1037 627 1089; x_wconf 84' lang='lat' dir='ltr'><strong>quae</strong></span> <span class='ocrx_word' id='word_1_70' title='bbox 653 1031 1060 1086; x_wconf 81' lang='lat' dir='ltr'><strong>convertuntur,</strong></span> <span class='ocrx_word' id='word_1_71' title='bbox 1105 1031 1162 1075; x_wconf 82' lang='lat' dir='ltr'><strong>ut</strong></span> <span class='ocrx_word' id='word_1_72' title='bbox 1187 1023 1231 1077; x_wconf 96' lang='lat' dir='ltr'><strong>si</strong></span> <span class='ocrx_word' id='word_1_73' title='bbox 1273 1023 1422 1076; x_wconf 73' lang='lat' dir='ltr'><strong>dicas</strong></span> <span class='ocrx_word' id='word_1_74' title='bbox 1448 1024 1572 1092; x_wconf 87' lang='lat' dir='ltr'><strong>quid</strong></span> <span class='ocrx_word' id='word_1_75' title='bbox 1618 1033 1704 1077; x_wconf 89' lang='lat' dir='ltr'><strong>est</strong></span> <span class='ocrx_word' id='word_1_76' title='bbox 1753 1029 1936 1090; x_wconf 88' lang='lat' dir='ltr'><strong>homo,</strong></span> 
     </span>
    </p>
   </div>
   <div class='ocr_carea' id='block_1_12' title="bbox 357 1114 1940 1184">
    <p class='ocr_par' dir='ltr' id='par_1_12' title="bbox 357 1114 1940 1184">
     <span class='ocr_line' id='line_1_12' title="bbox 357 1114 1940 1184; baseline 0.002 -18"><span class='ocrx_word' id='word_1_77' title='bbox 357 1115 551 1169; x_wconf 85' lang='lat' dir='ltr'><strong>animal</strong></span> <span class='ocrx_word' id='word_1_78' title='bbox 580 1115 844 1168; x_wconf 80' lang='lat' dir='ltr'><strong>rationale</strong></span> <span class='ocrx_word' id='word_1_79' title='bbox 880 1114 1128 1179; x_wconf 83' lang='lat' dir='ltr'><strong>mortale,</strong></span> <span class='ocrx_word' id='word_1_80' title='bbox 1166 1129 1352 1168; x_wconf 88' lang='lat' dir='ltr'><strong>verum</strong></span> <span class='ocrx_word' id='word_1_81' title='bbox 1384 1126 1502 1180; x_wconf 76' lang='lat' dir='ltr'><strong>est;</strong></span> <span class='ocrx_word' id='word_1_82' title='bbox 1528 1115 1654 1184; x_wconf 90' lang='lat' dir='ltr'><strong>quid</strong></span> <span class='ocrx_word' id='word_1_83' title='bbox 1697 1126 1781 1170; x_wconf 88' lang='lat' dir='ltr'><strong>est</strong></span> <span class='ocrx_word' id='word_1_84' title='bbox 1823 1117 1940 1169; x_wconf 89' lang='lat' dir='ltr'><strong>ani-</strong></span> 
     </span>
    </p>
   </div>
   <div class='ocr_carea' id='block_1_13' title="bbox 357 1205 1934 1276">
    <p class='ocr_par' dir='ltr' id='par_1_13' title="bbox 357 1205 1934 1276">
     <span class='ocr_line' id='line_1_13' title="bbox 357 1205 1934 1276; baseline 0.002 -18"><span class='ocrx_word' id='word_1_85' title='bbox 357 1207 459 1259; x_wconf 84' lang='lat' dir='ltr'><strong>mal</strong></span> <span class='ocrx_word' id='word_1_86' title='bbox 490 1206 750 1260; x_wconf 73' lang='lat' dir='ltr'><strong>rationale</strong></span> <span class='ocrx_word' id='word_1_87' title='bbox 771 1205 1032 1259; x_wconf 72' lang='lat' dir='ltr'><strong>mortaie?</strong></span> <span class='ocrx_word' id='word_1_88' title='bbox 1057 1205 1236 1273; x_wconf 83' lang='lat' dir='ltr'><strong>homo,</strong></span> <span class='ocrx_word' id='word_1_89' title='bbox 1263 1206 1368 1260; x_wconf 86' lang='lat' dir='ltr'><strong>hoc</strong></span> <span class='ocrx_word' id='word_1_90' title='bbox 1393 1220 1603 1276; x_wconf 85' lang='lat' dir='ltr'><strong>quoque</strong></span> <span class='ocrx_word' id='word_1_91' title='bbox 1635 1221 1816 1260; x_wconf 90' lang='lat' dir='ltr'><strong>verum</strong></span> <span class='ocrx_word' id='word_1_92' title='bbox 1833 1217 1934 1261; x_wconf 89' lang='lat' dir='ltr'><strong>est.</strong></span> 
     </span>
    </p>
   </div>
   <div class='ocr_carea' id='block_1_14' title="bbox 349 1299 1936 1368">
    <p class='ocr_par' dir='ltr' id='par_1_14' title="bbox 349 1299 1936 1368">
     <span class='ocr_line' id='line_1_14' title="bbox 349 1299 1936 1368; baseline 0.001 -16"><span class='ocrx_word' id='word_1_93' title='bbox 349 1300 422 1352; x_wconf 78' lang='lat' dir='ltr'><strong>At</strong></span> <span class='ocrx_word' id='word_1_94' title='bbox 452 1314 580 1354; x_wconf 86' lang='lat' dir='ltr'><strong>vero</strong></span> <span class='ocrx_word' id='word_1_95' title='bbox 601 1301 644 1353; x_wconf 93' lang='lat' dir='ltr'><strong>si</strong></span> <span class='ocrx_word' id='word_1_96' title='bbox 671 1299 739 1352; x_wconf 85' lang='lat' dir='ltr'><strong>ita</strong></span> <span class='ocrx_word' id='word_1_97' title='bbox 768 1300 888 1368; x_wconf 87' lang='lat' dir='ltr'><strong>quis</strong></span> <span class='ocrx_word' id='word_1_98' title='bbox 910 1299 1073 1364; x_wconf 90' lang='lat' dir='ltr'><strong>dicat,</strong></span> <span class='ocrx_word' id='word_1_99' title='bbox 1107 1299 1248 1365; x_wconf 70' lang='lat' dir='ltr'><strong>Quid</strong></span> <span class='ocrx_word' id='word_1_100' title='bbox 1282 1309 1365 1352; x_wconf 61' lang='lat' dir='ltr'><strong>est</strong></span> <span class='ocrx_word' id='word_1_101' title='bbox 1397 1299 1592 1352; x_wconf 81' lang='lat' dir='ltr'><strong>homo?</strong></span> <span class='ocrx_word' id='word_1_102' title='bbox 1641 1299 1936 1353; x_wconf 65' lang='lat' dir='ltr'><strong>substantia</strong></span> 
     </span>
    </p>
   </div>
   <div class='ocr_carea' id='block_1_15' title="bbox 356 1389 1934 1460">
    <p class='ocr_par' dir='ltr' id='par_1_15' title="bbox 356 1389 1934 1460">
     <span class='ocr_line' id='line_1_15' title="bbox 356 1389 1934 1460; baseline 0 -16"><span class='ocrx_word' id='word_1_103' title='bbox 356 1393 590 1444; x_wconf 82' lang='lat' dir='ltr'><strong>animata</strong></span> <span class='ocrx_word' id='word_1_104' title='bbox 612 1392 905 1452; x_wconf 82' lang='lat' dir='ltr'><strong>sensibilis,</strong></span> <span class='ocrx_word' id='word_1_105' title='bbox 958 1406 1141 1444; x_wconf 84' lang='lat' dir='ltr'><strong>verum</strong></span> <span class='ocrx_word' id='word_1_106' title='bbox 1166 1398 1294 1456; x_wconf 72' lang='lat' dir='ltr'><strong>est;</strong></span> <span class='ocrx_word' id='word_1_107' title='bbox 1331 1390 1459 1460; x_wconf 90' lang='lat' dir='ltr'><strong>quid</strong></span> <span class='ocrx_word' id='word_1_108' title='bbox 1493 1389 1789 1444; x_wconf 77' lang='lat' dir='ltr'><strong>substantia</strong></span> <span class='ocrx_word' id='word_1_109' title='bbox 1822 1393 1934 1444; x_wconf 85' lang='lat' dir='ltr'><strong>ani-</strong></span> 
     </span>
    </p>
   </div>
   <div class='ocr_carea' id='block_1_16' title="bbox 351 1481 1933 1546">
    <p class='ocr_par' dir='ltr' id='par_1_16' title="bbox 351 1481 1933 1546">
     <span class='ocr_line' id='line_1_16' title="bbox 351 1481 1933 1546; baseline 0.002 -13"><span class='ocrx_word' id='word_1_110' title='bbox 351 1492 498 1534; x_wconf 85' lang='lat' dir='ltr'><strong>mata</strong></span> <span class='ocrx_word' id='word_1_111' title='bbox 529 1482 840 1534; x_wconf 75' lang='lat' dir='ltr'><strong>sensibilis?</strong></span> <span class='ocrx_word' id='word_1_112' title='bbox 875 1484 1054 1546; x_wconf 87' lang='lat' dir='ltr'><strong>homo,</strong></span> <span class='ocrx_word' id='word_1_113' title='bbox 1095 1481 1196 1533; x_wconf 89' lang='lat' dir='ltr'><strong>hoc</strong></span> <span class='ocrx_word' id='word_1_114' title='bbox 1238 1497 1341 1534; x_wconf 87' lang='lat' dir='ltr'><strong>nun</strong></span> <span class='ocrx_word' id='word_1_115' title='bbox 1375 1481 1548 1534; x_wconf 86' lang='lat' dir='ltr'><strong>modis</strong></span> <span class='ocrx_word' id='word_1_116' title='bbox 1570 1481 1814 1535; x_wconf 77' lang='lat' dir='ltr'><strong>omnibus</strong></span> <span class='ocrx_word' id='word_1_117' title='bbox 1844 1497 1933 1536; x_wconf 80' lang='lat' dir='ltr'><strong>ve-</strong></span> 
     </span>
    </p>
   </div>
   <div class='ocr_carea' id='block_1_17' title="bbox 355 1570 1932 1639">
    <p class='ocr_par' dir='ltr' id='par_1_17' title="bbox 355 1570 1932 1639">
     <span class='ocr_line' id='line_1_17' title="bbox 355 1570 1932 1639; baseline 0.001 -17"><span class='ocrx_word' id='word_1_118' title='bbox 355 1582 474 1622; x_wconf 87' lang='lat' dir='ltr'><strong>rum</strong></span> <span class='ocrx_word' id='word_1_119' title='bbox 515 1580 618 1638; x_wconf 89' lang='lat' dir='ltr'><strong>est,</strong></span> <span class='ocrx_word' id='word_1_120' title='bbox 653 1571 852 1624; x_wconf 87' lang='lat' dir='ltr'><strong>idcirco</strong></span> <span class='ocrx_word' id='word_1_121' title='bbox 889 1570 1030 1638; x_wconf 89' lang='lat' dir='ltr'><strong>quod</strong></span> <span class='ocrx_word' id='word_1_122' title='bbox 1061 1585 1232 1636; x_wconf 86' lang='lat' dir='ltr'><strong>equus</strong></span> <span class='ocrx_word' id='word_1_123' title='bbox 1271 1585 1482 1639; x_wconf 82' lang='lat' dir='ltr'><strong>quoque</strong></span> <span class='ocrx_word' id='word_1_124' title='bbox 1509 1581 1590 1624; x_wconf 83' lang='lat' dir='ltr'><strong>est</strong></span> <span class='ocrx_word' id='word_1_125' title='bbox 1638 1571 1932 1625; x_wconf 82' lang='lat' dir='ltr'><strong>substantia</strong></span> 
     </span>
    </p>
   </div>
   <div class='ocr_carea' id='block_1_18' title="bbox 351 1659 1933 1729">
    <p class='ocr_par' dir='ltr' id='par_1_18' title="bbox 351 1659 1933 1729">
     <span class='ocr_line' id='line_1_18' title="bbox 351 1659 1933 1729; baseline 0.003 -18"><span class='ocrx_word' id='word_1_126' title='bbox 351 1661 586 1712; x_wconf 80' lang='lat' dir='ltr'><strong>aniruata</strong></span> <span class='ocrx_word' id='word_1_127' title='bbox 635 1659 927 1724; x_wconf 76' lang='lat' dir='ltr'><strong>sensibilis,</strong></span> <span class='ocrx_word' id='word_1_128' title='bbox 973 1660 1069 1713; x_wconf 86' lang='lat' dir='ltr'><strong>sed</strong></span> <span class='ocrx_word' id='word_1_129' title='bbox 1097 1659 1262 1722; x_wconf 75' lang='lat' dir='ltr'><strong>homo</strong></span> <span class='ocrx_word' id='word_1_130' title='bbox 1308 1676 1413 1714; x_wconf 91' lang='lat' dir='ltr'><strong>non</strong></span> <span class='ocrx_word' id='word_1_131' title='bbox 1469 1670 1569 1714; x_wconf 89' lang='lat' dir='ltr'><strong>est.</strong></span> <span class='ocrx_word' id='word_1_132' title='bbox 1628 1661 1768 1729; x_wconf 80' lang='lat' dir='ltr'><strong>Ergo</strong></span> <span class='ocrx_word' id='word_1_133' title='bbox 1815 1663 1933 1716; x_wconf 88' lang='lat' dir='ltr'><strong>illas</strong></span> 
     </span>
    </p>
   </div>
   <div class='ocr_carea' id='block_1_19' title="bbox 2045 470 3625 560">
    <p class='ocr_par' dir='ltr' id='par_1_19' title="bbox 2045 470 3625 560">
     <span class='ocr_line' id='line_1_19' title="bbox 2045 470 3625 560; baseline 0.016 -38"><span class='ocrx_word' id='word_1_134' title='bbox 2045 470 2260 523; x_wconf 79' lang='lat' dir='ltr'><strong>dicitur.</strong></span> <span class='ocrx_word' id='word_1_135' title='bbox 2288 471 2381 524; x_wconf 81' lang='lat' dir='ltr'><strong>Est</strong></span> <span class='ocrx_word' id='word_1_136' title='bbox 2407 473 2550 525; x_wconf 87' lang='lat' dir='ltr'><strong>enim</strong></span> <span class='ocrx_word' id='word_1_137' title='bbox 2582 475 2719 528; x_wconf 81' lang='lat' dir='ltr'><strong>ratio</strong></span> <span class='ocrx_word' id='word_1_138' title='bbox 2749 479 2958 541; x_wconf 66' lang='lat' dir='ltr'><strong>animae,</strong></span> <span class='ocrx_word' id='word_1_139' title='bbox 3008 490 3062 533; x_wconf 87' lang='lat' dir='ltr'><strong>et</strong></span> <span class='ocrx_word' id='word_1_140' title='bbox 3101 491 3183 536; x_wconf 86' lang='lat' dir='ltr'><strong>est</strong></span> <span class='ocrx_word' id='word_1_141' title='bbox 3214 486 3352 540; x_wconf 85' lang='lat' dir='ltr'><strong>ratio</strong></span> <span class='ocrx_word' id='word_1_142' title='bbox 3403 503 3625 560; x_wconf 80' lang='lat' dir='ltr'><strong>compu-</strong></span> 
     </span>
    </p>
   </div>
   <div class='ocr_carea' id='block_1_20' title="bbox 2047 563 3623 638">
    <p class='ocr_par' dir='ltr' id='par_1_20' title="bbox 2047 563 3623 638">
     <span class='ocr_line' id='line_1_20' title="bbox 2047 563 3623 638; baseline 0.015 -23"><span class='ocrx_word' id='word_1_143' title='bbox 2047 563 2212 627; x_wconf 85' lang='lat' dir='ltr'><strong>tandi,</strong></span> <span class='ocrx_word' id='word_1_144' title='bbox 2245 573 2328 618; x_wconf 89' lang='lat' dir='ltr'><strong>est</strong></span> <span class='ocrx_word' id='word_1_145' title='bbox 2351 566 2489 619; x_wconf 90' lang='lat' dir='ltr'><strong>ratio</strong></span> <span class='ocrx_word' id='word_1_146' title='bbox 2519 576 2743 628; x_wconf 70' lang='lat' dir='ltr'><strong>naturae.</strong></span> <span class='ocrx_word' id='word_1_147' title='bbox 2779 570 2892 635; x_wconf 81' lang='lat' dir='ltr'><strong>ipsa</strong></span> <span class='ocrx_word' id='word_1_148' title='bbox 2921 573 3172 630; x_wconf 85' lang='lat' dir='ltr'><strong>nimirum</strong></span> <span class='ocrx_word' id='word_1_149' title='bbox 3211 579 3506 636; x_wconf 87' lang='lat' dir='ltr'><strong>similitudo</strong></span> <span class='ocrx_word' id='word_1_150' title='bbox 3530 598 3623 638; x_wconf 78' lang='lat' dir='ltr'><strong>na-</strong></span> 
     </span>
    </p>
   </div>
   <div class='ocr_carea' id='block_1_21' title="bbox 2043 654 3622 729">
    <p class='ocr_par' dir='ltr' id='par_1_21' title="bbox 2043 654 3622 729">
     <span class='ocr_line' id='line_1_21' title="bbox 2043 654 3622 729; baseline 0.014 -21"><span class='ocrx_word' id='word_1_151' title='bbox 2043 654 2329 723; x_wconf 86' lang='lat' dir='ltr'><strong>scentium,</strong></span> <span class='ocrx_word' id='word_1_152' title='bbox 2353 664 2435 710; x_wconf 91' lang='lat' dir='ltr'><strong>est</strong></span> <span class='ocrx_word' id='word_1_153' title='bbox 2470 659 2606 712; x_wconf 75' lang='lat' dir='ltr'><strong>ratio</strong></span> <span class='ocrx_word' id='word_1_154' title='bbox 2637 673 2754 727; x_wconf 75' lang='lat' dir='ltr'><strong>qum</strong></span> <span class='ocrx_word' id='word_1_155' title='bbox 2788 660 2838 714; x_wconf 92' lang='lat' dir='ltr'><strong>in</strong></span> <span class='ocrx_word' id='word_1_156' title='bbox 2871 661 3287 724; x_wconf 78' lang='lat' dir='ltr'><strong>ditllnitionibus</strong></span> <span class='ocrx_word' id='word_1_157' title='bbox 3317 674 3396 728; x_wconf 89' lang='lat' dir='ltr'><strong>vel</strong></span> <span class='ocrx_word' id='word_1_158' title='bbox 3419 673 3622 729; x_wconf 83' lang='lat' dir='ltr'><strong>deseri-</strong></span> 
     </span>
    </p>
   </div>
   <div class='ocr_carea' id='block_1_22' title="bbox 2043 747 3622 836">
    <p class='ocr_par' dir='ltr' id='par_1_22' title="bbox 2043 747 3622 836">
     <span class='ocr_line' id='line_1_22' title="bbox 2043 747 3622 836; baseline 0.015 -36"><span class='ocrx_word' id='word_1_159' title='bbox 2043 747 2312 816; x_wconf 90' lang='lat' dir='ltr'><strong>ptionibus</strong></span> <span class='ocrx_word' id='word_1_160' title='bbox 2339 750 2596 805; x_wconf 86' lang='lat' dir='ltr'><strong>redditur.</strong></span> <span class='ocrx_word' id='word_1_161' title='bbox 2630 753 2961 822; x_wconf 86' lang='lat' dir='ltr'><strong>thuoniam</strong></span> <span class='ocrx_word' id='word_1_162' title='bbox 2991 762 3396 826; x_wconf 88' lang='lat' dir='ltr'><strong>generalissima</strong></span> <span class='ocrx_word' id='word_1_163' title='bbox 3426 781 3622 836; x_wconf 78' lang='lat' dir='ltr'><strong>genera</strong></span> 
     </span>
    </p>
   </div>
   <div class='ocr_carea' id='block_1_23' title="bbox 2042 843 3623 914">
    <p class='ocr_par' dir='ltr' id='par_1_23' title="bbox 2042 843 3623 914">
     <span class='ocr_line' id='line_1_23' title="bbox 2042 843 3623 914; baseline 0.015 -23"><span class='ocrx_word' id='word_1_164' title='bbox 2042 855 2240 907; x_wconf 91' lang='lat' dir='ltr'><strong>genere</strong></span> <span class='ocrx_word' id='word_1_165' title='bbox 2256 855 2313 894; x_wconf 89' lang='lat' dir='ltr'><strong>ea</strong></span> <span class='ocrx_word' id='word_1_166' title='bbox 2325 843 2479 911; x_wconf 84' lang='lat' dir='ltr'><strong>rent,i</strong></span> <span class='ocrx_word' id='word_1_167' title='bbox 2496 843 2766 897; x_wconf 88' lang='lat' dir='ltr'><strong>individua</strong></span> <span class='ocrx_word' id='word_1_168' title='bbox 2801 861 2925 900; x_wconf 73' lang='lat' dir='ltr'><strong>vero</strong></span> <span class='ocrx_word' id='word_1_169' title='bbox 2946 848 3090 902; x_wconf 83' lang='lat' dir='ltr'><strong>nulla</strong></span> <span class='ocrx_word' id='word_1_170' title='bbox 3117 853 3451 910; x_wconf 84' lang='lat' dir='ltr'><strong>substantiali</strong></span> <span class='ocrx_word' id='word_1_171' title='bbox 3471 858 3623 914; x_wconf 65' lang='lat' dir='ltr'><strong>diﬁc-</strong></span> 
     </span>
    </p>
   </div>
   <div class='ocr_carea' id='block_1_24' title="bbox 2042 932 3622 1010">
    <p class='ocr_par' dir='ltr' id='par_1_24' title="bbox 2042 932 3622 1010">
     <span class='ocr_line' id='line_1_24' title="bbox 2042 932 3622 1010; baseline 0.013 -24"><span class='ocrx_word' id='word_1_172' title='bbox 2042 933 2212 986; x_wconf 88' lang='lat' dir='ltr'><strong>rentia</strong></span> <span class='ocrx_word' id='word_1_173' title='bbox 2229 932 2550 1002; x_wconf 82' lang='lat' dir='ltr'><strong>discrepant,</strong></span> <span class='ocrx_word' id='word_1_174' title='bbox 2565 936 2750 990; x_wconf 77' lang='lat' dir='ltr'><strong>difﬂuit</strong></span> <span class='ocrx_word' id='word_1_175' title='bbox 2761 939 2814 992; x_wconf 92' lang='lat' dir='ltr'><strong>io</strong></span> <span class='ocrx_word' id='word_1_176' title='bbox 2831 953 2955 994; x_wconf 87' lang='lat' dir='ltr'><strong>vero</strong></span> <span class='ocrx_word' id='word_1_177' title='bbox 2969 954 3032 996; x_wconf 72' lang='lat' dir='ltr'><strong>es</strong></span> <span class='ocrx_word' id='word_1_178' title='bbox 3049 957 3243 1010; x_wconf 88' lang='lat' dir='ltr'><strong>genere</strong></span> <span class='ocrx_word' id='word_1_179' title='bbox 3258 955 3310 998; x_wconf 88' lang='lat' dir='ltr'><strong>et</strong></span> <span class='ocrx_word' id='word_1_180' title='bbox 3322 948 3622 1006; x_wconf 77' lang='lat' dir='ltr'><strong>dill‘erentia</strong></span> 
     </span>
    </p>
   </div>
   <div class='ocr_carea' id='block_1_25' title="bbox 2043 1023 3623 1109">
    <p class='ocr_par' dir='ltr' id='par_1_25' title="bbox 2043 1023 3623 1109">
     <span class='ocr_line' id='line_1_25' title="bbox 2043 1023 3623 1109; baseline 0.013 -33"><span class='ocrx_word' id='word_1_181' title='bbox 2043 1023 2292 1091; x_wconf 82' lang='lat' dir='ltr'><strong>trahitur,</strong></span> <span class='ocrx_word' id='word_1_182' title='bbox 2348 1040 2521 1094; x_wconf 83' lang='lat' dir='ltr'><strong>neque</strong></span> <span class='ocrx_word' id='word_1_183' title='bbox 2564 1029 3093 1096; x_wconf 87' lang='lat' dir='ltr'><strong>generalissimorum</strong></span> <span class='ocrx_word' id='word_1_184' title='bbox 3124 1048 3403 1102; x_wconf 78' lang='lat' dir='ltr'><strong>generum,</strong></span> <span class='ocrx_word' id='word_1_185' title='bbox 3450 1053 3623 1109; x_wconf 84' lang='lat' dir='ltr'><strong>neque</strong></span> 
     </span>
    </p>
   </div>
   <div class='ocr_carea' id='block_1_26' title="bbox 2040 1114 3622 1194">
    <p class='ocr_par' dir='ltr' id='par_1_26' title="bbox 2040 1114 3622 1194">
     <span class='ocr_line' id='line_1_26' title="bbox 2040 1114 3622 1194; baseline 0.009 -26"><span class='ocrx_word' id='word_1_186' title='bbox 2040 1114 2432 1171; x_wconf 82' lang='lat' dir='ltr'><strong>individuorum</strong></span> <span class='ocrx_word' id='word_1_187' title='bbox 2463 1120 2564 1172; x_wconf 84' lang='lat' dir='ltr'><strong>u&#39;la</strong></span> <span class='ocrx_word' id='word_1_188' title='bbox 2594 1130 2767 1188; x_wconf 74' lang='lat' dir='ltr'><strong>potest</strong></span> <span class='ocrx_word' id='word_1_189' title='bbox 2796 1122 3044 1179; x_wconf 79' lang='lat' dir='ltr'><strong>difﬁnitio</strong></span> <span class='ocrx_word' id='word_1_190' title='bbox 3069 1126 3313 1194; x_wconf 82' lang='lat' dir='ltr'><strong>reperiri.</strong></span> <span class='ocrx_word' id='word_1_191' title='bbox 3347 1129 3622 1185; x_wconf 81' lang='lat' dir='ltr'><strong>Subalter-</strong></span> 
     </span>
    </p>
   </div>
   <div class='ocr_carea' id='block_1_27' title="bbox 2041 1214 3622 1281">
    <p class='ocr_par' dir='ltr' id='par_1_27' title="bbox 2041 1214 3622 1281">
     <span class='ocr_line' id='line_1_27' title="bbox 2041 1214 3622 1281; baseline 0.012 -22"><span class='ocrx_word' id='word_1_192' title='bbox 2041 1220 2228 1260; x_wconf 88' lang='lat' dir='ltr'><strong>norum</strong></span> <span class='ocrx_word' id='word_1_193' title='bbox 2256 1223 2384 1262; x_wconf 89' lang='lat' dir='ltr'><strong>vero</strong></span> <span class='ocrx_word' id='word_1_194' title='bbox 2408 1224 2689 1280; x_wconf 84' lang='lat' dir='ltr'><strong>generum,</strong></span> <span class='ocrx_word' id='word_1_195' title='bbox 2717 1214 3044 1281; x_wconf 84' lang='lat' dir='ltr'><strong>quoniamet</strong></span> <span class='ocrx_word' id='word_1_196' title='bbox 3071 1214 3402 1274; x_wconf 78' lang='lat' dir='ltr'><strong>diﬂ&#39;erentias</strong></span> <span class='ocrx_word' id='word_1_197' title='bbox 3425 1220 3622 1279; x_wconf 81' lang='lat' dir='ltr'><strong>habent</strong></span> 
     </span>
    </p>
   </div>
   <div class='ocr_carea' id='block_1_28' title="bbox 2039 1298 3618 1381">
    <p class='ocr_par' dir='ltr' id='par_1_28' title="bbox 2039 1298 3618 1381">
     <span class='ocr_line' id='line_1_28' title="bbox 2039 1298 3618 1381; baseline 0.012 -32"><span class='ocrx_word' id='word_1_198' title='bbox 2039 1305 2095 1349; x_wconf 86' lang='lat' dir='ltr'><strong>et</strong></span> <span class='ocrx_word' id='word_1_199' title='bbox 2117 1312 2338 1364; x_wconf 83' lang='lat' dir='ltr'><strong>genera,</strong></span> <span class='ocrx_word' id='word_1_200' title='bbox 2362 1298 2710 1356; x_wconf 81' lang='lat' dir='ltr'><strong>dillinitiones</strong></span> <span class='ocrx_word' id='word_1_201' title='bbox 2740 1318 2861 1358; x_wconf 88' lang='lat' dir='ltr'><strong>esse</strong></span> <span class='ocrx_word' id='word_1_202' title='bbox 2888 1319 3130 1374; x_wconf 78' lang='lat' dir='ltr'><strong>possunt.</strong></span> <span class='ocrx_word' id='word_1_203' title='bbox 3159 1312 3221 1364; x_wconf 84' lang='lat' dir='ltr'><strong>At</strong></span> <span class='ocrx_word' id='word_1_204' title='bbox 3249 1325 3376 1365; x_wconf 85' lang='lat' dir='ltr'><strong>vero</strong></span> <span class='ocrx_word' id='word_1_205' title='bbox 3392 1327 3618 1381; x_wconf 85' lang='lat' dir='ltr'><strong>quorum</strong></span> 
     </span>
    </p>
   </div>
   <div class='ocr_carea' id='block_1_29' title="bbox 2039 1384 3620 1475">
    <p class='ocr_par' dir='ltr' id='par_1_29' title="bbox 2039 1384 3620 1475">
     <span class='ocr_line' id='line_1_29' title="bbox 2039 1384 3620 1475; baseline 0.015 -38"><span class='ocrx_word' id='word_1_206' title='bbox 2039 1384 2383 1442; x_wconf 77' lang='lat' dir='ltr'><strong>dil&#39;linitiones</strong></span> <span class='ocrx_word' id='word_1_207' title='bbox 2414 1390 2562 1445; x_wconf 86' lang='lat' dir='ltr'><strong>reddi</strong></span> <span class='ocrx_word' id='word_1_208' title='bbox 2589 1406 2880 1462; x_wconf 87' lang='lat' dir='ltr'><strong>nequeunt,</strong></span> <span class='ocrx_word' id='word_1_209' title='bbox 2918 1397 3003 1450; x_wconf 87' lang='lat' dir='ltr'><strong>illa</strong></span> <span class='ocrx_word' id='word_1_210' title='bbox 3051 1408 3255 1455; x_wconf 86' lang='lat' dir='ltr'><strong>tantum</strong></span> <span class='ocrx_word' id='word_1_211' title='bbox 3297 1402 3620 1475; x_wconf 78' lang='lat' dir='ltr'><strong>descriptio~</strong></span> 
     </span>
    </p>
   </div>
   <div class='ocr_carea' id='block_1_30' title="bbox 2041 1478 3619 1566">
    <p class='ocr_par' dir='ltr' id='par_1_30' title="bbox 2041 1478 3619 1566">
     <span class='ocr_line' id='line_1_30' title="bbox 2041 1478 3619 1566; baseline 0.015 -37"><span class='ocrx_word' id='word_1_212' title='bbox 2041 1478 2198 1533; x_wconf 92' lang='lat' dir='ltr'><strong>nibus</strong></span> <span class='ocrx_word' id='word_1_213' title='bbox 2229 1481 2604 1537; x_wconf 85' lang='lat' dir='ltr'><strong>terminantur.</strong></span> <span class='ocrx_word' id='word_1_214' title='bbox 2629 1484 2930 1556; x_wconf 63' lang='lat' dir='ltr'><strong>Descriptio</strong></span> <span class='ocrx_word' id='word_1_215' title='bbox 2955 1502 3138 1546; x_wconf 78' lang='lat' dir='ltr'><strong>autem</strong></span> <span class='ocrx_word' id='word_1_216' title='bbox 3156 1503 3259 1559; x_wconf 89' lang='lat' dir='ltr'><strong>est,</strong></span> <span class='ocrx_word' id='word_1_217' title='bbox 3289 1510 3406 1563; x_wconf 73' lang='lat' dir='ltr'><strong>qua:</strong></span> <span class='ocrx_word' id='word_1_218' title='bbox 3433 1512 3619 1566; x_wconf 81' lang='lat' dir='ltr'><strong>quam~</strong></span> 
     </span>
    </p>
   </div>
   <div class='ocr_carea' id='block_1_31' title="bbox 2038 1570 3617 1654">
    <p class='ocr_par' dir='ltr' id='par_1_31' title="bbox 2038 1570 3617 1654">
     <span class='ocr_line' id='line_1_31' title="bbox 2038 1570 3617 1654; baseline 0.013 -32"><span class='ocrx_word' id='word_1_219' title='bbox 2038 1570 2164 1624; x_wconf 87' lang='lat' dir='ltr'><strong>libet</strong></span> <span class='ocrx_word' id='word_1_220' title='bbox 2195 1587 2304 1625; x_wconf 86' lang='lat' dir='ltr'><strong>rem</strong></span> <span class='ocrx_word' id='word_1_221' title='bbox 2342 1573 2554 1641; x_wconf 70' lang='lat' dir='ltr'><strong>propria</strong></span> <span class='ocrx_word' id='word_1_222' title='bbox 2583 1577 2811 1645; x_wconf 87' lang='lat' dir='ltr'><strong>quadam</strong></span> <span class='ocrx_word' id='word_1_223' title='bbox 2840 1582 3165 1648; x_wconf 61' lang='lat' dir='ltr'><strong>proiirietate</strong></span> <span class='ocrx_word' id='word_1_224' title='bbox 3191 1584 3455 1654; x_wconf 80' lang='lat' dir='ltr'><strong>designat.</strong></span> <span class='ocrx_word' id='word_1_225' title='bbox 3491 1588 3617 1643; x_wconf 83' lang='lat' dir='ltr'><strong>Sive</strong></span> 
     </span>
    </p>
   </div>
   <div class='ocr_carea' id='block_1_32' title="bbox 2037 1665 3611 1745">
    <p class='ocr_par' dir='ltr' id='par_1_32' title="bbox 2037 1665 3611 1745">
     <span class='ocr_line' id='line_1_32' title="bbox 2037 1665 3611 1745; baseline 0.01 -26"><span class='ocrx_word' id='word_1_226' title='bbox 2037 1680 2166 1734; x_wconf 87' lang='lat' dir='ltr'><strong>ergo</strong></span> <span class='ocrx_word' id='word_1_227' title='bbox 2193 1665 2440 1721; x_wconf 81' lang='lat' dir='ltr'><strong>diliinitio</strong></span> <span class='ocrx_word' id='word_1_228' title='bbox 2467 1672 2558 1736; x_wconf 90' lang='lat' dir='ltr'><strong>sit,</strong></span> <span class='ocrx_word' id='word_1_229' title='bbox 2587 1672 2700 1724; x_wconf 84' lang='lat' dir='ltr'><strong>sive</strong></span> <span class='ocrx_word' id='word_1_230' title='bbox 2739 1671 3052 1742; x_wconf 81' lang='lat' dir='ltr'><strong>descriptio,</strong></span> <span class='ocrx_word' id='word_1_231' title='bbox 3093 1686 3318 1745; x_wconf 83' lang='lat' dir='ltr'><strong>utraque</strong></span> <span class='ocrx_word' id='word_1_232' title='bbox 3351 1679 3611 1735; x_wconf 89' lang='lat' dir='ltr'><strong>rationem</strong></span> 
     </span>
    </p>
   </div>
   <div class='ocr_carea' id='block_1_33' title="bbox 354 1751 3616 1830">
    <p class='ocr_par' dir='ltr' id='par_1_33' title="bbox 354 1751 3616 1830">
     <span class='ocr_line' id='line_1_33' title="bbox 354 1751 3616 1830; baseline 0.006 -23"><span class='ocrx_word' id='word_1_233' title='bbox 354 1762 559 1808; x_wconf 87' lang='lat' dir='ltr'><strong>constat</strong></span> <span class='ocrx_word' id='word_1_234' title='bbox 587 1767 708 1807; x_wconf 88' lang='lat' dir='ltr'><strong>esse</strong></span> <span class='ocrx_word' id='word_1_235' title='bbox 733 1752 1078 1806; x_wconf 73' lang='lat' dir='ltr'><strong>difﬁnitiones</strong></span> <span class='ocrx_word' id='word_1_236' title='bbox 1095 1753 1330 1822; x_wconf 86' lang='lat' dir='ltr'><strong>integras</strong></span> <span class='ocrx_word' id='word_1_237' title='bbox 1364 1769 1492 1822; x_wconf 59' lang='lat' dir='ltr'><strong>qua!</strong></span> <span class='ocrx_word' id='word_1_238' title='bbox 1519 1755 1758 1808; x_wconf 81' lang='lat' dir='ltr'><strong>converti</strong></span> <span class='ocrx_word' id='word_1_239' title='bbox 1806 1769 1929 1822; x_wconf 88' lang='lat' dir='ltr'><strong>pos-</strong></span> <span class='ocrx_word' id='word_1_240' title='bbox 1960 1751 2005 1813; x_wconf 76' lang='grc' dir='ltr'><strong>Ι</strong></span> <span class='ocrx_word' id='word_1_241' title='bbox 2034 1759 2344 1815; x_wconf 74' lang='lat' dir='ltr'><strong>substantia:</strong></span> <span class='ocrx_word' id='word_1_242' title='bbox 2369 1761 2634 1830; x_wconf 82' lang='lat' dir='ltr'><strong>designat.</strong></span> <span class='ocrx_word' id='word_1_243' title='bbox 2667 1765 2844 1830; x_wconf 79' lang='lat' dir='ltr'><strong>Quare</strong></span> <span class='ocrx_word' id='word_1_244' title='bbox 2865 1780 2985 1819; x_wconf 86' lang='lat' dir='ltr'><strong>cum</strong></span> <span class='ocrx_word' id='word_1_245' title='bbox 3011 1767 3323 1823; x_wconf 72' lang='lat' dir='ltr'><strong>substantia:</strong></span> <span class='ocrx_word' id='word_1_246' title='bbox 3353 1770 3616 1828; x_wconf 77' lang='lat' dir='ltr'><strong>rationein</strong></span> 
     </span>
    </p>
   </div>
   <div class='ocr_carea' id='block_1_34' title="bbox 352 1841 1929 1912">
    <p class='ocr_par' dir='ltr' id='par_1_34' title="bbox 352 1841 1929 1912">
     <span class='ocr_line' id='line_1_34' title="bbox 352 1841 1929 1912; baseline 0.003 -16"><span class='ocrx_word' id='word_1_247' title='bbox 352 1853 492 1896; x_wconf 86' lang='lat' dir='ltr'><strong>sunt.</strong></span> <span class='ocrx_word' id='word_1_248' title='bbox 550 1842 656 1897; x_wconf 71' lang='lat' dir='ltr'><strong>Sed</strong></span> <span class='ocrx_word' id='word_1_249' title='bbox 703 1843 804 1895; x_wconf 87' lang='lat' dir='ltr'><strong>hoc</strong></span> <span class='ocrx_word' id='word_1_250' title='bbox 834 1841 893 1895; x_wconf 85' lang='lat' dir='ltr'><strong>tit</strong></span> <span class='ocrx_word' id='word_1_251' title='bbox 935 1843 988 1895; x_wconf 90' lang='lat' dir='ltr'><strong>in</strong></span> <span class='ocrx_word' id='word_1_252' title='bbox 1021 1841 1085 1898; x_wconf 81' lang='lat' dir='ltr'><strong>iis</strong></span> <span class='ocrx_word' id='word_1_253' title='bbox 1123 1857 1242 1912; x_wconf 69' lang='lat' dir='ltr'><strong>quae</strong></span> <span class='ocrx_word' id='word_1_254' title='bbox 1267 1858 1372 1897; x_wconf 91' lang='lat' dir='ltr'><strong>non</strong></span> <span class='ocrx_word' id='word_1_255' title='bbox 1404 1845 1472 1899; x_wconf 89' lang='lat' dir='ltr'><strong>de</strong></span> <span class='ocrx_word' id='word_1_256' title='bbox 1508 1847 1802 1910; x_wconf 89' lang='lat' dir='ltr'><strong>communi,</strong></span> <span class='ocrx_word' id='word_1_257' title='bbox 1835 1847 1929 1900; x_wconf 81' lang='lat' dir='ltr'><strong>sed</strong></span> 
     </span>
    </p>
   </div>
   <div class='ocr_carea' id='block_1_35' title="bbox 357 1936 1928 2005">
    <p class='ocr_par' dir='ltr' id='par_1_35' title="bbox 357 1936 1928 2005">
     <span class='ocr_line' id='line_1_35' title="bbox 357 1936 1928 2005; baseline 0.002 -15"><span class='ocrx_word' id='word_1_258' title='bbox 357 1953 460 1990; x_wconf 89' lang='lat' dir='ltr'><strong>uno</strong></span> <span class='ocrx_word' id='word_1_259' title='bbox 491 1946 718 2001; x_wconf 83' lang='lat' dir='ltr'><strong>tantum,</strong></span> <span class='ocrx_word' id='word_1_260' title='bbox 746 1946 803 1990; x_wconf 84' lang='lat' dir='ltr'><strong>ut</strong></span> <span class='ocrx_word' id='word_1_261' title='bbox 826 1951 946 1990; x_wconf 89' lang='lat' dir='ltr'><strong>cum</strong></span> <span class='ocrx_word' id='word_1_262' title='bbox 973 1937 1042 1991; x_wconf 89' lang='lat' dir='ltr'><strong>de</strong></span> <span class='ocrx_word' id='word_1_263' title='bbox 1073 1936 1310 1992; x_wconf 84' lang='lat' dir='ltr'><strong>hominis</strong></span> <span class='ocrx_word' id='word_1_264' title='bbox 1346 1941 1560 1994; x_wconf 89' lang='lat' dir='ltr'><strong>nomine</strong></span> <span class='ocrx_word' id='word_1_265' title='bbox 1609 1940 1928 2005; x_wconf 88' lang='lat' dir='ltr'><strong>redduntur,</strong></span> 
     </span>
    </p>
   </div>
   <div class='ocr_carea' id='block_1_36' title="bbox 358 2028 1935 2099">
    <p class='ocr_par' dir='ltr' id='par_1_36' title="bbox 358 2028 1935 2099">
     <span class='ocr_line' id='line_1_36' title="bbox 358 2028 1935 2099; baseline 0.003 -18"><span class='ocrx_word' id='word_1_266' title='bbox 358 2028 503 2084; x_wconf 88' lang='lat' dir='ltr'><strong>verbi</strong></span> <span class='ocrx_word' id='word_1_267' title='bbox 532 2029 723 2099; x_wconf 87' lang='lat' dir='ltr'><strong>gratia.</strong></span> <span class='ocrx_word' id='word_1_268' title='bbox 757 2029 966 2082; x_wconf 85' lang='lat' dir='ltr'><strong>Animal</strong></span> <span class='ocrx_word' id='word_1_269' title='bbox 998 2037 1078 2083; x_wconf 88' lang='lat' dir='ltr'><strong>est</strong></span> <span class='ocrx_word' id='word_1_270' title='bbox 1107 2044 1396 2084; x_wconf 86' lang='lat' dir='ltr'><strong>commune</strong></span> <span class='ocrx_word' id='word_1_271' title='bbox 1425 2043 1646 2094; x_wconf 90' lang='lat' dir='ltr'><strong>nomen,</strong></span> <span class='ocrx_word' id='word_1_272' title='bbox 1675 2033 1720 2085; x_wconf 91' lang='lat' dir='ltr'><strong>si</strong></span> <span class='ocrx_word' id='word_1_273' title='bbox 1743 2032 1935 2085; x_wconf 78' lang='lat' dir='ltr'><strong>dixerit</strong></span> 
     </span>
    </p>
   </div>
   <div class='ocr_carea' id='block_1_37' title="bbox 355 2119 1932 2190">
    <p class='ocr_par' dir='ltr' id='par_1_37' title="bbox 355 2119 1932 2190">
     <span class='ocr_line' id='line_1_37' title="bbox 355 2119 1932 2190; baseline 0.004 -19"><span class='ocrx_word' id='word_1_274' title='bbox 355 2119 491 2187; x_wconf 87' lang='lat' dir='ltr'><strong>quis,</strong></span> <span class='ocrx_word' id='word_1_275' title='bbox 527 2119 696 2171; x_wconf 86' lang='lat' dir='ltr'><strong>llomo</strong></span> <span class='ocrx_word' id='word_1_276' title='bbox 720 2128 802 2174; x_wconf 77' lang='lat' dir='ltr'><strong>est</strong></span> <span class='ocrx_word' id='word_1_277' title='bbox 831 2119 1123 2175; x_wconf 84' lang='lat' dir='ltr'><strong>substantia</strong></span> <span class='ocrx_word' id='word_1_278' title='bbox 1155 2119 1388 2174; x_wconf 87' lang='lat' dir='ltr'><strong>animata</strong></span> <span class='ocrx_word' id='word_1_279' title='bbox 1419 2122 1711 2186; x_wconf 74' lang='lat' dir='ltr'><strong>sensiins,</strong></span> <span class='ocrx_word' id='word_1_280' title='bbox 1748 2137 1932 2190; x_wconf 78' lang='lat' dir='ltr'><strong>proce-</strong></span> 
     </span>
    </p>
   </div>
   <div class='ocr_carea' id='block_1_38' title="bbox 354 2210 1934 2279">
    <p class='ocr_par' dir='ltr' id='par_1_38' title="bbox 354 2210 1934 2279">
     <span class='ocr_line' id='line_1_38' title="bbox 354 2210 1934 2279; baseline 0.002 -15"><span class='ocrx_word' id='word_1_281' title='bbox 354 2210 466 2264; x_wconf 86' lang='lat' dir='ltr'><strong>dit:</strong></span> <span class='ocrx_word' id='word_1_282' title='bbox 496 2212 539 2264; x_wconf 90' lang='lat' dir='ltr'><strong>si</strong></span> <span class='ocrx_word' id='word_1_283' title='bbox 570 2226 676 2264; x_wconf 90' lang='lat' dir='ltr'><strong>non</strong></span> <span class='ocrx_word' id='word_1_284' title='bbox 711 2219 1078 2274; x_wconf 86' lang='lat' dir='ltr'><strong>convertatur,</strong></span> <span class='ocrx_word' id='word_1_285' title='bbox 1104 2212 1225 2279; x_wconf 88' lang='lat' dir='ltr'><strong>quia</strong></span> <span class='ocrx_word' id='word_1_286' title='bbox 1283 2211 1352 2265; x_wconf 91' lang='lat' dir='ltr'><strong>de</strong></span> <span class='ocrx_word' id='word_1_287' title='bbox 1399 2213 1666 2265; x_wconf 88' lang='lat' dir='ltr'><strong>communi</strong></span> <span class='ocrx_word' id='word_1_288' title='bbox 1715 2213 1934 2268; x_wconf 86' lang='lat' dir='ltr'><strong>nomine</strong></span> 
     </span>
    </p>
   </div>
   <div class='ocr_carea' id='block_1_39' title="bbox 353 2303 1930 2367">
    <p class='ocr_par' dir='ltr' id='par_1_39' title="bbox 353 2303 1930 2367">
     <span class='ocr_line' id='line_1_39' title="bbox 353 2303 1930 2367; baseline 0.001 -9"><span class='ocrx_word' id='word_1_289' title='bbox 353 2305 557 2358; x_wconf 79' lang='lat' dir='ltr'><strong>reddita</strong></span> <span class='ocrx_word' id='word_1_290' title='bbox 587 2313 671 2358; x_wconf 91' lang='lat' dir='ltr'><strong>est</strong></span> <span class='ocrx_word' id='word_1_291' title='bbox 697 2303 944 2357; x_wconf 80' lang='lat' dir='ltr'><strong>dilﬁnitio</strong></span> <span class='ocrx_word' id='word_1_292' title='bbox 974 2319 990 2367; x_wconf 90' lang='lat'><strong>;</strong></span> <span class='ocrx_word' id='word_1_293' title='bbox 1015 2304 1098 2357; x_wconf 92' lang='lat' dir='ltr'><strong>sin</strong></span> <span class='ocrx_word' id='word_1_294' title='bbox 1124 2319 1256 2358; x_wconf 90' lang='lat' dir='ltr'><strong>vero</strong></span> <span class='ocrx_word' id='word_1_295' title='bbox 1281 2303 1348 2358; x_wconf 89' lang='lat' dir='ltr'><strong>de</strong></span> <span class='ocrx_word' id='word_1_296' title='bbox 1377 2319 1483 2357; x_wconf 88' lang='lat' dir='ltr'><strong>uno</strong></span> <span class='ocrx_word' id='word_1_297' title='bbox 1512 2305 1726 2358; x_wconf 91' lang='lat' dir='ltr'><strong>nomine</strong></span> <span class='ocrx_word' id='word_1_298' title='bbox 1752 2305 1930 2360; x_wconf 75' lang='lat' dir='ltr'><strong>reddi~</strong></span> 
     </span>
    </p>
   </div>
   <div class='ocr_carea' id='block_1_40' title="bbox 356 2397 1934 2466">
    <p class='ocr_par' dir='ltr' id='par_1_40' title="bbox 356 2397 1934 2466">
     <span class='ocr_line' id='line_1_40' title="bbox 356 2397 1934 2466; baseline 0.002 -16"><span class='ocrx_word' id='word_1_299' title='bbox 356 2411 458 2462; x_wconf 91' lang='lat' dir='ltr'><strong>tur,</strong></span> <span class='ocrx_word' id='word_1_300' title='bbox 494 2410 619 2452; x_wconf 91' lang='lat' dir='ltr'><strong>tunc</strong></span> <span class='ocrx_word' id='word_1_301' title='bbox 645 2398 712 2451; x_wconf 92' lang='lat' dir='ltr'><strong>de</strong></span> <span class='ocrx_word' id='word_1_302' title='bbox 744 2398 861 2466; x_wconf 75' lang='lat' dir='ltr'><strong>ipso</strong></span> <span class='ocrx_word' id='word_1_303' title='bbox 891 2397 1106 2451; x_wconf 88' lang='lat' dir='ltr'><strong>nomine</strong></span> <span class='ocrx_word' id='word_1_304' title='bbox 1138 2397 1382 2452; x_wconf 77' lang='lat' dir='ltr'><strong>iacienda</strong></span> <span class='ocrx_word' id='word_1_305' title='bbox 1419 2408 1499 2455; x_wconf 86' lang='lat' dir='ltr'><strong>est</strong></span> <span class='ocrx_word' id='word_1_306' title='bbox 1533 2398 1821 2462; x_wconf 79' lang='lat' dir='ltr'><strong>diiiinitio;</strong></span> <span class='ocrx_word' id='word_1_307' title='bbox 1854 2401 1934 2454; x_wconf 87' lang='lat' dir='ltr'><strong>sic</strong></span> 
     </span>
    </p>
   </div>
   <div class='ocr_carea' id='block_1_41' title="bbox 354 2490 1932 2555">
    <p class='ocr_par' dir='ltr' id='par_1_41' title="bbox 354 2490 1932 2555">
     <span class='ocr_line' id='line_1_41' title="bbox 354 2490 1932 2555; baseline 0.002 -11"><span class='ocrx_word' id='word_1_308' title='bbox 354 2502 525 2546; x_wconf 88' lang='lat' dir='ltr'><strong>tamen</strong></span> <span class='ocrx_word' id='word_1_309' title='bbox 553 2501 634 2546; x_wconf 91' lang='lat' dir='ltr'><strong>est</strong></span> <span class='ocrx_word' id='word_1_310' title='bbox 682 2501 825 2546; x_wconf 83' lang='lat' dir='ltr'><strong>recta</strong></span> <span class='ocrx_word' id='word_1_311' title='bbox 858 2491 1122 2555; x_wconf 77' lang='lat' dir='ltr'><strong>facienda,</strong></span> <span class='ocrx_word' id='word_1_312' title='bbox 1165 2500 1222 2544; x_wconf 94' lang='lat' dir='ltr'><strong>ut</strong></span> <span class='ocrx_word' id='word_1_313' title='bbox 1270 2490 1500 2546; x_wconf 78' lang='lat' dir='ltr'><strong>hominis</strong></span> <span class='ocrx_word' id='word_1_314' title='bbox 1554 2492 1809 2546; x_wconf 81' lang='lat' dir='ltr'><strong>diilinitio</strong></span> <span class='ocrx_word' id='word_1_315' title='bbox 1864 2494 1932 2547; x_wconf 51' lang='lat' dir='ltr'><strong>rit</strong></span> 
     </span>
    </p>
   </div>
   <div class='ocr_carea' id='block_1_42' title="bbox 352 2584 1931 2647">
    <p class='ocr_par' dir='ltr' id='par_1_42' title="bbox 352 2584 1931 2647">
     <span class='ocr_line' id='line_1_42' title="bbox 352 2584 1931 2647; baseline 0.003 -11"><span class='ocrx_word' id='word_1_316' title='bbox 352 2585 545 2638; x_wconf 83' lang='lat' dir='ltr'><strong>animal</strong></span> <span class='ocrx_word' id='word_1_317' title='bbox 602 2584 867 2638; x_wconf 85' lang='lat' dir='ltr'><strong>rationale</strong></span> <span class='ocrx_word' id='word_1_318' title='bbox 920 2584 1165 2647; x_wconf 83' lang='lat' dir='ltr'><strong>mortale,</strong></span> <span class='ocrx_word' id='word_1_319' title='bbox 1218 2599 1324 2639; x_wconf 88' lang='lat' dir='ltr'><strong>non</strong></span> <span class='ocrx_word' id='word_1_320' title='bbox 1369 2584 1667 2639; x_wconf 85' lang='lat' dir='ltr'><strong>substantia</strong></span> <span class='ocrx_word' id='word_1_321' title='bbox 1702 2587 1931 2641; x_wconf 79' lang='lat' dir='ltr'><strong>animata</strong></span> 
     </span>
    </p>
   </div>
   <div class='ocr_carea' id='block_1_43' title="bbox 351 2675 1931 2742">
    <p class='ocr_par' dir='ltr' id='par_1_43' title="bbox 351 2675 1931 2742">
     <span class='ocr_line' id='line_1_43' title="bbox 351 2675 1931 2742; baseline 0.001 -13"><span class='ocrx_word' id='word_1_322' title='bbox 351 2676 637 2742; x_wconf 89' lang='lat' dir='ltr'><strong>sensibilis,</strong></span> <span class='ocrx_word' id='word_1_323' title='bbox 671 2675 758 2730; x_wconf 83' lang='lat' dir='ltr'><strong>illa</strong></span> <span class='ocrx_word' id='word_1_324' title='bbox 795 2677 935 2730; x_wconf 87' lang='lat' dir='ltr'><strong>enim</strong></span> <span class='ocrx_word' id='word_1_325' title='bbox 968 2676 1264 2730; x_wconf 79' lang='lat' dir='ltr'><strong>secundum</strong></span> <span class='ocrx_word' id='word_1_326' title='bbox 1312 2675 1546 2730; x_wconf 86' lang='lat' dir='ltr'><strong>hominis</strong></span> <span class='ocrx_word' id='word_1_327' title='bbox 1577 2690 1793 2739; x_wconf 62' lang='lat' dir='ltr'><strong>nomen,</strong></span> <span class='ocrx_word' id='word_1_328' title='bbox 1833 2678 1931 2731; x_wconf 73' lang='lat' dir='ltr'><strong>ista</strong></span> 
     </span>
    </p>
   </div>
   <div class='ocr_carea' id='block_1_44' title="bbox 353 2764 1932 2822">
    <p class='ocr_par' dir='ltr' id='par_1_44' title="bbox 353 2764 1932 2822">
     <span class='ocr_line' id='line_1_44' title="bbox 353 2764 1932 2822; baseline 0.003 -5"><span class='ocrx_word' id='word_1_329' title='bbox 353 2765 640 2819; x_wconf 88' lang='lat' dir='ltr'><strong>secundum</strong></span> <span class='ocrx_word' id='word_1_330' title='bbox 671 2765 918 2818; x_wconf 87' lang='lat' dir='ltr'><strong>animalis</strong></span> <span class='ocrx_word' id='word_1_331' title='bbox 947 2765 1287 2819; x_wconf 83' lang='lat' dir='ltr'><strong>estreddita.</strong></span> <span class='ocrx_word' id='word_1_332' title='bbox 1348 2764 1489 2819; x_wconf 90' lang='lat' dir='ltr'><strong>Idem</strong></span> <span class='ocrx_word' id='word_1_333' title='bbox 1532 2767 1692 2820; x_wconf 86' lang='lat' dir='ltr'><strong>etiam</strong></span> <span class='ocrx_word' id='word_1_334' title='bbox 1745 2765 1797 2820; x_wconf 90' lang='lat' dir='ltr'><strong>in</strong></span> <span class='ocrx_word' id='word_1_335' title='bbox 1850 2767 1932 2822; x_wconf 86' lang='lat' dir='ltr'><strong>his</strong></span> 
     </span>
    </p>
   </div>
   <div class='ocr_carea' id='block_1_45' title="bbox 352 2857 1930 2927">
    <p class='ocr_par' dir='ltr' id='par_1_45' title="bbox 352 2857 1930 2927">
     <span class='ocr_line' id='line_1_45' title="bbox 352 2857 1930 2927; baseline 0 -16"><span class='ocrx_word' id='word_1_336' title='bbox 352 2858 656 2912; x_wconf 87' lang='lat' dir='ltr'><strong>nominibus</strong></span> <span class='ocrx_word' id='word_1_337' title='bbox 681 2874 797 2927; x_wconf 80' lang='lat' dir='ltr'><strong>qua:</strong></span> <span class='ocrx_word' id='word_1_338' title='bbox 829 2857 894 2912; x_wconf 90' lang='lat' dir='ltr'><strong>de</strong></span> <span class='ocrx_word' id='word_1_339' title='bbox 921 2858 1127 2911; x_wconf 87' lang='lat' dir='ltr'><strong>duabus</strong></span> <span class='ocrx_word' id='word_1_340' title='bbox 1171 2859 1329 2914; x_wconf 87' lang='lat' dir='ltr'><strong>rebus</strong></span> <span class='ocrx_word' id='word_1_341' title='bbox 1361 2858 1718 2913; x_wconf 87' lang='lat' dir='ltr'><strong>communiter</strong></span> <span class='ocrx_word' id='word_1_342' title='bbox 1742 2860 1930 2926; x_wconf 57' lang='lat' dir='ltr'><strong>pradi-</strong></span> 
     </span>
    </p>
   </div>
   <div class='ocr_carea' id='block_1_46' title="bbox 355 2949 1926 3016">
    <p class='ocr_par' dir='ltr' id='par_1_46' title="bbox 355 2949 1926 3016">
     <span class='ocr_line' id='line_1_46' title="bbox 355 2949 1926 3016; baseline 0.002 -13"><span class='ocrx_word' id='word_1_343' title='bbox 355 2958 561 3016; x_wconf 88' lang='lat' dir='ltr'><strong>cautur,</strong></span> <span class='ocrx_word' id='word_1_344' title='bbox 606 2949 651 3002; x_wconf 92' lang='lat' dir='ltr'><strong>si</strong></span> <span class='ocrx_word' id='word_1_345' title='bbox 699 2949 994 3004; x_wconf 90' lang='lat' dir='ltr'><strong>secundum</strong></span> <span class='ocrx_word' id='word_1_346' title='bbox 1057 2965 1247 3005; x_wconf 87' lang='lat' dir='ltr'><strong>nomen</strong></span> <span class='ocrx_word' id='word_1_347' title='bbox 1303 2950 1617 3004; x_wconf 73' lang='lat' dir='ltr'><strong>substantiae</strong></span> <span class='ocrx_word' id='word_1_348' title='bbox 1658 2952 1795 3005; x_wconf 88' lang='lat' dir='ltr'><strong>ratio</strong></span> <span class='ocrx_word' id='word_1_349' title='bbox 1819 2967 1926 3006; x_wconf 85' lang='lat' dir='ltr'><strong>non</strong></span> 
     </span>
    </p>
   </div>
   <div class='ocr_carea' id='block_1_47' title="bbox 354 3043 1928 3114">
    <p class='ocr_par' dir='ltr' id='par_1_47' title="bbox 354 3043 1928 3114">
     <span class='ocr_line' id='line_1_47' title="bbox 354 3043 1928 3114; baseline 0.002 -18"><span class='ocrx_word' id='word_1_350' title='bbox 354 3043 627 3109; x_wconf 87' lang='lat' dir='ltr'><strong>reddatur,</strong></span> <span class='ocrx_word' id='word_1_351' title='bbox 654 3052 826 3113; x_wconf 87' lang='lat' dir='ltr'><strong>potest</strong></span> <span class='ocrx_word' id='word_1_352' title='bbox 850 3044 1136 3114; x_wconf 80' lang='lat' dir='ltr'><strong>aliqunties</strong></span> <span class='ocrx_word' id='word_1_353' title='bbox 1162 3043 1295 3108; x_wconf 81' lang='lat' dir='ltr'><strong>ﬁeri,</strong></span> <span class='ocrx_word' id='word_1_354' title='bbox 1324 3048 1388 3097; x_wconf 77' lang='grc' dir='ltr'><strong>ιιι</strong></span> <span class='ocrx_word' id='word_1_355' title='bbox 1413 3060 1476 3098; x_wconf 82' lang='lat' dir='ltr'><strong>ex</strong></span> <span class='ocrx_word' id='word_1_356' title='bbox 1500 3045 1740 3100; x_wconf 86' lang='lat' dir='ltr'><strong>univocis</strong></span> <span class='ocrx_word' id='word_1_357' title='bbox 1764 3045 1928 3114; x_wconf 69' lang='lat' dir='ltr'><strong>tequi-</strong></span> 
     </span>
    </p>
   </div>
   <div class='ocr_carea' id='block_1_48' title="bbox 2035 1853 3614 1926">
    <p class='ocr_par' dir='ltr' id='par_1_48' title="bbox 2035 1853 3614 1926">
     <span class='ocr_line' id='line_1_48' title="bbox 2035 1853 3614 1926; baseline 0.01 -22"><span class='ocrx_word' id='word_1_358' title='bbox 2035 1853 2190 1913; x_wconf 74' lang='lat' dir='ltr'><strong>dirit,</strong></span> <span class='ocrx_word' id='word_1_359' title='bbox 2218 1863 2272 1905; x_wconf 85' lang='lat' dir='ltr'><strong>et</strong></span> <span class='ocrx_word' id='word_1_360' title='bbox 2295 1853 2632 1909; x_wconf 81' lang='lat' dir='ltr'><strong>diﬂinitiouis</strong></span> <span class='ocrx_word' id='word_1_361' title='bbox 2659 1865 2712 1909; x_wconf 87' lang='lat' dir='ltr'><strong>et</strong></span> <span class='ocrx_word' id='word_1_362' title='bbox 2739 1857 3121 1926; x_wconf 81' lang='lat' dir='ltr'><strong>descriptionis</strong></span> <span class='ocrx_word' id='word_1_363' title='bbox 3158 1875 3350 1915; x_wconf 88' lang='lat' dir='ltr'><strong>nomen</strong></span> <span class='ocrx_word' id='word_1_364' title='bbox 3379 1861 3614 1920; x_wconf 81' lang='lat' dir='ltr'><strong>inclusit.</strong></span> 
     </span>
    </p>
   </div>
   <div class='ocr_carea' id='block_1_49' title="bbox 2034 1941 3614 2017">
    <p class='ocr_par' dir='ltr' id='par_1_49' title="bbox 2034 1941 3614 2017">
     <span class='ocr_line' id='line_1_49' title="bbox 2034 1941 3614 2017; baseline 0.008 -21"><span class='ocrx_word' id='word_1_365' title='bbox 2034 1941 2448 2012; x_wconf 60' lang='lat' dir='ltr'><strong>Equivocorum</strong></span> <span class='ocrx_word' id='word_1_366' title='bbox 2481 1947 2582 1999; x_wconf 84' lang='lat' dir='ltr'><strong>alia</strong></span> <span class='ocrx_word' id='word_1_367' title='bbox 2618 1957 2740 2000; x_wconf 89' lang='lat' dir='ltr'><strong>sunt</strong></span> <span class='ocrx_word' id='word_1_368' title='bbox 2770 1963 2920 2012; x_wconf 88' lang='lat' dir='ltr'><strong>casu,</strong></span> <span class='ocrx_word' id='word_1_369' title='bbox 2947 1949 3048 2004; x_wconf 89' lang='lat' dir='ltr'><strong>alia</strong></span> <span class='ocrx_word' id='word_1_370' title='bbox 3077 1951 3324 2005; x_wconf 84' lang='lat' dir='ltr'><strong>consilio.</strong></span> <span class='ocrx_word' id='word_1_371' title='bbox 3363 1951 3523 2017; x_wconf 84' lang='lat' dir='ltr'><strong>Casu,</strong></span> <span class='ocrx_word' id='word_1_372' title='bbox 3560 1962 3614 2009; x_wconf 90' lang='lat' dir='ltr'><strong>ut</strong></span> 
     </span>
    </p>
   </div>
   <div class='ocr_carea' id='block_1_50' title="bbox 2037 2034 3614 2110">
    <p class='ocr_par' dir='ltr' id='par_1_50' title="bbox 2037 2034 3614 2110">
     <span class='ocr_line' id='line_1_50' title="bbox 2037 2034 3614 2110; baseline 0.008 -25"><span class='ocrx_word' id='word_1_373' title='bbox 2037 2034 2339 2088; x_wconf 71' lang='lat' dir='ltr'><strong>Alexander</strong></span> <span class='ocrx_word' id='word_1_374' title='bbox 2362 2034 2560 2089; x_wconf 84' lang='lat' dir='ltr'><strong>Priami</strong></span> <span class='ocrx_word' id='word_1_375' title='bbox 2593 2037 2730 2090; x_wconf 87' lang='lat' dir='ltr'><strong>lilins</strong></span> <span class='ocrx_word' id='word_1_376' title='bbox 2754 2047 2806 2091; x_wconf 90' lang='lat' dir='ltr'><strong>et</strong></span> <span class='ocrx_word' id='word_1_377' title='bbox 2840 2039 3142 2093; x_wconf 75' lang='lat' dir='ltr'><strong>Alexander</strong></span> <span class='ocrx_word' id='word_1_378' title='bbox 3169 2040 3410 2110; x_wconf 76' lang='lat' dir='ltr'><strong>Magnus.</strong></span> <span class='ocrx_word' id='word_1_379' title='bbox 3449 2043 3614 2097; x_wconf 75' lang='lat' dir='ltr'><strong>Casus</strong></span> 
     </span>
    </p>
   </div>
   <div class='ocr_carea' id='block_1_51' title="bbox 2037 2124 3613 2202">
    <p class='ocr_par' dir='ltr' id='par_1_51' title="bbox 2037 2124 3613 2202">
     <span class='ocr_line' id='line_1_51' title="bbox 2037 2124 3613 2202; baseline 0.011 -27"><span class='ocrx_word' id='word_1_380' title='bbox 2037 2125 2178 2178; x_wconf 87' lang='lat' dir='ltr'><strong>enim</strong></span> <span class='ocrx_word' id='word_1_381' title='bbox 2233 2124 2284 2178; x_wconf 91' lang='lat' dir='ltr'><strong>id</strong></span> <span class='ocrx_word' id='word_1_382' title='bbox 2327 2131 2466 2195; x_wconf 80' lang='lat' dir='ltr'><strong>egit,</strong></span> <span class='ocrx_word' id='word_1_383' title='bbox 2514 2137 2570 2180; x_wconf 90' lang='lat' dir='ltr'><strong>ut</strong></span> <span class='ocrx_word' id='word_1_384' title='bbox 2624 2129 2764 2183; x_wconf 83' lang='lat' dir='ltr'><strong>idem</strong></span> <span class='ocrx_word' id='word_1_385' title='bbox 2810 2131 3025 2198; x_wconf 79' lang='lat' dir='ltr'><strong>utrique</strong></span> <span class='ocrx_word' id='word_1_386' title='bbox 3064 2147 3259 2186; x_wconf 87' lang='lat' dir='ltr'><strong>nomen</strong></span> <span class='ocrx_word' id='word_1_387' title='bbox 3306 2144 3613 2202; x_wconf 82' lang='lat' dir='ltr'><strong>poneretur.</strong></span> 
     </span>
    </p>
   </div>
   <div class='ocr_carea' id='block_1_52' title="bbox 2037 2217 3613 2291">
    <p class='ocr_par' dir='ltr' id='par_1_52' title="bbox 2037 2217 3613 2291">
     <span class='ocr_line' id='line_1_52' title="bbox 2037 2217 3613 2291; baseline 0.008 -20"><span class='ocrx_word' id='word_1_388' title='bbox 2037 2217 2275 2272; x_wconf 80' lang='lat' dir='ltr'><strong>Consilio</strong></span> <span class='ocrx_word' id='word_1_389' title='bbox 2319 2235 2465 2284; x_wconf 85' lang='lat' dir='ltr'><strong>vero,</strong></span> <span class='ocrx_word' id='word_1_390' title='bbox 2519 2235 2580 2274; x_wconf 90' lang='lat' dir='ltr'><strong>ea</strong></span> <span class='ocrx_word' id='word_1_391' title='bbox 2625 2237 2958 2291; x_wconf 63' lang='lat' dir='ltr'><strong>quascunque</strong></span> <span class='ocrx_word' id='word_1_392' title='bbox 3012 2225 3287 2278; x_wconf 85' lang='lat' dir='ltr'><strong>hominum</strong></span> <span class='ocrx_word' id='word_1_393' title='bbox 3341 2227 3613 2284; x_wconf 80' lang='lat' dir='ltr'><strong>voluntate</strong></span> 
     </span>
    </p>
   </div>
   <div class='ocr_carea' id='block_1_53' title="bbox 2037 2311 3618 2377">
    <p class='ocr_par' dir='ltr' id='par_1_53' title="bbox 2037 2311 3618 2377">
     <span class='ocr_line' id='line_1_53' title="bbox 2037 2311 3618 2377; baseline 0.009 -16"><span class='ocrx_word' id='word_1_394' title='bbox 2037 2317 2161 2362; x_wconf 89' lang='lat' dir='ltr'><strong>sunt</strong></span> <span class='ocrx_word' id='word_1_395' title='bbox 2190 2322 2384 2377; x_wconf 81' lang='lat' dir='ltr'><strong>posita.</strong></span> <span class='ocrx_word' id='word_1_396' title='bbox 2413 2311 2615 2365; x_wconf 85' lang='lat' dir='ltr'><strong>Horum</strong></span> <span class='ocrx_word' id='word_1_397' title='bbox 2645 2324 2823 2366; x_wconf 84' lang='lat' dir='ltr'><strong>autem</strong></span> <span class='ocrx_word' id='word_1_398' title='bbox 2852 2315 2957 2368; x_wconf 82' lang='lat' dir='ltr'><strong>alia</strong></span> <span class='ocrx_word' id='word_1_399' title='bbox 2986 2328 3110 2369; x_wconf 89' lang='lat' dir='ltr'><strong>sunt</strong></span> <span class='ocrx_word' id='word_1_400' title='bbox 3143 2320 3436 2372; x_wconf 84' lang='lat' dir='ltr'><strong>secundum</strong></span> <span class='ocrx_word' id='word_1_401' title='bbox 3467 2322 3618 2377; x_wconf 79' lang='lat' dir='ltr'><strong>simi-</strong></span> 
     </span>
    </p>
   </div>
   <div class='ocr_carea' id='block_1_54' title="bbox 2038 2398 3613 2482">
    <p class='ocr_par' dir='ltr' id='par_1_54' title="bbox 2038 2398 3613 2482">
     <span class='ocr_line' id='line_1_54' title="bbox 2038 2398 3613 2482; baseline 0.013 -31"><span class='ocrx_word' id='word_1_402' title='bbox 2038 2398 2341 2465; x_wconf 89' lang='lat' dir='ltr'><strong>litudinem,</strong></span> <span class='ocrx_word' id='word_1_403' title='bbox 2369 2410 2426 2455; x_wconf 87' lang='lat' dir='ltr'><strong>ut</strong></span> <span class='ocrx_word' id='word_1_404' title='bbox 2457 2402 2616 2457; x_wconf 81' lang='lat' dir='ltr'><strong>homo</strong></span> <span class='ocrx_word' id='word_1_405' title='bbox 2647 2405 2826 2472; x_wconf 90' lang='lat' dir='ltr'><strong>pictus</strong></span> <span class='ocrx_word' id='word_1_406' title='bbox 2851 2415 2906 2460; x_wconf 92' lang='lat' dir='ltr'><strong>et</strong></span> <span class='ocrx_word' id='word_1_407' title='bbox 2936 2406 3098 2462; x_wconf 85' lang='lat' dir='ltr'><strong>homo</strong></span> <span class='ocrx_word' id='word_1_408' title='bbox 3127 2424 3313 2476; x_wconf 77' lang='lat' dir='ltr'><strong>verus,</strong></span> <span class='ocrx_word' id='word_1_409' title='bbox 3342 2426 3448 2482; x_wconf 86' lang='lat' dir='ltr'><strong>quo</strong></span> <span class='ocrx_word' id='word_1_410' title='bbox 3473 2428 3613 2471; x_wconf 78' lang='lat' dir='ltr'><strong>nunc</strong></span> 
     </span>
    </p>
   </div>
   <div class='ocr_carea' id='block_1_55' title="bbox 2038 2490 3612 2574">
    <p class='ocr_par' dir='ltr' id='par_1_55' title="bbox 2038 2490 3612 2574">
     <span class='ocr_line' id='line_1_55' title="bbox 2038 2490 3612 2574; baseline 0.012 -32"><span class='ocrx_word' id='word_1_411' title='bbox 2038 2493 2202 2545; x_wconf 87' lang='lat' dir='ltr'><strong>utitur</strong></span> <span class='ocrx_word' id='word_1_412' title='bbox 2234 2490 2553 2548; x_wconf 68' lang='lat' dir='ltr'><strong>Aristo&#39;teles</strong></span> <span class='ocrx_word' id='word_1_413' title='bbox 2583 2497 2863 2565; x_wconf 75' lang='lat' dir='ltr'><strong>exemplo;</strong></span> <span class='ocrx_word' id='word_1_414' title='bbox 2900 2498 3004 2553; x_wconf 89' lang='lat' dir='ltr'><strong>alia</strong></span> <span class='ocrx_word' id='word_1_415' title='bbox 3051 2501 3350 2558; x_wconf 84' lang='lat' dir='ltr'><strong>secundum</strong></span> <span class='ocrx_word' id='word_1_416' title='bbox 3387 2519 3612 2574; x_wconf 66' lang='lat' dir='ltr'><strong>propera</strong></span> 
     </span>
    </p>
   </div>
   <div class='ocr_carea' id='block_1_56' title="bbox 2038 2583 3611 2663">
    <p class='ocr_par' dir='ltr' id='par_1_56' title="bbox 2038 2583 3611 2663">
     <span class='ocr_line' id='line_1_56' title="bbox 2038 2583 3611 2663; baseline 0.012 -29"><span class='ocrx_word' id='word_1_417' title='bbox 2038 2583 2259 2648; x_wconf 88' lang='lat' dir='ltr'><strong>tionem,</strong></span> <span class='ocrx_word' id='word_1_418' title='bbox 2292 2595 2347 2638; x_wconf 93' lang='lat' dir='ltr'><strong>ut</strong></span> <span class='ocrx_word' id='word_1_419' title='bbox 2391 2586 2735 2655; x_wconf 82' lang='lat' dir='ltr'><strong>principium,</strong></span> <span class='ocrx_word' id='word_1_420' title='bbox 2788 2605 3018 2662; x_wconf 80' lang='lat' dir='ltr'><strong>namque</strong></span> <span class='ocrx_word' id='word_1_421' title='bbox 3063 2593 3384 2663; x_wconf 76' lang='lat' dir='ltr'><strong>principium</strong></span> <span class='ocrx_word' id='word_1_422' title='bbox 3424 2607 3505 2650; x_wconf 88' lang='lat' dir='ltr'><strong>est</strong></span> <span class='ocrx_word' id='word_1_423' title='bbox 3559 2599 3611 2654; x_wconf 87' lang='lat' dir='ltr'><strong>in</strong></span> 
     </span>
    </p>
   </div>
   <div class='ocr_carea' id='block_1_57' title="bbox 2036 2680 3611 2758">
    <p class='ocr_par' dir='ltr' id='par_1_57' title="bbox 2036 2680 3611 2758">
     <span class='ocr_line' id='line_1_57' title="bbox 2036 2680 3611 2758; baseline 0.011 -31"><span class='ocrx_word' id='word_1_424' title='bbox 2036 2691 2264 2731; x_wconf 91' lang='lat' dir='ltr'><strong>numero</strong></span> <span class='ocrx_word' id='word_1_425' title='bbox 2297 2680 2494 2747; x_wconf 88' lang='lat' dir='ltr'><strong>unitas,</strong></span> <span class='ocrx_word' id='word_1_426' title='bbox 2526 2681 2576 2734; x_wconf 91' lang='lat' dir='ltr'><strong>in</strong></span> <span class='ocrx_word' id='word_1_427' title='bbox 2604 2681 2761 2736; x_wconf 85' lang='lat' dir='ltr'><strong>lineis</strong></span> <span class='ocrx_word' id='word_1_428' title='bbox 2788 2694 3039 2750; x_wconf 80' lang='lat' dir='ltr'><strong>punctus.</strong></span> <span class='ocrx_word' id='word_1_429' title='bbox 3070 2686 3135 2739; x_wconf 79' lang='lat' dir='ltr'><strong>Et</strong></span> <span class='ocrx_word' id='word_1_430' title='bbox 3164 2686 3277 2742; x_wconf 71' lang='lat' dir='ltr'><strong>hac</strong></span> <span class='ocrx_word' id='word_1_431' title='bbox 3317 2690 3611 2758; x_wconf 65' lang='lat' dir='ltr'><strong>mquiroca-</strong></span> 
     </span>
    </p>
   </div>
   <div class='ocr_carea' id='block_1_58' title="bbox 2038 2769 3603 2838">
    <p class='ocr_par' dir='ltr' id='par_1_58' title="bbox 2038 2769 3603 2838">
     <span class='ocr_line' id='line_1_58' title="bbox 2038 2769 3603 2838; baseline 0.011 -18"><span class='ocrx_word' id='word_1_432' title='bbox 2038 2769 2108 2820; x_wconf 91' lang='lat' dir='ltr'><strong>tio</strong></span> <span class='ocrx_word' id='word_1_433' title='bbox 2138 2770 2436 2823; x_wconf 81' lang='lat' dir='ltr'><strong>secundum</strong></span> <span class='ocrx_word' id='word_1_434' title='bbox 2473 2771 2724 2838; x_wconf 86' lang='lat' dir='ltr'><strong>proporti-</strong></span> <span class='ocrx_word' id='word_1_435' title='bbox 2750 2787 2871 2826; x_wconf 87' lang='lat' dir='ltr'><strong>nem</strong></span> <span class='ocrx_word' id='word_1_436' title='bbox 2907 2788 3025 2827; x_wconf 86' lang='lat' dir='ltr'><strong>esse</strong></span> <span class='ocrx_word' id='word_1_437' title='bbox 3063 2775 3274 2831; x_wconf 72' lang='lat' dir='ltr'><strong>dicitur.</strong></span> <span class='ocrx_word' id='word_1_438' title='bbox 3326 2779 3443 2833; x_wconf 85' lang='lat' dir='ltr'><strong>Alia</strong></span> <span class='ocrx_word' id='word_1_439' title='bbox 3475 2796 3603 2836; x_wconf 88' lang='lat' dir='ltr'><strong>vero</strong></span> 
     </span>
    </p>
   </div>
   <div class='ocr_carea' id='block_1_59' title="bbox 2033 2861 3611 2928">
    <p class='ocr_par' dir='ltr' id='par_1_59' title="bbox 2033 2861 3611 2928">
     <span class='ocr_line' id='line_1_59' title="bbox 2033 2861 3611 2928; baseline 0.009 -18"><span class='ocrx_word' id='word_1_440' title='bbox 2033 2869 2157 2911; x_wconf 89' lang='lat' dir='ltr'><strong>sunt</strong></span> <span class='ocrx_word' id='word_1_441' title='bbox 2177 2876 2295 2928; x_wconf 80' lang='lat' dir='ltr'><strong>quae</strong></span> <span class='ocrx_word' id='word_1_442' title='bbox 2315 2863 2503 2914; x_wconf 88' lang='lat' dir='ltr'><strong>abuno</strong></span> <span class='ocrx_word' id='word_1_443' title='bbox 2529 2861 2881 2927; x_wconf 43' lang='lat' dir='ltr'><strong>descendunt,</strong></span> <span class='ocrx_word' id='word_1_444' title='bbox 2907 2875 2958 2916; x_wconf 91' lang='lat' dir='ltr'><strong>ut</strong></span> <span class='ocrx_word' id='word_1_445' title='bbox 2977 2864 3292 2921; x_wconf 82' lang='lat' dir='ltr'><strong>medicinale</strong></span> <span class='ocrx_word' id='word_1_446' title='bbox 3315 2867 3611 2924; x_wconf 74' lang='lat' dir='ltr'><strong>ferramen-</strong></span> 
     </span>
    </p>
   </div>
   <div class='ocr_carea' id='block_1_60' title="bbox 2038 2950 3610 3021">
    <p class='ocr_par' dir='ltr' id='par_1_60' title="bbox 2038 2950 3610 3021">
     <span class='ocr_line' id='line_1_60' title="bbox 2038 2950 3610 3021; baseline 0.01 -20"><span class='ocrx_word' id='word_1_447' title='bbox 2038 2958 2171 3014; x_wconf 85' lang='lat' dir='ltr'><strong>tum,</strong></span> <span class='ocrx_word' id='word_1_448' title='bbox 2211 2950 2535 3004; x_wconf 76' lang='lat' dir='ltr'><strong>mediciuale</strong></span> <span class='ocrx_word' id='word_1_449' title='bbox 2566 2953 2920 3021; x_wconf 81' lang='lat' dir='ltr'><strong>pigmentum,</strong></span> <span class='ocrx_word' id='word_1_450' title='bbox 2951 2957 3019 3009; x_wconf 85' lang='lat' dir='ltr'><strong>ab</strong></span> <span class='ocrx_word' id='word_1_451' title='bbox 3050 2970 3154 3008; x_wconf 80' lang='lat' dir='ltr'><strong>una</strong></span> <span class='ocrx_word' id='word_1_452' title='bbox 3176 2958 3317 3010; x_wconf 83' lang='lat' dir='ltr'><strong>enim</strong></span> <span class='ocrx_word' id='word_1_453' title='bbox 3347 2958 3610 3016; x_wconf 78' lang='lat' dir='ltr'><strong>medicina</strong></span> 
     </span>
    </p>
   </div>
   <div class='ocr_carea' id='block_1_61' title="bbox 2035 3043 3610 3116">
    <p class='ocr_par' dir='ltr' id='par_1_61' title="bbox 2035 3043 3610 3116">
     <span class='ocr_line' id='line_1_61' title="bbox 2035 3043 3610 3116; baseline 0.006 -20"><span class='ocrx_word' id='word_1_454' title='bbox 2035 3043 2384 3111; x_wconf 78' lang='lat' dir='ltr'><strong>:equivocatio</strong></span> <span class='ocrx_word' id='word_1_455' title='bbox 2417 3043 2518 3096; x_wconf 85' lang='lat' dir='ltr'><strong>ista</strong></span> <span class='ocrx_word' id='word_1_456' title='bbox 2553 3043 2851 3100; x_wconf 90' lang='lat' dir='ltr'><strong>descendit.</strong></span> <span class='ocrx_word' id='word_1_457' title='bbox 2880 3045 3000 3100; x_wconf 80' lang='lat' dir='ltr'><strong>Alia</strong></span> <span class='ocrx_word' id='word_1_458' title='bbox 3021 3061 3139 3116; x_wconf 79' lang='lat' dir='ltr'><strong>quae</strong></span> <span class='ocrx_word' id='word_1_459' title='bbox 3161 3047 3230 3102; x_wconf 90' lang='lat' dir='ltr'><strong>ad</strong></span> <span class='ocrx_word' id='word_1_460' title='bbox 3261 3064 3422 3102; x_wconf 80' lang='lat' dir='ltr'><strong>unum</strong></span> <span class='ocrx_word' id='word_1_461' title='bbox 3472 3049 3610 3105; x_wconf 78' lang='lat' dir='ltr'><strong>refe-</strong></span> 
     </span>
    </p>
   </div>
   <div class='ocr_carea' id='block_1_62' title="bbox 355 3114 3610 3206">
    <p class='ocr_par' dir='ltr' id='par_1_62' title="bbox 355 3114 3610 3206">
     <span class='ocr_line' id='line_1_62' title="bbox 355 3114 3610 3206; baseline 0.003 -20"><span class='ocrx_word' id='word_1_462' title='bbox 355 3148 484 3189; x_wconf 79' lang='lat' dir='ltr'><strong>vaea</strong></span> <span class='ocrx_word' id='word_1_463' title='bbox 519 3137 640 3200; x_wconf 84' lang='lat' dir='ltr'><strong>sint,</strong></span> <span class='ocrx_word' id='word_1_464' title='bbox 678 3145 729 3189; x_wconf 89' lang='lat' dir='ltr'><strong>et</strong></span> <span class='ocrx_word' id='word_1_465' title='bbox 767 3152 829 3191; x_wconf 73' lang='lat' dir='ltr'><strong>cx</strong></span> <span class='ocrx_word' id='word_1_466' title='bbox 883 3137 1174 3205; x_wconf 79' lang='lat' dir='ltr'><strong>:equivocis</strong></span> <span class='ocrx_word' id='word_1_467' title='bbox 1218 3137 1468 3200; x_wconf 86' lang='lat' dir='ltr'><strong>univoca;</strong></span> <span class='ocrx_word' id='word_1_468' title='bbox 1503 3151 1732 3206; x_wconf 84' lang='lat' dir='ltr'><strong>namque</strong></span> <span class='ocrx_word' id='word_1_469' title='bbox 1769 3136 1927 3191; x_wconf 90' lang='lat' dir='ltr'><strong>homo</strong></span> <span class='ocrx_word' id='word_1_470' title='bbox 1955 3114 2002 3186; x_wconf 66' lang='grc' dir='ltr'>ο</span> <span class='ocrx_word' id='word_1_471' title='bbox 2033 3142 2238 3198; x_wconf 90' lang='lat' dir='ltr'><strong>runtur,</strong></span> <span class='ocrx_word' id='word_1_472' title='bbox 2271 3143 2331 3187; x_wconf 91' lang='lat' dir='ltr'><strong>ut</strong></span> <span class='ocrx_word' id='word_1_473' title='bbox 2349 3135 2392 3188; x_wconf 73' lang='lat' dir='ltr'><strong>si</strong></span> <span class='ocrx_word' id='word_1_474' title='bbox 2415 3135 2532 3203; x_wconf 87' lang='lat' dir='ltr'><strong>quis</strong></span> <span class='ocrx_word' id='word_1_475' title='bbox 2557 3135 2699 3189; x_wconf 84' lang='lat' dir='ltr'><strong>dicat</strong></span> <span class='ocrx_word' id='word_1_476' title='bbox 2725 3137 2972 3190; x_wconf 85' lang='lat' dir='ltr'><strong>salutaris</strong></span> <span class='ocrx_word' id='word_1_477' title='bbox 2997 3140 3224 3193; x_wconf 77' lang='lat' dir='ltr'><strong>vectatio</strong></span> <span class='ocrx_word' id='word_1_478' title='bbox 3281 3149 3381 3206; x_wconf 81' lang='lat' dir='ltr'><strong>est,</strong></span> <span class='ocrx_word' id='word_1_479' title='bbox 3415 3140 3610 3196; x_wconf 76' lang='lat' dir='ltr'><strong>saluta-</strong></span> 
     </span>
    </p>
   </div>
   <div class='ocr_carea' id='block_1_63' title="bbox 352 3228 1930 3297">
    <p class='ocr_par' dir='ltr' id='par_1_63' title="bbox 352 3228 1930 3297">
     <span class='ocr_line' id='line_1_63' title="bbox 352 3228 1930 3297; baseline 0.003 -18"><span class='ocrx_word' id='word_1_480' title='bbox 352 3237 510 3297; x_wconf 88' lang='lat' dir='ltr'><strong>atqne</strong></span> <span class='ocrx_word' id='word_1_481' title='bbox 543 3243 706 3297; x_wconf 81' lang='lat' dir='ltr'><strong>equus</strong></span> <span class='ocrx_word' id='word_1_482' title='bbox 728 3243 850 3282; x_wconf 90' lang='lat' dir='ltr'><strong>cum</strong></span> <span class='ocrx_word' id='word_1_483' title='bbox 881 3228 1170 3283; x_wconf 88' lang='lat' dir='ltr'><strong>secundum</strong></span> <span class='ocrx_word' id='word_1_484' title='bbox 1204 3243 1398 3283; x_wconf 84' lang='lat' dir='ltr'><strong>nomen</strong></span> <span class='ocrx_word' id='word_1_485' title='bbox 1430 3228 1676 3282; x_wconf 86' lang='lat' dir='ltr'><strong>animalis</strong></span> <span class='ocrx_word' id='word_1_486' title='bbox 1706 3229 1930 3283; x_wconf 87' lang='lat' dir='ltr'><strong>univoca</strong></span> 
     </span>
    </p>
   </div>
   <div class='ocr_carea' id='block_1_64' title="bbox 352 3319 1928 3390">
    <p class='ocr_par' dir='ltr' id='par_1_64' title="bbox 352 3319 1928 3390">
     <span class='ocr_line' id='line_1_64' title="bbox 352 3319 1928 3390; baseline 0.001 -16"><span class='ocrx_word' id='word_1_487' title='bbox 352 3321 477 3382; x_wconf 85' lang='lat' dir='ltr'><strong>sint,</strong></span> <span class='ocrx_word' id='word_1_488' title='bbox 512 3331 732 3389; x_wconf 89' lang='lat' dir='ltr'><strong>possunt</strong></span> <span class='ocrx_word' id='word_1_489' title='bbox 786 3336 904 3373; x_wconf 72' lang='lat' dir='ltr'><strong>csse</strong></span> <span class='ocrx_word' id='word_1_490' title='bbox 959 3321 1252 3390; x_wconf 76' lang='lat' dir='ltr'><strong>:equivoca,</strong></span> <span class='ocrx_word' id='word_1_491' title='bbox 1300 3320 1342 3374; x_wconf 90' lang='lat' dir='ltr'><strong>si</strong></span> <span class='ocrx_word' id='word_1_492' title='bbox 1394 3319 1688 3375; x_wconf 85' lang='lat' dir='ltr'><strong>secundum</strong></span> <span class='ocrx_word' id='word_1_493' title='bbox 1735 3335 1928 3375; x_wconf 84' lang='lat' dir='ltr'><strong>nomen</strong></span> 
     </span>
    </p>
   </div>
   <div class='ocr_carea' id='block_1_65' title="bbox 352 3412 1931 3482">
    <p class='ocr_par' dir='ltr' id='par_1_65' title="bbox 352 3412 1931 3482">
     <span class='ocr_line' id='line_1_65' title="bbox 352 3412 1931 3482; baseline 0.002 -18"><span class='ocrx_word' id='word_1_494' title='bbox 352 3412 572 3467; x_wconf 84' lang='lat' dir='ltr'><strong>minime</strong></span> <span class='ocrx_word' id='word_1_495' title='bbox 621 3412 848 3466; x_wconf 76' lang='lat' dir='ltr'><strong>difﬁnita</strong></span> <span class='ocrx_word' id='word_1_496' title='bbox 881 3414 1005 3466; x_wconf 90' lang='lat' dir='ltr'><strong>sint.</strong></span> <span class='ocrx_word' id='word_1_497' title='bbox 1033 3412 1201 3466; x_wconf 89' lang='lat' dir='ltr'><strong>llomo</strong></span> <span class='ocrx_word' id='word_1_498' title='bbox 1229 3427 1458 3482; x_wconf 89' lang='lat' dir='ltr'><strong>namque</strong></span> <span class='ocrx_word' id='word_1_499' title='bbox 1481 3421 1533 3466; x_wconf 89' lang='lat' dir='ltr'><strong>et</strong></span> <span class='ocrx_word' id='word_1_500' title='bbox 1574 3428 1744 3482; x_wconf 86' lang='lat' dir='ltr'><strong>equus</strong></span> <span class='ocrx_word' id='word_1_501' title='bbox 1781 3427 1931 3468; x_wconf 83' lang='lat' dir='ltr'><strong>com-</strong></span> 
     </span>
    </p>
   </div>
   <div class='ocr_carea' id='block_1_66' title="bbox 351 3505 1927 3574">
    <p class='ocr_par' dir='ltr' id='par_1_66' title="bbox 351 3505 1927 3574">
     <span class='ocr_line' id='line_1_66' title="bbox 351 3505 1927 3574; baseline 0.001 -15"><span class='ocrx_word' id='word_1_502' title='bbox 351 3507 497 3559; x_wconf 89' lang='lat' dir='ltr'><strong>muni</strong></span> <span class='ocrx_word' id='word_1_503' title='bbox 553 3507 775 3560; x_wconf 88' lang='lat' dir='ltr'><strong>nomine</strong></span> <span class='ocrx_word' id='word_1_504' title='bbox 820 3506 1072 3559; x_wconf 85' lang='lat' dir='ltr'><strong>animalia</strong></span> <span class='ocrx_word' id='word_1_505' title='bbox 1121 3515 1512 3574; x_wconf 86' lang='lat' dir='ltr'><strong>nuncupanlur,</strong></span> <span class='ocrx_word' id='word_1_506' title='bbox 1563 3505 1611 3559; x_wconf 90' lang='lat' dir='ltr'><strong>si</strong></span> <span class='ocrx_word' id='word_1_507' title='bbox 1639 3506 1762 3574; x_wconf 85' lang='lat' dir='ltr'><strong>quis</strong></span> <span class='ocrx_word' id='word_1_508' title='bbox 1799 3519 1927 3574; x_wconf 77' lang='lat' dir='ltr'><strong>ergo</strong></span> 
     </span>
    </p>
   </div>
   <div class='ocr_carea' id='block_1_67' title="bbox 352 3594 1931 3661">
    <p class='ocr_par' dir='ltr' id='par_1_67' title="bbox 352 3594 1931 3661">
     <span class='ocr_line' id='line_1_67' title="bbox 352 3594 1931 3661; baseline 0.002 -13"><span class='ocrx_word' id='word_1_509' title='bbox 352 3594 584 3650; x_wconf 83' lang='lat' dir='ltr'><strong>hominis</strong></span> <span class='ocrx_word' id='word_1_510' title='bbox 611 3597 798 3650; x_wconf 80' lang='lat' dir='ltr'><strong>reddat</strong></span> <span class='ocrx_word' id='word_1_511' title='bbox 818 3595 1194 3650; x_wconf 72' lang='lat' dir='ltr'><strong>difﬁnitionem</strong></span> <span class='ocrx_word' id='word_1_512' title='bbox 1223 3596 1426 3661; x_wconf 86' lang='lat' dir='ltr'><strong>dicens,</strong></span> <span class='ocrx_word' id='word_1_513' title='bbox 1452 3597 1644 3650; x_wconf 85' lang='lat' dir='ltr'><strong>animal</strong></span> <span class='ocrx_word' id='word_1_514' title='bbox 1672 3596 1931 3651; x_wconf 77' lang='lat' dir='ltr'><strong>rationale</strong></span> 
     </span>
    </p>
   </div>
   <div class='ocr_carea' id='block_1_68' title="bbox 354 3687 1932 3756">
    <p class='ocr_par' dir='ltr' id='par_1_68' title="bbox 354 3687 1932 3756">
     <span class='ocr_line' id='line_1_68' title="bbox 354 3687 1932 3756; baseline 0.003 -20"><span class='ocrx_word' id='word_1_515' title='bbox 354 3688 604 3748; x_wconf 87' lang='lat' dir='ltr'><strong>mortale,</strong></span> <span class='ocrx_word' id='word_1_516' title='bbox 634 3695 688 3740; x_wconf 91' lang='lat' dir='ltr'><strong>et</strong></span> <span class='ocrx_word' id='word_1_517' title='bbox 735 3687 877 3756; x_wconf 90' lang='lat' dir='ltr'><strong>equi,</strong></span> <span class='ocrx_word' id='word_1_518' title='bbox 920 3688 1116 3741; x_wconf 86' lang='lat' dir='ltr'><strong>animal</strong></span> <span class='ocrx_word' id='word_1_519' title='bbox 1167 3688 1482 3741; x_wconf 66' lang='lat' dir='ltr'><strong>irrationale</strong></span> <span class='ocrx_word' id='word_1_520' title='bbox 1540 3687 1814 3753; x_wconf 84' lang='lat' dir='ltr'><strong>liinnihile,</strong></span> <span class='ocrx_word' id='word_1_521' title='bbox 1851 3687 1932 3740; x_wconf 86' lang='lat' dir='ltr'><strong>tli-</strong></span> 
     </span>
    </p>
   </div>
   <div class='ocr_carea' id='block_1_69' title="bbox 354 3779 1926 3844">
    <p class='ocr_par' dir='ltr' id='par_1_69' title="bbox 354 3779 1926 3844">
     <span class='ocr_line' id='line_1_69' title="bbox 354 3779 1926 3844; baseline 0.003 -14"><span class='ocrx_word' id='word_1_522' title='bbox 354 3793 539 3833; x_wconf 82' lang='lat' dir='ltr'><strong>versas</strong></span> <span class='ocrx_word' id='word_1_523' title='bbox 566 3779 802 3833; x_wconf 64' lang='lat' dir='ltr'><strong>reddidit</strong></span> <span class='ocrx_word' id='word_1_524' title='bbox 823 3779 1186 3844; x_wconf 81' lang='lat' dir='ltr'><strong>diflinitiones,</strong></span> <span class='ocrx_word' id='word_1_525' title='bbox 1212 3792 1262 3835; x_wconf 92' lang='lat' dir='ltr'><strong>et</strong></span> <span class='ocrx_word' id='word_1_526' title='bbox 1293 3790 1448 3834; x_wconf 92' lang='lat' dir='ltr'><strong>erunt</strong></span> <span class='ocrx_word' id='word_1_527' title='bbox 1493 3797 1579 3834; x_wconf 92' lang='lat' dir='ltr'><strong>rcs</strong></span> <span class='ocrx_word' id='word_1_528' title='bbox 1609 3782 1843 3834; x_wconf 84' lang='lat' dir='ltr'><strong>univocae</strong></span> <span class='ocrx_word' id='word_1_529' title='bbox 1878 3781 1926 3834; x_wconf 94' lang='lat' dir='ltr'><strong>in</strong></span> 
     </span>
    </p>
   </div>
   <div class='ocr_carea' id='block_1_70' title="bbox 358 3871 1922 3940">
    <p class='ocr_par' dir='ltr' id='par_1_70' title="bbox 358 3871 1922 3940">
     <span class='ocr_line' id='line_1_70' title="bbox 358 3871 1922 3940; baseline 0 -16"><span class='ocrx_word' id='word_1_530' title='bbox 358 3871 666 3940; x_wconf 80' lang='lat' dir='ltr'><strong>:equivocas</strong></span> <span class='ocrx_word' id='word_1_531' title='bbox 697 3880 1025 3940; x_wconf 57' lang='lat' dir='ltr'><strong>permutatae.</strong></span> <span class='ocrx_word' id='word_1_532' title='bbox 1083 3873 1197 3928; x_wconf 80' lang='lat' dir='ltr'><strong>Hoc</strong></span> <span class='ocrx_word' id='word_1_533' title='bbox 1245 3882 1422 3926; x_wconf 78' lang='lat' dir='ltr'><strong>autem</strong></span> <span class='ocrx_word' id='word_1_534' title='bbox 1474 3872 1674 3926; x_wconf 89' lang='lat' dir='ltr'><strong>idcirco</strong></span> <span class='ocrx_word' id='word_1_535' title='bbox 1723 3873 1922 3938; x_wconf 82' lang='lat' dir='ltr'><strong>evenit,</strong></span> 
     </span>
    </p>
   </div>
   <div class='ocr_carea' id='block_1_71' title="bbox 356 3961 1929 4032">
    <p class='ocr_par' dir='ltr' id='par_1_71' title="bbox 356 3961 1929 4032">
     <span class='ocr_line' id='line_1_71' title="bbox 356 3961 1929 4032; baseline 0.003 -18"><span class='ocrx_word' id='word_1_536' title='bbox 356 3963 497 4032; x_wconf 86' lang='lat' dir='ltr'><strong>quod</strong></span> <span class='ocrx_word' id='word_1_537' title='bbox 523 3961 866 4018; x_wconf 82' lang='lat' dir='ltr'><strong>dilﬁnitiones</strong></span> <span class='ocrx_word' id='word_1_538' title='bbox 892 3980 992 4017; x_wconf 92' lang='lat' dir='ltr'><strong>non</strong></span> <span class='ocrx_word' id='word_1_539' title='bbox 1012 3964 1302 4019; x_wconf 90' lang='lat' dir='ltr'><strong>secundum</strong></span> <span class='ocrx_word' id='word_1_540' title='bbox 1327 3963 1576 4017; x_wconf 89' lang='lat' dir='ltr'><strong>animalis</strong></span> <span class='ocrx_word' id='word_1_541' title='bbox 1599 3980 1792 4018; x_wconf 85' lang='lat' dir='ltr'><strong>nomen</strong></span> <span class='ocrx_word' id='word_1_542' title='bbox 1811 3964 1929 4018; x_wconf 85' lang='lat' dir='ltr'><strong>red-</strong></span> 
     </span>
    </p>
   </div>
   <div class='ocr_carea' id='block_1_72' title="bbox 352 4054 1925 4125">
    <p class='ocr_par' dir='ltr' id='par_1_72' title="bbox 352 4054 1925 4125">
     <span class='ocr_line' id='line_1_72' title="bbox 352 4054 1925 4125; baseline 0.004 -18"><span class='ocrx_word' id='word_1_543' title='bbox 352 4054 481 4107; x_wconf 70' lang='lat' dir='ltr'><strong>dite</strong></span> <span class='ocrx_word' id='word_1_544' title='bbox 511 4065 656 4118; x_wconf 90' lang='lat' dir='ltr'><strong>sunt,</strong></span> <span class='ocrx_word' id='word_1_545' title='bbox 689 4055 826 4125; x_wconf 86' lang='lat' dir='ltr'><strong>quod</strong></span> <span class='ocrx_word' id='word_1_546' title='bbox 854 4071 1032 4109; x_wconf 83' lang='lat' dir='ltr'><strong>eorum</strong></span> <span class='ocrx_word' id='word_1_547' title='bbox 1056 4072 1343 4111; x_wconf 87' lang='lat' dir='ltr'><strong>commune</strong></span> <span class='ocrx_word' id='word_1_548' title='bbox 1366 4057 1680 4111; x_wconf 88' lang='lat' dir='ltr'><strong>vocabulum</strong></span> <span class='ocrx_word' id='word_1_549' title='bbox 1705 4069 1804 4123; x_wconf 86' lang='lat' dir='ltr'><strong>est,</strong></span> <span class='ocrx_word' id='word_1_550' title='bbox 1833 4060 1925 4112; x_wconf 87' lang='lat' dir='ltr'><strong>sed</strong></span> 
     </span>
    </p>
   </div>
   <div class='ocr_carea' id='block_1_73' title="bbox 351 4145 1927 4216">
    <p class='ocr_par' dir='ltr' id='par_1_73' title="bbox 351 4145 1927 4216">
     <span class='ocr_line' id='line_1_73' title="bbox 351 4145 1927 4216; baseline 0.003 -17"><span class='ocrx_word' id='word_1_551' title='bbox 351 4145 642 4200; x_wconf 89' lang='lat' dir='ltr'><strong>secundum</strong></span> <span class='ocrx_word' id='word_1_552' title='bbox 675 4145 900 4200; x_wconf 88' lang='lat' dir='ltr'><strong>hominis</strong></span> <span class='ocrx_word' id='word_1_553' title='bbox 954 4157 1114 4216; x_wconf 85' lang='lat' dir='ltr'><strong>atque</strong></span> <span class='ocrx_word' id='word_1_554' title='bbox 1167 4150 1312 4216; x_wconf 83' lang='lat' dir='ltr'><strong>equi.</strong></span> <span class='ocrx_word' id='word_1_555' title='bbox 1366 4148 1494 4202; x_wconf 85' lang='lat' dir='ltr'><strong>Nam</strong></span> <span class='ocrx_word' id='word_1_556' title='bbox 1551 4148 1594 4201; x_wconf 87' lang='lat' dir='ltr'><strong>si</strong></span> <span class='ocrx_word' id='word_1_557' title='bbox 1640 4151 1927 4204; x_wconf 77' lang='lat' dir='ltr'><strong>secundum</strong></span> 
     </span>
    </p>
   </div>
   <div class='ocr_carea' id='block_1_74' title="bbox 353 4239 1928 4308">
    <p class='ocr_par' dir='ltr' id='par_1_74' title="bbox 353 4239 1928 4308">
     <span class='ocr_line' id='line_1_74' title="bbox 353 4239 1928 4308; baseline 0.003 -17"><span class='ocrx_word' id='word_1_558' title='bbox 353 4251 636 4292; x_wconf 88' lang='lat' dir='ltr'><strong>commune</strong></span> <span class='ocrx_word' id='word_1_559' title='bbox 664 4253 856 4292; x_wconf 91' lang='lat' dir='ltr'><strong>nomen</strong></span> <span class='ocrx_word' id='word_1_560' title='bbox 889 4239 1030 4308; x_wconf 88' lang='lat' dir='ltr'><strong>quod</strong></span> <span class='ocrx_word' id='word_1_561' title='bbox 1054 4248 1131 4294; x_wconf 88' lang='lat' dir='ltr'><strong>est</strong></span> <span class='ocrx_word' id='word_1_562' title='bbox 1162 4241 1356 4293; x_wconf 85' lang='lat' dir='ltr'><strong>animal</strong></span> <span class='ocrx_word' id='word_1_563' title='bbox 1388 4241 1638 4295; x_wconf 81' lang='lat' dir='ltr'><strong>diﬂinitio</strong></span> <span class='ocrx_word' id='word_1_564' title='bbox 1669 4242 1928 4295; x_wconf 88' lang='lat' dir='ltr'><strong>reddere-</strong></span> 
     </span>
    </p>
   </div>
   <div class='ocr_carea' id='block_1_75' title="bbox 356 4330 1930 4396">
    <p class='ocr_par' dir='ltr' id='par_1_75' title="bbox 356 4330 1930 4396">
     <span class='ocr_line' id='line_1_75' title="bbox 356 4330 1930 4396; baseline 0.001 -12"><span class='ocrx_word' id='word_1_565' title='bbox 356 4337 460 4396; x_wconf 86' lang='lat' dir='ltr'><strong>tur,</strong></span> <span class='ocrx_word' id='word_1_566' title='bbox 490 4330 560 4384; x_wconf 87' lang='lat' dir='ltr'><strong>ita</strong></span> <span class='ocrx_word' id='word_1_567' title='bbox 584 4331 752 4393; x_wconf 84' lang='lat' dir='ltr'><strong>ﬁeret,</strong></span> <span class='ocrx_word' id='word_1_568' title='bbox 781 4330 943 4386; x_wconf 88' lang='lat' dir='ltr'><strong>homo</strong></span> <span class='ocrx_word' id='word_1_569' title='bbox 979 4339 1067 4386; x_wconf 86' lang='lat' dir='ltr'><strong>est</strong></span> <span class='ocrx_word' id='word_1_570' title='bbox 1094 4332 1392 4388; x_wconf 84' lang='lat' dir='ltr'><strong>substantia</strong></span> <span class='ocrx_word' id='word_1_571' title='bbox 1443 4334 1674 4386; x_wconf 85' lang='lat' dir='ltr'><strong>animata</strong></span> <span class='ocrx_word' id='word_1_572' title='bbox 1703 4333 1930 4387; x_wconf 82' lang='lat' dir='ltr'><strong>sensibi-</strong></span> 
     </span>
    </p>
   </div>
   <div class='ocr_carea' id='block_1_76' title="bbox 357 4422 1926 4491">
    <p class='ocr_par' dir='ltr' id='par_1_76' title="bbox 357 4422 1926 4491">
     <span class='ocr_line' id='line_1_76' title="bbox 357 4422 1926 4491; baseline 0.003 -15"><span class='ocrx_word' id='word_1_573' title='bbox 357 4422 444 4487; x_wconf 90' lang='lat' dir='ltr'><strong>lis,</strong></span> <span class='ocrx_word' id='word_1_574' title='bbox 469 4424 760 4477; x_wconf 88' lang='lat' dir='ltr'><strong>secundum</strong></span> <span class='ocrx_word' id='word_1_575' title='bbox 814 4440 1007 4479; x_wconf 87' lang='lat' dir='ltr'><strong>nomen</strong></span> <span class='ocrx_word' id='word_1_576' title='bbox 1037 4426 1244 4480; x_wconf 75' lang='lat' dir='ltr'><strong>scilicet</strong></span> <span class='ocrx_word' id='word_1_577' title='bbox 1288 4425 1572 4490; x_wconf 85' lang='lat' dir='ltr'><strong>animalis;</strong></span> <span class='ocrx_word' id='word_1_578' title='bbox 1616 4434 1671 4479; x_wconf 92' lang='lat' dir='ltr'><strong>et</strong></span> <span class='ocrx_word' id='word_1_579' title='bbox 1721 4440 1926 4491; x_wconf 87' lang='lat' dir='ltr'><strong>rursus,</strong></span> 
     </span>
    </p>
   </div>
   <div class='ocr_carea' id='block_1_77' title="bbox 2036 3224 3610 3302">
    <p class='ocr_par' dir='ltr' id='par_1_77' title="bbox 2036 3224 3610 3302">
     <span class='ocr_line' id='line_1_77' title="bbox 2036 3224 3610 3302; baseline 0.008 -26"><span class='ocrx_word' id='word_1_580' title='bbox 2036 3224 2107 3277; x_wconf 77' lang='lat' dir='ltr'><strong>ris</strong></span> <span class='ocrx_word' id='word_1_581' title='bbox 2147 3239 2176 3278; x_wconf 90' lang='lat' dir='ltr'><strong>e</strong></span> <span class='ocrx_word' id='word_1_582' title='bbox 2208 3239 2268 3278; x_wconf 87' lang='lat' dir='ltr'><strong>ca</strong></span> <span class='ocrx_word' id='word_1_583' title='bbox 2319 3233 2423 3287; x_wconf 89' lang='lat' dir='ltr'><strong>est,</strong></span> <span class='ocrx_word' id='word_1_584' title='bbox 2475 3225 2588 3279; x_wconf 68' lang='lat' dir='ltr'><strong>base</strong></span> <span class='ocrx_word' id='word_1_585' title='bbox 2641 3227 2846 3282; x_wconf 89' lang='lat' dir='ltr'><strong>scilicet</strong></span> <span class='ocrx_word' id='word_1_586' title='bbox 2896 3227 3096 3286; x_wconf 85' lang='lat' dir='ltr'><strong>idcirco</strong></span> <span class='ocrx_word' id='word_1_587' title='bbox 3149 3239 3276 3285; x_wconf 87' lang='lat' dir='ltr'><strong>sunt</strong></span> <span class='ocrx_word' id='word_1_588' title='bbox 3317 3234 3610 3302; x_wconf 77' lang='lat' dir='ltr'><strong>:equivoca,</strong></span> 
     </span>
    </p>
   </div>
   <div class='ocr_carea' id='block_1_78' title="bbox 2034 3315 3610 3382">
    <p class='ocr_par' dir='ltr' id='par_1_78' title="bbox 2034 3315 3610 3382">
     <span class='ocr_line' id='line_1_78' title="bbox 2034 3315 3610 3382; baseline 0.009 -16"><span class='ocrx_word' id='word_1_589' title='bbox 2034 3315 2174 3382; x_wconf 87' lang='lat' dir='ltr'><strong>quod</strong></span> <span class='ocrx_word' id='word_1_590' title='bbox 2206 3315 2270 3369; x_wconf 86' lang='lat' dir='ltr'><strong>ad</strong></span> <span class='ocrx_word' id='word_1_591' title='bbox 2326 3316 2517 3372; x_wconf 88' lang='lat' dir='ltr'><strong>salutis</strong></span> <span class='ocrx_word' id='word_1_592' title='bbox 2561 3332 2718 3371; x_wconf 87' lang='lat' dir='ltr'><strong>unum</strong></span> <span class='ocrx_word' id='word_1_593' title='bbox 2767 3319 3086 3374; x_wconf 78' lang='lat' dir='ltr'><strong>vocabulum</strong></span> <span class='ocrx_word' id='word_1_594' title='bbox 3143 3323 3465 3378; x_wconf 77' lang='lat' dir='ltr'><strong>relertintnr.</strong></span> <span class='ocrx_word' id='word_1_595' title='bbox 3503 3324 3610 3381; x_wconf 78' lang='lat' dir='ltr'><strong>Cur</strong></span> 
     </span>
    </p>
   </div>
   <div class='ocr_carea' id='block_1_79' title="bbox 2033 3413 3612 3484">
    <p class='ocr_par' dir='ltr' id='par_1_79' title="bbox 2033 3413 3612 3484">
     <span class='ocr_line' id='line_1_79' title="bbox 2033 3413 3612 3484; baseline 0.009 -22"><span class='ocrx_word' id='word_1_596' title='bbox 2033 3421 2214 3464; x_wconf 85' lang='lat' dir='ltr'><strong>autem</strong></span> <span class='ocrx_word' id='word_1_597' title='bbox 2237 3413 2387 3480; x_wconf 88' lang='lat' dir='ltr'><strong>prius</strong></span> <span class='ocrx_word' id='word_1_598' title='bbox 2428 3413 2494 3466; x_wconf 90' lang='lat' dir='ltr'><strong>de</strong></span> <span class='ocrx_word' id='word_1_599' title='bbox 2518 3414 2808 3481; x_wconf 72' lang='lat' dir='ltr'><strong>requivocis</strong></span> <span class='ocrx_word' id='word_1_600' title='bbox 2835 3425 2959 3484; x_wconf 88' lang='lat' dir='ltr'><strong>post</strong></span> <span class='ocrx_word' id='word_1_601' title='bbox 2985 3417 3052 3470; x_wconf 86' lang='lat' dir='ltr'><strong>de</strong></span> <span class='ocrx_word' id='word_1_602' title='bbox 3098 3419 3340 3474; x_wconf 87' lang='lat' dir='ltr'><strong>univocis</strong></span> <span class='ocrx_word' id='word_1_603' title='bbox 3379 3423 3612 3477; x_wconf 68' lang='lat' dir='ltr'><strong>tractat?</strong></span> 
     </span>
    </p>
   </div>
   <div class='ocr_carea' id='block_1_80' title="bbox 2038 3501 3609 3575">
    <p class='ocr_par' dir='ltr' id='par_1_80' title="bbox 2038 3501 3609 3575">
     <span class='ocr_line' id='line_1_80' title="bbox 2038 3501 3609 3575; baseline 0.009 -21"><span class='ocrx_word' id='word_1_604' title='bbox 2038 3501 2237 3558; x_wconf 88' lang='lat' dir='ltr'><strong>Idcirco</strong></span> <span class='ocrx_word' id='word_1_605' title='bbox 2265 3519 2351 3572; x_wconf 59' lang='lat' dir='ltr'><strong>qui</strong></span> <span class='ocrx_word' id='word_1_606' title='bbox 2376 3503 2408 3557; x_wconf 92' lang='lat' dir='ltr'><strong>d</strong></span> <span class='ocrx_word' id='word_1_607' title='bbox 2440 3503 2552 3572; x_wconf 86' lang='lat' dir='ltr'><strong>ipsa</strong></span> <span class='ocrx_word' id='word_1_608' title='bbox 2569 3506 2772 3559; x_wconf 77' lang='lat' dir='ltr'><strong>~decem</strong></span> <span class='ocrx_word' id='word_1_609' title='bbox 2797 3507 3209 3575; x_wconf 74' lang='lat' dir='ltr'><strong>prmdicaiuenta</strong></span> <span class='ocrx_word' id='word_1_610' title='bbox 3246 3525 3366 3564; x_wconf 86' lang='lat' dir='ltr'><strong>cum</strong></span> <span class='ocrx_word' id='word_1_611' title='bbox 3412 3512 3609 3569; x_wconf 78' lang='lat' dir='ltr'><strong>difﬁni-</strong></span> 
     </span>
    </p>
   </div>
   <div class='ocr_carea' id='block_1_81' title="bbox 2036 3596 3609 3671">
    <p class='ocr_par' dir='ltr' id='par_1_81' title="bbox 2036 3596 3609 3671">
     <span class='ocr_line' id='line_1_81' title="bbox 2036 3596 3609 3671; baseline 0.01 -25"><span class='ocrx_word' id='word_1_612' title='bbox 2036 3596 2275 3650; x_wconf 75' lang='lat' dir='ltr'><strong>IiOillblls</strong></span> <span class='ocrx_word' id='word_1_613' title='bbox 2333 3597 2556 3671; x_wconf 82' lang='lat' dir='ltr'><strong>diversa</strong></span> <span class='ocrx_word' id='word_1_614' title='bbox 2594 3598 2720 3664; x_wconf 88' lang='lat' dir='ltr'><strong>sint,</strong></span> <span class='ocrx_word' id='word_1_615' title='bbox 2767 3614 2874 3652; x_wconf 85' lang='lat' dir='ltr'><strong>uno</strong></span> <span class='ocrx_word' id='word_1_616' title='bbox 2910 3600 3304 3667; x_wconf 62' lang='lat' dir='ltr'><strong>pradicationis</strong></span> <span class='ocrx_word' id='word_1_617' title='bbox 3351 3604 3609 3662; x_wconf 76' lang='lat' dir='ltr'><strong>vocabulo</strong></span> 
     </span>
    </p>
   </div>
   <div class='ocr_carea' id='block_1_82' title="bbox 2036 3691 3609 3768">
    <p class='ocr_par' dir='ltr' id='par_1_82' title="bbox 2036 3691 3609 3768">
     <span class='ocr_line' id='line_1_82' title="bbox 2036 3691 3609 3768; baseline 0.008 -29"><span class='ocrx_word' id='word_1_618' title='bbox 2036 3699 2407 3755; x_wconf 82' lang='lat' dir='ltr'><strong>nuncupantur</strong></span> <span class='ocrx_word' id='word_1_619' title='bbox 2434 3705 2448 3754; x_wconf 90' lang='lat'><strong>;</strong></span> <span class='ocrx_word' id='word_1_620' title='bbox 2479 3695 2678 3743; x_wconf 74' lang='lat' dir='ltr'><strong>cuncta</strong></span> <span class='ocrx_word' id='word_1_621' title='bbox 2723 3691 2862 3743; x_wconf 88' lang='lat' dir='ltr'><strong>enim</strong></span> <span class='ocrx_word' id='word_1_622' title='bbox 2897 3691 3304 3759; x_wconf 62' lang='lat' dir='ltr'><strong>pradicamenta</strong></span> <span class='ocrx_word' id='word_1_623' title='bbox 3347 3695 3609 3768; x_wconf 74' lang='lat' dir='ltr'><strong>dicimus,</strong></span> 
     </span>
    </p>
   </div>
   <div class='ocr_carea' id='block_1_83' title="bbox 2035 3776 3608 3855">
    <p class='ocr_par' dir='ltr' id='par_1_83' title="bbox 2035 3776 3608 3855">
     <span class='ocr_line' id='line_1_83' title="bbox 2035 3776 3608 3855; baseline 0.01 -27"><span class='ocrx_word' id='word_1_624' title='bbox 2035 3776 2148 3844; x_wconf 75' lang='lat' dir='ltr'><strong>ip~a</strong></span> <span class='ocrx_word' id='word_1_625' title='bbox 2203 3793 2330 3832; x_wconf 74' lang='lat' dir='ltr'><strong>Vero</strong></span> <span class='ocrx_word' id='word_1_626' title='bbox 2395 3778 2806 3846; x_wconf 52' lang='lat' dir='ltr'><strong>pratdicmnenta</strong></span> <span class='ocrx_word' id='word_1_627' title='bbox 2862 3782 3118 3848; x_wconf 77' lang='lat' dir='ltr'><strong>quoniam</strong></span> <span class='ocrx_word' id='word_1_628' title='bbox 3174 3799 3354 3838; x_wconf 81' lang='lat' dir='ltr'><strong>rerm</strong></span> <span class='ocrx_word' id='word_1_629' title='bbox 3407 3799 3608 3855; x_wconf 76' lang='lat' dir='ltr'><strong>genere</strong></span> 
     </span>
    </p>
   </div>
   <div class='ocr_carea' id='block_1_84' title="bbox 2032 3869 3609 3940">
    <p class='ocr_par' dir='ltr' id='par_1_84' title="bbox 2032 3869 3609 3940">
     <span class='ocr_line' id='line_1_84' title="bbox 2032 3869 3609 3940; baseline 0.008 -20"><span class='ocrx_word' id='word_1_630' title='bbox 2032 3877 2173 3932; x_wconf 87' lang='lat' dir='ltr'><strong>sunt,</strong></span> <span class='ocrx_word' id='word_1_631' title='bbox 2206 3869 2270 3922; x_wconf 90' lang='lat' dir='ltr'><strong>de</strong></span> <span class='ocrx_word' id='word_1_632' title='bbox 2298 3870 2551 3937; x_wconf 63' lang='lat' dir='ltr'><strong>sulijeciis</strong></span> <span class='ocrx_word' id='word_1_633' title='bbox 2578 3869 2740 3922; x_wconf 86' lang='lat' dir='ltr'><strong>rebus</strong></span> <span class='ocrx_word' id='word_1_634' title='bbox 2764 3869 2990 3925; x_wconf 81' lang='lat' dir='ltr'><strong>univoce</strong></span> <span class='ocrx_word' id='word_1_635' title='bbox 3027 3874 3404 3940; x_wconf 67' lang='lat' dir='ltr'><strong>praedicantur.</strong></span> <span class='ocrx_word' id='word_1_636' title='bbox 3439 3877 3609 3934; x_wconf 83' lang='lat' dir='ltr'><strong>Omne</strong></span> 
     </span>
    </p>
   </div>
   <div class='ocr_carea' id='block_1_85' title="bbox 2033 3959 3602 4032">
    <p class='ocr_par' dir='ltr' id='par_1_85' title="bbox 2033 3959 3602 4032">
     <span class='ocr_line' id='line_1_85' title="bbox 2033 3959 3602 4032; baseline 0.006 -22"><span class='ocrx_word' id='word_1_637' title='bbox 2033 3959 2173 4010; x_wconf 89' lang='lat' dir='ltr'><strong>enim</strong></span> <span class='ocrx_word' id='word_1_638' title='bbox 2196 3975 2364 4026; x_wconf 90' lang='lat' dir='ltr'><strong>genus</strong></span> <span class='ocrx_word' id='word_1_639' title='bbox 2397 3960 2462 4012; x_wconf 89' lang='lat' dir='ltr'><strong>de</strong></span> <span class='ocrx_word' id='word_1_640' title='bbox 2517 3960 2796 4026; x_wconf 82' lang='lat' dir='ltr'><strong>speciebus</strong></span> <span class='ocrx_word' id='word_1_641' title='bbox 2839 3963 3066 4029; x_wconf 83' lang='lat' dir='ltr'><strong>propriis</strong></span> <span class='ocrx_word' id='word_1_642' title='bbox 3111 3965 3342 4016; x_wconf 82' lang='lat' dir='ltr'><strong>univoce-</strong></span> <span class='ocrx_word' id='word_1_643' title='bbox 3381 3964 3602 4032; x_wconf 85' lang='lat' dir='ltr'><strong>dicitur,</strong></span> 
     </span>
    </p>
   </div>
   <div class='ocr_carea' id='block_1_86' title="bbox 2029 4048 3606 4118">
    <p class='ocr_par' dir='ltr' id='par_1_86' title="bbox 2029 4048 3606 4118">
     <span class='ocr_line' id='line_1_86' title="bbox 2029 4048 3606 4118; baseline 0.006 -20"><span class='ocrx_word' id='word_1_644' title='bbox 2029 4061 2196 4115; x_wconf 77' lang='lat' dir='ltr'><strong>quare</strong></span> <span class='ocrx_word' id='word_1_645' title='bbox 2227 4050 2427 4102; x_wconf 88' lang='lat' dir='ltr'><strong>rectius</strong></span> <span class='ocrx_word' id='word_1_646' title='bbox 2465 4050 2638 4116; x_wconf 88' lang='lat' dir='ltr'><strong>primo</strong></span> <span class='ocrx_word' id='word_1_647' title='bbox 2672 4048 2740 4102; x_wconf 88' lang='lat' dir='ltr'><strong>de</strong></span> <span class='ocrx_word' id='word_1_648' title='bbox 2783 4051 3022 4104; x_wconf 79' lang='lat' dir='ltr'><strong>omnium</strong></span> <span class='ocrx_word' id='word_1_649' title='bbox 3071 4051 3606 4118; x_wconf 72' lang='lat' dir='ltr'><strong>prtedicamenterum</strong></span> 
     </span>
    </p>
   </div>
   <div class='ocr_carea' id='block_1_87' title="bbox 2032 4143 3607 4216">
    <p class='ocr_par' dir='ltr' id='par_1_87' title="bbox 2032 4143 3607 4216">
     <span class='ocr_line' id='line_1_87' title="bbox 2032 4143 3607 4216; baseline 0.004 -19"><span class='ocrx_word' id='word_1_650' title='bbox 2032 4145 2301 4197; x_wconf 89' lang='lat' dir='ltr'><strong>communi</strong></span> <span class='ocrx_word' id='word_1_651' title='bbox 2333 4143 2594 4197; x_wconf 87' lang='lat' dir='ltr'><strong>vocabulo</strong></span> <span class='ocrx_word' id='word_1_652' title='bbox 2620 4153 2836 4206; x_wconf 82' lang='lat' dir='ltr'><strong>tractat,</strong></span> <span class='ocrx_word' id='word_1_653' title='bbox 2863 4145 3016 4214; x_wconf 88' lang='lat' dir='ltr'><strong>quasi</strong></span> <span class='ocrx_word' id='word_1_654' title='bbox 3043 4144 3238 4200; x_wconf 82' lang='lat' dir='ltr'><strong>dehinc</strong></span> <span class='ocrx_word' id='word_1_655' title='bbox 3265 4148 3607 4216; x_wconf 79' lang='lat' dir='ltr'><strong>quemadmo-</strong></span> 
     </span>
    </p>
   </div>
   <div class='ocr_carea' id='block_1_88' title="bbox 2032 4233 3604 4308">
    <p class='ocr_par' dir='ltr' id='par_1_88' title="bbox 2032 4233 3604 4308">
     <span class='ocr_line' id='line_1_88' title="bbox 2032 4233 3604 4308; baseline 0.005 -22"><span class='ocrx_word' id='word_1_656' title='bbox 2032 4233 2160 4286; x_wconf 92' lang='lat' dir='ltr'><strong>dum</strong></span> <span class='ocrx_word' id='word_1_657' title='bbox 2207 4234 2414 4302; x_wconf 83' lang='lat' dir='ltr'><strong>siugula</strong></span> <span class='ocrx_word' id='word_1_658' title='bbox 2447 4235 2512 4289; x_wconf 89' lang='lat' dir='ltr'><strong>de</strong></span> <span class='ocrx_word' id='word_1_659' title='bbox 2569 4233 2850 4303; x_wconf 88' lang='lat' dir='ltr'><strong>speciebus</strong></span> <span class='ocrx_word' id='word_1_660' title='bbox 2905 4237 3135 4304; x_wconf 88' lang='lat' dir='ltr'><strong>propriis</strong></span> <span class='ocrx_word' id='word_1_661' title='bbox 3166 4238 3604 4308; x_wconf 68' lang='lat' dir='ltr'><strong>praedicerentur,</strong></span> 
     </span>
    </p>
   </div>
   <div class='ocr_carea' id='block_1_89' title="bbox 2033 4329 3606 4401">
    <p class='ocr_par' dir='ltr' id='par_1_89' title="bbox 2033 4329 3606 4401">
     <span class='ocr_line' id='line_1_89' title="bbox 2033 4329 3606 4401; baseline 0.005 -20"><span class='ocrx_word' id='word_1_662' title='bbox 2033 4329 2386 4396; x_wconf 67' lang='lat' dir='ltr'><strong>exprimeret.</strong></span> <span class='ocrx_word' id='word_1_663' title='bbox 2424 4329 2494 4382; x_wconf 82' lang='lat' dir='ltr'><strong>At</strong></span> <span class='ocrx_word' id='word_1_664' title='bbox 2523 4329 2566 4382; x_wconf 69' lang='lat' dir='ltr'><strong>si</strong></span> <span class='ocrx_word' id='word_1_665' title='bbox 2599 4329 2683 4401; x_wconf 88' lang='lat' dir='ltr'><strong>(ut</strong></span> <span class='ocrx_word' id='word_1_666' title='bbox 2707 4329 2909 4383; x_wconf 83' lang='lat' dir='ltr'><strong>dictum</strong></span> <span class='ocrx_word' id='word_1_667' title='bbox 2935 4333 3044 4399; x_wconf 84' lang='lat' dir='ltr'><strong>est)</strong></span> <span class='ocrx_word' id='word_1_668' title='bbox 3067 4345 3172 4384; x_wconf 90' lang='lat' dir='ltr'><strong>non</strong></span> <span class='ocrx_word' id='word_1_669' title='bbox 3195 4332 3264 4386; x_wconf 88' lang='lat' dir='ltr'><strong>de</strong></span> <span class='ocrx_word' id='word_1_670' title='bbox 3304 4331 3484 4399; x_wconf 77' lang='lat' dir='ltr'><strong>rebus,</strong></span> <span class='ocrx_word' id='word_1_671' title='bbox 3512 4333 3606 4389; x_wconf 86' lang='lat' dir='ltr'><strong>sed</strong></span> 
     </span>
    </p>
   </div>
   <div class='ocr_carea' id='block_1_90' title="bbox 2036 4421 3607 4494">
    <p class='ocr_par' dir='ltr' id='par_1_90' title="bbox 2036 4421 3607 4494">
     <span class='ocr_line' id='line_1_90' title="bbox 2036 4421 3607 4494; baseline 0.002 -18"><span class='ocrx_word' id='word_1_672' title='bbox 2036 4423 2108 4476; x_wconf 89' lang='lat' dir='ltr'><strong>de</strong></span> <span class='ocrx_word' id='word_1_673' title='bbox 2136 4422 2440 4476; x_wconf 87' lang='lat' dir='ltr'><strong>nominibus</strong></span> <span class='ocrx_word' id='word_1_674' title='bbox 2471 4422 2592 4476; x_wconf 86' lang='lat' dir='ltr'><strong>libri</strong></span> <span class='ocrx_word' id='word_1_675' title='bbox 2622 4422 2776 4490; x_wconf 87' lang='lat' dir='ltr'><strong>hujus</strong></span> <span class='ocrx_word' id='word_1_676' title='bbox 2818 4423 3044 4477; x_wconf 88' lang='lat' dir='ltr'><strong>intentio</strong></span> <span class='ocrx_word' id='word_1_677' title='bbox 3079 4431 3182 4476; x_wconf 88' lang='lat' dir='ltr'><strong>est.</strong></span> <span class='ocrx_word' id='word_1_678' title='bbox 3215 4423 3320 4476; x_wconf 90' lang='lat' dir='ltr'><strong>Cur</strong></span> <span class='ocrx_word' id='word_1_679' title='bbox 3346 4421 3414 4476; x_wconf 87' lang='lat' dir='ltr'><strong>de</strong></span> <span class='ocrx_word' id='word_1_680' title='bbox 3445 4427 3607 4494; x_wconf 73' lang='lat' dir='ltr'><strong>arqui-</strong></span> 
     </span>
    </p>
   </div>
   <div class='ocr_carea' id='block_1_91' title="bbox 353 4485 3609 4584">
    <p class='ocr_par' dir='ltr' id='par_1_91' title="bbox 353 4485 3609 4584">
     <span class='ocr_line' id='line_1_91' title="bbox 353 4485 3609 4584; baseline 0 -16"><span class='ocrx_word' id='word_1_681' title='bbox 353 4530 521 4583; x_wconf 88' lang='lat' dir='ltr'><strong>equus</strong></span> <span class='ocrx_word' id='word_1_682' title='bbox 550 4525 630 4570; x_wconf 72' lang='lat' dir='ltr'><strong>Bel</strong></span> <span class='ocrx_word' id='word_1_683' title='bbox 677 4516 970 4570; x_wconf 64' lang='lat' dir='ltr'><strong>substantia</strong></span> <span class='ocrx_word' id='word_1_684' title='bbox 1005 4516 1235 4568; x_wconf 82' lang='lat' dir='ltr'><strong>animata</strong></span> <span class='ocrx_word' id='word_1_685' title='bbox 1285 4515 1573 4580; x_wconf 84' lang='lat' dir='ltr'><strong>sensibilis,</strong></span> <span class='ocrx_word' id='word_1_686' title='bbox 1631 4517 1922 4572; x_wconf 81' lang='lat' dir='ltr'><strong>secundum</strong></span> <span class='ocrx_word' id='word_1_687' title='bbox 1960 4485 2012 4546; x_wconf 65' lang='grc' dir='ltr'><strong>Β</strong></span> <span class='ocrx_word' id='word_1_688' title='bbox 2037 4516 2181 4569; x_wconf 82' lang='lat' dir='ltr'><strong>vocis</strong></span> <span class='ocrx_word' id='word_1_689' title='bbox 2212 4526 2265 4568; x_wconf 92' lang='lat' dir='ltr'><strong>et</strong></span> <span class='ocrx_word' id='word_1_690' title='bbox 2296 4531 2400 4567; x_wconf 75' lang='lat' dir='ltr'><strong>non</strong></span> <span class='ocrx_word' id='word_1_691' title='bbox 2430 4513 2498 4568; x_wconf 86' lang='lat' dir='ltr'><strong>de</strong></span> <span class='ocrx_word' id='word_1_692' title='bbox 2528 4516 2954 4582; x_wconf 74' lang='lat' dir='ltr'><strong>tequivocatiene</strong></span> <span class='ocrx_word' id='word_1_693' title='bbox 3002 4515 3291 4568; x_wconf 73' lang='lat' dir='ltr'><strong>tractavit?</strong></span> <span class='ocrx_word' id='word_1_694' title='bbox 3321 4516 3609 4584; x_wconf 69' lang='lat' dir='ltr'><strong>arquivoca</strong></span> 
     </span>
    </p>
   </div>
   <div class='ocr_carea' id='block_1_92' title="bbox 353 4599 1924 4674">
    <p class='ocr_par' dir='ltr' id='par_1_92' title="bbox 353 4599 1924 4674">
     <span class='ocr_line' id='line_1_92' title="bbox 353 4599 1924 4674; baseline 0.001 -14"><span class='ocrx_word' id='word_1_695' title='bbox 353 4621 545 4660; x_wconf 89' lang='lat' dir='ltr'><strong>nomen</strong></span> <span class='ocrx_word' id='word_1_696' title='bbox 585 4621 768 4661; x_wconf 86' lang='lat' dir='ltr'><strong>rursus</strong></span> <span class='ocrx_word' id='word_1_697' title='bbox 819 4606 1091 4672; x_wconf 84' lang='lat' dir='ltr'><strong>animalis,</strong></span> <span class='ocrx_word' id='word_1_698' title='bbox 1143 4599 1437 4661; x_wconf 83' lang='lat' dir='ltr'><strong>secundum</strong></span> <span class='ocrx_word' id='word_1_699' title='bbox 1495 4607 1632 4660; x_wconf 90' lang='lat' dir='ltr'><strong>idem</strong></span> <span class='ocrx_word' id='word_1_700' title='bbox 1695 4622 1924 4674; x_wconf 83' lang='lat' dir='ltr'><strong>namque</strong></span> 
     </span>
    </p>
   </div>
   <div class='ocr_carea' id='block_1_93' title="bbox 351 4700 1927 4769">
    <p class='ocr_par' dir='ltr' id='par_1_93' title="bbox 351 4700 1927 4769">
     <span class='ocr_line' id='line_1_93' title="bbox 351 4700 1927 4769; baseline 0 -15"><span class='ocrx_word' id='word_1_701' title='bbox 351 4701 595 4754; x_wconf 88' lang='lat' dir='ltr'><strong>animalis</strong></span> <span class='ocrx_word' id='word_1_702' title='bbox 624 4700 935 4754; x_wconf 83' lang='lat' dir='ltr'><strong>vocabulum</strong></span> <span class='ocrx_word' id='word_1_703' title='bbox 968 4714 1138 4767; x_wconf 83' lang='lat' dir='ltr'><strong>equus</strong></span> <span class='ocrx_word' id='word_1_704' title='bbox 1158 4709 1316 4767; x_wconf 91' lang='lat' dir='ltr'><strong>atque</strong></span> <span class='ocrx_word' id='word_1_705' title='bbox 1351 4701 1510 4753; x_wconf 89' lang='lat' dir='ltr'><strong>homo</strong></span> <span class='ocrx_word' id='word_1_706' title='bbox 1541 4700 1768 4754; x_wconf 89' lang='lat' dir='ltr'><strong>univoce</strong></span> <span class='ocrx_word' id='word_1_707' title='bbox 1790 4715 1927 4769; x_wconf 66' lang='lat' dir='ltr'><strong>prat-</strong></span> 
     </span>
    </p>
   </div>
   <div class='ocr_carea' id='block_1_94' title="bbox 353 4790 1923 4859">
    <p class='ocr_par' dir='ltr' id='par_1_94' title="bbox 353 4790 1923 4859">
     <span class='ocr_line' id='line_1_94' title="bbox 353 4790 1923 4859; baseline -0.003 -16"><span class='ocrx_word' id='word_1_708' title='bbox 353 4791 614 4845; x_wconf 89' lang='lat' dir='ltr'><strong>dicantur.</strong></span> <span class='ocrx_word' id='word_1_709' title='bbox 637 4792 916 4845; x_wconf 80' lang='lat' dir='ltr'><strong>Rursusex</strong></span> <span class='ocrx_word' id='word_1_710' title='bbox 937 4792 1208 4859; x_wconf 77' lang='lat' dir='ltr'><strong>equivocis</strong></span> <span class='ocrx_word' id='word_1_711' title='bbox 1231 4791 1452 4845; x_wconf 81' lang='lat' dir='ltr'><strong>uuivoea</strong></span> <span class='ocrx_word' id='word_1_712' title='bbox 1469 4790 1600 4844; x_wconf 75' lang='lat' dir='ltr'><strong>[iam</strong></span> <span class='ocrx_word' id='word_1_713' title='bbox 1624 4791 1923 4846; x_wconf 82' lang='lat' dir='ltr'><strong>bocmodo:</strong></span> 
     </span>
    </p>
   </div>
   <div class='ocr_carea' id='block_1_95' title="bbox 351 4883 1926 4954">
    <p class='ocr_par' dir='ltr' id='par_1_95' title="bbox 351 4883 1926 4954">
     <span class='ocr_line' id='line_1_95' title="bbox 351 4883 1926 4954; baseline 0 -18"><span class='ocrx_word' id='word_1_714' title='bbox 351 4883 395 4937; x_wconf 90' lang='lat' dir='ltr'><strong>si</strong></span> <span class='ocrx_word' id='word_1_715' title='bbox 423 4884 543 4954; x_wconf 84' lang='lat' dir='ltr'><strong>quis</strong></span> <span class='ocrx_word' id='word_1_716' title='bbox 573 4883 836 4952; x_wconf 87' lang='lat' dir='ltr'><strong>Pyrrhum</strong></span> <span class='ocrx_word' id='word_1_717' title='bbox 865 4883 1089 4938; x_wconf 77' lang='lat' dir='ltr'><strong>Achillis</strong></span> <span class='ocrx_word' id='word_1_718' title='bbox 1121 4883 1286 4936; x_wconf 82' lang='lat' dir='ltr'><strong>lilium</strong></span> <span class='ocrx_word' id='word_1_719' title='bbox 1325 4892 1380 4936; x_wconf 88' lang='lat' dir='ltr'><strong>et</strong></span> <span class='ocrx_word' id='word_1_720' title='bbox 1432 4883 1691 4953; x_wconf 87' lang='lat' dir='ltr'><strong>Pyrrhum</strong></span> <span class='ocrx_word' id='word_1_721' title='bbox 1742 4883 1926 4950; x_wconf 84' lang='lat' dir='ltr'><strong>Epiro-</strong></span> 
     </span>
    </p>
   </div>
   <div class='ocr_carea' id='block_1_96' title="bbox 355 4974 1927 5044">
    <p class='ocr_par' dir='ltr' id='par_1_96' title="bbox 355 4974 1927 5044">
     <span class='ocr_line' id='line_1_96' title="bbox 355 4974 1927 5044; baseline 0.001 -17"><span class='ocrx_word' id='word_1_722' title='bbox 355 4984 440 5027; x_wconf 84' lang='lat' dir='ltr'><strong>ten</strong></span> <span class='ocrx_word' id='word_1_723' title='bbox 471 4975 613 5027; x_wconf 88' lang='lat' dir='ltr'><strong>dicat</strong></span> <span class='ocrx_word' id='word_1_724' title='bbox 656 4990 774 5029; x_wconf 70' lang='lat' dir='ltr'><strong>esse</strong></span> <span class='ocrx_word' id='word_1_725' title='bbox 798 4976 1075 5038; x_wconf 83' lang='lat' dir='ltr'><strong>univocos,</strong></span> <span class='ocrx_word' id='word_1_726' title='bbox 1110 4975 1308 5030; x_wconf 82' lang='lat' dir='ltr'><strong>idcirco</strong></span> <span class='ocrx_word' id='word_1_727' title='bbox 1329 4974 1476 5044; x_wconf 75' lang='lat' dir='ltr'><strong>quod</strong></span> <span class='ocrx_word' id='word_1_728' title='bbox 1500 4990 1605 5028; x_wconf 86' lang='lat' dir='ltr'><strong>uno</strong></span> <span class='ocrx_word' id='word_1_729' title='bbox 1631 4975 1847 5029; x_wconf 90' lang='lat' dir='ltr'><strong>nomine</strong></span> <span class='ocrx_word' id='word_1_730' title='bbox 1871 4984 1927 5029; x_wconf 90' lang='lat' dir='ltr'><strong>et</strong></span> 
     </span>
    </p>
   </div>
   <div class='ocr_carea' id='block_1_97' title="bbox 354 5068 1926 5140">
    <p class='ocr_par' dir='ltr' id='par_1_97' title="bbox 354 5068 1926 5140">
     <span class='ocr_line' id='line_1_97' title="bbox 354 5068 1926 5140; baseline 0.003 -20"><span class='ocrx_word' id='word_1_731' title='bbox 354 5068 541 5138; x_wconf 81' lang='lat' dir='ltr'><strong>Pyrrhi</strong></span> <span class='ocrx_word' id='word_1_732' title='bbox 571 5068 834 5136; x_wconf 90' lang='lat' dir='ltr'><strong>dicantur,</strong></span> <span class='ocrx_word' id='word_1_733' title='bbox 866 5080 916 5123; x_wconf 91' lang='lat' dir='ltr'><strong>et</strong></span> <span class='ocrx_word' id='word_1_734' title='bbox 950 5070 1059 5122; x_wconf 92' lang='lat' dir='ltr'><strong>sint</strong></span> <span class='ocrx_word' id='word_1_735' title='bbox 1089 5071 1340 5123; x_wconf 88' lang='lat' dir='ltr'><strong>animalia</strong></span> <span class='ocrx_word' id='word_1_736' title='bbox 1387 5070 1722 5125; x_wconf 85' lang='lat' dir='ltr'><strong>rationabilia</strong></span> <span class='ocrx_word' id='word_1_737' title='bbox 1763 5081 1926 5140; x_wconf 85' lang='lat' dir='ltr'><strong>atque</strong></span> 
     </span>
    </p>
   </div>
   <div class='ocr_carea' id='block_1_98' title="bbox 348 5163 1927 5219">
    <p class='ocr_par' dir='ltr' id='par_1_98' title="bbox 348 5163 1927 5219">
     <span class='ocr_line' id='line_1_98' title="bbox 348 5163 1927 5219; baseline 0.001 -5"><span class='ocrx_word' id='word_1_738' title='bbox 348 5163 613 5215; x_wconf 86' lang='lat' dir='ltr'><strong>mortalia.</strong></span> <span class='ocrx_word' id='word_1_739' title='bbox 648 5163 740 5216; x_wconf 87' lang='lat' dir='ltr'><strong>Hic</strong></span> <span class='ocrx_word' id='word_1_740' title='bbox 759 5163 1054 5217; x_wconf 87' lang='lat' dir='ltr'><strong>secundu:u</strong></span> <span class='ocrx_word' id='word_1_741' title='bbox 1083 5178 1276 5218; x_wconf 90' lang='lat' dir='ltr'><strong>nomen</strong></span> <span class='ocrx_word' id='word_1_742' title='bbox 1322 5165 1553 5219; x_wconf 87' lang='lat' dir='ltr'><strong>hominis</strong></span> <span class='ocrx_word' id='word_1_743' title='bbox 1587 5164 1793 5219; x_wconf 86' lang='lat' dir='ltr'><strong>reddita</strong></span> <span class='ocrx_word' id='word_1_744' title='bbox 1821 5163 1927 5218; x_wconf 82' lang='lat' dir='ltr'><strong>dif-</strong></span> 
     </span>
    </p>
   </div>
   <div class='ocr_carea' id='block_1_99' title="bbox 352 5253 1929 5322">
    <p class='ocr_par' dir='ltr' id='par_1_99' title="bbox 352 5253 1929 5322">
     <span class='ocr_line' id='line_1_99' title="bbox 352 5253 1929 5322; baseline 0.004 -18"><span class='ocrx_word' id='word_1_745' title='bbox 352 5253 540 5317; x_wconf 83' lang='lat' dir='ltr'><strong>ﬁnitio,</strong></span> <span class='ocrx_word' id='word_1_746' title='bbox 571 5269 629 5307; x_wconf 76' lang='lat' dir='ltr'><strong>ex</strong></span> <span class='ocrx_word' id='word_1_747' title='bbox 665 5255 952 5322; x_wconf 76' lang='lat' dir='ltr'><strong>aequivocis</strong></span> <span class='ocrx_word' id='word_1_748' title='bbox 997 5255 1122 5310; x_wconf 80' lang='lat' dir='ltr'><strong>fecit</strong></span> <span class='ocrx_word' id='word_1_749' title='bbox 1155 5257 1400 5309; x_wconf 85' lang='lat' dir='ltr'><strong>univoca.</strong></span> <span class='ocrx_word' id='word_1_750' title='bbox 1437 5255 1590 5322; x_wconf 84' lang='lat' dir='ltr'><strong>Quod</strong></span> <span class='ocrx_word' id='word_1_751' title='bbox 1640 5257 1685 5309; x_wconf 89' lang='lat' dir='ltr'><strong>si</strong></span> <span class='ocrx_word' id='word_1_752' title='bbox 1735 5270 1929 5314; x_wconf 80' lang='lat' dir='ltr'><strong>sectiu—</strong></span> 
     </span>
    </p>
   </div>
   <div class='ocr_carea' id='block_1_100' title="bbox 345 5345 1926 5414">
    <p class='ocr_par' dir='ltr' id='par_1_100' title="bbox 345 5345 1926 5414">
     <span class='ocr_line' id='line_1_100' title="bbox 345 5345 1926 5414; baseline 0.001 -16"><span class='ocrx_word' id='word_1_753' title='bbox 345 5345 478 5398; x_wconf 90' lang='lat' dir='ltr'><strong>dum</strong></span> <span class='ocrx_word' id='word_1_754' title='bbox 510 5358 699 5396; x_wconf 85' lang='lat' dir='ltr'><strong>nomen</strong></span> <span class='ocrx_word' id='word_1_755' title='bbox 732 5345 917 5414; x_wconf 79' lang='lat' dir='ltr'><strong>Pyrrhi</strong></span> <span class='ocrx_word' id='word_1_756' title='bbox 952 5345 1286 5400; x_wconf 81' lang='lat' dir='ltr'><strong>diflinitionis</strong></span> <span class='ocrx_word' id='word_1_757' title='bbox 1320 5346 1456 5400; x_wconf 88' lang='lat' dir='ltr'><strong>ratio</strong></span> <span class='ocrx_word' id='word_1_758' title='bbox 1493 5345 1812 5414; x_wconf 74' lang='lat' dir='ltr'><strong>iungeretur</strong></span> <span class='ocrx_word' id='word_1_759' title='bbox 1842 5345 1926 5400; x_wconf 91' lang='lat' dir='ltr'><strong>vel</strong></span> 
     </span>
    </p>
   </div>
   <div class='ocr_carea' id='block_1_101' title="bbox 345 5434 1930 5505">
    <p class='ocr_par' dir='ltr' id='par_1_101' title="bbox 345 5434 1930 5505">
     <span class='ocr_line' id='line_1_101' title="bbox 345 5434 1930 5505; baseline 0.003 -19"><span class='ocrx_word' id='word_1_760' title='bbox 345 5453 374 5492; x_wconf 64' lang='grc' dir='ltr'>α</span> <span class='ocrx_word' id='word_1_761' title='bbox 413 5434 721 5503; x_wconf 81' lang='lat' dir='ltr'><strong>parentibus</strong></span> <span class='ocrx_word' id='word_1_762' title='bbox 755 5437 834 5490; x_wconf 88' lang='lat' dir='ltr'><strong>vel</strong></span> <span class='ocrx_word' id='word_1_763' title='bbox 865 5451 895 5490; x_wconf 93' lang='lat' dir='ltr'><strong>a</strong></span> <span class='ocrx_word' id='word_1_764' title='bbox 927 5441 1115 5505; x_wconf 86' lang='lat' dir='ltr'><strong>patria,</strong></span> <span class='ocrx_word' id='word_1_765' title='bbox 1152 5439 1378 5492; x_wconf 88' lang='lat' dir='ltr'><strong>diversis</strong></span> <span class='ocrx_word' id='word_1_766' title='bbox 1409 5453 1502 5492; x_wconf 84' lang='lat' dir='ltr'><strong>eos</strong></span> <span class='ocrx_word' id='word_1_767' title='bbox 1521 5445 1797 5504; x_wconf 79' lang='lat' dir='ltr'><strong>oporteret.</strong></span> <span class='ocrx_word' id='word_1_768' title='bbox 1833 5437 1930 5492; x_wconf 79' lang='lat' dir='ltr'><strong>dif-</strong></span> 
     </span>
    </p>
   </div>
   <div class='ocr_carea' id='block_1_102' title="bbox 345 5525 1930 5598">
    <p class='ocr_par' dir='ltr' id='par_1_102' title="bbox 345 5525 1930 5598">
     <span class='ocr_line' id='line_1_102' title="bbox 345 5525 1930 5598; baseline 0.001 -18"><span class='ocrx_word' id='word_1_769' title='bbox 345 5525 680 5580; x_wconf 78' lang='lat' dir='ltr'><strong>ﬂnitionilius</strong></span> <span class='ocrx_word' id='word_1_770' title='bbox 708 5528 999 5582; x_wconf 85' lang='lat' dir='ltr'><strong>terminari.</strong></span> <span class='ocrx_word' id='word_1_771' title='bbox 1044 5529 1208 5584; x_wconf 80' lang='lat' dir='ltr'><strong>Recte</strong></span> <span class='ocrx_word' id='word_1_772' title='bbox 1238 5531 1395 5598; x_wconf 84' lang='lat' dir='ltr'><strong>igitur</strong></span> <span class='ocrx_word' id='word_1_773' title='bbox 1433 5528 1673 5581; x_wconf 88' lang='lat' dir='ltr'><strong>additum</strong></span> <span class='ocrx_word' id='word_1_774' title='bbox 1718 5537 1819 5590; x_wconf 88' lang='lat' dir='ltr'><strong>est,</strong></span> <span class='ocrx_word' id='word_1_775' title='bbox 1845 5525 1930 5581; x_wconf 86' lang='lat' dir='ltr'><strong>se-</strong></span> 
     </span>
    </p>
   </div>
   <div class='ocr_carea' id='block_1_103' title="bbox 345 5617 1928 5690">
    <p class='ocr_par' dir='ltr' id='par_1_103' title="bbox 345 5617 1928 5690">
     <span class='ocr_line' id='line_1_103' title="bbox 345 5617 1928 5690; baseline -0.001 -16"><span class='ocrx_word' id='word_1_776' title='bbox 345 5617 581 5674; x_wconf 87' lang='lat' dir='ltr'><strong>cundum</strong></span> <span class='ocrx_word' id='word_1_777' title='bbox 614 5633 831 5683; x_wconf 83' lang='lat' dir='ltr'><strong>nomen,</strong></span> <span class='ocrx_word' id='word_1_778' title='bbox 867 5619 1064 5686; x_wconf 59' lang='lat' dir='ltr'><strong>idcirco</strong></span> <span class='ocrx_word' id='word_1_779' title='bbox 1095 5622 1234 5690; x_wconf 82' lang='lat' dir='ltr'><strong>quod</strong></span> <span class='ocrx_word' id='word_1_780' title='bbox 1266 5623 1308 5674; x_wconf 91' lang='lat' dir='ltr'><strong>si</strong></span> <span class='ocrx_word' id='word_1_781' title='bbox 1340 5622 1493 5674; x_wconf 88' lang='lat' dir='ltr'><strong>aliter</strong></span> <span class='ocrx_word' id='word_1_782' title='bbox 1526 5619 1661 5672; x_wconf 81' lang='lat' dir='ltr'><strong>facta</strong></span> <span class='ocrx_word' id='word_1_783' title='bbox 1694 5619 1761 5672; x_wconf 83' lang='lat' dir='ltr'><strong>sit</strong></span> <span class='ocrx_word' id='word_1_784' title='bbox 1787 5619 1928 5672; x_wconf 78' lang='lat' dir='ltr'><strong>difﬁ-</strong></span> 
     </span>
    </p>
   </div>
   <div class='ocr_carea' id='block_1_104' title="bbox 347 5711 1926 5782">
    <p class='ocr_par' dir='ltr' id='par_1_104' title="bbox 347 5711 1926 5782">
     <span class='ocr_line' id='line_1_104' title="bbox 347 5711 1926 5782; baseline 0 -14"><span class='ocrx_word' id='word_1_785' title='bbox 347 5712 499 5780; x_wconf 89' lang='lat' dir='ltr'><strong>nitio,</strong></span> <span class='ocrx_word' id='word_1_786' title='bbox 532 5711 736 5767; x_wconf 86' lang='lat' dir='ltr'><strong>stabilis</strong></span> <span class='ocrx_word' id='word_1_787' title='bbox 781 5728 901 5768; x_wconf 77' lang='lat' dir='ltr'><strong>esse</strong></span> <span class='ocrx_word' id='word_1_788' title='bbox 934 5725 1037 5767; x_wconf 91' lang='lat' dir='ltr'><strong>non</strong></span> <span class='ocrx_word' id='word_1_789' title='bbox 1070 5716 1284 5782; x_wconf 88' lang='lat' dir='ltr'><strong>poterit,</strong></span> <span class='ocrx_word' id='word_1_790' title='bbox 1319 5722 1370 5768; x_wconf 89' lang='lat' dir='ltr'><strong>et</strong></span> <span class='ocrx_word' id='word_1_791' title='bbox 1401 5712 1710 5781; x_wconf 78' lang='lat' dir='ltr'><strong>frequenter</strong></span> <span class='ocrx_word' id='word_1_792' title='bbox 1753 5712 1926 5768; x_wconf 82' lang='lat' dir='ltr'><strong>diver-</strong></span> 
     </span>
    </p>
   </div>
   <div class='ocr_carea' id='block_1_105' title="bbox 2036 4605 3608 4674">
    <p class='ocr_par' dir='ltr' id='par_1_105' title="bbox 2036 4605 3608 4674">
     <span class='ocr_line' id='line_1_105' title="bbox 2036 4605 3608 4674; baseline 0.001 -14"><span class='ocrx_word' id='word_1_793' title='bbox 2036 4621 2263 4674; x_wconf 84' lang='lat' dir='ltr'><strong>namquc</strong></span> <span class='ocrx_word' id='word_1_794' title='bbox 2294 4621 2379 4657; x_wconf 82' lang='lat' dir='ltr'><strong>res</strong></span> <span class='ocrx_word' id='word_1_795' title='bbox 2420 4615 2566 4668; x_wconf 83' lang='lat' dir='ltr'><strong>sunt,</strong></span> <span class='ocrx_word' id='word_1_796' title='bbox 2601 4605 2951 4672; x_wconf 68' lang='lat' dir='ltr'><strong>mquivocatio</strong></span> <span class='ocrx_word' id='word_1_797' title='bbox 2994 4619 3128 4658; x_wconf 82' lang='lat' dir='ltr'><strong>vero</strong></span> <span class='ocrx_word' id='word_1_798' title='bbox 3166 4605 3498 4659; x_wconf 78' lang='lat' dir='ltr'><strong>vocabulum.</strong></span> <span class='ocrx_word' id='word_1_799' title='bbox 3529 4607 3608 4661; x_wconf 82' lang='lat' dir='ltr'><strong>ld-</strong></span> 
     </span>
    </p>
   </div>
   <div class='ocr_carea' id='block_1_106' title="bbox 2034 4693 3610 4766">
    <p class='ocr_par' dir='ltr' id='par_1_106' title="bbox 2034 4693 3610 4766">
     <span class='ocr_line' id='line_1_106' title="bbox 2034 4693 3610 4766; baseline 0 -14"><span class='ocrx_word' id='word_1_800' title='bbox 2034 4693 2498 4766; x_wconf 81' lang='lat' dir='ltr'><strong>circo,quoniam</strong></span> <span class='ocrx_word' id='word_1_801' title='bbox 2537 4696 2710 4764; x_wconf 87' lang='lat' dir='ltr'><strong>ipsum</strong></span> <span class='ocrx_word' id='word_1_802' title='bbox 2765 4710 2958 4748; x_wconf 87' lang='lat' dir='ltr'><strong>nomen</strong></span> <span class='ocrx_word' id='word_1_803' title='bbox 3013 4693 3143 4747; x_wconf 75' lang='lat' dir='ltr'><strong>nihil</strong></span> <span class='ocrx_word' id='word_1_804' title='bbox 3188 4695 3242 4748; x_wconf 90' lang='lat' dir='ltr'><strong>in</strong></span> <span class='ocrx_word' id='word_1_805' title='bbox 3298 4709 3356 4750; x_wconf 89' lang='lat' dir='ltr'><strong>se</strong></span> <span class='ocrx_word' id='word_1_806' title='bbox 3414 4695 3610 4752; x_wconf 79' lang='lat' dir='ltr'><strong>retinet</strong></span> 
     </span>
    </p>
   </div>
   <div class='ocr_carea' id='block_1_107' title="bbox 2034 4785 3608 4857">
    <p class='ocr_par' dir='ltr' id='par_1_107' title="bbox 2034 4785 3608 4857">
     <span class='ocr_line' id='line_1_107' title="bbox 2034 4785 3608 4857; baseline 0.002 -16"><span class='ocrx_word' id='word_1_807' title='bbox 2034 4787 2471 4857; x_wconf 73' lang='lat' dir='ltr'><strong>aaquivocationis</strong></span> <span class='ocrx_word' id='word_1_808' title='bbox 2491 4827 2504 4850; x_wconf 94' lang='lat'><strong>,</strong></span> <span class='ocrx_word' id='word_1_809' title='bbox 2525 4785 2624 4840; x_wconf 86' lang='lat' dir='ltr'><strong>nisi</strong></span> <span class='ocrx_word' id='word_1_810' title='bbox 2661 4785 2887 4838; x_wconf 73' lang='lat' dir='ltr'><strong>diversre</strong></span> <span class='ocrx_word' id='word_1_811' title='bbox 2921 4785 3028 4839; x_wconf 89' lang='lat' dir='ltr'><strong>sint</strong></span> <span class='ocrx_word' id='word_1_812' title='bbox 3048 4799 3133 4839; x_wconf 87' lang='lat' dir='ltr'><strong>res</strong></span> <span class='ocrx_word' id='word_1_813' title='bbox 3162 4786 3228 4840; x_wconf 92' lang='lat' dir='ltr'><strong>de</strong></span> <span class='ocrx_word' id='word_1_814' title='bbox 3259 4787 3453 4857; x_wconf 85' lang='lat' dir='ltr'><strong>quibus</strong></span> <span class='ocrx_word' id='word_1_815' title='bbox 3483 4787 3608 4845; x_wconf 79' lang='lat' dir='ltr'><strong>illud</strong></span> 
     </span>
    </p>
   </div>
   <div class='ocr_carea' id='block_1_108' title="bbox 2037 4877 3609 4947">
    <p class='ocr_par' dir='ltr' id='par_1_108' title="bbox 2037 4877 3609 4947">
     <span class='ocr_line' id='line_1_108' title="bbox 2037 4877 3609 4947; baseline 0.001 -14"><span class='ocrx_word' id='word_1_816' title='bbox 2037 4881 2349 4934; x_wconf 83' lang='lat' dir='ltr'><strong>vocabulum</strong></span> <span class='ocrx_word' id='word_1_817' title='bbox 2383 4879 2721 4947; x_wconf 69' lang='lat' dir='ltr'><strong>pitedicetur.</strong></span> <span class='ocrx_word' id='word_1_818' title='bbox 2755 4877 2934 4944; x_wconf 84' lang='lat' dir='ltr'><strong>Quare</strong></span> <span class='ocrx_word' id='word_1_819' title='bbox 2963 4877 3088 4932; x_wconf 81' lang='lat' dir='ltr'><strong>inde</strong></span> <span class='ocrx_word' id='word_1_820' title='bbox 3111 4879 3466 4933; x_wconf 80' lang='lat' dir='ltr'><strong>substantiam</strong></span> <span class='ocrx_word' id='word_1_821' title='bbox 3497 4880 3609 4947; x_wconf 90' lang='lat' dir='ltr'><strong>ipsa</strong></span> 
     </span>
    </p>
   </div>
   <div class='ocr_carea' id='block_1_109' title="bbox 2031 4971 3609 5043">
    <p class='ocr_par' dir='ltr' id='par_1_109' title="bbox 2031 4971 3609 5043">
     <span class='ocr_line' id='line_1_109' title="bbox 2031 4971 3609 5043; baseline -0.003 -17"><span class='ocrx_word' id='word_1_822' title='bbox 2031 4973 2382 5043; x_wconf 69' lang='lat' dir='ltr'><strong>tequivocatio</strong></span> <span class='ocrx_word' id='word_1_823' title='bbox 2423 4971 2606 5036; x_wconf 84' lang='lat' dir='ltr'><strong>trahit,</strong></span> <span class='ocrx_word' id='word_1_824' title='bbox 2658 4971 2729 5024; x_wconf 90' lang='lat' dir='ltr'><strong>de</strong></span> <span class='ocrx_word' id='word_1_825' title='bbox 2760 4971 2888 5039; x_wconf 81' lang='lat' dir='ltr'><strong>ipsis</strong></span> <span class='ocrx_word' id='word_1_826' title='bbox 2935 4971 3150 5039; x_wconf 83' lang='lat' dir='ltr'><strong>dignius</strong></span> <span class='ocrx_word' id='word_1_827' title='bbox 3179 4971 3481 5028; x_wconf 79' lang='lat' dir='ltr'><strong>inchoatum</strong></span> <span class='ocrx_word' id='word_1_828' title='bbox 3506 4979 3609 5023; x_wconf 88' lang='lat' dir='ltr'><strong>est.</strong></span> 
     </span>
    </p>
   </div>
   <div class='ocr_carea' id='block_1_110' title="bbox 2035 5061 3610 5131">
    <p class='ocr_par' dir='ltr' id='par_1_110' title="bbox 2035 5061 3610 5131">
     <span class='ocr_line' id='line_1_110' title="bbox 2035 5061 3610 5131; baseline 0.001 -15"><span class='ocrx_word' id='word_1_829' title='bbox 2035 5067 2255 5119; x_wconf 81' lang='lat' dir='ltr'><strong>Videtur</strong></span> <span class='ocrx_word' id='word_1_830' title='bbox 2269 5074 2447 5119; x_wconf 87' lang='lat' dir='ltr'><strong>autem</strong></span> <span class='ocrx_word' id='word_1_831' title='bbox 2469 5063 2606 5117; x_wconf 86' lang='lat' dir='ltr'><strong>alius</strong></span> <span class='ocrx_word' id='word_1_832' title='bbox 2633 5079 2753 5118; x_wconf 79' lang='lat' dir='ltr'><strong>esse</strong></span> <span class='ocrx_word' id='word_1_833' title='bbox 2782 5063 2974 5118; x_wconf 85' lang='lat' dir='ltr'><strong>modus</strong></span> <span class='ocrx_word' id='word_1_834' title='bbox 3003 5061 3439 5131; x_wconf 68' lang='lat' dir='ltr'><strong>mqu—ivoeationis</strong></span> <span class='ocrx_word' id='word_1_835' title='bbox 3456 5077 3610 5128; x_wconf 74' lang='lat' dir='ltr'><strong>quem</strong></span> 
     </span>
    </p>
   </div>
   <div class='ocr_carea' id='block_1_111' title="bbox 2031 5151 3611 5224">
    <p class='ocr_par' dir='ltr' id='par_1_111' title="bbox 2031 5151 3611 5224">
     <span class='ocr_line' id='line_1_111' title="bbox 2031 5151 3611 5224; baseline -0.006 -12"><span class='ocrx_word' id='word_1_836' title='bbox 2031 5157 2346 5212; x_wconf 80' lang='lat' dir='ltr'><strong>Aristoteles</strong></span> <span class='ocrx_word' id='word_1_837' title='bbox 2365 5157 2583 5210; x_wconf 89' lang='lat' dir='ltr'><strong>omnino</strong></span> <span class='ocrx_word' id='word_1_838' title='bbox 2607 5170 2713 5208; x_wconf 89' lang='lat' dir='ltr'><strong>non</strong></span> <span class='ocrx_word' id='word_1_839' title='bbox 2730 5155 2942 5224; x_wconf 83' lang='lat' dir='ltr'><strong>recipit.</strong></span> <span class='ocrx_word' id='word_1_840' title='bbox 2985 5153 3119 5208; x_wconf 78' lang='lat' dir='ltr'><strong>Nam</strong></span> <span class='ocrx_word' id='word_1_841' title='bbox 3139 5153 3274 5207; x_wconf 81' lang='lat' dir='ltr'><strong>sicut</strong></span> <span class='ocrx_word' id='word_1_842' title='bbox 3297 5151 3489 5204; x_wconf 82' lang='lat' dir='ltr'><strong>dicitur</strong></span> <span class='ocrx_word' id='word_1_843' title='bbox 3520 5165 3611 5219; x_wconf 75' lang='lat' dir='ltr'><strong>pes</strong></span> 
     </span>
    </p>
   </div>
   <div class='ocr_carea' id='block_1_112' title="bbox 2035 5241 3609 5316">
    <p class='ocr_par' dir='ltr' id='par_1_112' title="bbox 2035 5241 3609 5316">
     <span class='ocr_line' id='line_1_112' title="bbox 2035 5241 3609 5316; baseline -0.003 -16"><span class='ocrx_word' id='word_1_844' title='bbox 2035 5248 2287 5312; x_wconf 85' lang='lat' dir='ltr'><strong>hominis,</strong></span> <span class='ocrx_word' id='word_1_845' title='bbox 2320 5249 2388 5300; x_wconf 86' lang='lat' dir='ltr'><strong>ita</strong></span> <span class='ocrx_word' id='word_1_846' title='bbox 2416 5261 2624 5316; x_wconf 88' lang='lat' dir='ltr'><strong>quoque</strong></span> <span class='ocrx_word' id='word_1_847' title='bbox 2645 5246 2839 5299; x_wconf 88' lang='lat' dir='ltr'><strong>dicitur</strong></span> <span class='ocrx_word' id='word_1_848' title='bbox 2870 5260 2963 5312; x_wconf 90' lang='lat' dir='ltr'><strong>pes</strong></span> <span class='ocrx_word' id='word_1_849' title='bbox 2998 5245 3165 5308; x_wconf 90' lang='lat' dir='ltr'><strong>navis,</strong></span> <span class='ocrx_word' id='word_1_850' title='bbox 3194 5255 3245 5296; x_wconf 90' lang='lat' dir='ltr'><strong>et</strong></span> <span class='ocrx_word' id='word_1_851' title='bbox 3275 5259 3368 5312; x_wconf 86' lang='lat' dir='ltr'><strong>pes</strong></span> <span class='ocrx_word' id='word_1_852' title='bbox 3391 5241 3609 5311; x_wconf 86' lang='lat' dir='ltr'><strong>montis,</strong></span> 
     </span>
    </p>
   </div>
   <div class='ocr_carea' id='block_1_113' title="bbox 2040 5332 3610 5410">
    <p class='ocr_par' dir='ltr' id='par_1_113' title="bbox 2040 5332 3610 5410">
     <span class='ocr_line' id='line_1_113' title="bbox 2040 5332 3610 5410; baseline -0.004 -17"><span class='ocrx_word' id='word_1_853' title='bbox 2040 5357 2158 5410; x_wconf 75' lang='lat' dir='ltr'><strong>qua:</strong></span> <span class='ocrx_word' id='word_1_854' title='bbox 2190 5338 2491 5408; x_wconf 73' lang='lat' dir='ltr'><strong>huiusmodi</strong></span> <span class='ocrx_word' id='word_1_855' title='bbox 2524 5337 2698 5390; x_wconf 88' lang='lat' dir='ltr'><strong>omnia</strong></span> <span class='ocrx_word' id='word_1_856' title='bbox 2739 5334 3032 5392; x_wconf 85' lang='lat' dir='ltr'><strong>secundum</strong></span> <span class='ocrx_word' id='word_1_857' title='bbox 3080 5332 3484 5386; x_wconf 87' lang='lat' dir='ltr'><strong>translationem</strong></span> <span class='ocrx_word' id='word_1_858' title='bbox 3531 5333 3610 5386; x_wconf 58' lang='lat' dir='ltr'><strong>dio</strong></span> 
     </span>
    </p>
   </div>
   <div class='ocr_carea' id='block_1_114' title="bbox 2041 5425 3584 5493">
    <p class='ocr_par' dir='ltr' id='par_1_114' title="bbox 2041 5425 3584 5493">
     <span class='ocr_line' id='line_1_114' title="bbox 2041 5425 3584 5493; baseline -0.004 -7"><span class='ocrx_word' id='word_1_859' title='bbox 2041 5441 2250 5486; x_wconf 86' lang='lat' dir='ltr'><strong>cuntur.</strong></span> <span class='ocrx_word' id='word_1_860' title='bbox 2309 5429 2609 5483; x_wconf 77' lang='lat' dir='ltr'><strong>&#39;l‘ranslatio</strong></span> <span class='ocrx_word' id='word_1_861' title='bbox 2669 5441 2797 5483; x_wconf 82' lang='lat' dir='ltr'><strong>vero</strong></span> <span class='ocrx_word' id='word_1_862' title='bbox 2847 5425 3043 5480; x_wconf 88' lang='lat' dir='ltr'><strong>nullius</strong></span> <span class='ocrx_word' id='word_1_863' title='bbox 3101 5425 3443 5493; x_wconf 87' lang='lat' dir='ltr'><strong>proprietatis</strong></span> <span class='ocrx_word' id='word_1_864' title='bbox 3501 5438 3584 5480; x_wconf 78' lang='lat' dir='ltr'><strong>est</strong></span> 
     </span>
    </p>
   </div>
   <div class='ocr_carea' id='block_1_115' title="bbox 2039 5516 3610 5594">
    <p class='ocr_par' dir='ltr' id='par_1_115' title="bbox 2039 5516 3610 5594">
     <span class='ocr_line' id='line_1_115' title="bbox 2039 5516 3610 5594; baseline -0.001 -22"><span class='ocrx_word' id='word_1_865' title='bbox 2039 5524 2214 5588; x_wconf 86' lang='lat' dir='ltr'><strong>Quare</strong></span> <span class='ocrx_word' id='word_1_866' title='bbox 2249 5520 2540 5594; x_wconf 87' lang='lat' dir='ltr'><strong>secundum</strong></span> <span class='ocrx_word' id='word_1_867' title='bbox 2589 5517 2992 5572; x_wconf 84' lang='lat' dir='ltr'><strong>translationem</strong></span> <span class='ocrx_word' id='word_1_868' title='bbox 3037 5516 3314 5585; x_wconf 69' lang='lat' dir='ltr'><strong>mquivoca</strong></span> <span class='ocrx_word' id='word_1_869' title='bbox 3345 5532 3610 5586; x_wconf 68' lang='lat' dir='ltr'><strong>nunquam</strong></span> 
     </span>
    </p>
   </div>
   <div class='ocr_carea' id='block_1_116' title="bbox 2038 5603 3611 5679">
    <p class='ocr_par' dir='ltr' id='par_1_116' title="bbox 2038 5603 3611 5679">
     <span class='ocr_line' id='line_1_116' title="bbox 2038 5603 3611 5679; baseline -0.001 -12"><span class='ocrx_word' id='word_1_870' title='bbox 2038 5603 2183 5676; x_wconf 78' lang='lat' dir='ltr'><strong>sont,</strong></span> <span class='ocrx_word' id='word_1_871' title='bbox 2214 5611 2312 5664; x_wconf 78' lang='lat' dir='ltr'><strong>nisi</strong></span> <span class='ocrx_word' id='word_1_872' title='bbox 2345 5609 2574 5679; x_wconf 86' lang='lat' dir='ltr'><strong>propriis</strong></span> <span class='ocrx_word' id='word_1_873' title='bbox 2597 5618 2650 5662; x_wconf 92' lang='lat' dir='ltr'><strong>et</strong></span> <span class='ocrx_word' id='word_1_874' title='bbox 2681 5605 3102 5664; x_wconf 84' lang='lat' dir='ltr'><strong>immutabilibus</strong></span> <span class='ocrx_word' id='word_1_875' title='bbox 3120 5607 3373 5676; x_wconf 72' lang='lat' dir='ltr'><strong>subjectae</strong></span> <span class='ocrx_word' id='word_1_876' title='bbox 3405 5624 3491 5663; x_wconf 87' lang='lat' dir='ltr'><strong>res</strong></span> <span class='ocrx_word' id='word_1_877' title='bbox 3523 5626 3611 5665; x_wconf 75' lang='lat' dir='ltr'><strong>vo-</strong></span> 
     </span>
    </p>
   </div>
   <div class='ocr_carea' id='block_1_117' title="bbox 2040 5701 3610 5776">
    <p class='ocr_par' dir='ltr' id='par_1_117' title="bbox 2040 5701 3610 5776">
     <span class='ocr_line' id='line_1_117' title="bbox 2040 5701 3610 5776; baseline -0.003 -12"><span class='ocrx_word' id='word_1_878' title='bbox 2040 5707 2242 5765; x_wconf 84' lang='lat' dir='ltr'><strong>cabulis</strong></span> <span class='ocrx_word' id='word_1_879' title='bbox 2265 5706 2617 5776; x_wconf 87' lang='lat' dir='ltr'><strong>appellentur.</strong></span> <span class='ocrx_word' id='word_1_880' title='bbox 2656 5701 2750 5758; x_wconf 83' lang='lat' dir='ltr'><strong>Est</strong></span> <span class='ocrx_word' id='word_1_881' title='bbox 2768 5710 2948 5756; x_wconf 88' lang='lat' dir='ltr'><strong>autem</strong></span> <span class='ocrx_word' id='word_1_882' title='bbox 2977 5701 3098 5758; x_wconf 88' lang='lat' dir='ltr'><strong>talis</strong></span> <span class='ocrx_word' id='word_1_883' title='bbox 3119 5716 3305 5758; x_wconf 86' lang='lat' dir='ltr'><strong>eorum</strong></span> <span class='ocrx_word' id='word_1_884' title='bbox 3341 5704 3610 5760; x_wconf 85' lang='lat' dir='ltr'><strong>universa-</strong></span> 
     </span>
    </p>
   </div>
  </div>
