4244 6254
623 354 721 412 lb‘l

1839 346 1944 399 ΑΝ.
1988 342 2198 399 MANL.
2237 341 2388 398 SEV.
2422 337 2646 395 BOETii

3779 345 3881 401 (68

624 476 690 532 lis
719 473 1000 538 inepectto.
1030 467 1213 537 Neque
1242 468 1386 524 enim
1421 466 1596 522 omnis
1632 461 1904 518 translatio
1929 462 1997 515 ab
2029 459 2197 530 requi-
2223 459 2276 518 Α

2223 455 2476 524 Aaliqua
2541 467 2628 507 res
2675 451 2774 505 alia
2829 453 3128 523 participat,
3181 454 3292 525 ipsa
3321 456 3717 528 participatione
3743 461 3881 517 sicut

621 565 899 620 vocatione
925 560 1244 631 sejungitur,
1277 560 1368 615 sed
1398 575 1459 614 ea
1508 565 1709 611 tantum
1739 569 1859 609 cum
1887 553 1951 606 ad
1984 568 2069 608 res
2097 552 2194 605 ba-

621 657 808 714 bentes
836 656 1071 726 positum
1103 652 1437 717 vocabulum,
1471 650 1538 703 ab
1569 648 1670 703 alia
1691 649 1802 717 jam
1835 645 2103 701 nominata
2133 660 2193 701 re

622 762 815 806 nomen
839 756 1061 802 ornatus
1081 759 1238 800 causa
1271 740 1606 806 transfertur,
1640 749 1696 793 ut
1716 739 1838 809 quia
1857 738 1966 807 jam
1995 737 2192 799 dicitur

623 839 839 909 quidam
885 838 1086 906 auriga,
1137 835 1326 889 dicitur
1374 833 1536 886 etiam
1589 832 1934 900 gubernator,
1986 828 2031 884 si
2071 828 2193 898 quis

524 926 549 998 ’ῗ
621 939 843 989 ornatus
860 928 1022 999 gratia
1054 941 1174 981 eum
1204 925 1290 994 qui
1312 923 1639 994 gubernator
1655 933 1736 978 εει
1762 921 1900 976 dicat
1930 920 2186 990 aurigam,

541 1008 553 1027 ’
621 1041 727 1082 non
758 1024 859 1079 erit
885 1021 1063 1088 auriga
1091 1033 1284 1073 nomen
1313 1016 1664 1085 azquivocum,
1709 1015 1831 1069 licet
1860 1014 2096 1080 diversa,
2137 1012 2192 1067 id

621 1127 723 1181 est,
738 1113 1124 1169 moderatorem
1145 1124 1332 1165 currus
1354 1109 1611 1180 navisque
1637 1107 1923 1177 signiticet.
1940 1106 2042 1162 Sed
2062 1122 2194 1177 quo-

615 1209 716 1262 tics
746 1220 831 1261 res
860 1203 1076 1273 quidem
1115 1203 1372 1258 vocabulo
1401 1211 1545 1272 eget,
1575 1202 1642 1255 ab
1685 1202 1788 1255 alia
1813 1206 1940 1256 vero
1979 1214 2039 1255 re
2074 1214 2195 1269 qute

616 1297 926 1354 vocabulum
959 1297 1142 1364 sumit,
1170 1305 1296 1351 tunc
1323 1297 1419 1351 ista
1447 1296 1724 1351 translatio
1751 1295 2197 1366 :equivocationis

615 1391 809 1445 retinet
840 1389 1238 1459 preprietatem,
1273 1398 1333 1446 ut
1352 1404 1415 1444 ex
1445 1388 1665 1444 homine
1688 1389 1809 1443 vivo
1837 1388 1902 1442 ad
1936 1388 2196 1457 picturam

614 1497 807 1538 nomen
849 1482 1081 1544 hominis
1113 1482 1314 1537 dictum
1365 1493 1467 1537 εει.
1505 1483 1570 1537 Ει
1601 1483 1666 1537 de
1693 1481 1986 1551 :equivocis
2018 1485 2200 1538 hacte-

615 1589 748 1639 nus;
776 1588 917 1629 nunc
939 1573 1004 1629 de
1027 1574 1268 1629 univocis
1291 1583 1702 1644 pertractemus.

1179 1664 1267 1719 DE
1292 1665 1622 1720 UNIVOCIS.

689 1755 914 1811 Univoca
939 1773 1056 1811 vero
1085 1763 1325 1811 dicuntur
1350 1774 1567 1828 quorum
1597 1775 1778 1812 nomen
1808 1775 2074 1812 commune
2100 1769 2195 1824 est,

2299 561 2437 608 rem,
2472 544 2544 599 ita
2571 558 2784 613 quoque
2805 561 2998 599 nomen
3023 545 3424 615 adipiscitur,ut
3456 551 3670 619 quidam
3696 552 3874 618 homo,

2297 637 2419 707 quia
2445 637 2654 706 justitia
2679 638 2958 707 participat
2984 648 3039 694 et
3069 654 3181 695 rem
3210 655 3421 711 quoque
3447 643 3570 697 inde
3619 645 3781 700 trahit
3823 660 3876 701 et

2296 745 2515 795 nomen,
2545 730 2742 784 dicitur
2763 731 2904 785 enim
2933 729 3132 801 justus.
3167 732 3307 803 Ergo
3344 733 3739 791 denominativa
3785 753 3878 792 vo-

2296 831 2488 880 cantur
2531 840 2861 895 quaecunque
2885 840 2913 878 a
2957 826 3234 895 principali
3261 829 3486 896 nomine
3506 831 3624 885 solo
3643 846 3792 896 casu,
3825 833 3877 888 id

2297 928 2382 973 est
2412 919 2526 973 sola
2560 918 3031 989 transllguratione
3077 919 3402 990 discrepant.
3463 923 3596 979 Nam
3642 941 3763 981 cum
3811 927 3881 982 sit

2297 1026 2490 1067 nomen
2523 1011 2813 1082 principale
2840 1012 3074 1083 justitia,
3103 1014 3170 1070 ab
3197 1015 3297 1070 hoc
3324 1017 3756 1089 transfiguratum
3784 1038 3879 1078 no-

2299 1119 2424 1160 men
2467 1104 2648 1174 justus
2700 1105 2952 1162 efficitur.
3010 1107 3151 1178 Ergo
3195 1109 3283 1164 illa
3315 1120 3441 1165 sunt
3479 1115 3874 1171 denominativa

2297 1213 2626 1268 quacunque
2667 1213 2698 1253 a
2744 1198 3026 1269 principali
3082 1202 3301 1259 nomine
3351 1206 3468 1261 solo
3523 1222 3671 1273 casu,
3716 1210 3766 1265 id
3795 1221 3877 1265 est

2298 1295 2412 1347 sola
2439 1290 2673 1346 nominis
2712 1291 3090 1361 discrepantia,
3120 1295 3414 1351 secundum
3462 1298 3754 1370 principale
3782 1318 3878 1357 no-

2302 1400 2424 1439 men
2477 1383 2675 1440 habent
2703 1386 3136 1456 appellationem.
3170 1390 3294 1444 Tria
3318 1402 3447 1446 sunt
3477 1405 3650 1450 autem
3695 1413 3879 1453 neces-

2302 1476 2464 1539 saria,
2492 1485 2548 1530 ut
2573 1475 2968 1532 denominativa
2995 1479 3257 1535 vocabula
3289 1485 3704 1541 constituantur:
3739 1489 3882 1557 prius

2304 1579 2446 1622 utre
2478 1567 2785 1638 participet,
2819 1577 2940 1638 post
2993 1577 3052 1624 ut
3081 1572 3318 1638 nomine,
3380 1584 3649 1643 postremo
3703 1589 3761 1634 ut
3815 1583 3884 1638 sit

2303 1658 2548 1728 quaadam
2571 1660 2806 1714 nominis
2832 1662 3252 1730 transfiguratio,
3289 1673 3343 1719 ut
3374 1681 3493 1720 cum
3523 1668 3717 1739 aliquis
3749 1671 3885 1727 dici-

2306 1759 2390 1805 tur
2418 1767 2446 1805 a
2473 1752 2779 1806 fortitudine
2809 1751 2984 1818 fortis,
3019 1763 3102 1808 est
3147 1755 3288 1810 enim
3338 1760 3583 1827 quaedam
3627 1763 3882 1821 fortitudo

615 1861 660 1906 et
679 1851 954 1905 secundum
983 1867 1161 1906 nomen
1183 1851 1358 1905 eadem
1388 1853 1519 1905 ratio
1539 1851 1857 1918 substantiae,
1892 1861 1945 1903 ut
1972 1851 2191 1920 animal,
2225 1840 2274 1901 Β
2298 1856 2400 1910 qua
2430 1841 2579 1895 fortis
2602 1841 2695 1897 ille
2722 1843 3021 1912 pariiCipel,
3059 1843 3218 1898 habet
3247 1861 3463 1918 quoque
3496 1853 3725 1908 nominis
3750 1872 3877 1925 par-

618 1943 764 1997 homo
784 1953 932 2012 a'que
965 1943 1070 2005 bos,
1097 1944 1350 1996 communi
1379 1943 1509 1996 enim
1531 1944 1727 1996 nomine
1749 1951 1960 2011 utraque
1986 1945 2191 1996 anima-

617 2036 686 2090 lia
711 2043 1087 2105 nuncupantur,
1117 2044 1163 2089 et
1195 2045 1266 2089 est
1296 2036 1592 2090 substantia:
1621 2038 1752 2089 ratio
1775 2037 1977 2090 eadem.
2005 2037 2194 2107 Siquis

617 2128 746 2182 enim
785 2128 1002 2196 aesignet
1035 2129 1294 2199 utriusque
1320 2129 1572 2182 rationem
1603 2129 1728 2194 quid
1783 2139 2056 2199 utrumque
2105 2131 2191 2196 sit,

618 2233 714 2288 quo
750 2217 849 2272 sint
878 2218 1144 2283 animalia,
1167 2220 1397 2273 eamdem
1424 2219 1698 2289 assignabit
1724 2223 1992 2275 rationem.

618 2345 622 2350 -
685 2309 812 2366 Post
849 2313 1245 2379 :equivocorum
1298 2313 1677 2369 diffinitionetn
1726 2315 1791 2369 ad
1840 2317 2192 2372 univocorum

617 2402 900 2458 terminum
936 2405 1217 2458 transitum
1248 2405 1392 2473 fecit,
1432 2405 1482 2459 in
1511 2405 1707 2475 quibus
1753 2406 1882 2460 nihil
1908 2407 2050 2462 aliud
2078 2408 2196 2461 dis-

617 2507 826 2567 crepat,
870 2499 971 2551 nisi
1031 2499 1172 2566 quod
1219 2504 1493 2569 aequivoca
1542 2501 1863 2558 dilfinitione
1933 2502 2196 2572 disjuncm

619 2601 760 2656 sunt,
793 2592 1014 2646 uttivoca
1041 2591 1155 2659 ipso
1179 2608 1392 2662 quoque
1418 2593 1691 2649 terminoc
1728 2596 2080 2665 njunguntur,
2105 2597 2198 2653 sed

619 2693 809 2739 extera
832 2682 1008 2738 omnia
1031 2698 1368 2752 quaecunque
1385 2685 1436 2739 in
1460 2687 1856 2754 aequivocorum
1881 2688 2198 2746 diffinitione

621 2774 763 2830 dicta
791 2782 935 2840 sunt,
987 2773 1040 2829 in
1070 2774 1167 2828 hac
1196 2789 1410 2845 quoque
1431 2777 1778 2832 univocorum
1830 2777 2197 2848 designatione

623 2867 965 2923 conveniunt.
991 2867 1120 2922 Nam
1147 2868 1593 2937 quemadmodum
1618 2871 1667 2925 in
1696 2871 1984 2941 aequivocis
2007 2888 2196 2928 secun-

623 2959 747 3015 dum
773 2975 964 3017 nomen
989 2960 1380 3031 aequivocarum
1403 2977 1582 3016 rerum
1615 2963 1863 3019 diffinitio
1909 2966 2086 3031 ﬁebat,
2118 2969 2197 3020 ita

625 3065 839 3120 quoque
865 3052 917 3106 in
945 3052 1182 3108 univocis
1211 3051 1506 3106 secundum
1538 3070 1735 3110 nomen
1767 3057 2077 3112 subslantizn
2109 3073 2199 3112 ra-

625 3143 700 3195 tio
726 3142 1102 3211 assignabitur.
1131 3142 1264 3197 Sunt
1284 3152 1459 3198 autem
1486 3150 1710 3200 univoca
1739 3158 1831 3201 aut
1853 3163 2045 3217 genera
2078 3163 2200 3219 spe-

2301 1935 2684 2002 ticipationem,
2716 1935 2864 1990 fortis
2886 1936 3027 1990 enim
3050 1935 3262 1993 dicitur.
3285 1944 3351 1994 At
3373 1956 3500 1996 vero
3529 1956 3613 2000 est
3633 1948 3878 2016 qua-dam

2300 2029 2718 2097 transﬁguratio,
2765 2028 2918 2083 fortis
2959 2030 3100 2084 enim
3144 2041 3198 2086 et
3237 2033 3488 2090 fortitudo
3529 2053 3635 2094 non
3680 2042 3880 2100 eisdem

2298 2122 2517 2192 syllabis
2549 2121 2921 2176 terminantur.
2967 2123 3023 2177 Si
3066 2124 3194 2193 quid
3236 2141 3364 2181 vero
3392 2128 3461 2182 sit
3502 2132 3643 2200 quod
3676 2149 3734 2188 re
3775 2151 3881 2192 non

2299 2215 2583 2286 participet
2607 2256 2621 2281 ,
2673 2231 2845 2284 neque
2875 2216 3090 2270 nomine
3133 2219 3450 2290 participare
3477 2234 3670 2293 potest.
3705 2228 3884 2293 Quare

2299 2324 2630 2378 quaecunque
2653 2324 2711 2362 re
2734 2324 2836 2363 non
2864 2311 3198 2380 participant,
3213 2313 3606 2374 denominativa
3633 2337 3752 2378 esse
3774 2340 3882 2380 non

2303 2409 2543 2469 possunt.
2575 2400 2778 2454 Rursus
2803 2415 3032 2471 quoque,
3067 2418 3185 2472 qua:
3217 2420 3273 2459 re
3293 2407 3510 2476 quidem
3539 2414 3883 2484 participant,

2302 2493 2518 2548 nomine
2555 2508 2682 2547 vero
2726 2493 2964 2561 minime,
2998 2495 3109 2564 ipsa
3139 2513 3351 2568 quoque
3395 2517 3422 2554 a
3454 2504 3886 2566 denominativo-

2303 2601 2420 2640 rum
2450 2594 2636 2640 natura
2666 2584 2894 2640 discreta
2923 2596 3081 2652 sunt,
3111 2596 3169 2643 ut
3201 2591 3245 2644 si
3273 2593 3414 2662 quis,
3448 2610 3569 2651 cum
3601 2600 3669 2653 sit
3700 2602 3884 2670 virtus,

2304 2677 2500 2731 virtute
2539 2677 2649 2745 ipsa
2694 2679 2995 2748 participet,
3039 2681 3187 2736 nullo
3229 2697 3350 2738 eum
3389 2687 3494 2741 alio
3532 2692 3745 2748 nomine
3788 2697 3886 2753 nisi

2303 2768 2599 2835 sapientem
2632 2783 2902 2824 vocamus.
2945 2770 3051 2825 Sed
3081 2771 3252 2828 virtus
3293 2784 3347 2829 et
3385 2779 3643 2847 sapientia
3675 2787 3889 2842 nomine

2304 2856 2423 2924 ipso
2453 2861 2715 2929 disjuncta
2747 2873 2907 2928 sunt,
2955 2864 3042 2919 hic
3076 2881 3204 2935 ergo
3234 2883 3291 2922 re
3327 2871 3543 2939 quidem
3573 2877 3884 2948 participat,

2308 2952 2528 3007 neruine
2559 2967 2685 3007 vero
2715 2955 2957 3010 minime.
3004 2957 3180 3022 Quare
3207 2961 3420 3029 sapiens
3449 2980 3476 3017 a
3506 2966 3701 3024 virtute
3729 2970 3893 3026 deno-

2305 3045 2534 3097 minatus
2561 3059 2681 3098 esse
2713 3060 2814 3099 non
2847 3047 3060 3113 dicitur,
3094 3051 3186 3104 sed
3215 3068 3242 3104 a
3285 3054 3568 3124 sapientia,
3616 3076 3720 3128 qua
3750 3065 3894 3120 sciti.

2307 3146 2391 3191 cet
2433 3145 2487 3190 et
2524 3137 2825 3206 participat,
2857 3149 2906 3193 et
2933 3141 3146 3195 nomine
3175 3142 3430 3213 jungitur,
3464 3157 3518 3202 et
3546 3153 3895 3224 transfigura-

626 3232 832 3297 ciebus,
865 3244 955 3288 aut
980 3235 1190 3303 species
1234 3235 1537 3304 speciebus,
1575 3253 1774 3307 genera
1805 3215 2199 3308 speciebus,m
2227 3215 2274 3279 C
2309 3229 2454 3282 tione
2474 3228 2714 3282 diversus
2739 3238 2852 3294 est;
2889 3235 3073 3285 rurStis
3095 3234 3139 3286 si
3173 3236 3568 3306 transﬁguratio
3593 3257 3699 3297 non
3726 3247 3817 3311 sit,
3840 3257 3894 3304 ttt

626 3323 819 3380 animal
873 3334 1032 3393 atque
1075 3325 1255 3381 homo.
1313 3326 1445 3382 Nam
1490 3343 1610 3382 cum
1655 3329 1884 3385 hominis
1939 3348 2105 3402 genus
2135 3334 2203 3388 sit

625 3413 845 3480 animal,
867 3415 1063 3470 dicitur
1078 3416 1241 3473 homo
1266 3419 1486 3487 animal,
1509 3437 1639 3491 ergo
1662 3432 1716 3477 et
1735 3425 1930 3478 animal
1957 3434 2018 3486 et,
2043 3427 2204 3481 homo

625 3504 872 3560 animalia
932 3519 1330 3578 nuncupantur.
1389 3513 1693 3567 Secundum
1737 3513 1894 3584 igitur
1920 3532 2204 3574 commune

624 3611 817 3652 nomen
864 3598 909 3652 si
940 3608 1195 3670 utrosque
1223 3601 1484 3670 diffinias,
1527 3605 1661 3660 dicis
1690 3607 1885 3661 animal
1917 3623 2038 3664 esse
2080 3611 2206 3665 sub-

624 3686 875 3743 stantiam
911 3690 1202 3744 animatam
1221 3701 1382 3761 atque
1411 3693 1741 3763 sensibilem,
1777 3697 2044 3752 hominem
2074 3715 2206 3769 quo-

626 3793 728 3847 que
758 3778 1053 3834 secundum
1087 3781 1139 3836 id
1186 3782 1329 3852 quod
1378 3779 1710 3853 auimal‘est,
1756 3788 1801 3842 si
1854 3789 2205 3845 substantiam

626 3869 913 3925 animatatn
940 3873 1250 3928 sensibilem
1277 3875 1496 3939 dixeris,
1527 3877 1657 3932 nihil
1688 3878 1739 3932 in
1762 3893 1827 3934 eo
1851 3880 2094 3935 falsitatis
2121 3882 2205 3937 in-

628 3960 828 4016 venies.
860 3961 1081 4030 Species
1112 3981 1236 4020 vero
1286 3968 1568 4037 speciebus
1605 3970 1847 4026 univocse
1893 3982 2037 4041 sunt,
2088 3989 2208 4044 quae

631 4067 738 4107 uno
771 4065 929 4124 atque
976 4056 1165 4112 eodem
1213 4073 1410 4127 genere
1461 4061 1806 4120 continentur
1836 4108 1850 4131 ,
1914 4075 1970 4121 ut
2021 4066 2204 4135 homo,

629 4159 796 4214 equus
833 4155 991 4216 atque
1014 4146 1130 4213 bos,
1168 4147 1252 4202 his
1283 4165 1568 4208 commune
1596 4169 1766 4224 genus
1797 4165 1882 4211 est
1911 4157 2128 4224 animal,
2155 4167 2209 4214 et

631 4235 896 4290 communi
924 4235 1137 4291 nomine
1157 4239 1404 4294 animalia
1429 4244 1792 4299 nominantur.
1827 4246 1967 4316 Ergo
2010 4264 2206 4303 secun-

632 4332 758 4382 dum
782 4343 970 4383 nomen
1001 4345 1161 4385 unum
1179 4333 1319 4399 quod
1353 4333 1456 4387 illis
1479 4350 1772 4392 commune
1799 4349 1903 4403 est,
1937 4342 2205 4406 animalis,

634 4433 735 4474 una
762 4419 906 4474 illius
936 4421 1070 4475 ratio
1100 4420 1437 4477 ditfinitionis
1483 4426 1772 4494 aptabitur,
1826 4429 2007 4483 omnia
2065 4431 2208 4485 enim

627 4520 755 4565 sunt
783 4510 1090 4567 substantia:
1119 4515 1365 4569 animatae
1386 4525 1544 4586 atque
1569 4519 1872 4573 sensibiles.
1901 4521 2203 4576 Secundum

2307 3320 2551 3387 quaedam
2583 3319 2774 3373 mulier
2803 3321 3005 3375 musica
3027 3362 3039 3382 ,
3075 3323 3355 3394 participat
3384 3329 3596 3396 quidem
3629 3332 3744 3402 ipsa
3777 3353 3894 3392 mu-

2307 3409 2431 3463 sica:
2459 3409 2753 3478 disciplina,
2805 3420 2858 3464 et
2887 3411 3081 3467 dicitur
3107 3415 3329 3470 musica.
3378 3419 3504 3474 Haec
3530 3421 3688 3492 igitur
3711 3419 3893 3498 appel-

2313 3501 2440 3554 latio
2472 3516 2577 3554 non
2605 3511 2686 3556 cst
2711 3501 3125 3571 denominativa,
3160 3509 3251 3562 sed
3284 3511 3580 3581 aequivoca,
3613 3532 3720 3573 uno
3751 3521 3892 3577 enim

2307 3595 2524 3649 nomine
2540 3603 2591 3647 ct
2611 3594 2887 3663 disciplina
2899 3606 2952 3653 et
2967 3598 3076 3668 ipsa
3106 3602 3298 3658 mulier
3313 3605 3511 3661 musica
3529 3607 3892 3681 dicitur.Quo-

2310 3687 2451 3740 niam
2477 3701 2606 3756 ergo
2634 3687 2825 3743 similis
2855 3692 3111 3746 terminus
3134 3695 3457 3765 syllabarum
3481 3711 3582 3767 est,
3615 3714 3668 3759 et
3697 3722 3891 3766 nomen

2312 3779 2510 3844 simile,
2538 3787 2592 3833 et
2618 3780 2758 3833 nulla
2783 3783 3198 3852 transfiguratio,
3222 3787 3617 3848 denominativa
3639 3811 3757 3852 esse
3779 3814 3885 3856 non

2312 3879 2582 3940 poterunt,
2599 3887 2762 3941 quare
2783 3875 3037 3945 quidquid
3058 3876 3511 3940 denominativum
3533 3888 3888 3960 esseIdicitur,

2311 3962 2437 4016 illud
2468 3972 2519 4017 et
2549 3978 2607 4018 re
2637 3963 2972 4033 participabit
3012 3977 3064 4022 et
3105 3971 3352 4036 nomine,
3383 3981 3439 4027 et
3475 3976 3648 4047 aliqua
3679 3986 3892 4039 transfi-

2310 4052 2592 4122 guratione
2631 4055 2870 4109 vocabuli
2912 4056 3253 4127 discrepabit.
3304 4061 3428 4118 llaec
3471 4066 3627 4135 igitur
3667 4088 3786 4141 quae
3823 4077 3890 4131 ad

2311 4146 2721 4216 pnedicamenta
2752 4149 3053 4203 necessaria
3085 4153 3352 4223 credidit,
3404 4161 3676 4226 praemisit.
3713 4164 3891 4222 Multi-

2315 4251 2448 4290 voca
2471 4252 2600 4290 vero
2621 4246 2675 4291 et
2697 4236 3026 4294 diversivoca
3057 4243 3278 4312 reSpuit,
3316 4249 3455 4315 quod
3485 4251 3548 4303 ad
3574 4266 3890 4320 praesentem

2316 4336 2595 4380 tractatum
2631 4327 2776 4380 tttilia
2808 4344 2912 4383 non
2936 4332 3156 4399 putavit.
3195 4334 3434 4394 Breviter
3466 4350 3640 4397 tamen
3672 4354 3892 4416 utraque

2311 4417 2620 4472 diftinienda
2666 4429 2809 4474 sunt.
2853 4420 3133 4479 Multivoca
3175 4437 3301 4482 sunt
3338 4445 3563 4498 quorum
3605 4435 3753 4503 plura
3797 4454 3892 4493 no-

2316 4509 2455 4562 mina
2487 4525 2588 4563 una
2627 4510 2876 4566 diffinitio
2917 4523 3019 4579 est,
3052 4525 3109 4570 ut
3137 4529 3219 4574 est
3258 4532 3489 4588 scutum,
3520 4527 3777 4597 clypeus:
3811 4531 3893 4587 his

633 4603 791 4675 igitur
812 4606 1158 4674 posteriorem
1201 4609 1589 4666 univocationis
1629 4611 2054 4683 designationem
2086 4615 2208 4670 Ari.
2240 4599 2290 4659 Ῑ)

2240 4599 2290 4659 D
2315 4604 2456 4659 enim
2490 4603 2637 4672 plura
2663 4608 2898 4672 nomina,
2929 4608 3022 4662 scd
3051 4625 3151 4664 una
3181 4611 3427 4670 difﬁnitio
3458 4628 3576 4684 est;
3603 4631 3656 4675 et
3683 4622 3891 4679 Marcus

633 4697 852 4752 stoteles
877 4711 978 4768 qua
1001 4700 1275 4768 speciebus
1293 4702 1498 4770 species
1526 4703 1767 4760 univocte
1793 4719 1938 4772 sunt,
1967 4717 2024 4762 ut
2049 4710 2214 4765 homo

632 4799 687 4845 et
733 4785 878 4858 'bos,
947 4810 1066 4863 qum
1120 4795 1219 4850 sub
1271 4795 1459 4851 eodem
1512 4809 1638 4853 sunt
1693 4815 1931 4870 genere,
1987 4802 2215 4872 sumpsit

633 4884 957 4952 exemplum.

1086 4978 1173 5032 DE
1203 4977 1745 5039 DENOMINATIVIS.

707 5067 1092 5124 Denominativa
1129 5087 1246 5125 vero
1286 5074 1526 5128 dicuntur
1569 5090 1878 5142 quaecunque
1918 5077 1982 5130 ab
2030 5077 2203 5147 aliquo

632 5158 738 5213 solo
767 5158 1051 5226 differentia
1071 5178 1194 5217 casu
1239 5167 1518 5218 secundum
1551 5183 1732 5221 nomen
1749 5167 1932 5222 habent
1964 5170 2201 5238 appella-

633 5255 837 5323 tionem,
860 5267 913 5310 ut
936 5274 968 5310 a
998 5261 1329 5329 grammatica
1360 5265 1740 5332 grammaticus,
1767 5272 1812 5318 et
1851 5282 1882 5318 a
1908 5265 2208 5335 fortitudine

634 5347 797 5415 Ionis.

702 5441 823 5494 Haec
845 5457 1056 5513 quoque
1077 5444 1324 5501 difﬁnitio
1356 5448 1484 5503 nihil
1511 5448 1672 5505 habet
1694 5451 2005 5508 obscurum.
2035 5453 2204 5510 Casus

631 5530 769 5584 enim
798 5533 1000 5603 antiqui
1031 5538 1376 5593 nominabant
1409 5540 1618 5610 aliquas
1675 5545 1947 5601 nominum
1999 5550 2209 5603 transfi-

631 5625 967 5692 gurationes,
1011 5638 1068 5683 ut
1117 5645 1146 5684 a
1180 5629 1385 5700 justitia
1422 5634 1627 5704 justus,
1666 5651 1693 5687 a
1742 5637 2047 5696 fortitudine
2101 5641 2206 5697 for-

633 5712 721 5780 tis,
754 5727 858 5773 etc.
885 5719 1012 5776 Htec
1033 5721 1190 5792 igitur
1219 5726 1447 5786 nominis
1478 5727 1822 5797 transfigurat
1843 5730 1895 5784 io
1916 5771 1929 5796 ,
1958 5746 2113 5786 casus
2137 5734 2206 5788 ab

635 5810 1020 5872 antiquioribus
1051 5819 1358 5875 vocabatur.
1403 5820 1578 5884 Atque
1629 5820 1754 5877 ideo
1782 5823 2204 5891 quotiescunque

2321 4695 2527 4750 Portius
2558 4697 2722 4762 Cato,
2767 4698 2849 4752 bis
2875 4700 3016 4755 enim
3051 4712 3131 4757 tot
3170 4706 3472 4762 nominibus
3506 4725 3592 4765 res
3633 4727 3736 4768 una
3767 4715 3894 4769 sub-

2313 4789 2451 4858 jecta
2479 4799 2578 4844 est.
2603 4789 2912 4846 Diversitica
2932 4803 3054 4848 sunt
3079 4810 3303 4865 quorum
3330 4815 3503 4871 neque
3534 4818 3726 4860 nomen
3755 4807 3894 4865 idem

2315 4889 2416 4947 est,
2450 4896 2623 4950 neque
2651 4882 2836 4937 eadem
2867 4883 3130 4954 diffinitio,
3165 4898 3219 4943 ut
3247 4889 3428 4956 homo.
3460 4894 3628 4961 color,
3659 4906 3714 4952 et
3737 4899 3895 4968 quid-

2316 4973 2440 5040 quid
2468 4973 2687 5026 omnino
2713 4989 2741 5026 a
2772 4989 2831 5028 se
2858 4985 2911 5029 et
2938 4979 3168 5035 nominis
3196 4987 3589 5052 nuncupatione
3617 4997 3668 5040 ct
3695 4987 3892 5042 difiini~

2317 5066 2475 5119 tionis
2503 5066 2706 5120 ratione
2731 5066 3019 5124 discretum
3049 5081 3150 5128 est.

2383 5178 2605 5233 .Eornm
2639 5199 2750 5250 qua:
2777 5184 3015 5239 dicuntur
3040 5189 3144 5240 alia
3193 5189 3397 5257 quidem
3444 5192 3724 5246 secundum
3754 5211 3893 5247 com-

2311 5272 2596 5342 p!exionem
2625 5273 2885 5341 dicuntur,
2926 5278 3030 5331 alia
3051 5295 3164 5332 vero
3210 5281 3316 5333 sine
3347 5280 3723 5350 complexione,
3754 5299 3798 5341 et
3832 5306 3892 5344 ea

2310 5382 2422 5434 quae
2453 5367 2729 5421 secundant
2759 5371 3156 5439 complexionem
3184 5374 3425 5429 dicuntur
3457 5386 3596 5442 sunt,
3648 5390 3703 5433 ut
3739 5384 3888 5438 homo

2315 5460 2490 5525 currit,
2521 5459 2667 5513 homo
2693 5462 2843 5514 vincit
2869 5479 2887 5516 :
2917 5480 2974 5517 ea
3008 5481 3122 5517 vero
3148 5481 3260 5529 quo:
3287 5468 3394 5522 sine
3435 5472 3783 5540 complexione
3808 5476 3891 5529 di-

2315 5562 2500 5604 cuntur
2527 5563 2660 5615 sunt,
2687 5563 2738 5606 ut
2765 5555 2933 5617 homo,
2969 5557 3075 5622 bos,
3104 5559 3282 5624 currit,
3309 5562 3483 5616 vincit.

2387 5645 2665 5715 Postquam
2697 5648 2763 5702 de
2793 5647 3166 5717 conjunctione
3198 5651 3573 5710 diftinitiunum
3614 5667 3771 5726 atque
3799 5673 3893 5711 no.

2314 5738 2512 5790 tninum
2560 5749 2813 5807 quantum
2865 5740 2928 5793 ad
2968 5757 3206 5810 praesens
3255 5747 3512 5803 attinebat
3551 5763 3704 5816 opus,
3737 5749 3892 5803 suffi-

2312 5829 2516 5884 cienter
2539 5832 2786 5898 exposuit
2811 5836 3061 5901 quoniam
3092 5838 3160 5894 de
3179 5841 3365 5907 primis
3387 5839 3690 5896 nominibus
3721 5843 3894 5910 prima
