4244 6254
320 262 419 317 169

1324 266 1384 318 IN
1423 263 1855 322 CATEGORHS
1895 268 2339 326 AR'STOTEIJS
2382 273 2505 326 LID.
2552 276 2565 324 l

3482 277 3577 327 ίῖὓ

316 387 493 428 rerum
514 388 711 443 genera
738 374 1159 443 signiﬁcantibus
1178 376 1367 430 div.sio
1390 376 1635 432 facienda
1664 387 1763 443 est,
1788 394 1891 431 non
1934 388 1970 436 Α
1990 390 2081 434 aut
2110 384 2499 450 particulariler
2524 386 2877 455 intelligatur;
2914 405 3032 441 naui
3065 405 3184 442 cum
3208 391 3327 444 diuo
3375 392 3566 460 homo,

317 468 557 532 nomine,
601 468 697 522 sed
747 482 936 537 genere
977 468 1428 537 discrepantibus,
1479 484 1622 523 nunc
1664 470 1895 524 ostendit

317 561 443 628 quid
472 564 543 614 sit
586 562 701 614 sine
727 560 1102 629 complexione
1130 562 1419 631 cujuslibet
1462 564 1708 617 vocabuli
1763 564 1896 617 facet

316 653 569 719 prolatio.
596 652 721 705 Sine
749 653 1119 719 complexione
1146 654 1286 707 enim
1309 654 1899 724 dicunturquaecnnque

315 744 605 798 secundum
638 744 931 812 simplicem
955 759 1145 798 sonum
1180 746 1413 798 nominis
1442 745 1809 814 proferuntur,
1843 757 1899 799 ιιι

317 834 497 895 homo,
526 846 691 899 equus
722 848 737 887 :
770 832 851 887 his
890 833 1033 887 enim
1062 843 1210 887 extra
1255 835 1380 888 nihil
1433 836 1743 904 adjunctum
1792 846 1896 891 est.

296 921 614 976 ‘SeCundum
644 924 1073 991 complexionem
1095 924 1350 977 dicuntur
1371 941 1704 995 qumcunque
1723 928 1896 993 aliqua

311 1012 684 1080 Conjunctione
713 1013 1055 1081 copulantur,
1088 1022 1146 1067 ut
1176 1022 1269 1066 aut
1297 1014 1547 1068 Socrates
1592 1024 1687 1068 aut
1724 1016 1895 1080 Plato,

312 1104 392 1156 vel
437 1116 770 1171 qumcunque
801 1104 1096 1159 secundum
1127 1103 1343 1172 aliquod
1374 1104 1623 1157 accidens
1668 1104 1891 1173 conjun-

311 1207 527 1261 guntur.
552 1192 684 1245 Nam
699 1193 1003 1259 quia,verbi
1018 1193 1186 1261 gratia
1206 1234 1219 1254 ,
1244 1196 1296 1244 iu
1317 1194 1592 1248 Socratem
1611 1195 1759 1248 venit
1783 1210 1895 1247 atu-

310 1282 528 1347 bulatio,
562 1282 790 1335 dicimus
822 1299 835 1333 :
880 1281 1131 1336 Socrates
1173 1283 1431 1344 ambulat,
1460 1294 1511 1335 et
1543 1294 1625 1337 est
1664 1285 1897 1351 prolatio

309 1373 410 1427 ista
438 1374 734 1426 secundum
764 1373 1211 1441 complexionem,
1264 1374 1460 1427 idcirco
1489 1376 1611 1443 quia
1635 1390 1757 1429 cum
1785 1377 1902 1429 dico

309 1464 566 1518 Socrates
609 1463 864 1525 ambulat,
896 1464 1171 1517 Socratem
1221 1478 1339 1516 sum
1368 1480 1486 1516 cum
1542 1466 1901 1519 ambulatione

309 1556 649 1621 complexus.
680 1554 829 1618 Quod
878 1566 1055 1607 autem
1098 1556 1208 1607 ait:
1243 1555 1438 1607 Eorum
1471 1570 1587 1622 qua:
1629 1556 1895 1618 dicuntur,

309 1645 446 1698 nihil
476 1646 617 1697 aliud
671 1645 1039 1698 demonstrare
1080 1647 1192 1696 vult
1242 1646 1343 1697 nisi
1372 1644 1437 1697 de
1485 1646 1671 1712 primis
1720 1662 1899 1699 rerum

309 1737 581 1792 vocabulis
611 1737 771 1805 hujus
798 1736 961 1790 libelli
989 1736 1320 1804 disposuisse
1351 1746 1658 1791 tractatum.
1698 1738 1895 1791 [ierunt
1938 1750 1969 1803 ιι
1996 1754 2129 1807 vis“,
2155 1756 2286 1810 [ηαδ

312 1832 449 1886 enim
484 1831 739 1885 vocabula
767 1842 891 1885 sunt
919 1845 1038 1899 qua:
1067 1830 1337 1897 dicuntur,
1368 1830 1482 1899 ipsa
1507 1831 1651 1884 enim
1682 1832 1900 1900 proiirie

312 1923 670 1977 nominamus.

378 2009 570 2066 Eorum
611 2028 726 2080 quae
752 2022 869 2064 sunt
897 2013 1003 2063 nfia
1033 2013 1093 2063 de
1118 2015 1347 2083 subjecto
1387 2013 1611 2080 quodam
1637 2015 1897 2075 dicuntur,

314 2105 359 2157 in
388 2106 611 2175 subjecto
643 2119 761 2155 vero
792 2101 935 2155 nulla
964 2113 1083 2155 sunt
1112 2120 1130 2155 :
1157 2113 1209 2156 ut
1234 2107 1384 2157 homo
1415 2107 1480 2156 de
1522 2106 1752 2176 subjecto
1782 2106 1901 2174 qui-

314 2205 422 2258 dem
446 2205 636 2256 dicitur
660 2204 833 2270 alii/uo
855 2201 1080 2268 homine,
1108 2206 1159 2256 in
1190 2205 1421 2274 subjecto
1444 2217 1612 2258 autem
1642 2207 1783 2258 nullo
1803 2218 1898 2258 es'.

315 2297 421 2349 Alia
475 2297 526 2348 in
576 2296 802 2365 subjecta
829 2296 1029 2361 quidem
1055 2307 1199 2359 sunt,
1225 2301 1287 2350 de
1309 2297 1538 2367 subjecto
1566 2306 1731 2349 autem
1755 2298 1900 2350 nullo

314 2390 563 2443 dicuntur.
598 2387 659 2439 In
707 2387 934 2457 subjecto
984 2395 1153 2440 autem
1207 2404 1313 2442 esse
1361 2390 1493 2453 dico,
1535 2388 1675 2456 quod
1702 2405 1817 2441 cum
1847 2390 1897 2439 in

314 2482 477 2550 aliqua
510 2497 609 2533 non
640 2482 769 2532 sicut
800 2480 1033 2549 quasdam
1067 2495 1188 2547 pars
1215 2479 1301 2540 sit,
1336 2480 1651 2546 impossibile
1689 2492 1761 2531 est
1792 2481 1898 2532 sine

314 2590 365 2629 ro
393 2590 499 2627 esse
529 2574 580 2625 in
602 2588 704 2642 quo
733 2582 805 2624 est
838 2612 848 2623 .
886 2580 937 2623 ut
970 2571 1205 2641 qua'dam
1231 2572 1569 2640 grammatica
1594 2572 1650 2623 iu
1674 2568 1898 2640 subjecto

315 2668 507 2733 quidem
532 2674 624 2731 est,
663 2664 928 2727 inanima,
967 2665 1029 2716 de
1058 2663 1284 2733 subjecto
1312 2676 1479 2717 autem
1514 2664 1660 2716 nullo
1688 2664 1894 2727 dicilur,

315 2776 356 2819 et
387 2764 642 2834 quoddam
676 2761 845 2814 album
872 2762 926 2814 in
951 2761 1179 2832 subjecto
1204 2772 1276 2815 est
1298 2778 1514 2829 corpore
1543 2763 1731 2830 (omnis
1762 2764 1897 2817 enim

316 2855 454 2909 color
492 2855 545 2906 in
574 2870 777 2923 corpore
802 2851 919 2921 est),
955 2852 1018 2905 de
1045 2853 1274 2924 subjecto
1301 2864 1468 2906 autem
1514 2854 1656 2906 nullo
1686 2855 1892 2907 dicitur.

316 2950 432 3002 Alia
480 2958 525 3002 et
578 2949 640 3000 de
692 2948 914 3017 subjecto
964 2946 1189 3013 quodam
1219 2946 1482 3010 dicuntur,
1515 2947 1640 2999 etin
1669 2948 1895 3017 subjecto

314 3050 429 3093 sunt
457 3056 475 3092 :
500 3048 551 3091 ιιι
574 3038 782 3090 scientia
828 3037 881 3088 iu
921 3038 1144 3103 subjecto
1169 3037 1372 3105 quidem
1400 3046 1472 3089 est
1517 3038 1570 3089 in
1610 3038 1804 3102 anima,
1832 3040 1894 3091 de

1995 491 2106 529 rem
2140 476 2248 528 dixi
2280 478 2661 544 universalem,
2695 480 2893 535 idcirco
2922 485 3063 551 quod
3116 500 3308 539 nomen
3358 488 3459 542 huc
3510 490 3576 543 de

1991 568 2170 621 nmltis
2199 568 2486 622 individuis
2507 571 2827 636 prtcdicatur
2856 590 2869 624 :
2901 588 3021 627 cum
3061 591 3187 630 ιοιο
3237 576 3358 630 dico
3388 578 3578 633 Socra-

1993 670 2072 712 tes
2094 662 2172 713 vel
2202 661 2373 725 Plato,
2407 678 2517 715 rem
2546 663 2653 717 dixi
2684 665 3053 733 particularem
3081 684 3094 732 ;
3125 671 3372 738 quoniam
3390 673 3580 727 Socra-

1992 759 2072 805 tes
2100 753 2166 805 de
2195 754 2335 805 mtdo
2358 756 2599 823 subjecto
2624 758 2814 811 dicitur
2846 776 2859 810 :
2883 767 2937 811 et
2966 761 3212 815 accidens
3240 779 3454 833 quoque
3484 780 3577 819 eo-

1992 845 2111 897 dem
2130 846 2328 910 modo;
2364 863 2483 900 nam
2514 864 2636 902 cum
2664 850 2849 903 dixero
2890 854 3077 906 scienti
3100 870 3190 918 ιιι,
3241 871 3353 910 rem
3387 859 3579 924 protuli

1991 937 2373 1001 univcrsnlem,
2406 939 2605 993 idcirco
2631 943 2770 1008 quod
2796 945 3016 996 scientia
3062 956 3111 997 ct
3140 945 3207 998 de
3230 949 3577 1013 grammatica

1990 1038 2045 1079 et
2073 1029 2139 1081 de
2168 1030 2456 1095 rhetorica,
2489 1041 2543 1085 et
2572 1033 2640 1086 de
2667 1034 2789 1088 aliis
2818 1036 3069 1093 omnibus
3122 1036 3222 1089 sub
3278 1053 3336 1091 se
3394 1040 3583 1106 positis

1991 1119 2338 1185 praedicatur;
2364 1122 2407 1175 si
2458 1138 2587 1177 vero
2634 1125 2821 1178 dixero
2860 1125 3092 1179 Platonis
3119 1127 3581 1197 scientiam,qun—

1992 1211 2132 1261 niam
2174 1228 2335 1267 omne
2391 1215 2643 1270 accidens
2692 1220 2832 1286 quod
2890 1219 3156 1273 individua
3206 1223 3352 1275 venit
3392 1221 3554 1275 indivi

1990 1301 2155 1353 dnnni
2186 1304 2265 1367 tit,
2303 1306 2677 1371 particularem
2699 1311 2974 1363 scientiam
3003 1312 3150 1371 dico,
3203 1327 3433 1381 namque
3466 1313 3595 1367 Pla-‘

1992 1394 2136 1445 tonis
2163 1397 2403 1457 scientia,
2427 1400 2564 1451 sicut
2587 1399 2703 1468 ipse
2728 1401 2898 1465 Plato,
2926 1403 3387 1470 particularisest;
3422 1404 3582 1474 igitur

1991 1484 2240 1550 quoniam
2267 1503 2437 1552 neque
2466 1491 2760 1545 substantia
2793 1508 2966 1561 neque
3002 1496 3250 1549 accidens
3287 1496 3394 1551 ullo
3425 1498 3584 1550 modo

1993 1574 2219 1640 proferri
2254 1588 2450 1645 potest,
2482 1584 2581 1635 nisi
2607 1584 2657 1635 itt
2691 1598 2789 1637 suo
2822 1587 3035 1641 nomine
3054 1596 3143 1640 aut
3172 1588 3537 1644 universalital
3559 1603 3584 1642 ε

1998 1662 2123 1725 vim,
2150 1675 2240 1717 aut
2274 1672 2937 1740 particularitatisinduat,
2963 1688 3109 1731 recte
3142 1677 3193 1730 in
3245 1690 3475 1745 quatuor
3502 1679 3581 1733 di-

2317 1773 2415 1817 νει.
2452 1774 2505 1815 ιιι
2536 1765 2580 1818 si
2635 1769 2811 1821 omnis
2858 1783 2947 1822 res
2986 1780 3078 1823 aut
3141 1771 3438 1826 substantia
3495 1780 3586 1826 aut

2008 1838 2281 1903 accidens,
2312 1853 2364 1894 et
2396 1853 2585 1897 norum
2613 1862 2701 1899 aut
2748 1854 3083 1918 universalis,
3118 1867 3215 1910 aut
3234 1862 3582 1927 particularis.

2009 1924 2086 1978 Ex
2118 1926 2200 1979 his
2240 1929 2397 1995 igitur
2435 1946 2663 1999 quatuor
2691 1936 2824 1991 ﬁunt
2856 1924 3279 2009 complexiones.
3317 1949 3445 2004 Nam
3471 1968 3587 2006 cum

2006 2020 2215 2073 venerit
2244 2022 2618 2078 nniversalitas
2667 2028 2719 2080 in
2752 2029 3123 2098 substantiam,
3174 2037 3230 2089 lit
3276 2039 3589 2095 universalia

2006 2110 2320 2174 substantia,
2354 2123 2410 2166 ut
2449 2125 2531 2168 cst
2576 2118 2735 2171 homo
2768 2121 2855 2174 vel
2900 2123 3118 2179 animal.
3155 2126 3467 2183 Universale
3498 2146 3587 2182 au-

2006 2209 2220 2254 temest
2241 2204 2378 2271 quod
2413 2215 2591 2273 aptum
2616 2210 2786 2264 estde
2819 2212 3057 2278 pluribus
3089 2216 3385 2284 praedicari.
3419 2220 3588 2274 Parti-

2004 2295 2183 2347 cutare
2213 2310 2341 2349 vero
2371 2300 2509 2365 quod
2538 2300 2604 2353 de
2634 2302 2779 2355 nullo
2806 2304 3050 2373 subjecto
3080 2309 3421 2374 prmdicatur.
3451 2313 3588 2382 E'go

2004 2393 2085 2436 est
2115 2385 2217 2437 una
2268 2390 2567 2455 complexio
2606 2394 3026 2451 universalitatis
3071 2410 3123 2452 et
3170 2402 3503 2468 substantitc,
3531 2416 3588 2458 ιιι

2003 2473 2071 2526 sit
2100 2476 2392 2531 substantia
2424 2482 2692 2537 universal
2717 2500 2761 2538 s.
2794 2486 2849 2540 Si
2882 2503 3010 2542 vero
3036 2492 3429 2557 particu‘laritas
3460 2498 3587 2551 sub-

2002 2568 2209 2620 stantia:
2232 2572 2549 2651 Δοιιιιιιηδιιιικ
2586 2574 2640 2627 lit
2692 2578 2985 2647 substantia
3017 2583 3388 2651 particularis,
3422 2598 3477 2643 ut
3506 2600 3589 2643 est

2002 2642 3584 2738 SocratesvelPlato,etquidquidi'nsubstantiaiadividuutn
3636 2702 3641 2708 ι

2003 2749 2283 2815 reperitur.
2305 2752 2508 2808 Atcum
2534 2759 3172 2819 misceturuniversalitas
3196 2770 3479 2834 act-identi.
3528 2776 3586 2825 tit

2001 2843 2248 2897 accidens
2265 2848 2585 2913 universale,
2605 2860 2661 2903 ιιι
2685 2853 2933 2916 scientia,
2949 2872 3068 2923 qute
3085 2874 3203 2911 eum
3224 2860 3289 2912 sit
3310 2864 3582 2928 accidens,

2000 2944 2053 2987 et
2080 2945 2275 3002 prteter
2300 2939 2531 2995 animam
2563 2946 2646 2997 cui
2672 2946 2864 3000 accidit
2903 2963 3023 3003 esse
3052 2966 3156 3004 non
3187 2955 3375 3022 possit,
3407 2966 3584 3012 tamen

2002 3027 2315 3085 universalis
2343 3042 2427 3086 est
2446 3035 2586 3102 quod
2614 3038 2679 3089 de
2707 3037 2944 3106 subjecta
2966 3045 3310 3110 grammatica
3344 3048 3423 3101 vel
3464 3048 3586 3101 aliis

315 3131 484 3198 subjec
510 3146 538 3181 ο
584 3141 752 3181 autem
799 3128 1005 3192 dicitur,
1039 3137 1093 3179 ut
1132 3125 1198 3179 de
1254 3125 1349 3178 hac
1396 3129 1747 3196 grammatica.
1780 3129 1894 3180 Alia
1924 3115 1969 3176 C
2000 3129 2282 3195 speciebus
2314 3134 2591 3201 prmdicari
2634 3146 2826 3204 potest.
2859 3136 2991 3192 Cum
3035 3155 3159 3194 vero
3190 3144 3585 3209 ρειιιιῖιξυιπίιθ,

314 3238 472 3291 neque
500 3222 549 3273 in
587 3224 813 3291 subjecto
844 3230 960 3272 sunt
998 3236 1157 3289 neque
1184 3221 1244 3273 de
1273 3218 1502 3289 subjecto
1543 3221 1807 3284 dicuntur,
1841 3232 1894 3273 ut

313 3312 496 3381 aliquis
533 3311 704 3376 homo,
746 3312 820 3363 vel
850 3310 1037 3380 aliquis
1080 3326 1237 3378 equus
1261 3327 1278 3362 :
1309 3311 1509 3363 nullum
1538 3312 1669 3363 enim
1713 3313 1895 3365 horum

313 3420 470 3472 neque
496 3406 546 3456 in
568 3405 793 3475 subjecto
823 3413 919 3467 est,
951 3418 1111 3471 neque
1138 3402 1201 3454 de
1229 3402 1457 3473 subjecto
1502 3402 1714 3456 dicitur.
1750 3403 1890 3457 Sitit—

314 3496 505 3561 pliciter
527 3505 696 3546 autem
718 3510 829 3560 qua:
855 3502 971 3545 sunt
994 3491 1259 3544 individua
1283 3500 1327 3544 et
1351 3508 1563 3544 numero
1591 3493 1893 3560 singularia.

314 3587 374 3638 de
402 3586 544 3638 nullo
589 3584 817 3654 subjecto
848 3584 1135 3635 dicuntur:
1168 3583 1219 3634 iu
1273 3582 1500 3653 subjecto
1548 3593 1719 3635 autem
1767 3583 1897 3636 nihil

313 3679 539 3745 prohibet
574 3681 752 3729 horum
782 3677 951 3743 aliqua
980 3693 1103 3732 esse.
1132 3675 1529 3744 qua'dmu‘enim
1562 3679 1896 3747 grammatica

313 3771 365 3821 in
388 3770 616 3839 subjecto
646 3778 739 3834 cst,
772 3768 834 3820 de
855 3768 1078 3837 subjecto
1108 3781 1279 3819 autem
1310 3769 1455 3820 nullo
1478 3770 1686 3822 dicitur.
1740 3838 1756 3849 ἢ

388 3859 487 3911 llic
520 3859 831 3912 Aristoteles
882 3874 1184 3912 sermonum
1216 3861 1451 3912 omnium
1501 3861 1895 3915 multitudinem

316 3948 371 4003 in
405 3948 771 4017 parvissitnam
799 3948 995 4016 colligit
1021 3949 1361 4003 divisionem.
1390 3949 1518 4003 Nam
1543 3953 1685 4019 qttod
1716 3968 1893 4005 rerum
1928 3980 1933 3983 -

316 4039 573 4094 vocabula
598 4040 649 4091 in
664 4038 842 4092 decem
859 4041 1263 4108 prtedicamenta
1288 4041 1577 4107 distribuit,
1605 4043 1776 4111 major
1799 4044 1895 4097 hac

315 4132 576 4185 divisione
606 4147 707 4184 non
746 4142 917 4198 potest
946 4134 1193 4197 inveniri,
1227 4134 1356 4187 nihil
1383 4136 1525 4187 enim
1558 4150 1675 4189 esse
1703 4139 1896 4204 poterit

314 4232 450 4298 quod
486 4231 609 4284 huic
650 4231 893 4285 divisioni
928 4234 1267 4288 undecimum
1314 4234 1470 4304 adjici
1495 4247 1673 4305 queat.
1710 4237 1897 4291 Omnis

315 4323 455 4375 cnim
487 4338 571 4375 res
601 4332 686 4374 aut
710 4326 1001 4381 substantia
1036 4337 1140 4388 cst,
1171 4337 1259 4377 aut
1287 4330 1578 4394 quantitas,
1609 4338 1699 4380 aut
1727 4332 1899 4395 quali-

315 4421 420 4475 tas,
449 4425 530 4464 aut
564 4413 625 4465 ad
660 4414 876 4482 aliquid,
910 4427 995 4467 aut
1027 4416 1225 4480 facere,
1251 4427 1339 4470 aut
1370 4420 1472 4485 pati
1494 4461 1507 4485 ,
1542 4429 1635 4473 aut
1660 4421 1893 4488 quando,

1999 3221 2259 3275 accidenti
2305 3224 2662 3294 conjungilur,
2720 3228 2777 3280 tit
2833 3229 3084 3283 accidens
3134 3234 3473 3301 particulare,
3528 3251 3586 3291 ut

2004 3314 2235 3367 Platonis
2284 3317 2361 3371 vel
2400 3318 2634 3373 Aristote
2658 3321 2705 3373 is
2734 3320 2979 3376 scicntia.
3014 3323 3169 3378 Fiunt
3192 3328 3333 3381 enim
3362 3339 3584 3397 qnatun

1998 3406 2416 3472 complexiones.
2440 3411 2733 3465 Sllbsllllllla
2761 3413 3104 3477 universalis,
3135 3417 3433 3474 substantia
3466 3436 3587 3489 par-

2000 3494 2259 3562 ticularis,
2292 3499 2540 3554 accidens
2588 3502 2917 3569 universale,
2964 3506 3213 3561 accidens
3244 3512 3583 3578 particularr.

2001 3594 2063 3649 Ut
2096 3607 2273 3651 autem
2317 3601 2563 3653 accidens
2594 3602 2645 3655 in
2691 3603 3006 3659 siibstantim
3036 3616 3280 3660 naturam
3331 3621 3584 3676 transeat.

1999 3687 2079 3740 vel
2111 3689 2406 3743 subsmntia
2434 3692 2485 3744 iu
2510 3693 2779 3760 accidens,
2810 3694 2926 3748 ﬁeri
2956 3697 3100 3750 nullo
3128 3699 3288 3754 modo
3320 3713 3510 3770 petest,
3531 3716 3586 3759 et

2001 3781 2249 3836 accidens
2279 3785 2493 3851 quidem
2541 3788 2683 3839 venit
2717 3788 2766 3838 in
2820 3788 3193 3855 substantiam,
3243 3798 3334 3846 sel
3388 3812 3492 3850 non
3532 3810 3587 3849 nt

1976 3873 2295 3926 substantia
2327 3877 2434 3930 liat.
2489 3891 2661 3942 neque
2687 3878 2829 3929 enim
2861 3880 3111 3945 quoniam
3139 3883 3284 3934 color
3325 3886 3462 3951 quod
3504 3901 3587 3941 est

2001 3964 2247 4016 accidens
2278 3966 2420 4017 venit
2449 3967 2500 4017 in
2530 3968 2906 4031 substantiam,
2930 3969 3129 4023 idcirco
3159 3974 3307 4026 Color
3328 3976 3438 4042 jam
3467 3980 3583 4029 sub-

2001 4063 2192 4115 stantia
2223 4073 2323 4115 est.
2348 4062 2455 4116 Nec
2476 4065 2726 4132 quoniam
2758 4067 3054 4121 substantia
3078 4072 3297 4137 suscipit
3323 4075 3578 4137 colorem.

2004 4152 2203 4206 idcirco
2245 4155 2393 4207 color
2418 4154 2529 4223 jam
2563 4157 2857 4212 substantia
2909 4161 2983 4212 lit.
3030 4162 3205 4225 Quare
3232 4181 3404 4234 neque
3458 4170 3585 4221 Sith-

2002 4246 2195 4299 stantia
2224 4246 2274 4299 in
2315 4248 2623 4311 accidentis,
2669 4265 2840 4318 neque
2879 4252 3124 4307 accidens
3170 4256 3222 4307 in
3272 4260 3584 4312 ςιιῐιδιίιιιιὶω

2006 4346 2247 4391 naturam
2281 4342 2489 4394 transit.
2522 4343 2588 4394 At
2615 4358 2742 4396 vero
2775 4359 2872 4398 nec
2906 4346 3312 4411 particularitas,
3348 4365 3442 4402 nec
3468 4353 3586 4404 titti-

2003 4430 2281 4483 versalitas
2312 4430 2364 4482 in
2397 4445 2455 4484 se
2496 4440 2791 4485 transeunt.
2819 4436 3056 4503 Namque
3084 4437 3449 4494 universihtas
3491 4457 3585 4509 po-

318 4512 410 4553 aut
452 4502 558 4563 ubi,
589 4512 677 4555 aut
709 4503 927 4569 habere,
980 4516 1070 4558 aut
1116 4508 1283 4572 situs;
1319 4510 1566 4576 quocirca
1622 4518 1698 4563 tot
1744 4523 1897 4565 erunt
1930 4488 1978 4546 Ῑ)
2006 4529 2107 4574 test
2136 4521 2204 4575 de
2236 4522 2655 4587 particularilalc
2688 4526 2986 4592 prmtlicari,
3043 4538 3097 4579 ιιι
3147 4530 3339 4582 animal
3380 4532 3446 4584 de
3484 4535 3582 4585 So-

312 4599 474 4655 etiam
519 4613 795 4655 sermones
833 4605 920 4670 qui
957 4604 1051 4656 ista
1082 4607 1403 4674 signiﬁcent,
1447 4619 1500 4663 et
1534 4610 1647 4664 lucc
1676 4621 1757 4665 est
1788 4628 1901 4664 ma-

318 4692 458 4743 xima
486 4691 696 4760 divisio,
729 4693 813 4745 cui
847 4694 983 4747 ultra
1015 4697 1144 4749 nihil
1182 4699 1351 4763 possit
1396 4700 1614 4770 adjungi
1651 4720 1661 4752 :
1697 4703 1902 4770 parvis-

312 4766 451 4836 sima.
483 4800 611 4838 vero
640 4795 722 4839 est
757 4801 876 4853 qua:
907 4787 963 4838 lit
995 4788 1046 4840 in
1093 4797 1343 4858 quatuor,
1379 4791 1430 4843 in
1462 4793 1815 4847 substantiam
1850 4805 1904 4849 ct

316 4875 584 4935 accidens.
616 4886 670 4929 et
711 4876 1013 4930 universale
1060 4890 1112 4932 et
1144 4881 1488 4948 particulare.
1518 4884 1704 4938 Omnis
1754 4887 1899 4939 enim

315 4980 402 5018 res
427 4977 515 5018 aut
547 4967 839 5020 substantia
870 4979 974 5033 est,
1001 4980 1094 5023 aut
1127 4973 1397 5037 accidens,
1435 4985 1525 5027 aut
1557 4976 1898 5039 universalis,

312 5066 404 5107 aut
433 5059 785 5121 particularis.
819 5059 962 5112 Sicut
989 5052 1116 5130 ergo
1148 5062 1330 5117 decem
1363 5066 1730 5134 superioribus
1762 5067 1902 5120 nihil

312 5145 433 5197 addi
458 5156 686 5213 poterat,
715 5148 783 5200 ita
815 5164 879 5201 ex
913 5149 995 5203 liis
1026 5162 1254 5220 quatuor
1287 5155 1412 5207 nihil
1449 5156 1609 5229 demi.
1647 5158 1779 5209 Nam
1806 5173 1902 5210 nc-

310 5252 415 5306 qne
456 5240 627 5291 minor
654 5242 757 5293 ulla
792 5242 984 5294 divisio
1010 5243 1091 5297 his
1121 5257 1353 5314 quatuor
1402 5248 1516 5301 ﬁeri
1571 5261 1775 5316 potest,
1805 5266 1904 5305 nec

309 5330 484 5397 major
532 5346 691 5397 quam
724 5333 765 5382 si
817 5334 1040 5385 denario
1090 5336 1261 5389 limite
1314 5338 1728 5402 prtedicatneuta
1756 5340 1902 5393 clau-

306 5423 528 5473 dantur.
573 5417 679 5469 Cur
727 5429 902 5474 autem
949 5424 999 5476 iit
1031 5425 1112 5480 his
1143 5436 1373 5492 quatuor
1403 5428 1592 5480 divisio
1622 5430 1752 5482 facta
1801 5442 1899 5496 est,

308 5508 496 5578 paucis
533 5523 821 5577 exponam.
868 5513 1040 5567 Prima
1070 5518 1285 5586 quidem
1331 5533 1505 5570 terum
1538 5528 1620 5571 est
1669 5519 1901 5574 omnium

308 5603 504 5657 divisio
535 5600 587 5655 in
614 5600 972 5681 subSIantiam
1006 5618 1166 5676 atque
1195 5610 1467 5664 accidens.
1513 5609 1616 5683 sed
1654 5611 1900 5677 quoniam

310 5694 606 5750 substantia
660 5692 893 5762 proferri
934 5711 1038 5748 non
1070 5709 1243 5764 potest
1288 5701 1391 5753 nisi
1419 5710 1507 5755 aut
1538 5702 1903 5757 universaliter

760 5807 1011 5866 ΡΑτιιοι,
1079 5808 1297 5869 LXIV.

2004 4620 2150 4663 crate
2179 4611 2264 4663 vel
2298 4612 2547 4679 Platone,
2579 4623 2630 4665 et
2663 4615 3057 4682 particularitas
3087 4619 3339 4684 suscipiet
3365 4621 3576 4674 univcr-

2006 4700 2233 4754 salitatis
2265 4701 2728 4769 prmdicationem,
2756 4706 2849 4759 sed
2884 4722 2985 4759 non
3021 4716 3077 4759 ιιι
3122 4709 3490 4767 universalitas
3522 4715 3592 4768 sit

2010 4791 2431 4859 particularitas,
2464 4810 2564 4849 nec
2606 4811 2792 4849 rursus
2842 4808 2899 4849 ιιι
2943 4799 3083 4866 quod
3139 4800 3464 4870 particulare
3509 4816 3590 4859 est

2009 4882 2381 4938 universalitas
2434 4886 2545 4939 fiat.
2581 4887 2721 4956 Ergo
2744 4900 2973 4956 quatuor
3000 4893 3420 4959 complexiones,
3467 4897 3587 4949 uni-

2009 4975 2268 5027 versalem
2296 4976 2672 5040 substantiam,
2707 4980 3010 5033 universale
3041 4982 3309 5049 acridens,
3362 4986 3593 5052 particu-

2010 5066 2175 5118 larem
2206 5066 2579 5131 substantiam,
2631 5071 2946 5135 particulare
2975 5075 3225 5127 accidens
3270 5076 3591 5132 Aristoteles

2009 5155 2293 5223 disponere
2323 5158 2563 5224 cupiens,
2594 5172 2700 5210 non
2733 5174 2916 5213 eorum
2948 5164 3195 5227 nomina,
3228 5165 3321 5216 sed
3354 5164 3593 5233 descrip-

2012 5247 2187 5300 tiones
2214 5249 2487 5315 apposuit.
2519 5248 2585 5300 Et
2610 5250 2859 5316 quoniam
2885 5252 3405 5317 generalissimorntn
3432 5270 3594 5323 getic-

2013 5353 2129 5391 rum
2159 5337 2505 5392 dil'linitiones
2534 5352 2639 5391 non
2678 5347 2884 5407 poterat
2910 5339 3181 5404 invenire,
3217 5342 3592 5413 descriplimti-

2010 5432 2107 5484 hus
2163 5443 2298 5483 usus
2337 5441 2417 5484 est
2450 5430 2553 5492 his,
2586 5430 2638 5482 id
2678 5431 3023 5483 sulistan'iam
3066 5447 3187 5489 esse
3229 5436 3412 5490 dicens
3453 5443 3595 5502 quo!

2010 5523 2060 5575 in
2100 5521 2340 5591 subjecto
2373 5536 2479 5574 non
2505 5530 2681 5584 esset,
2713 5522 2961 5578 accidens
2993 5542 3120 5581 vero
3163 5529 3303 5595 quod
3338 5530 3386 5581 iu
3417 5530 3596 5597 subje.

2009 5624 2095 5666 cto
2123 5621 2285 5666 esset.
2313 5612 2483 5664 Omne
2511 5626 2740 5680 namque
2770 5616 3020 5670 accidens
3051 5619 3101 5670 in
3143 5616 3384 5686 subjech
3405 5628 3505 5675 est.
3543 5632 3596 5681 ut

2010 5705 2156 5757 color
2192 5704 2243 5757 in
2271 5716 2515 5771 corpore,
2535 5703 2759 5765 scientia
2784 5706 2833 5759 in
2865 5706 3067 5772 anima,
3093 5716 3147 5761 et
3175 5708 3469 5777 subiectam
3503 5710 3597 5774 [NL-

3092 5819 3127 5877 6
