4244 6254
635 343 727 398 ι’ῖι

1843 341 1951 395 'AN.
1998 340 2205 396 MANL.
2246 340 2398 396 SEV.
2443 341 2663 396 BOBTII

3791 349 3892 402 {7‘2

626 463 717 508 .iet
761 451 1112 508 substantiam
1146 465 1302 505 omne
1334 450 1605 506 accidens.
1635 450 1690 504 Si
1740 451 1859 519 quis
1883 452 2027 504 enim
2073 451 2201 504 snb-
2230 454 2278 513 Α
2306 451 2539 505 ticularis
2566 460 2676 516 est;
2720 452 3169 519 quemadmodum
3199 453 3343 509 enim
3393 454 3508 524 ipse
3538 458 3888 512 Aristarchus

627 546 872 600 stantiam
903 544 1089 612 tollat,
1121 543 1368 598 accidens
1408 558 1511 596 non
1536 542 1655 596 crit.
1699 543 1875 609 Quare
1905 543 2204 597 substantia

629 638 778 691 locus
800 634 1012 703 quidam
1044 645 1124 689 cst
1147 634 1236 689 ubi
1273 634 1565 689 accidentis
1594 635 1767 688 valeat
1807 644 1993 688 natura
2023 636 2202 688 consi-

629 735 791 782 stcre.
825 728 937 796 lpsa
968 741 1096 783 vero
1122 727 1417 781 substantia
1443 741 1535 794 per
1559 740 1618 780 se
1639 734 1869 791 constat,
1902 736 2060 794 atque
2083 726 2204 779 ideo

630 817 821 871 dicitur
845 817 1160 878 substantia,
1194 830 1292 869 nec
1322 816 1433 869 ullo
1457 816 1699 885 subjecto
1729 816 1835 869 alio
1866 816 2069 877 nititur,
2106 816 2199 869 sed

626 910 832 962 cunctis
873 908 983 977 ipsa
1035 907 1327 971 substantia
1360 917 1460 960 cst.
1505 908 1714 973 Alioqui
1746 909 1791 961 si
1822 907 2117 961 substantia
2148 907 2200 960 in

628 1002 733 1055 ullo
762 1000 1000 1069 subjecto
1023 1015 1143 1054 esse
1170 1006 1371 1068 posset,
1402 1011 1545 1053 esset
1575 1000 1845 1054 accidens.
1870 1000 2040 1053 Omne
2060 1000 2201 1053 enim

626 1093 872 1147 accidens
899 1092 950 1144 in
976 1091 1215 1161 subjecto
1244 1102 1347 1152 est,
1387 1102 1440 1144 et
1464 1091 1719 1159 quidquid
1749 1090 1802 1143 in
1829 1089 2201 1159 subjecto‘est,

626 1185 751 1241 illud
783 1195 863 1239 est
900 1199 978 1238 act
997 1185 1168 1238 idem.
1199 1183 1351 1249 Quod
1381 1184 1428 1239 si
1457 1184 1756 1239 substantia
1784 1193 1928 1238 esset
1950 1184 2000 1235 in
2022 1181 2203 1250 aliquo

624 1275 886 1346 subjecto,
931 1275 1184 1329 continuo
1233 1275 1385 1329 ﬁeret
1436 1276 1706 1340 accidens,
1759 1274 1852 1329 sed
1901 1273 2203 1328 substantia

623 1368 871 1429 accidens
916 1382 1184 1422 essenon
1236 1376 1442 1436 potest,
1502 1368 1640 1420 sicut
1695 1382 1854 1435 supra
1905 1366 2199 1419 docuimus.

621 1461 797 1527 Quare
826 1462 1074 1529 quoniam
1121 1460 1368 1514 accidens
1400 1460 1450 1512 in
1498 1460 1740 1528 subjecto
1768 1467 1871 1520 est,
1905 1457 2201 1511 substantia

622 1569 750 1607 vero
776 1553 1025 1608 accidens
1069 1569 1174 1607 non
1221 1563 1323 1615 est,
1354 1553 1650 1607 substantia
1696 1554 1754 1606 in
1804 1552 2047 1621 subjecto
2095 1566 2201 1603 non

622 1653 724 1701 εει.
773 1645 1198 1700 Universalitatis
1244 1660 1372 1699 vero
1426 1644 1712 1712 descriptio
1761 1652 1869 1709 est,
1913 1643 1980 1696 dc
2021 1642 2201 1709 subje-

622 1748 709 1792 cto
738 1736 1037 1806 prmdicari.
1067 1735 1254 1789 Omnis
1285 1750 1514 1802 namque
1536 1733 1904 1788 univcrsalitas
1932 1732 1998 1785 de
2018 1731 2201 1799 subje-

2308 542 2375 596 dc
2405 542 2554 595 nullo
2581 541 2823 611 subjecto
2856 543 3072 610 dicitur,
3113 544 3183 597 ita
3224 558 3439 614 quoque
3468 546 3586 614 ejus
3625 562 3892 615 gramma-

2314 633 2414 686 tica
2441 632 2508 687 de
2539 632 2689 686 nullo
2732 634 2976 703 subjecto
3011 635 3349 704 praedicatur.
3384 635 3498 690 Non
3547 648 3722 692 autem
3765 639 3894 692 dicit

2307 723 2447 790 quod
2476 725 2589 793 ipsa
2611 727 2960 794 grammatica
2986 727 3322 794 particularis
3342 737 3446 792 est,
3474 729 3568 783 sed
3587 730 3725 798 quod
3750 746 3893 798 qum-

2306 814 2425 868 dam
2455 817 2834 884 grammatica,
2880 817 2931 871 id
2970 827 3055 873 est
3088 818 3317 887 alicujus
3356 819 3590 874 hominis
3637 822 3891 875 individui

2306 908 2651 974 grammatica
2671 948 2685 971 ,
2713 923 2870 976 quam
2902 908 3099 963 scilicet
3129 910 3291 963 homo
3316 912 3652 977 particularis
3680 914 3891 980 propria

2307 999 2499 1050 retinet
2525 999 2851 1067 cognitione.
2892 999 2956 1052 Et
2982 1004 3233 1066 quoniam
3267 1002 3601 1069 incorporale
3631 1004 3882 1056 accidens
3928 1014 3933 1017 '

2307 1088 2481 1156 posuit
2505 1090 2647 1157 quod
2685 1091 2877 1143 anima:
2904 1091 3202 1155 accideret,
3243 1091 3292 1145 id
3326 1103 3409 1146 est
3448 1095 3883 1161 grammaticam,

2304 1197 2423 1245 qua:
2459 1190 2602 1235 esset
2641 1184 2692 1235 in
2722 1184 2930 1241 anima.
2965 1184 3116 1251 ponit
3152 1199 3363 1252 quoque
3399 1185 3543 1237 aliul
3583 1188 3886 1254 exemplum

2303 1274 2610 1341 corporale;
2650 1274 2724 1326 ait
2768 1273 2910 1326 enim
2952 1283 3005 1327 ct
3035 1274 3298 1341 quoddam
3330 1275 3512 1328 album
3547 1276 3598 1329 iu
3646 1278 3888 1346 subjecto

2292 1371 2386 1415 est
2423 1376 2673 1429 corpore,
2702 1364 2878 1416 omnis
2922 1365 3064 1416 enim
3105 1366 3255 1417 color
3294 1366 3457 1418 estin
3495 1380 3721 1434 corpore
3753 1383 3768 1421 :
3801 1368 3887 1422 hic

2305 1467 2515 1521 quoque
2543 1469 2649 1506 non
2685 1468 2846 1507 omne
2875 1454 3055 1507 album
3100 1453 3232 1507 dicit
3270 1470 3390 1508 csse
3423 1456 3761 1523 particulare,
3792 1458 3885 1512 sed

2305 1542 2446 1610 quod
2476 1543 2542 1595 ad
2589 1541 2923 1595 individuum
2950 1558 3147 1619 corpus
3186 1544 3368 1597 album
3419 1545 3588 1600 venit.
3631 1546 3889 1600 Probatur

2305 1649 2516 1701 quoque
2546 1635 2869 1700 particulare
2891 1634 3069 1687 album
3096 1634 3146 1687 in
3178 1635 3418 1703 subjecto
3444 1651 3565 1690 esse
3589 1638 3687 1692 hoc
3708 1639 3885 1699 modo.

2308 1738 2429 1775 nam
2473 1724 2623 1777 color
2648 1725 2788 1792 quod
2815 1740 2984 1792 genus
3025 1733 3109 1778 est
3135 1726 3239 1779 albi
3277 1735 3357 1778 vel
3388 1727 3664 1795 cujns‘dam
3701 1728 3807 1782 albi
3835 1725 3886 1782 in

622 1828 719 1883 etis
744 1827 1151 1896 particularibus
1181 1825 1523 1893 prmdicatur,
1550 1839 1669 1875 nam
1706 1824 1957 1891 quoniam
1990 1821 2202 1875 univer-
2235 1821 2279 1879 Β
2306 1829 2531 1882 ροτρθτε
2562 1828 2673 1881 θεῖν
2707 1827 2760 1870 οι
2788 1827 2870 1871 θει
2910 1819 2961 1870 in
3005 1818 3268 1885 Sllbjecw-
3308 1819 3487 1885 Quare
3530 1819 3682 1889 cuius
3719 1836 3888 1890 8⁸1³³³³

621 1920 732 1974 sale
760 1928 842 1974 est
866 1917 1082 1978 animal,
1126 1916 1205 1969 vel
1237 1916 1415 1973 homo.
1449 1914 1515 1967 dc
1541 1913 1760 1967 Soerue
1802 1912 2121 1981 prmdicatnr
2148 1923 2201 1965 et

622 2009 863 2063 Platon--.
912 2008 1113 2062 Dicitur
1144 2006 1285 2060 enim
1317 2005 1561 2059 Socrates
1590 2004 1784 2057 animal
1831 2013 1989 2070 atque
2017 2004 2196 2057 homo.

622 2098 689 2153 Et
717 2100 966 2169 quoniam
998 2097 1294 2151 universale
1332 2106 1413 2149 est
1453 2096 1702 2149 accidens
1731 2096 1975 2155 scientia,
2009 2095 2199 2147 dicitur

622 2194 689 2246 dc
719 2189 957 2260 subjecta
997 2187 1338 2257 grammatica
1358 2227 1374 2253 ,
1427 2188 1777 2253 grammatica
1805 2187 1946 2240 enim
1978 2187 2198 2239 scientia

623 2292 725 2337 est.
758 2280 1156 2334 Particularitas
1179 2294 1306 2332 vero
1332 2279 1584 2347 quoniam
1615 2279 1724 2346 ipsa
1765 2286 1849 2333 est
1879 2293 2053 2331 rerum
2079 2278 2199 2331 ulti-

621 2388 705 2429 ma
746 2381 801 2427 et
823 2373 953 2425 niil
977 2382 1055 2426 est
1072 2370 1146 2425 illi
1163 2371 1484 2441 subjectum,
1504 2371 1571 2425 de
1592 2370 1733 2423 nullo
1748 2370 1991 2438 subjecto
2009 2370 2195 2438 prtedi.

623 2473 804 2528 ratur;
831 2478 953 2517 nam
997 2463 1247 2530 quoniam
1279 2463 1649 2516 universalitas
1694 2461 1762 2516 de
1801 2461 2043 2531 subjecto
2067 2478 2201 2530 prac-

622 2554 846 2616 dicatur,
903 2552 1295 2620 particularitas
1344 2567 1472 2606 vero
1524 2553 1900 2607 universaliias
1941 2569 2048 2608 non
2094 2564 2197 2616 est,

623 2642 1012 2712 pardenlatitas
1054 2642 1121 2696 de
1175 2641 1418 2710 subjecto
1478 2657 1585 2695 non
1643 2644 2041 2711 prmdicabitur.
2100 2645 2201 2701 Uli

620 2735 759 2792 enim
784 2748 871 2788 res
898 2733 1231 2803 discrepant;
1256 2742 1310 2788 et
1332 2732 1576 2788 diiﬁnitio
1600 2734 1943 2803 discrepabit,
1971 2737 2039 2788 ita
2069 2752 2201 2805 quo-

620 2841 725 2896 que
753 2826 805 2879 iu
836 2824 950 2890 his,
979 2840 1102 2880 nam
1128 2826 1379 2895 quoniam
1404 2826 1669 2895 discrepat
1698 2827 1994 2881 substantia
2023 2838 2077 2881 et
2107 2843 2197 2882 ac-

621 2919 824 2982 cidens,
854 2918 1199 2973 dil‘ﬁuitioucs
1228 2933 1436 2989 quoque
1477 2934 1663 2975 eorum
1709 2921 2107 2992 discrepabunt.
2135 2925 2199 2979 Ut

622 3013 870 3083 quoniam
921 3023 1004 3067 est
1046 3013 1294 3069 accidens
1347 3014 1399 3068 in
1434 3014 1698 3085 subjecto,
1746 3016 1847 3071 erit
1900 3016 2194 3071 substantii

623 3124 728 3161 non
761 3108 811 3161 in
841 3107 1101 3176 subjecto.
1147 3107 1214 3161 Et
1243 3108 1493 3177 quoniam
1534 3109 1911 3164 universalitas
1953 3111 2019 3164 de
2067 3111 2164 3163 sub

2300 1906 2354 1958 in
2379 1907 2621 1975 subjecto
2647 1917 2755 1966 est.
2788 1909 2819 1974 i;
2843 1924 2960 1961 sum
2992 1924 3205 1978 quoque
3244 1911 3293 1961 in
3336 1910 3581 1977 subjecto
3616 1920 3721 1965 est.
3753 1911 3887 1965 0m-

2308 2012 2402 2050 nes
2428 1998 2569 2051 enim
2598 1999 2804 2064 species
2839 1997 2920 2051 vrl
2954 1997 3225 2067 individua
3254 2001 3469 2067 proprio
3497 2015 3692 2067 gertele
3716 2001 3887 2055 conti-

2306 2095 2517 2150 nentur,
2550 2099 2604 2143 et
2642 2089 2889 2156 ejusdem
2926 2090 3121 2142 habent
3168 2099 3434 2142 naturam.
3467 2091 3727 2157 Quoniam
3760 2107 3887 2146 vero

2303 2191 2422 2231 esse
2460 2177 2513 2231 in
2542 2177 2722 2246 aliquo
2741 2177 2934 2233 'multis
2975 2175 3171 2233 dcitur
3203 2179 3395 2243 modis,
3426 2181 3551 2249 quid
3583 2181 3711 2235 velit
3740 2183 3888 2237 Aris-

2304 2268 2491 2321 totcles
2519 2269 2808 2324 ostendere
2845 2285 2965 2324 esse
2993 2271 3044 2322 in
3076 2271 3343 2339 subjecto,
3375 2273 3555 2337 paucis
3585 2274 3880 2328 absolvam.

2303 2355 2503 2410 Dicitur
2537 2358 2680 2411 enim
2724 2374 2845 2414 esse
2890 2360 3088 2428 aliquid
3131 2362 3182 2414 in
3229 2362 3409 2431 aliquo
3457 2378 3647 2417 novem
3693 2364 3887 2426 modis,

2303 2445 2525 2501 dicimus
2554 2448 2694 2501 enim
2725 2463 2842 2502 esse
2867 2450 3063 2519 aliquid
3096 2451 3145 2503 iu
3192 2451 3307 2505 loco
3328 2493 3342 2517 ,
3375 2462 3431 2505 ut
3463 2452 3515 2505 in
3560 2452 3677 2507 [οι-ο
3719 2455 3801 2509 vel
3834 2455 3885 2510 in

2304 2535 2528 2588 theatro.
2563 2536 2796 2592 Dicimus
2827 2552 3037 2607 quoque
3065 2555 3187 2595 esse
3214 2542 3263 2594 in
3301 2543 3500 2612 aliquo,
3534 2538 3591 2597 tit
3620 2547 3671 2598 in
3704 2547 3886 2612 aliquo

2305 2641 2449 2690 vase,
2478 2635 2535 2680 ut
2566 2628 2796 2682 triticum
2831 2631 2879 2681 in
2913 2631 3112 2684 modio.
3148 2632 3349 2685 Dicitur
3373 2634 3531 2687 etiam
3562 2651 3682 2691 esse
3711 2637 3761 2691 in
3789 2640 3886 2691 ali-

2302 2732 2409 2784 quo
2437 2718 2584 2773 velut
2615 2734 2734 2786 pars
2766 2720 2817 2773 in
2852 2730 2985 2781 toto.
3017 2731 3073 2775 ιιι
3104 2727 3292 2779 m’anus
3322 2724 3373 2777 in
3406 2740 3648 2794 corpore.
3685 2728 3885 2783 Dicitur

2303 2822 2423 2861 esse
2463 2810 2514 2862 in
2544 2810 2744 2878 aliquo,
2774 2812 2919 2864 velut
2951 2821 3117 2865 tomm
3150 2814 3198 2865 in
3233 2814 3490 2882 partibus,
3522 2825 3579 2869 ut
3609 2832 3803 2886 corpus
3835 2820 3886 2872 in

2301 2897 2549 2951 omnibus
2579 2899 2690 2952 suis
2727 2901 2985 2975 partibus.
3032 2902 3234 2957 ltursus
3264 2903 3406 2957 velut
3435 2906 3488 2958 in
3531 2900 3729 2974 genere
3769 2924 3887 2977 spe.

2291 2987 2429 3051 cies,
2459 2997 2515 3040 ut
2543 2988 2596 3040 in
2623 2989 2839 3043 animali
2869 2991 3049 3056 homo,
3078 2994 3160 3047 vel
3189 3010 3355 3063 genus
3383 2996 3433 3049 in
3457 2999 3736 3064 speciebus
3758 3003 3885 3055 Suis.

2304 3076 2536 3132 Dicimus
2572 3095 2786 3148 quoque
2818 3096 2938 3135 esse
2971 3083 3022 3136 in
3052 3085 3252 3154 aliquo,
3281 3087 3424 3140 velut
3463 3089 3661 3155 aliquid
3699 3092 3749 3144 in
3784 3094 3890 3147 line

618 3196 759 3267 jecto
810 3171 1152 3266 pnedicatur,
1206 3196 1594 3266 particularitas
1643 3206 1824 3255 autem
1864 3200 1932 3254 ab
1984 3186 2269 3255 univer-C

2299 3181 2440 3233 esse,
2478 3179 2537 3224 nt
2581 3171 2829 3238 quoniam
2870 3173 3021 3227 bonae
3068 3175 3188 3229 vitm
3229 3177 3347 3231 linis
3394 3178 3665 3233 beatitudo
3700 3194 3812 3247 est,
3844 3186 3891 3240 si

621 3288 832 3341 salitate
869 3287 1159 3356 discrepat,
1203 3287 1270 3342 de
1300 3287 1543 3357 subjecto
1572 3304 1677 3349 non
1724 3291 2061 3358 praedicatur.
2097 3293 2201 3346 llas

615 3379 785 3446 igitur
816 3378 1120 3448 hujusmodi
1144 3378 1534 3448 descriptiones
1563 3380 1879 3436 Aristoteles
1906 3384 1978 3437 ita
2009 3385 2204 3451 permi-

620 3469 758 3523 scuit
802 3469 988 3529 dicens
1026 3488 1038 3521 :
1077 3469 1274 3523 Eorum
1320 3486 1442 3539 quin
1480 3479 1639 3535 sunt,
1690 3472 1790 3525 alia
1838 3473 1906 3527 de
1961 3474 2204 3543 subjecto

620 3559 847 3629 quodam
885 3560 1151 3624 dicuntur,
1189 3563 1239 3614 in
1281 3562 1527 3630 subjecto
1569 3578 1696 3618 vero
1736 3565 1884 3619 nullo
1926 3575 2073 3632 sunt,
2103 3583 2201 3621 vo-

622 3650 734 3706 lens
763 3652 970 3706 scilicet
1009 3652 1367 3706 univerSaIem
1410 3656 1763 3710 substantiam
1806 3658 2198 3716 demonstrare.

620 3740 751 3795 Nam
777 3742 914 3810 quod
938 3741 1071 3794 dixit
1098 3741 1166 3796 de
1194 3741 1434 3809 subjecto
1460 3743 1736 3810 dicuntur,
1767 3748 2065 3803 universale
2095 3758 2198 3813 est,

621 3834 765 3903 quod
800 3848 929 3887 vero
971 3834 1049 3887 ait
1092 3834 1146 3888 in
1190 3834 1431 3903 subjecto
1476 3837 1621 3890 nullo
1666 3848 1811 3904 sunt,
1866 3841 2197 3895 substantia:

614 3940 750 3996 ergo
776 3927 919 3995 quod
958 3929 1033 3980 ait
1059 3927 1302 3996 quaedam
1339 3929 1407 3984 de
1436 3930 1682 3999 subjecto
1712 3932 1841 3997 dici,
1870 3934 1925 3986 in
1961 3934 2203 4003 subjecto

622 4031 756 4071 vero
802 4018 949 4072 nullo
987 4032 1129 4083 esse,
1176 4020 1535 4075 universalem
1581 4022 1935 4077 substantiam
1971 4024 2199 4079 demon-
2272 4058 2275 4059 ν

622 4120 793 4164 strarc
822 4110 1100 4164 toutendit
1128 4127 1141 4163 :
1178 4121 1231 4164 ut
1260 4113 1402 4165 enim
1433 4112 1629 4182 saepius
1670 4114 1870 4169 dictum
1921 4125 2024 4183 est,
2061 4117 2200 4186 quod

626 4202 694 4255 de
737 4201 981 4268 subjecto
1015 4201 1230 4264 dicitur,
1268 4204 1572 4258 universale
1603 4214 1724 4271 est;
1771 4208 1913 4273 quod
1960 4208 2011 4261 in
2058 4209 2202 4262 nullo

622 4289 864 4359 subjecto
900 4299 1004 4354 εει,
1035 4291 1352 4345 substantia.
1396 4293 1521 4346 llaec
1542 4294 1749 4361 juncta,
1777 4297 1825 4350 id
1852 4308 1937 4352 est
1968 4298 2035 4352 de
2076 4299 2201 4351 sub-

623 4385 765 4451 jecto
790 4383 1019 4453 quodam
1051 4382 1176 4449 dici,
1208 4393 1263 4437 et
1294 4384 1345 4438 in
1376 4384 1618 4452 subjecto
1642 4389 1788 4441 nullo
1814 4405 1954 4451 esse.
1990 4392 2199 4445 univer-

627 4474 792 4528 salem
837 4473 1185 4529 substantiam
1230 4475 1621 4531 demonstrant.
1673 4478 1802 4533 Post
1837 4482 2196 4537 universalcnt

2307 3261 2427 3328 quis
2457 3260 2526 3313 sit
2556 3260 2763 3326 beatus,
2794 3263 2846 3315 in
2882 3266 2983 3318 line
3012 3276 3122 3328 est,
3151 3268 3354 3322 scilicet
3390 3270 3542 3324 bona:
3573 3262 3714 3328 vitia.
3749 3274 3890 3330 Dic:-

2310 3366 2425 3404 mus
2453 3366 2663 3420 quoque
2694 3369 2812 3409 ess-2
2842 3354 2892 3407 in
2923 3357 3102 3424 aliquo
3130 3367 3183 3411 ιιι
3215 3359 3266 3412 in
3296 3359 3533 3428 quolibet
3562 3373 3800 3431 potente,
3834 3375 3890 3419 ut

2308 3440 2358 3494 in
2401 3442 2723 3509 imperatore
2760 3460 2879 3499 esse
2923 3447 3158 3515 regimen
3204 3449 3454 3505 civitatis.
3493 3452 3729 3508 Dicimus
3758 3471 3890 3524 quo-

2307 3545 2409 3599 que
2431 3530 2575 3585 velut
2597 3532 2817 3586 formam
2845 3535 2896 3588 in
2931 3538 3173 3604 materia,
3202 3550 3258 3592 ut
3285 3541 3690 3598 similitudinem
3714 3546 3889 3600 Achil-

2309 3620 2371 3673 lis
2400 3621 2449 3675 in
2483 3637 2587 3676 τετε
2616 3624 2697 3677 vel
2723 3625 2781 3678 in
2824 3642 3113 3681 marmore.
3148 3631 3347 3685 Novem
3390 3634 3552 3702 igitur
3592 3638 3764 3691 modis
3789 3640 3889 3693 ali-

2306 3712 2432 3782 quid
2468 3714 2520 3768 in
2552 3716 2732 3785 aliquo
2757 3727 2878 3772 esse
2903 3718 3120 3785 dicitur,
3150 3735 3204 3775 ιιι
3233 3723 3285 3776 ἱιι
3318 3724 3460 3790 loco,
3484 3737 3542 3780 ut
3572 3729 3622 3781 in
3652 3745 3798 3795 vaso,
3832 3741 3890 3785 ut

2306 3820 2429 3873 pars
2457 3806 2506 3859 in
2536 3816 2665 3871 toto,
2697 3817 2753 3862 ιιι
2786 3820 2950 3863 totum
2978 3812 3027 3865 in
3063 3816 3319 3880 partibus,
3358 3830 3415 3870 ut
3445 3820 3499 3871 in
3526 3835 3721 3887 genere
3760 3837 3885 3889 Spe-

2295 3895 2437 3960 cies,
2470 3906 2525 3949 ut
2562 3897 2614 3950 in
2646 3900 2930 3966 Speciebus
2967 3918 3157 3971 genus,
3196 3915 3251 3956 ut
3292 3907 3343 3959 in
3375 3908 3506 3974 line,
3544 3920 3601 3963 ut
3642 3910 3693 3963 in
3725 3913 3890 3979 impe-

2306 3995 2503 4050 ratore,
2533 3997 2588 4040 ιιι
2615 3988 2665 4042 in
2696 3994 2912 4044 materia
2946 3994 3135 4047 fOzma.
3164 3996 3362 4050 Horum
3389 4000 3548 4067 igitur
3576 4002 3892 4058 Aristoteles

2308 4080 2405 4132 tria
2437 4082 2549 4134 sola
2580 4098 2997 4150 commemorat,
3026 4090 3118 4143 sed
3156 4091 3259 4144 duo
3287 4094 3335 4145 in
3369 4110 3534 4149 unum
3576 4099 3890 4167 conjuncta,

2307 4168 2447 4221 aliud
2476 4183 2803 4240 separatum.
2829 4176 2917 4229 Ait
2956 4179 3098 4231 enim
3128 4198 3139 4231 :
3176 4180 3229 4233 In
3278 4183 3518 4252 subjecto
3546 4198 3721 4240 autem
3768 4204 3891 4245 esse

2306 4259 2423 4313 dico
2444 4263 2604 4328 quod,
2637 4280 2759 4319 cum
2786 4266 2837 4320 in
2861 4268 3039 4337 aliquo
3066 4272 3163 4333 sit,
3189 4289 3294 4327 non
3318 4275 3457 4329 sicut
3476 4280 3717 4343 quaedam
3742 4295 3888 4349 pars,

2307 4350 2634 4417 impossibile
2656 4365 2741 4409 est
2767 4372 2883 4412 esse
2905 4360 3024 4415 sine
3052 4379 3115 4416 eo
3144 4365 3193 4418 in
3223 4382 3330 4434 quo
3356 4376 3457 4422 est.
3484 4368 3682 4425 Sensus
3710 4384 3891 4429 autem

2305 4439 2425 4491 talis
2464 4452 2582 4494 est:
2618 4445 2746 4508 lloc,
2786 4447 2987 4518 inquit,
3020 4452 3139 4506 dico
3178 4472 3299 4510 esse
3338 4458 3607 4525 accidens,
3638 4464 3781 4530 quod
3824 4465 3893 4521 sit

624 4566 973 4622 substantiam
1008 4568 1329 4636 particulare
1354 4570 1601 4627 accidens
1625 4574 1802 4641 posuit
1822 4574 2013 4631 dicens
2042 4596 2054 4627 :
2081 4577 2198 4631 Alia
2232 4547 2278 4604 Β
2308 4532 2725 4641 [ηξυξίῗὲθῗῗθῐω
2750 4548 2832 4641 es:
2861 4543 3002 4608 quad
3031 4547 3098 4641 ili]
3135 4548 3205 4602 Sil
3243 4552 3295 4601 in
3324 4552 3511 4615 ahem’
3541 4564 3598 4606 ut
3625 4571 3747 4623 pars
3778 4558 3893 4624 ei":

623 4666 800 4709 autem
839 4655 890 4710 in
923 4657 1164 4727 subjecto
1195 4659 1408 4727 quidem
1439 4670 1582 4726 sunt,
1626 4662 1691 4716 de
1730 4664 1976 4733 subjecto
2019 4680 2198 4723 autem

624 4749 770 4802 nullo
799 4747 1071 4804 dicuntur.
1099 4750 1232 4804 Nam
1261 4751 1401 4821 quod
1432 4754 1507 4806 ait
1537 4754 1587 4808 in
1618 4755 1862 4825 subjecto
1892 4767 2035 4826 sunt,
2061 4765 2203 4816 acci-

623 4836 756 4889 dens
786 4848 1062 4905 monstrat,
1093 4841 1234 4909 quod
1261 4857 1389 4897 vero
1413 4844 1639 4908 addidit,
1670 4846 1737 4902 de
1759 4849 2001 4918 subjecto
2022 4864 2199 4910 autem

624 4925 769 4980 nullo
815 4925 1083 4992 dicuntur,
1119 4932 1457 4999 particulare.
1493 4935 1756 4989 Accidens
1796 4940 1939 4993 enim
1970 4940 2027 4994 in
2071 4945 2201 4999 suh-
2290 4982 2298 4987 .

620 5018 762 5088 jecto
790 5026 890 5082 est,
935 5020 1326 5086 particularitas
1368 5023 1437 5076 de
1484 5026 1629 5080 nullo
1654 5027 1901 5096 subjecto
1943 5036 2200 5099 praedica-

624 5120 728 5163 tur.
777 5106 916 5178 Ergo
945 5121 1276 5177 quaecunque
1322 5126 1408 5166 rt'S
1447 5112 1565 5180 ipsa
1596 5115 1811 5182 quidem
1861 5119 1914 5172 in
1956 5122 2200 5190 subjecto

622 5209 724 5263 cst,
761 5198 853 5254 sed
902 5200 944 5253 si
989 5198 1057 5252 dc
1100 5199 1248 5254 nullo
1284 5202 1525 5269 subjecto
1560 5205 1903 5275 prmdicatur,
1950 5214 2200 5270 accidens

623 5298 705 5344 est
746 5290 1088 5359 particularc,
1122 5301 1179 5345 ιιι
1213 5300 1294 5347 εει
1326 5293 1568 5362 quzedam
1613 5302 1983 5370 grammatica,
2029 5304 2083 5359 id
2116 5318 2201 5363 est

627 5387 941 5455 Aristarchi,
973 5392 1057 5446 vel
1103 5392 1325 5463 alicujus
1364 5392 1596 5449 hominis
1622 5395 1893 5453 individua
1936 5418 2201 5469 gramina-

627 5486 730 5541 tica
772 5505 784 5541 :
823 5490 911 5544 illa
962 5493 1104 5547 enim
1151 5495 1401 5564 quoniam
1456 5495 1713 5551 individui
1765 5500 2033 5572 hominis,
2086 5510 2198 5580 ipsa

626 5598 835 5655 quoque
862 5587 997 5642 facta
1023 5600 1106 5645 est
1128 5593 1396 5647 inalividua
1419 5603 1471 5648 et
1516 5596 1884 5668 particularis;
1909 5619 2038 5675 ergo
2059 5626 2194 5678 quo-

627 5672 767 5726 niam
805 5676 1044 5744 quaedam
1087 5684 1429 5749 grammatica
1476 5684 1528 5738 in
1572 5690 1749 5743 anima
1795 5702 1908 5758 est,
1955 5672 2203 5756 accidens

627 5763 731 5824 est,
763 5768 817 5815 et
850 5766 1098 5831 quoniam
1134 5769 1201 5829 de
1238 5777 1386 5831 nullo
1418 5778 1660 5847 subjecto
1691 5789 2014 5856 pra-dicatur
2035 5832 2049 5859 ,
2078 5810 2202 5861 par-

2304 4635 2413 4673 non
2443 4623 2510 4676 sit
2537 4634 2591 4678 et
2616 4628 2733 4682 sine
2763 4630 2940 4700 aliquo
2970 4636 3214 4705 subjecto
3254 4655 3374 4694 esse
3418 4658 3521 4696 non
3556 4648 3754 4713 possit,
3797 4623 3891 4714 ut,

2305 4712 2456 4767 verbi
2478 4716 2671 4784 gratia,
2702 4720 2851 4775 color
2880 4739 3001 4779 cum
3032 4726 3083 4780 in
3111 4737 3338 4798 corpore
3365 4722 3510 4787 nulla
3543 4751 3664 4803 pars
3694 4712 3893 4807 corpus

2312 4802 2385 4856 ris
2406 4814 2506 4868 εει,
2530 4818 2581 4860 ει
2603 4810 2645 4861 si
2670 4810 2817 4865 color
2838 4828 2865 4865 a
2888 4828 3112 4885 corpore
3137 4829 3435 4888 separatur,
3459 4802 3609 4878 color
3636 4802 3894 4896 nusquam

2313 4904 2413 4947 est.
2440 4891 2626 4951 Omnis
2653 4901 2794 4954 enim
2823 4905 2973 4959 color
2994 4906 3044 4960 in
3074 4908 3191 4962 solo
3214 4920 3441 4980 corpore
3467 4923 3570 4968 est.
3601 4915 3737 4986 Ergo
3758 4891 3893 4975 illud

2306 4996 2395 5038 est
2424 4989 2673 5045 accidens
2700 4994 2840 5061 quod
2870 5010 3086 5066 semper
3116 5001 3187 5053 ita
3218 5002 3269 5054 in
3300 5002 3549 5070 subjecto
3573 5015 3654 5058 est
3695 5006 3891 5076 altero,

2306 5082 2362 5128 ut
2391 5076 2509 5142 ejus
2536 5094 2656 5147 pars
2686 5096 2791 5136 non
2818 5083 2917 5148 sit,
2944 5095 3001 5138 ut
3024 5102 3144 5141 cum
3176 5089 3243 5142 ab
3267 5105 3335 5143 eo
3359 5089 3410 5143 in
3436 5106 3540 5159 quo
3563 5102 3646 5145 est
3675 5107 3895 5162 separa‘

2300 5175 2408 5232 tur,
2455 5170 2521 5224 ad
2574 5173 2798 5230 nihilum
2830 5178 3125 5249 redigatur,
3163 5194 3215 5237 et
3260 5199 3354 5252 per
3399 5198 3458 5239 se
3508 5187 3626 5241 sine
3673 5188 3897 5246 alterius

2301 5259 2544 5329 subjecto
2574 5278 2694 5318 esse
2722 5281 2826 5321 non
2860 5271 3044 5336 possit.
3077 5271 3227 5336 Quod
3268 5282 3449 5328 autem
3490 5276 3564 5330 ait
3600 5287 3658 5331 ut
3688 5294 3794 5333 non
3827 5282 3897 5337 sit

2306 5347 2444 5403 sicut
2476 5350 2655 5421 aliqua
2691 5370 2834 5423 pars,
2861 5358 2930 5412 ab
2956 5374 3017 5413 ea
3054 5360 3261 5416 scilicet
3288 5364 3680 5434 significatione
3707 5370 3759 5423 in
3800 5373 3885 5424 ali-

2304 5454 2411 5508 quo
2464 5442 2797 5499 consistendi
2846 5448 3084 5504 dividere
3131 5452 3335 5518 voluit,
3383 5458 3680 5512 secundum
3729 5476 3888 5529 quam

2308 5538 2483 5595 partes
2516 5531 2567 5585 in
2600 5542 2713 5587 toto
2748 5550 2870 5591 esse
2900 5538 3147 5606 dicimus,
3180 5557 3285 5599 non
3312 5545 3455 5600 enim
3502 5547 3604 5603 tale
3643 5559 3726 5604 est
3766 5551 3892 5603 sub—

2301 5617 2535 5707 jectum,
2568 5632 2625 5676 ut
2664 5624 2780 5693 ejus
2810 5629 3059 5685 accidens
3090 5648 3212 5701 pars
3253 5636 3342 5691 sit.
3385 5637 3536 5705 Quod
3566 5654 3696 5694 vero
3731 5639 3890 5707 dicit,

2309 5706 2635 5776 impossibile
2657 5723 2739 5767 est
2766 5730 2885 5772 esse
2915 5718 3030 5776 sine
3058 5736 3125 5776 eo
3147 5724 3201 5776 in
3231 5739 3336 5795 quo
3366 5736 3476 5790 est,
3505 5728 3572 5781 ab
3601 5744 3662 5783 ea
3690 5728 3894 5786 scilicet

2308 5798 2694 5867 signiﬁcatione
2734 5805 2945 5877 divisit,
2975 5828 3094 5883 qua:
3136 5824 3218 5878 est
3261 5832 3381 5874 esse
3423 5817 3625 5890 aliquid
3666 5820 3719 5877 in
3760 5837 3890 5880 vasa
