4244 6254
657 353 759 406 1ῗῦ

1854 351 1960 404 ΑΝ.
2007 349 2212 404 MANL.
2255 349 2404 404 SEV.
2448 350 2664 405 BOETII

3812 355 3910 409 {76

653 461 798 526 jecto
840 466 940 524 est,
975 467 1028 510 ut
1083 456 1322 526 quzrdam
1354 456 1695 526 grammatica
1741 455 1803 510 iu'
1841 463 2037 512 anima.
2092 458 2217 511 Illud
2251 462 2300 518 Α
2330 457 2543 513 homine
2571 460 2908 527 praedicatur,
2957 461 3046 514 sed
3089 476 3192 513 non
3233 461 3284 514 in
3342 477 3408 516 eo
3453 462 3590 532 quod
3646 462 3771 531 quid
3812 476 3906 527 sit,

653 563 862 621 quoque
881 561 1066 617 magna
1093 545 1687 604 attentionemtandum
1711 555 1811 606 est.
1837 548 1956 614 quis
1985 549 2050 600 sit
2071 548 2227 616 hujus

651 640 783 694 ordo
825 637 1102 707 propositi.
1128 636 1257 690 Nam
1286 651 1404 691 cum
1429 638 1775 704 sintquatuor
1796 637 2221 704 complexiones,

651 732 801 782 facta:
827 743 890 782 ex
921 736 1150 796 quatuor
1178 727 1356 790 rebus,
1389 741 1611 794 quarum
1653 727 1771 780 dua:
1806 736 1994 780 natura
2021 727 2227 782 discre-

650 828 795 888 pant,
821 828 877 873 ut
911 817 1202 872 substantia
1243 826 1310 871 eet
1348 817 1619 881 accidens,
1651 817 1767 870 dua:
1807 819 2124 886 quantitate,
2169 831 2226 872 ut

651 910 1036 980 particularitas
1057 918 1110 962 et
1137 907 1530 972 universalitas,
1556 908 1857 977 conjunctis
1885 911 2226 978 compositis-

649 1018 748 1069 que
807 1001 888 1054 his
937 1010 1161 1069 quatuor
1207 1001 1476 1068 omnibus,
1509 1002 1909 1055 dissentientem
1971 1000 2229 1056 lateribus

649 1092 1052 1158 dispositionem
1103 1089 1246 1144 fecit.
1275 1090 1462 1143 Posuit
1501 1091 1641 1144 enim
1681 1092 1826 1159 prius
1874 1091 2224 1145 substantiam

649 1183 999 1236 universalem
1040 1181 1244 1246 dicens,
1277 1181 1416 1250 quod
1459 1182 1512 1235 in
1545 1181 1783 1250 subjecto
1827 1198 1932 1236 non
1969 1190 2129 1236 estet
2157 1183 2224 1236 de

648 1269 885 1338 subjeCto
908 1272 1119 1324 dicitur.
1153 1271 1278 1323 Post
1311 1271 1444 1323 hanc
1475 1271 1698 1336 primam
1747 1272 2070 1337 positionem
2099 1273 2225 1324 totis

649 1361 1041 1429 discrepantem
1067 1360 1244 1419 rebus.
1277 1375 1386 1413 rem
1419 1360 1618 1423 subdit,
1645 1360 1694 1412 id
1731 1371 1812 1412 est
1833 1361 2082 1415 accidens
2105 1375 2226 1430 par~

652 1453 890 1519 ticulare,
923 1452 1060 1521 quod
1099 1453 1149 1505 in
1173 1451 1415 1518 subjecto
1441 1460 1605 1517 esset,
1650 1461 1703 1506 et
1741 1453 1808 1505 de
1835 1451 2076 1520 subjecto
2122 1467 2226 1504 non

652 1546 988 1612 praedicatur.
1027 1544 1157 1598 Nam
1193 1559 1312 1598 cum
1345 1543 1594 1598 accidens
1643 1543 1797 1608 dixit,
1851 1559 1882 1596 a
1931 1544 2226 1610 substantia

651 1640 996 1707 disgregavit,
1042 1637 1183 1705 quod
1214 1635 1530 1704 particulare
1575 1635 1779 1690 addidit
1820 1636 1886 1690 ab
1929 1637 2224 1690 universali

651 1731 925 1796 disjunxit.
959 1729 1162 1782 Rursus
1184 1743 1248 1782 ex
1278 1727 1386 1780 alio
1405 1726 1570 1780 lat-re
1599 1727 1860 1794 disposuit
1884 1730 1934 1779 in
1965 1726 2226 1780 divisione

2335 565 2454 602 nam
2484 565 2602 603 cum
2631 551 2808 604 album
2837 552 2905 606 sit
2927 553 3194 620 accidens,
3223 554 3382 608 homo
3417 556 3734 620 substantia,
3763 558 3907 610 acci-

2337 638 2470 690 dens
2497 639 2563 692 de
2591 640 2884 694 substantia
2917 642 2970 695 in
2993 658 3058 698 eo
3081 644 3221 713 quod
3250 644 3373 714 quid
3405 646 3470 698 sit
3507 647 3783 715 praedicari
3806 629 3910 703 non

2330 740 2533 797 potest,
2565 747 2692 800 ergo
2714 734 2814 787 ista
2847 735 3156 800 prrcdicatio
3184 736 3476 789 secundum
3507 741 3758 793 accidens
3781 739 3915 794 dici-

2328 832 2429 876 tur.
2460 838 2536 877 ..e
2561 823 2809 892 subjecto
2855 841 2984 880 vero
3023 827 3314 895 praedicare
3344 837 3445 892 est,
3504 832 3714 897 quoties
3749 834 3914 886 altera

2329 927 2414 966 res
2447 913 2515 967 de
2543 914 2711 968 altera
2739 915 2790 968 in
2824 916 2935 984 ipsa
2962 917 3260 971 substantia
3313 919 3650 987 prwdicatur,
3701 931 3760 974 ut
3798 923 3912 974 ani-

2293 1019 2300 1024 ’
2333 1002 2438 1054 mal
2466 1003 2533 1057 de
2555 1005 2769 1059 homine
2799 1021 2815 1070 ;
2843 1023 2961 1059 nam
2987 1009 3238 1077 quoniam
3273 1011 3466 1063 animal
3510 1021 3564 1064 et
3614 1013 3909 1066 substantia

2337 1102 2439 1154 εει,
2469 1101 2522 1146 ει
2543 1109 2708 1161 genus
2739 1095 2991 1161 hominis,
3023 1099 3219 1153 idcirco
3248 1101 3298 1153 in
3329 1115 3391 1154 eo
3420 1102 3560 1168 quod
3595 1103 3720 1170 quid
3751 1104 3819 1155 sit
3847 1104 3914 1157 de

2335 1183 2552 1236 homine
2586 1184 2922 1251 prmdicatur.
2948 1189 3123 1253 Quare
3156 1189 3240 1242 illa
3265 1191 3377 1244 sola
3409 1189 3476 1243 de
3497 1191 3739 1258 subjecto
3770 1207 3912 1260 ιιι-αξτ-

2333 1271 2499 1324 dtcari
2525 1273 2772 1328 dicuntur
2792 1291 2859 1343 qu
2880 1291 3121 1346 ccunque
3154 1280 3205 1330 iu
3241 1279 3527 1346 cujuslibet
3561 1282 3636 1334 rei
3668 1282 3914 1334 substan-

2336 1365 2404 1416 tia
2433 1377 2486 1418 et
2529 1366 2580 1418 in
2620 1366 2938 1422 diitiuitione
2986 1382 3281 1436 ponuntur;
3324 1385 3452 1438 ergo
3499 1372 3915 1440 quotiescunque

2336 1453 2642 1522 hujusmodi
2675 1457 2832 1509 fuerit
2856 1459 3180 1526 prtedicatio,
3211 1471 3266 1512 ut
3304 1461 3530 1513 alterum
3561 1461 3628 1514 de
3657 1463 3830 1514 altero
3861 1471 3917 1514 ut

2337 1551 2406 1598 de
2435 1528 2678 1614 subjecto
2709 1548 3045 1614 pratdicetur,
3079 1549 3129 1602 id
3160 1559 3315 1602 estut
3345 1549 3413 1604 de
3445 1552 3564 1616 e,us
3616 1552 3912 1606 substantia

2333 1639 2564 1701 dicatur,
2599 1648 2654 1692 ut
2696 1641 2896 1694 animal
2949 1640 3016 1694 de
3051 1639 3298 1703 homine,
3354 1641 3489 1693 hanc
3538 1640 3918 1708 praprietatem

2337 1730 2554 1784 evenire
2583 1745 2805 1784 necesse
2841 1740 2949 1802 est,
2978 1739 3032 1783 ut
3076 1730 3120 1782 si
3165 1729 3230 1783 de
3285 1745 3350 1782 eo
3381 1728 3520 1797 quod
3576 1729 3916 1796 praedicatur.

650 1819 896 1874 accidens
926 1818 1246 1882 universale,
1277 1817 1459 1872 dicens
1488 1817 1628 1883 quod
1671 1818 1724 1870 in
1773 1816 2014 1886 subjecto
2043 1827 2144 1880 est,
2171 1827 2224 1870 ει
2260 1815 2298 1871 Β
2332 1819 2598 1886 quidpiam
2633 1829 2688 1873 ut
2715 1821 2781 1874 de
2811 1820 3073 1888 subjecto,
3108 1819 3157 1872 id
3183 1829 3264 1874 est
3293 1819 3409 1888 ejus
3429 1821 3744 1883 subsmntia,
3777 1836 3918 1888 pne-

650 1912 714 1965 de
740 1911 982 1979 subjecto
1006 1909 1343 1979 pra-dicatur,
1372 1917 1425 1962 et
1453 1908 1638 1962 ultimo
1670 1908 2022 1963 substantiam
2056 1911 2218 1977 parti-

650 1999 881 2052 cularetu
911 2000 1229 2053 contrariam
1247 1999 1776 2066 superioriaccideuti
1804 1999 2110 2068 dixit,quod
2133 2015 2228 2052 nc-

651 2105 751 2156 quc
775 2089 827 2142 in
844 2089 1082 2158 subjecto
1098 2097 1200 2154 est,
1218 2103 1385 2159 neque
1410 2089 1474 2142 de
1494 2089 1734 2158 subjecto
1758 2089 2094 2156 praedicatur,
2120 2094 2229 2144 sub-

651 2192 728 2232 sta
739 2180 860 2233 ulla:
875 2182 1339 2258 particularitatcm
1356 2180 1737 2234 uuiversalitati
1753 2182 2046 2235 accidentis
2060 2199 2229 2251 oppo-

649 2269 804 2326 nens.
831 2271 934 2325 Scd
965 2281 1022 2324 ut
1049 2273 1255 2340 planius
1269 2271 1407 2338 quod
1436 2272 1658 2325 dicimus
1681 2274 1769 2334 sit,
1795 2274 2225 2341 ﬁguramdecri-

652 2363 989 2431 ptioncmque
1011 2361 1332 2428 subiecimus
1354 2361 1404 2413 iu
1428 2375 1529 2426 qua
1551 2361 1796 2427 superius
1823 2361 1960 2414 latus
1989 2363 2231 2416 substan-

655 2453 722 2504 lia
761 2451 1126 2518 accidentiqoe
1177 2449 1494 2510 notavimus,
1529 2449 1786 2517 reliquum
1811 2451 2234 2516 particularitatis

655 2553 705 2594 ut
745 2541 1157 2594 univcrsafitatis
1203 2542 1354 2594 titulo
1393 2541 1794 2608 inscripsimus,
1839 2543 2234 2599 Aristotelicam

843 2825 1014 2904 Subﬂa
1023 2741 1682 2939 om???
1715 2827 1756 2940 ί
1787 2835 2078 2912 Accidens.

1121 2955 1153 3059 ί
1663 2877 2102 3138 \J

827 3049 1232 3178 ᾗᾷᾄὲδνδ
1250 3156 1270 3173 .
1599 3039 1803 3168 <§¢\

826 3075 904 3446 Ιῖἕ
929 3251 954 3273 ι
987 3131 994 3238 1
1057 3181 1106 3234 ,χχχ
1140 3151 1203 3201 9?
1222 3160 1324 3271 ﬁda
1540 3173 1686 3326 «:9»

860 3314 888 3344 ς
1874 3293 1911 3308 ⁴
1944 3282 1986 3332 Ξ

830 3553 835 3594 ι
1869 3498 1908 3607 ,ξ
1941 3511 1994 3683 21

829 3602 959 3683 iss
1129 3614 1221 3683 με
1370 3623 1674 3683 λήξειε
1750 3677 1756 3683 _
1857 3640 1906 3683 is
1939 3627 1980 3652 ’ν

847 3155 860 3408 Ι

863 3183 904 3268 Ξ

860 3279 917 3344 CH.

863 3353 917 3380 r.

929 3251 954 3273 Ι.

905 3280 954 3326 ιὲ

905 3343 956 3376 ιε

906 3375 956 3412 Ἰ

926 3417 956 3482 ἓ

921 3483 957 3522 .2:

905 3527 957 3555 κ’)

907 3562 980 3629 ἦ

915 3621 959 3690 ὃ

829 3408 1014 3706 isi
1839 3408 1920 3706 ii:
1939 3408 2005 3706 si
2099 3408 2113 3706 ἕ

862 3403 900 3491 ἒ

857 3621 904 3683 ε

753 3429 762 3731 ί

1570 3683 1986 3878 Ἰδοέεέμξλ

819 3793 888 3850 /’
1007 3765 1131 3838 Ν
1664 3776 1725 3848 ἓν

819 3982 2106 4180 εεᾏᾼζ-..μ-..ςὶΛ

735 4205 953 4267 Quando
985 4207 1111 4256 alter
1151 4222 1196 4254 ut
1219 4205 1283 4254 de
1312 4204 1472 4254 altera
1497 4204 1800 4267 pro-dicatur
1831 4209 1883 4251 ut
1908 4201 1966 4249 de
1989 4197 2230 4270 subjec'o,

660 4289 966 4340 qua’cunque
1015 4277 1076 4324 de
1116 4290 1172 4325 eo
1219 4275 1355 4341 quod
1403 4274 1710 4341 pt'mdit'atur
1754 4271 2006 4341 dicuntur,
2051 4278 2234 4341 bound

661 4336 810 4394 etiam
837 4336 899 4393 de
919 4344 1140 4411 suhjecto
1165 4336 1420 4400 dicuntur,
1451 4350 1502 4392 ut
1520 4340 1670 4391 homo
1689 4339 1999 4411 pra’dicatttr
2028 4336 2090 4383 de
2109 4337 2258 4411 (ηιοδ

660 4414 779 4464 dant
805 4401 1252 4471 Ιιοηιὶηρξιαηὶιηηι
1269 4427 1381 4463 vero
1399 4412 1460 4462 dc
1479 4401 1696 4466 homine,
1715 4423 1831 4476 ergo
1859 4417 1906 4458 et
1937 4406 1998 4476 de
2015 4401 2234 4466 quodam

659 4485 858 4534 homine
895 4485 1085 4535 animal
1129 4481 1517 4544 arwdit‘abitur,
1553 4474 1784 4548 quidum'
1813 4479 1946 4528 enim
1975 4474 2148 4537 homo,
2187 4479 2233 4521 et

657 4553 808 4604 Itomo
830 4563 901 4605 est
929 4563 973 4604 et
1004 4553 1215 4606 animal.

729 4644 859 4698 Cum
890 4643 1130 4709 superius
1153 4642 1218 4697 de
1259 4643 1338 4695 his
1377 4657 1492 4710 qua!
1524 4641 1573 4693 in
1627 4637 1863 4707 subjecto
1895 4644 2038 4700 soul,
2072 4632 2122 4687 id
2150 4639 2232 4685 est

657 4737 724 4790 de
753 4731 1113 4790 accidentibus
1144 4736 1468 4803 loqueretur,
1513 4731 1883 4784 dit‘liuitiouem
1930 4727 2232 4780 constituta:

658 4827 709 4878 iu
739 4827 980 4893 subjecto
1007 4829 1108 4890 rei,
1132 4836 1185 4880 et
1210 4836 1401 4895 printer
1425 4823 1721 4891 subjectum
1748 4823 1892 4875 nullo
1923 4820 2078 4872 modo
2109 4831 2232 4884 per-

659 4915 953 4978 manentis,
1011 4916 1061 4966 in
1120 4914 1290 4966 media
1335 4913 1650 4966 tractatione
1692 4908 1994 4972 disinosuit,
2047 4906 2229 4959 dicens

661 5005 788 5059 illud
813 5019 929 5058 esse
956 5002 1093 5072 quod
1125 5018 1296 5070 neque
1345 5016 1465 5070 pars
1487 5011 1628 5054 esset
1681 5000 1922 5066 ali-:ujus,
1975 5011 2072 5050 nec
2114 4999 2230 5050 sine

657 5095 896 5164 subjecto
919 5102 1093 5163 posset
1116 5093 1222 5144 ullo
1253 5090 1411 5144 modo
1439 5104 1769 5159 permanere.
1816 5087 2086 5140 Patefacto
2136 5085 2231 5148 igi-

660 5197 744 5242 tur
782 5184 905 5253 quid
934 5184 1002 5237 sit
1029 5198 1148 5237 esse
1168 5180 1504 5249 in-subjccto,
1532 5193 1672 5233 nunc
1701 5177 1827 5246 quid
1854 5178 1922 5230 sit
1953 5175 2228 5244 pra-dicari

655 5278 721 5332 de
749 5277 991 5344 subjecto
1027 5274 1282 5330 declarat.
1319 5272 1529 5326 Duobus
1574 5272 1716 5326 enim
1752 5269 1919 5323 modis
1974 5268 2225 5336 praulica-

655 5370 826 5423 tiones
857 5369 1008 5431 fiunt,
1030 5383 1135 5421 uno
1161 5365 1448 5421 secundum
1469 5366 1737 5428 accidens,
1757 5363 1861 5416 alio
1876 5361 1941 5415 de
1962 5361 2220 5428 subjecto:

654 5463 719 5514 de
753 5455 966 5515 homine
992 5476 1220 5530 namque
1271 5459 1594 5530 prazdicatur
1622 5457 1802 5509 album
1823 5497 1836 5518 ,
1863 5454 2056 5509 dicitur
2081 5454 2223 5509 enim

657 5551 817 5604 homo
839 5551 1016 5611 albus,
1040 5565 1226 5604 rursus
1247 5549 1312 5603 de
1333 5549 1518 5603 eodem
1538 5548 1750 5603 homine
1776 5545 2092 5615 przcdicatur
2115 5544 2230 5597 ani-

655 5641 782 5703 mal,
812 5640 1004 5694 dicitur
1031 5641 1172 5694 enim
1199 5639 1357 5694 homo
1378 5639 1591 5693 animal.
1641 5636 1750 5692 Sed
1789 5637 1876 5689 illa
1901 5637 2061 5704 prior
2089 5649 2226 5701 pra:-

653 5731 868 5794 dicatio,
893 5747 1009 5799 qure
1035 5740 1138 5798 est,
1170 5731 1337 5785 llomo
1362 5732 1512 5787 albus
1539 5741 1638 5795 est,
1667 5730 1955 5783 secundum
1984 5725 2227 5780 accidens

653 5831 758 5891 est,
776 5836 1003 5892 namque
1029 5824 1297 5894 accidens,
1328 5825 1468 5894 quod
1503 5833 1584 5880 est
1631 5823 1831 5890 album,
1864 5823 1931 5877 de
1985 5821 2225 5893 subjecto

2333 1908 2878 1972 dicetur,nccessatio
2902 1908 3042 1962 idem
3077 1909 3177 1962 hoc
3199 1911 3337 1976 quod
3371 1909 3439 1962 de
3473 1909 3756 1974 prmtlicato
3787 1909 3916 1964 dici.

2334 2009 2438 2063 tur,
2473 1999 2682 2052 dicatur
2710 1998 2868 2052 etiam
2911 2001 2978 2053 de
3037 1997 3304 2066 praedicati
3352 1997 3612 2065 subjecto,
3649 2009 3706 2051 ut
3760 2000 3916 2050 humo

2338 2087 2660 2153 praedicatur
2687 2088 2900 2156 quidem
2925 2088 2990 2140 de
3014 2087 3233 2141 Socrate
3265 2088 3315 2140 iu
3359 2102 3423 2140 eo
3461 2087 3603 2156 quod
3649 2088 3771 2155 quid
3824 2088 3914 2141 sit.

2339 2176 2792 2244 lnlerrogantibus
2831 2178 2972 2230 enim
3027 2177 3156 2246 quid
3211 2177 3282 2230 sit
3323 2177 3594 2241 Socrates,
3641 2176 3913 2231 hominem

2336 2271 2739 2335 respondemus.
2778 2274 2846 2324 At
2886 2285 3013 2324 vero
3061 2271 3127 2323 de
3182 2270 3298 2337 ipso
3328 2271 3540 2324 homine
3581 2271 3631 2323 in
3662 2270 3913 2344 eoquod

2335 2355 2458 2424 qud
2493 2356 2561 2410 sit
2606 2359 2803 2411 animal
2851 2358 3068 2422 dicitur,
3119 2358 3169 2410 in
3220 2358 3511 2409 substantia
3552 2359 3694 2411 enim
3749 2356 3918 2412 liomi.

2339 2449 2419 2502 nis
2445 2450 2640 2503 animal
2673 2451 3009 2516 prmdiCatur,
3041 2458 3196 2518 atque
3229 2451 3296 2502 ita
3327 2453 3381 2501 tit
3410 2459 3467 2502 ut
3487 2450 3680 2504 animal
3702 2452 3915 2519 quidem

2339 2538 2407 2592 de
2434 2539 2670 2605 homine,
2703 2540 2862 2592 homo
2890 2556 3014 2594 vero
3048 2541 3116 2593 de
3158 2541 3376 2593 Socrate
3407 2540 3457 2592 iu
3505 2555 3570 2593 co
3599 2542 3739 2608 quod
3789 2543 3916 2610 quid

2339 2631 2429 2697 sit,
2462 2641 2515 2682 ut
2546 2631 2612 2703 de
2641 2630 2881 2698 subjecto
2925 2631 3300 2697 prmdiccntur.
3355 2633 3494 2700 Ergo
3522 2633 3769 2702 quoniam
3816 2635 3917 2688 ista

2339 2712 2743 2790 Consequentia,
2779 2733 2832 2775 et
2862 2723 3056 2776 animal
3088 2726 3153 2776 de
3183 2724 3403 2778 Socrate
3434 2723 3485 2777 in
3534 2739 3599 2779 eo
3625 2741 3672 2794 q-
3697 2725 3760 2778 od
3790 2724 3915 2792 quid

2339 2817 2409 2868 sit
2455 2812 2848 2882 prwdic.ibitur.
2901 2815 3079 2866 Potest
3123 2815 3265 2867 enim
3312 2816 3416 2868 dici
3476 2815 3914 2883 interrogantibul

2338 2905 2464 2971 quid
2487 2912 2570 2956 est
2599 2903 2871 2966 Socrates,
2903 2906 3116 2956 annual.
3155 2905 3295 2972 Ergo
3322 2906 3658 2960 manifestum
3677 2907 3915 2972 estquod

2339 2993 2382 3045 si
2404 3009 2505 3062 qua
2531 3009 2615 3046 res
2645 2993 2711 3047 de
2733 2993 2837 3045 alia
2867 3005 2920 3046 ut
2948 2995 3014 3046 de
3035 2995 3272 3061 subjecto
3303 2995 3642 3063 praedicetur,
3669 3007 3724 3048 ut
3755 2995 3917 3054 homo

2339 3085 2406 3138 dc
2455 3084 2694 3148 Socrate,
2723 3082 2789 3137 de
2818 3083 3003 3136 eadem
3059 3097 3186 3137 vero
3235 3099 3292 3137 re
3321 3100 3438 3152 qua:
3475 3087 3816 3153 praedicatur,
3849 3086 3916 3140 de

2257 3165 2303 3228 C
2346 3176 2583 3242 homine,
2617 3176 2817 3228 scilicet
2845 3175 2948 3226 alia
2979 3186 3161 3227 rorsus
3207 3175 3467 3242 superior,
3495 3184 3549 3228 ut
3571 3175 3637 3228 de
3676 3176 3916 3242 subjecm

2337 3265 2478 3333 ιιι-ςιτά
2504 3278 2673 3324 cctur,
2705 3274 2762 3316 ut
2795 3263 3013 3331 animal,
3041 3261 3261 3318 necesse
3283 3264 3384 3318 erit
3411 3274 3464 3318 et
3516 3265 3651 3317 hanc
3673 3265 3918 3320 eamdem

2334 3357 2400 3407 de
2422 3354 2660 3423 subjecto
2687 3354 2804 3422 ejus
2831 3355 2896 3408 de
2932 3369 3036 3422 quo
3065 3356 3238 3422 ipsum
3277 3352 3472 3408 dicitur
3528 3345 3824 3423 prredicari,
3859 3365 3919 3410 ut

2337 3448 2535 3499 animal
2568 3448 2633 3500 de
2661 3446 2902 3512 Socrate,
2957 3447 3203 3501 Socrates
3253 3461 3480 3515 namque
3528 3447 3799 3514 subjectus
3838 3457 3920 3502 est

2338 3537 2556 3597 homini,
2589 3537 2655 3589 de
2678 3552 2783 3605 quo
2805 3536 2999 3590 animal
3024 3537 3362 3605 prrcdicatur.
3421 3537 3557 3605 Ergo
3587 3546 3795 3590 constat
3819 3537 3920 3590 hu-

2331 3626 2564 3694 jttstnodi
2593 3625 2841 3679 difﬁnitio
2871 3627 3378 3696 qutedicit,quoties
3402 3628 3627 3682 alterum
3653 3629 3720 3683 de
3746 3629 3918 3684 altero

2339 3717 2654 3786 pra'dicatur
2682 3727 2738 3771 ιιι
2783 3719 2850 3771 de
2881 3719 3140 3787 subjecto,
3196 3721 3239 3774 si
3271 3719 3396 3789 quid
3451 3721 3524 3775 sit
3552 3722 3691 3796 quod
3741 3721 3807 3776 dc
3853 3738 3917 3776 eo

2335 3809 2473 3876 quod
2516 3809 2832 3878 prtedicatur
2873 3811 2922 3863 in
2967 3826 3032 3864 eo
3062 3812 3202 3878 quod
3236 3812 3358 3878 quid
3383 3812 3571 3866 sit'dici
3603 3815 3787 3880 possit,
3814 3813 3918 3867 hoc

2340 3903 2477 3958 idem
2502 3904 2674 3972 ipsum
2704 3904 2772 3958 de
2821 3918 2887 3958 co
2917 3905 3055 3970 quod
3089 3905 3233 3972 prius
3267 3906 3561 3970 subjectum
3590 3911 3714 3959 'erat
3751 3907 3917 3974 possit

2337 3997 2630 4066 pra-dicari.
2656 3997 2759 4050 Sed
2791 3996 3012 4050 fortasse
3029 3997 3301 4064 quisquam
3327 3997 3468 4060 dicat
3491 3999 3708 4051 minime
3730 4013 3915 4051 verum

2335 4103 2456 4141 esse
2485 4104 2532 4156 q'
2558 4087 2624 4140 od
2649 4089 2850 4141 dictum
2866 4097 2966 4147 est,
2994 4103 3112 4140 nam
3136 4101 3252 4140 cum
3281 4088 3440 4140 homo
3461 4090 3525 4142 dc
3545 4090 3765 4142 Socrate
3793 4106 3918 4154 prte.

2336 4179 2542 4232 dicetur
2575 4218 2590 4241 ,
2622 4179 2869 4232 Socrates
2898 4181 3038 4232 enim
3087 4179 3246 4231 homo
3285 4191 3388 4240 cst,
3416 4179 3482 4232 de
3538 4181 3752 4233 homine
3782 4195 3916 4232 vero

2335 4269 2560 4334 Species,
2579 4266 2737 4332 homo
2755 4269 2894 4319 enim
2925 4268 3133 4336 species
3156 4279 3259 4334 est,
3291 4270 3538 4323 Socrates
3561 4273 3767 4337 species
3793 4285 3882 4324 ess
3899 4290 3918 4324 ι

2338 4372 2442 4409 non
2463 4357 2671 4410 dicitur.
2705 4357 2768 4408 Et
2795 4374 2980 4412 rttl‘SttS
3009 4372 3128 4411 com
3158 4361 3350 4413 animal
3379 4360 3443 4412 de
3480 4360 3696 4413 homine
3723 4361 3917 4428 prmdi-

2340 4457 2513 4509 cctur,
2545 4445 2611 4498 de
2636 4447 2847 4500 animali
2875 4463 2999 4498 vero
3015 4464 3206 4518 genus,
3229 4452 3418 4502 animal
3443 4452 3584 4504 enim
3614 4466 3782 4519 genus
3809 4451 3938 4515 cst,-

2345 4538 2502 4589 homo
2525 4538 2735 4605 generis
2762 4538 3024 4591 vocabulo
3046 4551 3211 4604 caret,
3233 4557 3335 4594 non
3367 4541 3506 4594 enim
3536 4541 3726 4596 dicitur
3753 4543 3915 4595 homo

2335 4641 2454 4680 esse
2479 4613 2666 4694 genus,
2694 4626 2852 4679 homo
2898 4628 3038 4680 enim
3085 4645 3253 4698 genus
3282 4646 3383 4682 non
3417 4641 3517 4694 est,
3567 4633 3660 4685 sed
3709 4643 3911 4686 tantum

2337 4718 2564 4785 species.
2595 4717 2687 4770 His
2737 4716 3017 4771 dicendum
3049 4734 3079 4772 e
3113 4728 3131 4772 t
3180 4721 3320 4789 quod
3374 4723 3548 4775 minus
3589 4723 3915 4777 adverterint

2339 4808 2482 4862 illam
2529 4823 2648 4863 esse
2695 4809 3066 4862 dillinitioncm
3108 4811 3174 4863 de
3229 4811 3468 4879 subjecto
3499 4813 3914 4880 prmdicationis,

2335 4918 2453 4971 quae
2490 4902 2544 4955 in
2573 4917 2639 4956 eo
2678 4905 2816 4970 quod
2871 4904 2996 4972 quid
3042 4903 3112 4955 sit
3160 4905 3569 4974 unumquodque
3618 4915 3672 4959 et
3715 4908 3764 4958 in
3799 4906 3916 4974 ejus

2334 4995 2629 5046 subSIantia
2657 4992 3056 5061 prmdcaretur,
3096 5011 3235 5048 nunc
3266 5008 3442 5048 autem
3497 4996 3704 5061 species
3729 4995 3794 5046 de
3818 4996 3914 5062 Isti-

2334 5087 2476 5138 m‘ne
2506 5099 2608 5136 non
2638 5086 2690 5137 in
2716 5100 2781 5138 eo
2803 5085 2940 5154 quod
2965 5085 3089 5154 quid
3108 5087 3176 5137 sit
3205 5086 3536 5154 prmdicatur.
3562 5084 3740 5152 Neque
3765 5090 3911 5140 enim

2333 5184 2376 5238 si
2408 5184 2524 5252 quis
2555 5183 2784 5238 hominis
2807 5183 3176 5237 dimnitionem
3202 5183 3380 5237 reddat
3414 5184 3646 5250 speciem
3669 5185 3913 5238 nomina-

2332 5276 2427 5338 vit,
2458 5276 2548 5328 sed
2599 5276 2985 5344 designativum
3020 5290 3211 5328 nomen
3262 5283 3346 5328 est
3376 5283 3602 5338 tantum,
3637 5285 3816 5331 utrum
3844 5280 3912 5332 de

2333 5365 2574 5436 pluribus
2599 5367 2777 5437 specie
2805 5365 3170 5419 differentibus
3209 5365 3525 5433 prmdicetur
3569 5366 3670 5421 hoc
3715 5382 3907 5421 nomen

2331 5457 2471 5526 quod
2498 5467 2578 5512 est
2606 5457 2786 5524 homo,
2818 5471 2884 5509 an
2907 5466 3052 5510 certe
3083 5467 3283 5510 tantum
3326 5463 3394 5509 de
3426 5469 3556 5512 SOIIS
3598 5458 3904 5512 individuis.

2331 5548 2462 5602 Nam
2493 5549 2741 5615 quoniam
2767 5546 2851 5600 'de
2878 5546 3163 5600 individuis
3212 5547 3342 5601 solis
3382 5547 3544 5602 homo
3575 5550 3905 5616 praedicetur,

2333 5641 2529 5694 idcirco
2551 5641 2757 5707 Species
2785 5639 2997 5704 dicitur,
3025 5648 3078 5692 et
3098 5640 3347 5708 quoniam
3374 5639 3442 5694 de
3467 5641 3641 5710 specie
3663 5638 3909 5708 ditiereu-

2333 5731 2473 5784 tibus
2499 5730 2697 5783 animal
2729 5731 2946 5793 dicitur,
2979 5730 3178 5784 idcirco
3221 5731 3418 5784 animal
3448 5746 3614 5800 genus
3636 5745 3906 5784 vocamus.

2340 5821 2402 5876 Et
2429 5829 2551 5876 sunt
2577 5821 2970 5891 quodammodo
2989 5823 3257 5879 nominum
3291 5824 3522 5878 nomina.
3542 5824 3716 5890 Quare
3739 5837 3909 5888 neque
