4244 6254
356 364 414 421 77
1144 340 1149 343 ’
1324 354 1393 413 IN
1426 375 1439 411 ι
1469 354 1863 416 ,ιτεςυιιιιε
1907 356 2032 416 Αιιιε

1144 340 1149 343 ’
1324 354 1393 413 IN
1426 375 1439 411 ι
1469 354 1863 416 ,ιτεςυιιιιε
1907 356 2356 418 ARISTOTELIS
2393 364 2517 417 LIB.
2562 360 2584 416 ι

3486 360 3603 417 178-

322 494 485 547 genus
512 476 585 531 de
632 472 873 539 animali,
921 488 1089 541 neque
1129 472 1334 539 species
1376 472 1444 526 de
1492 471 1725 533 homiue,
1762 472 1811 525 in
1841 488 1904 524 eo
1935 479 1979 533 Α
2011 474 2359 528 substantiam
2402 473 2614 543 quidem
2664 472 2870 540 species
2900 481 3000 537 est,
3047 470 3110 526 ad
3159 471 3425 529 hominem
3456 489 3582 529 vero

321 569 459 635 quod
489 568 615 636 quid
642 568 711 620 sit
742 562 1183 634 pra-dicatur,st
1216 570 1414 614 tantum
1438 562 1743 629 designant,
1771 576 1903 629 quo-

326 661 487 714 modo
519 660 678 711 homo
708 667 761 711 et
799 656 990 709 animal
1034 656 1101 707 de
1132 653 1386 721 subjectis
1414 654 1430 718 (
1464 663 1519 705 ut
1547 652 1746 704 dictum
1777 662 1857 705 est
1885 655 1900 717 )

332 751 563 819 propriis
594 749 733 817 przed
757 756 961 801 ceutur.
1003 746 1144 814 Ergo
1175 760 1278 797 non
1308 752 1390 797 est
1419 742 1716 796 mirandum
1748 742 1793 795 si
1839 744 1903 795 ad

327 858 412 893 eoi
430 856 513 891 ιιιιι
537 840 826 905 subjectum
854 852 972 905 qnze
995 837 1060 888 de
1089 833 1328 901 subjecto
1351 833 1599 886 dicuntur
1626 832 1740 900 ejus
1773 845 1907 899 prat-

328 930 489 982 dicati
535 929 669 997 quod
701 928 766 979 de
788 927 1031 995 subjecto
1054 940 1159 977 non
1190 923 1383 977 dicitur
1426 922 1730 991 praedicatio
1788 937 1905 990 per-

328 1018 492 1072 veniri
518 1016 621 1068 non
648 1026 847 1085 poti-st.

398 1108 715 1159 Diversarum
740 1123 979 1176 generum
997 1116 1043 1158 et
1067 1122 1166 1158 non
1189 1104 1572 1157 subalternatim
1586 1096 1589 1099 ’
1604 1104 1903 1170 positorum,

323 1198 530 1252 diversa:
551 1203 829 1251 secundum
854 1199 1069 1265 speciem
1099 1208 1212 1249 sunt
1237 1196 1559 1263 diﬂ'erentirc,
1585 1206 1637 1247 ut
1664 1194 1905 1247 animalis

321 1300 370 1343 et
395 1293 639 1353 scientiis,
665 1293 903 1343 animalis
926 1290 1173 1359 siquidem
1191 1288 1490 1353 differentia:
1517 1298 1658 1351 sunt,
1684 1295 1739 1337 ut
1768 1301 1906 1355 gres-

322 1382 488 1451 sibile,
520 1384 748 1447 volatile,
783 1385 921 1448 bipes
961 1392 1006 1434 et
1053 1382 1293 1451 aquatile,
1340 1380 1560 1432 scienlire
1597 1394 1711 1430 vero
1765 1378 1902 1429 nulla

324 1474 513 1526 Irarum
543 1486 637 1536 est,
667 1490 829 1541 neque
857 1475 988 1525 enim
1016 1473 1224 1525 scientia
1254 1488 1284 1522 a
1329 1471 1535 1525 scientia
1562 1469 1729 1535 differt
1774 1469 1825 1520 in
1853 1484 1908 1519 eo

320 1566 462 1627 quod
492 1575 562 1616 est
587 1565 748 1631 bipes.
784 1562 1210 1616 Suba‘fternorum
1232 1575 1345 1611 vero
1372 1574 1606 1627 generum
1631 1557 1759 1609 nihil
1788 1572 1905 1623 pro-

322 1656 463 1707 hibe!
486 1657 690 1708 easdem
721 1672 828 1707 esse
856 1654 1191 1720 diﬂ'erentias,
1224 1652 1485 1719 superiora
1513 1650 1645 1701 enim
1673 1654 1735 1700 de
1778 1648 1908 1713 infe-

320 1746 549 1799 rioribus
587 1747 949 1815 prwdicanlur,
987 1760 1141 1810 quare
1162 1758 1467 1813 quiscunque
1496 1742 1682 1811 fuerint
1713 1742 1906 1810 prredi-

324 1839 421 1889 cati
441 1836 750 1902 iii/ferentia:
777 1846 922 1890 erunt
950 1838 1138 1889 ea’dem
1161 1847 1204 1888 et
1227 1836 1461 1907 subjecti.

396 1929 526 1982 Cum
556 1929 735 1981 multis
762 1929 934 1981 modis
961 1943 1128 1995 genus
1158 1927 1383 1991 dicatur,
1398 1927 1569 1980 solum
1595 1926 1735 1996 quod
1767 1942 1907 1981 nunc

329 2019 545 2071 tractari
602 2017 851 2071 convenit
899 2031 1253 2070 assumamus.
1308 2016 1513 2070 Dicitur
1553 2018 1694 2072 enim
1740 2032 1906 2085 genus

332 2108 474 2175 quod
496 2110 560 2161 de
588 2108 819 2173 pluribus
842 2110 1018 2175 specie
1044 2107 1414 2161 differentibus
1443 2107 1494 2160 in
1521 2122 1585 2162 eo
1606 2108 1746 2176 quod
1780 2109 1906 2176 quid

330 2200 399 2250 sit
428 2198 761 2265 prazdicatur,
786 2207 842 2251 ut
887 2198 1081 2251 animal
1116 2199 1433 2266 prazdicatur
1481 2199 1549 2253 de
1591 2200 1825 2265 homine,
1852 2209 1905 2254 et

328 2291 395 2344 de
416 2306 571 2359 equo,
603 2299 657 2344 et
681 2291 747 2345 de
768 2306 918 2355 cane,
960 2301 1013 2345 et
1042 2291 1109 2345 de
1136 2292 1292 2355 bove,
1323 2301 1377 2345 ct
1402 2290 1468 2345 de
1512 2293 1742 2356 caeteris,
1787 2307 1906 2361 qua:

331 2382 504 2432 omnia
539 2382 715 2449 specie
744 2382 855 2448 ipsa
896 2395 927 2433 a
972 2396 1031 2435 se
1081 2381 1309 2434 discreta
1361 2381 1748 2448 sunt.’Specics
1777 2396 1907 2435 vero

332 2481 410 2523 est
439 2472 579 2540 quod
612 2472 680 2524 ile
702 2473 938 2539 pluribus
966 2487 1188 2525 numero
1209 2471 1579 2525 differentibus
1607 2473 1657 2525 in
1679 2488 1744 2527 eo
1764 2472 1903 2541 quod

333 2563 452 2630 quid
479 2563 547 2615 sit
600 2563 935 2630 praedicatur,
970 2574 1025 2617 ιιι
1057 2565 1216 2616 homo
1246 2565 1565 2634 prmdicatur
1590 2564 1656 2618 de
1680 2564 1903 2629 Catone,

332 2656 568 2715 Socrate,
598 2654 838 2717 Platone,
873 2655 1106 2724 Virgilio,
1158 2656 1439 2719 Cicerone,
1488 2666 1544 2711 et
1588 2657 1657 2711 de
1686 2658 1905 2728 singulis

336 2745 652 2808 hominibus,
675 2748 761 2812 qui
792 2748 969 2815 specie
1003 2750 1115 2815 ipsa
1147 2764 1249 2801 ηοιι
1274 2749 1547 2811 differunt,
1579 2750 1670 2804 sed
1704 2761 1903 2806 tantum

335 2852 359 2883 a
388 2850 442 2887 se
486 2851 710 2889 numero
755 2838 972 2889 distant.
1014 2838 1315 2893 Differentia
1356 2855 1486 2892 vero
1526 2850 1607 2893 est
1651 2857 1769 2909 qua:
1808 2843 1907 2896 sub

334 2923 516 2975 eodem
548 2939 744 2991 genere
781 2926 981 2995 positas
1007 2928 1214 2994 species
1256 2931 1468 2996 propria
1520 2930 1774 2998 qualitate
1798 2932 1905 2983 dis-

336 3017 599 3080 terminat,
624 3034 744 3069 nant
776 3034 1079 3087 cnmequus
1107 3029 1158 3072 et
1183 3020 1341 3073 homo
1363 3029 1614 3088 quantum
1646 3024 1710 3074 ad
1738 3038 1904 3090 genus

336 3122 492 3159 unum
522 3108 627 3160 sint
657 3114 901 3177 (uterque
931 3111 1072 3163 enim
1115 3112 1309 3164 animal
1345 3113 1474 3179 est),
1497 3112 1788 3167 differentia
1820 3131 1902 3167 ra-

2008 579 2194 632 genus.
2238 564 2431 618 Decem
2490 564 2651 632 igitur
2691 564 3219 632 prredicamentorum
3255 566 3611 635 significatio-

2009 653 2294 707 nihilnliud
2318 654 2651 707 demonstrat
2678 653 2775 705 nisi
2811 668 2989 706 rerum
3015 656 3198 710 decem
3244 672 3435 723 genera
3464 671 3583 725 qua:

2008 745 2411 813 generalissima
2444 743 2800 797 nominamus.
2823 744 2963 810 Ergo
2976 746 3183 813 quoties
3204 761 3395 814 genera
3424 762 3583 815 gene-

2010 837 2271 890 ralissima
2296 837 2621 905 discrepant,
2646 851 2831 889 eorum
2854 850 3064 904 quoque
3092 837 3298 903 species
3314 838 3582 906 discrepa-

2008 928 2133 981 bunt
2164 944 2178 991 ;
2204 935 2258 980 et
2289 928 2496 995 quoties
2527 927 2731 993 species
2782 927 3107 994 discrepant,
3156 927 3402 994 quoniam
3428 928 3580 981 diffe-

2009 1020 2202 1074 rentiis
2230 1020 2607 1088 disiunguntur
2660 1027 2817 1086 atque
2870 1018 3238 1078 informantur.
3272 1017 3592 1071 differenten

2007 1126 2219 1180 quoiue
2240 1111 2571 1164 diversarum
2619 1112 2915 1177 specierum
2949 1110 3339 1177 discrepabunt.
3378 1110 3598 1162 AnimaL

2010 1217 2239 1271 namque
2266 1211 2319 1255 et
2363 1202 2606 1269 scientia,
2634 1203 2884 1271 quoniam
2912 1212 2991 1255 est
3040 1201 3235 1254 animal
3266 1201 3595 1267 subﬂaulia,

2008 1295 2229 1347 scientia
2261 1307 2385 1346 vero
2412 1293 2475 1346 ad
2505 1294 2733 1363 aliquid,
2775 1294 3127 1361 quoniamque
3153 1308 3317 1361 genus
3340 1291 3586 1346 animalis

2008 1390 2091 1435 est
2116 1382 2433 1446 substantia,
2458 1392 2509 1437 et
2536 1398 2704 1451 genus
2734 1384 2971 1436 scientia)
3000 1398 3080 1437 est
3106 1382 3169 1435 ad
3192 1381 3413 1452 aliquid,
3439 1384 3582 1435 omni

2007 1472 2315 1525 substantiae
2344 1487 2373 1525 a
2404 1487 2464 1527 se
2499 1475 2705 1527 ratione
2747 1474 2973 1527 discreta
3017 1484 3160 1537 sunt,
3190 1483 3244 1527 et
3271 1474 3584 1528 dim-rentia:

2008 1581 2223 1635 quoque
2244 1568 2480 1621 scientia:
2520 1577 2680 1637 atque
2705 1568 2950 1621 animalis
2970 1568 3217 1622 omnibus
3240 1568 3584 1633 qualitatibus

2008 1657 2400 1726 disiunguntur.
2432 1661 2525 1712 Est
2553 1675 2780 1728 namque
2808 1659 3106 1714 differentia
3136 1659 3405 1723 animalis,
3434 1658 3584 1727 bipes

2009 1760 2064 1804 et
2093 1752 2416 1819 quadrupes,
2462 1753 2658 1806 animal
2700 1754 2840 1807 enim
2889 1753 2956 1806 ab
2984 1754 3086 1806 alio
3117 1752 3333 1807 animali
3383 1750 3582 1815 differt,

1940 1851 1984 1907 Β
2012 1842 2151 1908 quod
2181 1840 2281 1893 hnc
2312 1842 2525 1908 quidem
2581 1842 2729 1910 bipes
2766 1842 2853 1905 sit,
2878 1852 2935 1895 ut
2966 1841 3127 1895 homo
3162 1841 3243 1895 vel
3285 1841 3421 1905 avis,
3455 1840 3581 1894 illud

2011 1946 2138 1984 vero
2167 1932 2486 2000 quadrupes,
2514 1944 2568 1985 ut
2590 1946 2759 2001 equus
2788 1943 2947 1999 atque
2986 1932 3109 1996 bos;
3142 1931 3267 1985 illud
3292 1946 3419 1985 vero
3449 1932 3584 1984 niui-

2011 2024 2166 2091 tipes,
2200 2034 2254 2076 ut
2286 2024 2506 2078 formica
2537 2026 2621 2078 vel
2665 2027 2802 2093 apis.
2835 2025 2939 2079 Sed
2989 2026 3213 2079 scientia
3255 2024 3585 2078 differentias

2010 2115 2309 2183 huiusmodi
2342 2133 2445 2170 non
2477 2118 2657 2181 habet,
2687 2133 2859 2187 neque
2889 2118 3029 2171 enim
3061 2115 3283 2170 scientia
3306 2131 3334 2168 a
3361 2116 3583 2170 scientia

2007 2206 2181 2261 differt
2223 2207 2273 2261 in
2317 2223 2381 2261 eu
2410 2209 2548 2275 quod
2598 2208 2746 2275 bipes
2788 2218 2889 2261 est.
2926 2208 3099 2274 Quare
3139 2215 3345 2259 constat
3376 2206 3584 2274 quoties

2007 2298 2216 2351 diversa
2268 2307 2389 2350 sunt
2417 2313 2635 2366 genera,
2670 2299 2968 2359 specierum
3015 2288 3225 2365 quoque
3256 2294 3589 2348 differentias

2007 2404 2125 2443 esse
2146 2390 2424 2443 discretas.
2460 2391 2529 2442 At
2560 2392 2657 2443 hoc
2685 2400 2766 2444 cst
2792 2390 2932 2458 quod
2974 2391 3068 2442 ait.
3120 2389 3455 2441 Diversoruin
3492 2402 3593 2456 ges

2008 2495 2193 2533 nerunt
2224 2489 2275 2533 et
2307 2496 2408 2533 non
2440 2480 2846 2534 subalternatim
2894 2482 3184 2549 positorum
3215 2479 3454 2532 diversas
3499 2492 3587 2531 se~

2006 2572 2237 2624 cundum
2299 2572 2529 2640 speciem
2561 2572 2886 2627 differentias
2926 2587 3061 2626 esse.
3112 2571 3177 2625 Et
3222 2572 3323 2623 hoc
3350 2569 3579 2637 exempli

2006 2660 2304 2727 adjectione
2330 2664 2560 2715 firmavit
2596 2662 2817 2717 dicens:
2860 2662 3123 2716 Animalis
3147 2670 3200 2712 et
3230 2659 3468 2714 scientia:
3496 2658 3583 2711 dim

2007 2767 2189 2806 versas
2212 2768 2331 2807 esse
2360 2753 2707 2819 differentias,
2733 2769 2853 2807 nam
2884 2768 3003 2807 cum
3048 2754 3117 2806 sit
3164 2752 3311 2817 bipes
3337 2752 3584 2805 animalis

2006 2846 2326 2909 differentia,
2371 2847 2613 2899 scientia:
2653 2861 2756 2899 non
2787 2854 2885 2899 est.
2920 2845 2985 2898 Et
3026 2844 3128 2897 hoc
3160 2844 3372 2911 quidem
3405 2843 3471 2894 de
3501 2843 3579 2894 di-

2007 2932 2175 2992 versis
2202 2940 2486 3006 generibus
2513 2939 2711 2992 dictum
2750 2945 2853 3000 est,
2903 2935 2953 2989 id
2980 2944 3082 2999 est,
3115 2948 3247 3003 quae.
3276 2933 3593 2986 subalternm

2009 3044 2113 3081 non
2142 3037 2284 3082 sunt.
2318 3030 2467 3094 Quod
2495 3029 2539 3082 si
2570 3029 2871 3081 subalterna
2900 3036 3022 3079 sunt
3050 3040 3267 3093 genera,
3294 3023 3425 3077 nihil
3457 3036 3583 3090 pro-

2011 3120 2154 3174 hibet
2198 3122 2329 3175 alias
2361 3121 2573 3174 easdem
2615 3135 2735 3174 esse
2773 3118 3118 3181 differentias,
3152 3116 3282 3171 alias
3317 3114 3575 3177 diversas,

338 3197 549 3250 tionalis
570 3208 625 3251 et
645 3199 967 3253 irrationalis
1002 3209 1252 3269 utrosque
1305 3201 1559 3269 disjnngit
1597 3217 1657 3257 ac
1700 3204 1903 3257 dsrer-
1931 3194 1973 3251 C
2010 3220 2064 3263 ut
2086 3210 2198 3265 avis
2219 3212 2524 3278 estSpeeies
2548 3211 2889 3274 aninialis,ct
2915 3223 3100 3262 rursus
3121 3218 3201 3263 est
3219 3221 3387 3275 genus
3408 3204 3577 3268 corvi,

338 3289 434 3340 uit.
465 3290 724 3354 Qualitate
752 3292 896 3346 enim
931 3292 1158 3359 quadam
1204 3293 1556 3347 rationabilita
1586 3294 1629 3346 is
1685 3304 1738 3348 et
1772 3298 1904 3347 irra—

333 3382 933 3450 tionaliilitatisuterque
954 3400 979 3435 a
1008 3385 1233 3451 propria:
1256 3384 1565 3438 snhstantize
1584 3386 1904 3441 diffiuitione

333 3473 664 3528 dissentiunt.
711 3476 851 3541 Ergo
901 3475 1198 3529 differentia
1243 3484 1326 3529 est
1374 3492 1492 3543 qua:
1543 3477 1610 3531 de
1666 3472 1906 3543 pluribus

333 3566 505 3625 specie
532 3566 899 3619 differentibus
929 3568 979 3619 in
1001 3582 1065 3619 eo
1096 3566 1236 3635 quud
1269 3568 1424 3636 quale
1448 3568 1519 3621 sit
1566 3570 1905 3636 praedicatur.

332 3654 563 3722 Namque
587 3660 699 3711 haae
723 3659 833 3725 ipsa
863 3659 1156 3714 differentia
1203 3677 1320 3727 qum
1348 3670 1429 3713 est
1468 3661 1905 3716 irrationabilitas

331 3748 393 3801 de
422 3750 607 3801 multis
624 3751 801 3817 specie
816 3749 1176 3805 differentibus
1192 3752 1530 3821 pra-dicatur,
1545 3763 1601 3806 ut
1622 3754 1688 3807 de
1714 3768 1904 3823 cygno,

332 3852 383 3891 et
408 3855 567 3907 equo,
590 3850 645 3893 et
672 3842 837 3909 pisce,
865 3859 981 3910 qua:
1034 3846 1210 3896 omnia
1253 3860 1281 3897 a
1324 3859 1381 3898 se
1407 3860 1527 3898 cum
1576 3848 1756 3912 specie
1797 3850 1905 3915 ipsa

334 3928 669 3992 dissentiant,
716 3930 1180 3986 irrationablitatis
1235 3942 1409 3987 tamen
1461 3938 1715 4003 qualitate
1766 3951 1898 3988 con-

334 4019 515 4087 juncta
548 4030 692 4072 sunt.
723 4021 825 4075 Sed
855 4038 958 4075 non
993 4023 1042 4076 in
1064 4024 1311 4078 omnibus
1340 4025 1639 4079 differentia
1662 4027 1728 4079 de
1749 4029 1913 4094 pluri-

333 4109 432 4161 bus
466 4111 648 4177 specie
665 4110 1028 4167 differentibus
1060 4115 1396 4183 praedicatur.
1435 4115 1569 4170 Sunt
1597 4119 1739 4169 enim
1767 4134 1909 4185 qua:-

333 4202 450 4254 dam
478 4218 600 4270 quae
627 4218 729 4281 non
787 4204 887 4257 nisi
935 4205 1001 4259 de
1051 4222 1151 4259 una
1212 4207 1388 4274 specie
1443 4208 1823 4275 praedicantur,
1854 4219 1912 4261 ut

333 4295 560 4356 gravitas
588 4296 655 4349 de
681 4296 791 4350 sola
840 4308 999 4361 terra,
1028 4298 1214 4352 levitas
1252 4299 1319 4353 de
1349 4300 1465 4353 solo
1514 4300 1657 4368 igne,
1701 4304 1911 4367 propr'e

333 4384 543 4439 dicitur.
608 4392 673 4438 At
716 4402 845 4440 vero
907 4404 1007 4442 nec
1058 4388 1263 4457 species
1310 4404 1521 4458 semper
1567 4391 1635 4445 de
1674 4392 1911 4460 pluribus

336 4490 553 4527 numero
583 4475 945 4531 differentibus
971 4480 1313 4546 pravdieatur;
1335 4480 1515 4534 mundi
1534 4482 1677 4535 enim
1705 4481 1912 4550 species

334 4563 399 4615 de
431 4580 534 4615 uno
576 4558 699 4617 solii
720 4568 918 4619 mundo
949 4569 1173 4632 dicitur,
1206 4579 1258 4621 et
1291 4570 1549 4637 phmnicis
1593 4574 1801 4637 Species
1847 4573 1913 4625 tle

336 4669 435 4705 una
467 4662 665 4707 tantum
718 4657 985 4723 phoenice,
1035 4658 1127 4711 sed
1182 4658 1380 4713 idcirco
1418 4661 1490 4713 ita
1539 4662 1763 4714 diffinita
1808 4670 1908 4725 est,

334 4745 470 4809 quod
495 4744 824 4812 frequentius
851 4747 1154 4800 differentia
1183 4748 1250 4801 de
1279 4748 1515 4815 pluribus
1544 4752 1719 4817 specie
1761 4748 1913 4803 diffe—

335 4834 571 4888 rentibus
601 4837 919 4903 prtedicatur
948 4853 1104 4905 quam
1138 4838 1205 4890 de
1232 4841 1356 4890 uno.
1420 4840 1725 4909 Eodemque
1754 4842 1914 4893 modo

334 4936 384 4977 ιιι
405 4928 610 4993 :-pecies
632 4928 966 4995 frequentius
1006 4929 1275 4983 invenitur
1311 4930 1375 4983 de
1406 4931 1642 4999 plur.bus
1692 4947 1914 4985 numero

334 5016 699 5072 differentibus
727 5020 1027 5087 priedieari,
1058 5036 1215 5090 quam
1269 5022 1335 5075 de
1379 5038 1480 5075 una
1533 5033 1738 5077 tantum
1769 5039 1827 5077 re
1854 5040 1916 5077 ac

336 5108 611 5175 singulari.
640 5108 731 5162 llis
778 5112 847 5163 ita
886 5113 1107 5179 positis,
1133 5124 1255 5166 sunt
1284 5115 1526 5183 quaedam
1552 5131 1771 5183 genera,
1797 5132 1915 5186 quae

330 5198 736 5262 generalissima
788 5212 1184 5270 nuneupantur,
1233 5204 1427 5273 quibus
1470 5221 1638 5274 genus
1692 5206 1914 5260 inveniri

333 5303 435 5340 non
469 5290 657 5355 possit,
680 5301 801 5343 sunt
824 5294 1030 5360 species
1054 5295 1247 5363 quibus
1272 5294 1403 5347 alias
1425 5296 1693 5364 subjectas
1711 5296 1918 5364 species

333 5380 511 5433 nullus
542 5383 797 5434 inveniet.
830 5384 971 5438 Inter
996 5396 1220 5454 utraque
1251 5395 1428 5439 autem
1477 5398 1601 5440 sunt
1646 5388 1747 5442 alia
1800 5403 1919 5456 qua:

330 5470 644 5523 subalterna
673 5484 867 5536 genera
897 5476 1259 5541 nominantur,
1289 5493 1407 5545 qua:
1430 5477 1770 5544 superiorum
1801 5480 1918 5546 qui-

329 5562 451 5615 dem
483 5560 693 5628 species
718 5574 862 5629 sunt,
892 5569 1250 5631 posteriorum
1280 5584 1409 5621 vero
1458 5584 1666 5637 genera
1714 5578 1771 5622 ut
1800 5572 1917 5625 sub-

330 5654 526 5708 stantia
582 5668 748 5721 genus
803 5656 1015 5723 quidem
1066 5669 1146 5712 est
1192 5661 1686 5727 generalissimum,
1722 5671 1778 5713 ut
1807 5662 1919 5728 ejus

331 5760 497 5812 genus
522 5742 756 5798 inveniri
788 5760 892 5797 non
917 5748 1102 5811 possit,
1157 5748 1315 5800 homo
1345 5764 1473 5803 vero
1514 5750 1722 5817 species
1744 5760 1845 5815 est,
1868 5764 1921 5803 ut

332 5834 447 5903 ejus
475 5836 687 5905 species
706 5835 808 5891 alia
838 5834 1061 5904 reperiri
1092 5852 1200 5892 non
1225 5841 1411 5893 valeat.
1462 5837 1669 5892 Animal
1701 5852 1826 5893 vero
1852 5840 1914 5892 ad

2006 3316 2057 3357 et
2097 3313 2173 3358 est
2216 3304 2580 3359 subalternum
2612 3318 2802 3372 genus,
2843 3303 2977 3355 avis.
3011 3299 3117 3355 Sed
3157 3296 3398 3352 animalis
3428 3294 3568 3349 diffe-

2010 3396 2195 3448 rentia:
2238 3407 2359 3448 sunt
2412 3394 2692 3448 rationalis
2736 3404 2897 3461 atque
2940 3388 3283 3453 irrationalis,
3313 3388 3424 3440 avis
3454 3400 3580 3439 vero

2007 3485 2307 3539 differentia
2338 3484 2611 3539 rationalis
2638 3500 2741 3538 non
2777 3493 2877 3538 est.
2903 3482 3051 3536 Nulla
3084 3480 3226 3535 enim
3249 3480 3366 3533 avis
3395 3476 3464 3530 ab
3481 3476 3579 3529 alia

2008 3580 2089 3633 avi
2121 3578 2316 3644 differt,
2363 3579 2501 3648 quod
2552 3578 2620 3631 sit
2664 3576 2965 3641 rationalis;
2996 3589 3122 3643 ergo
3170 3574 3269 3626 hoc
3305 3571 3422 3624 loco
3475 3582 3578 3621 non

2008 3678 2132 3722 sunt
2163 3670 2364 3723 eaedem
2407 3669 2833 3722 subalternorum
2879 3681 3131 3736 generum
3163 3662 3496 3717 differentia“.
3523 3658 3575 3713 Si

2010 3761 2129 3829 quis
2153 3775 2279 3814 vero
2307 3760 2401 3813 has
2426 3761 2657 3828 generis,
2692 3760 2741 3813 id
2771 3769 2850 3813 est
2881 3758 3125 3811 animalis
3154 3755 3480 3809 differentias
3501 3752 3582 3806 di-

2010 3863 2115 3915 cat,
2148 3861 2205 3906 ut
2243 3852 2547 3905 animalium
2593 3852 2696 3905 alia
2732 3861 2854 3904 sunt
2893 3866 3011 3918 qua:
3059 3862 3340 3913 pasean'ur
3381 3846 3579 3907 herbis,

2010 3942 2111 3995 alia
2134 3956 2252 4009 qua:
2282 3942 2588 4002 seminibus,
2610 3940 2710 3991 alia
2733 3955 2851 4006 quae
2866 3938 3133 3998 carnibus,
3159 3936 3241 3987 hre
3271 3934 3582 3987 differentia:

2011 4031 2332 4083 conveniunt
2378 4030 2428 4081 in
2476 4028 2782 4081 subalterno
2816 4039 3031 4093 genere,
3070 4022 3316 4075 videlicet
3356 4022 3407 4072 in
3457 4023 3580 4083 avi;

2013 4132 2241 4185 namque
2269 4116 2444 4170 avium
2482 4125 2606 4167 sunt
2644 4114 2761 4166 alia:
2792 4128 2907 4183 qua:
2936 4110 3229 4167 seminibus
3272 4118 3581 4170 vescuntur,

2014 4205 2129 4257 alia:
2158 4220 2276 4273 qua:
2319 4203 2520 4267 herbis,
2550 4203 2673 4255 alim"
2708 4217 2827 4271 qua:
2887 4198 3157 4263 carnibus,
3203 4207 3265 4251 ut
3309 4196 3483 4252 vultur
3530 4206 3584 4252 et

2016 4298 2233 4361 milvos;
2267 4313 2393 4366 ergo
2422 4298 2473 4349 in
2505 4295 2826 4349 sulialternis
2854 4292 3137 4360 generibus
3168 4290 3298 4344 nihil
3344 4289 3589 4361 prohibes

2013 4386 2226 4440 easdem
2269 4402 2388 4440 es~e
2416 4385 2762 4448 differentias,
2795 4394 2847 4439 et
2890 4386 3081 4439 iterum
3123 4381 3456 4447 discrepare;
3488 4379 3586 4432 hoc

2016 4488 2192 4530 autem
2231 4476 2429 4531 idcirco
2457 4476 2656 4539 evenit,
2688 4474 2807 4541 quia
2840 4488 2956 4542 qua»
2983 4473 3049 4525 de
3082 4470 3367 4538 praedicato
3404 4469 3586 4521 dicun-

1943 4548 1990 4604 D
2019 4579 2101 4621 tur
2133 4578 2355 4635 possunt
2382 4568 2448 4619 de
2490 4566 2734 4633 subjecto
2764 4564 3058 4631 przedie-ari.
3087 4564 3261 4627 Quare
3290 4561 3430 4630 quod
3459 4560 3587 4613 dici-

2018 4666 2102 4708 tur
2130 4657 2197 4709 de
2225 4671 2441 4723 genere,
2472 4663 2644 4721 potest
2672 4656 2830 4705 etiam
2864 4654 2977 4706 dici
2995 4654 3061 4706 de
3090 4651 3284 4718 specie,
3309 4662 3467 4719 atque
3490 4649 3589 4702 hoc

2016 4757 2096 4800 est
2118 4746 2257 4814 quod
2285 4747 2355 4797 ait
2383 4763 2394 4795 :
2426 4744 2857 4799 Suhalternorum
2881 4756 3008 4798 vero
3029 4757 3280 4811 generum
3313 4741 3445 4795 nihil
3465 4756 3588 4811 pro-

2016 4839 2162 4891 hihet
2210 4837 2424 4891 easdem
2470 4848 2590 4891 esse
2635 4836 2986 4893 differentias.
3015 4835 3297 4904 Superiora
3340 4837 3487 4890 eninr
3526 4836 3590 4891 de

2019 4925 2360 4979 inferioribus
2389 4926 2675 4993 generibus
2707 4925 3090 4993 prmdieantur;
3117 4925 3210 4979 sed
3242 4940 3364 4979 cum
3393 4927 3591 4981 diceret

2022 5018 2147 5071 nihil
2183 5018 2433 5086 prohibet
2463 5018 2679 5072 easdem
2705 5033 2825 5071 esse
2854 5018 3205 5080 differentias,
3234 5017 3337 5072 hoe
3362 5018 3589 5086 quodam

2020 5108 2178 5159 modo
2208 5108 2373 5161 voluit
2404 5110 2769 5161 demonstrare
2807 5124 2926 5162 esse
2960 5108 3212 5176 quasdam
3252 5106 3463 5161 easdem
3493 5106 3585 5158 (ιιι.

2021 5198 2294 5264 ferentias,
2333 5199 2465 5252 alias
2506 5213 2631 5253 vero
2677 5213 2830 5264 posse
2878 5214 2995 5252 esse
3040 5199 3299 5253 diversas.
3348 5197 3429 5249 cui
3479 5210 3584 5247 rem

2018 5289 2338 5339 contrariam
2371 5287 2863 5342 intulissevidetur.
2893 5302 3011 5340 cum
3040 5286 3199 5339 dicit:
3225 5286 3400 5350 Quare
3441 5298 3584 5353 quir-

2020 5393 2229 5446 cunque
2277 5378 2545 5441 pra'dicati
2587 5376 2897 5429 differentis:
2937 5375 3152 5438 fuerint,
3191 5375 3393 5428 eandem
3432 5385 3585 5431 erunt

2022 5470 2181 5523 etiam
2213 5467 2472 5534 subjecti:
2502 5482 2620 5518 nam
2644 5481 2763 5518 cum
2787 5467 2894 5519 illic
2920 5466 3158 5528 dixisset,
3188 5467 3316 5520 nihil
3348 5467 3586 5534 prohibet

2020 5575 2138 5613 esse
2186 5559 2402 5612 easdem
2456 5557 2787 5610 differentias
2831 5572 3085 5625 generum
3139 5558 3591 5625 subalternorum,

2025 5652 2110 5705 hic
2136 5664 2324 5703 omnes
2354 5647 2571 5702 easdem
2599 5661 2717 5698 esse
2757 5646 3012 5711 declarat,
3061 5647 3191 5703 dicit
3231 5648 3373 5703 enim
3402 5666 3414 5701 :
3442 5650 3591 5718 Qum-

2022 5759 2230 5810 cunque
2263 5741 2459 5797 fuerint
2499 5739 2811 5794 differentia:
2852 5738 3146 5807 praedicati,
3176 5740 3388 5796 easdem
3433 5742 3594 5797 etiam

2023 5834 2244 5905 subjecti
2276 5849 2421 5899 esse;
2455 5840 2612 5903 atque
2644 5832 2755 5887 haec
2785 5844 2872 5886 res
2902 5829 3081 5899 plures
3109 5832 3354 5888 maximis
3382 5832 3594 5900 illigavit
