4244 6254
643 346 742 399 170

1873 338 1985 399 AN.
2027 340 2238 397 MANL.
2281 339 2429 395 SEV.
2475 337 2694 394 ΒΟΕΊἸΙ

3804 336 3903 390 180

642 456 931 517 terroribus,
966 466 1016 508 ut
1046 452 1439 508 emendandum
1482 452 1765 506 crederent
1805 452 1979 505 locum
2027 467 2129 504 non
2160 465 2217 505 ut
2244 456 2291 512 Α
2324 451 2704 519 pra-dicentur,
2736 448 2801 501 ad
2843 448 3198 518 quodcunque
3228 459 3283 503 ιιι
3312 450 3554 518 subjecto
3581 450 3902 518 praedicatur

638 558 782 602 esset
834 548 925 600 ita.
988 546 1173 611 Quare
1211 558 1539 614 quaecunque
1584 543 1855 611 pradicati
1904 543 2215 605 diﬂercntiae

639 637 851 701 fuerint,
875 637 1077 690 eaedem
1099 644 1254 689 erant
1273 634 1432 687 etiam
1454 633 1697 701 subjecti,
1717 634 1810 687 sed
1831 644 1885 685 ιιι
1912 635 2012 686 hoc
2032 634 2211 688 modo.

637 735 809 794 Quare
831 741 1161 794 quaecunque
1185 723 1409 791 subjecti
1432 723 1745 777 differentiae
1772 722 1988 787 fuerint,
2012 724 2214 779 eaedem

635 826 795 871 terunt
822 817 982 870 etiam
1016 814 1305 883 praidicati.
1337 812 1439 867 Sed
1471 814 1569 865 hoc
1603 814 1956 878 abjicicudum
1989 824 2089 877 est,
2117 831 2212 868 ne-

634 924 738 972 que
764 908 903 963 enim
927 907 1039 961 lieri
1071 914 1245 974 potest
1288 915 1343 958 ιιι
1389 906 1439 957 in
1469 919 1577 958 rem
1603 905 1928 973 superiorem
1962 908 2218 972 praedica-

640 1000 717 1051 tio
746 997 1058 1066 posterioris
1085 995 1366 1049 redundet.
1400 996 1528 1047 Nam
1562 1010 1681 1047 cum
1723 995 1943 1057 dicitur,
1973 1010 2215 1063 quaecun-

638 1104 741 1158 que
768 1087 993 1154 subjecti
1024 1086 1219 1139 fuerint
1242 1086 1577 1146 daﬂ‘erentiae.
1612 1086 1811 1140 caedem
1841 1099 1995 1139 erunt
2028 1088 2217 1153 pandi-

636 1180 762 1240 cati,
797 1179 899 1231 hoc
925 1176 1129 1230 scilicet
1163 1176 1518 1244 signiﬁcatur,
1551 1187 1609 1229 ut
1647 1177 1955 1243 praedicatio
1991 1176 2217 1244 subjecti

638 1271 821 1323 redeat
844 1270 895 1322 in
936 1268 1302 1335 prai-diratiitii,
1331 1268 1470 1335 quod
1506 1268 1616 1319 lieri
1649 1283 1755 1319 non
1788 1276 1978 1336 potest.
2011 1268 2112 1321 Sed
2139 1268 2213 1319 «ιι.

638 1362 864 1416 cendum
896 1369 980 1415 est
1010 1360 1149 1428 quiid
1181 1368 1303 1411 sunt
1324 1361 1440 1411 alia?
1469 1358 1783 1411 differentia:
1814 1374 1931 1424 quan
1971 1359 2217 1411 dicuntur

637 1451 973 1517 cuiupletivae
1002 1449 1272 1517 prandicati
1297 1460 1349 1502 et
1378 1449 1658 1517 cujuslibet
1697 1450 1838 1503 illius
1875 1452 2106 1517 εβευίιοιιι
2138 1450 2215 1502 iu-

636 1547 947 1603 tormantes,
975 1559 1090 1609 quae
1114 1543 1382 1595 communi
1416 1541 1630 1594 nomine
1650 1543 1915 1608 specil‘tcae
1939 1546 2219 1596 nominan-

638 1648 739 1687 tur.
772 1634 813 1685 Ν
835 1650 901 1685 im
928 1648 1047 1685 cum
1070 1632 1191 1685 dico
1217 1633 1501 1685 animatum
1526 1641 1577 1684 et
1606 1632 1879 1695 sensibile,
1904 1633 1946 1685 si
1970 1636 2210 1686 substan-

636 1727 721 1779 tiae
748 1726 1157 1792 Coniunguntur.
1187 1724 1560 1777 dilﬁttitionem
1592 1732 1647 1777 ct
1675 1724 1910 1792 Speciem
1949 1740 2067 1777 mox
2102 1726 2223 1777 ani-

636 1817 789 1870 malis
813 1816 1069 1871 efﬁciunt.
1110 1816 1317 1868 Animal
1349 1815 1492 1869 enim
1523 1825 1607 1868 est
1640 1815 1937 1868 substantia
1983 1817 2214 1869 animata
2254 1807 2291 1863 li

635 1908 922 1966 sensibilis.
957 1916 1115 1974 atque
1147 1906 1227 1957 hae
1255 1906 1571 1959 diiierentiae
1597 1905 1846 1959 dicuntur
1866 1906 2131 1973 specilicae
2160 1917 2213 1960 et

635 1999 989 2065 complerit-au.
1024 2000 1352 2051 Suntautem
1384 1999 1500 2049 aliae
1527 2012 1645 2065 qua:
1677 1998 1807 2063 ipsa:
1835 1998 2051 2064 quidem
2082 1998 2211 2051 nihil

634 2093 922 2157 complent,
970 2104 1070 2143 nec
1113 2090 1272 2142 ullam
1320 2090 1552 2156 Speciem
1607 2089 1853 2148 reddunt,
1905 2091 1995 2142 sel
2045 2104 2213 2157 genus

634 2192 836 2235 tantum
884 2182 1163 2243 dividunt,
1209 2190 1264 2233 ut
1295 2179 1554 2233 rationale
1601 2189 1655 2232 et
1699 2179 2039 2241 irrationale,
2096 2180 2210 2233 haec

631 2274 776 2325 cttittt
811 2272 1054 2325 dividunt
1099 2285 1287 2340 genus,
1337 2268 1389 2322 id
1442 2278 1522 2321 cst
1569 2267 1787 2320 animal.
1828 2268 2034 2321 Animal
2066 2270 2206 2321 enini

636 2363 879 2416 rationali
925 2360 1227 2415 diti‘erentia
1288 2360 1687 2427 irrationalique
1737 2358 2006 2412 dividitur.
2071 2360 2209 2428 Ergo

632 2455 739 2506 illae
764 2467 883 2520 quae
919 2460 1042 2504 sunt
1074 2449 1291 2519 generis
1345 2448 1583 2502 divisiva:
1627 2446 1941 2501 differentia:
1988 2459 2208 2514 possunt

632 2543 911 2611 aliquoties
924 2542 1125 2594 eaedem
1144 2556 1263 2593 csse
1278 2581 1297 2607 ,
1322 2550 1541 2609 possunt
1556 2540 1837 2607 aliquoties
1855 2554 1959 2592 non
1981 2541 2203 2605 caedem,

631 2642 686 2685 ut
730 2632 994 2690 animalis.
1029 2631 1279 2698 quoniam
1318 2629 1596 2682 divisibilis
1633 2636 1719 2682 est
1748 2628 2042 2682 daﬂerentia
2085 2646 2205 2698 quae

628 2733 712 2777 est
740 2722 1018 2788 rationale,
1055 2730 1229 2789 potest
1258 2736 1374 2774 eam
1420 2735 1523 2774 non
1570 2719 1765 2773 habere
1802 2721 1936 2783 avis,
1968 2736 2087 2787 quat
2121 2734 2203 2775 est

627 2815 991 2870 subalternum
1016 2829 1199 2882 genus.
1231 2814 1293 2867 Et
1326 2828 1507 2865 rursus
1535 2812 1748 2867 easdem
1780 2812 2073 2865 dit-isibilcs
2104 2812 2200 2864 ha-

628 2910 756 2961 bere
784 2917 973 2974 potem,
1009 2916 1065 2959 ιιι
1104 2906 1318 2959 easdem
1347 2919 1480 2972 quas
1506 2906 1753 2973 superius
1790 2904 2039 2959 diximus.
2070 2904 2197 2957 Nam

625 3017 744 3054 cum
768 2999 1005 3053 dividant
1030 2998 1224 3051 animal
1256 2997 1593 3061 dill'erentiae,
1622 3012 1740 3065 qua:
1779 2996 2045 3057 carnibus.
2078 2996 2198 3049 her-

627 3092 726 3151 b's,
773 3100 826 3143 et
870 3088 1162 3142 seminibus
1196 3097 1498 3151 vescuntur,
1551 3086 1751 3139 caedem
1809 3094 2031 3154 possunt
2079 3101 2197 3140 esse

2345 541 2453 595 llud
2490 540 2633 608 quod
2679 542 2808 608 ipsa:
2851 539 3167 593 differentiae
3210 540 3520 603 informant,
3553 540 3619 593 de
3654 556 3717 594 eo
3747 548 3804 594 ut
3832 540 3900 595 de

2319 632 2565 697 subjecto
2591 628 3043 698 praedicabantur,
3069 640 3122 684 et
3144 632 3211 684 de
3239 646 3304 683 eo
3332 646 3434 684 non
3476 629 3752 697 praedicari
3792 644 3895 682 non

2321 729 2560 788 possunt.
2606 721 2780 786 Quare
2822 720 2954 773 nihil
2993 733 3076 775 est
3121 722 3171 774 in
3223 720 3530 789 bujusmodi
3574 721 3900 775 theoremate

2317 813 2455 882 quod
2484 812 2594 865 ullo
2623 812 2783 865 modo
2811 812 3005 867 debeat
3034 813 3333 867 emendari.

2389 902 2584 956 Eorum
2607 905 2810 972 quidem
2829 920 2944 973 qua:
2971 905 3250 957 secundum
3280 904 3479 958 nullam
3502 907 3903 972 complexionem

2317 994 2585 1057 dicuntur,
2631 996 2889 1064 cingulum
2939 1006 3026 1049 aut
3076 998 3413 1050 substantiam
3467 1000 3760 1069 signiﬁcat,
3808 1009 3900 1052 aut

2315 1086 2675 1151 quantitatem,
2702 1096 2789 1138 aut
2836 1085 3157 1153 qualitatem,
3194 1098 3284 1141 aut
3311 1088 3378 1140 ad
3406 1088 3626 1157 aliquid,
3657 1099 3747 1140 aut
3788 1089 3893 1151 ubi,

2316 1186 2404 1228 aut
2431 1176 2658 1244 quando,
2681 1187 2769 1228 aut
2788 1178 2961 1241 εἱιιιιιι,
2986 1187 3073 1230 aut
3098 1179 3302 1243 habere,
3328 1188 3417 1231 aut
3442 1183 3631 1247 facere,
3656 1188 3745 1231 aut
3768 1180 3897 1249 pati.
3946 1192 3951 1195 '

2322 1266 2412 1321 Est
2436 1278 2604 1320 autem
2646 1270 2927 1321 substantia
2962 1279 3016 1321 ut
3051 1270 3336 1337 ﬁguraliter
3365 1270 3591 1334 dicatur,
3622 1281 3679 1323 ut
3719 1271 3893 1333 homo,

2318 1375 2499 1427 equus.
2553 1361 2844 1424 Quantitas,
2877 1371 2931 1414 ut
2969 1362 3263 1422 bicubitum,
3293 1363 3602 1414 tricubitum.
3638 1362 3897 1427 Qualitas,

2319 1464 2372 1505 ut
2402 1453 2595 1511 album,
2624 1454 3027 1521 grammaticum.
3054 1454 3133 1506 Ad
3160 1455 3376 1520 aliquid,
3404 1463 3457 1506 ut
3480 1453 3713 1518 duplum,
3746 1454 3898 1505 dimi-

2319 1543 2477 1601 dium.
2502 1545 2691 1613 majus,
2715 1543 2903 1596 minus.
2940 1542 3057 1601 Ubi.
3080 1553 3134 1595 ut
3156 1545 3209 1595 in
3234 1545 3393 1611 lyceo,
3418 1544 3469 1595 in
3492 1547 3624 1610 foro.
3656 1541 3894 1606 Quando,

2319 1644 2371 1686 ut
2397 1634 2533 1699 lteri,
2553 1635 2806 1704 superiori
2830 1651 2985 1688 anno.
3011 1634 3202 1698 Situm,
3223 1646 3277 1686 ut
3307 1636 3466 1697 sedet,
3484 1635 3647 1705 jacet.
3673 1632 3896 1699 Habere,

2324 1734 2378 1777 ut
2405 1728 2675 1787 calceatus,
2702 1735 2952 1778 armatus.
2972 1724 3187 1789 Facere,
3210 1736 3261 1777 ut
3282 1741 3473 1789 secare,
3498 1742 3659 1777 urere.
3688 1724 3896 1787 Pati,ul

2320 1816 2501 1877 secari,
2525 1817 2625 1868 uri.
2660 1816 2876 1884 Singula
2904 1816 3059 1885 igitur
3086 1832 3259 1869 eorum
3300 1832 3411 1884 qua:
3450 1817 3587 1868 dicta
3610 1828 3751 1882 sunt,
3784 1818 3894 1885 ipsa

2315 1907 2514 1969 quidem
2559 1908 2838 1959 secundum
2876 1922 2932 1959 se
2971 1909 3024 1959 in
3071 1907 3217 1959 nulla
3252 1908 3585 1975 afﬁrmatione
3626 1909 3891 1971 dicuntur,

2315 2006 2400 2047 aut
2435 1997 2731 2072 negatione,
2754 1998 2936 2048 Irarum
2975 2006 3146 2049 autem
3178 1997 3245 2047 ad
3288 2013 3342 2050 se
3380 1998 3593 2050 invicem
3628 1999 3891 2066 aﬁirmatio

2314 2086 2389 2136 υρι
2414 2087 2616 2155 negatio
2666 2086 2727 2154 ﬁt
2760 2088 3128 2155 complexione.
3169 2086 3386 2141 Videtur
3412 2096 3580 2139 autem
3612 2091 3773 2140 omnis
3813 2089 3891 2157 af-

2312 2178 2533 2244 ﬁrmatio
2577 2178 2657 2231 vel
2701 2181 2924 2247 negatio,
2956 2177 3031 2231 vel
3076 2194 3192 2231 vera
3230 2179 3305 2231 vel
3351 2179 3483 2247 falsa
3526 2194 3681 2232 esse:
3718 2194 3891 2231 eorum

2310 2278 2475 2320 autem
2502 2283 2613 2335 quin
2650 2269 2928 2321 secundum
2966 2270 3161 2320 nullam
3203 2268 3604 2338 complexionem
3631 2269 3891 2333 dicuntur,

2309 2359 2511 2427 singula
2537 2375 2697 2427 neque
2723 2375 2863 2425 vera,
2897 2376 3055 2429 neque
3084 2361 3216 2429 falsa
3242 2369 3381 2426 sunt,
3418 2371 3472 2413 ut
3500 2361 3672 2427 homo,
3695 2362 3888 2428 album,

2311 2450 2488 2509 currit,
2515 2451 2695 2506 uincit.

2380 2538 2506 2592 Post
2552 2541 2921 2608 parvissimam
2966 2542 3016 2594 in
3063 2551 3290 2609 quatuor
3336 2543 3811 2606 enumerationem,
3836 2542 3887 2597 id

2308 2640 2393 2683 est.
2422 2631 2473 2683 in
2505 2632 2879 2700 substantiam,
2914 2634 3185 2696 accidens,
3218 2633 3696 2697 universalitatem,
3729 2635 3887 2701 parti.

2307 2720 2663 2785 cnlaritatem,
2714 2737 2853 2775 nunc
2883 2721 3056 2776 estde
3085 2723 3370 2789 partitione
3412 2723 3646 2775 maxima
3693 2732 3885 2775 tracta-

2309 2824 2487 2875 turus,
2517 2827 2636 2879 quae
2683 2811 2740 2863 tit
2788 2812 2840 2864 in
2888 2813 3100 2876 decem;
3152 2812 3251 2867 hac
3296 2812 3436 2866 enim
3482 2812 3884 2865 enumeratione

2307 2905 2476 2971 major
2501 2920 2603 2956 non
2635 2913 2808 2968 potest
2838 2903 3085 2967 inveniri,
3110 2918 3281 2972 neque
3302 2904 3443 2957 enim
3476 2903 3717 2957 undecim
3744 2916 3884 2971 prae-

2303 2995 2602 3047 dicamenta
2647 3002 2894 3061 poterunt
2941 2994 3186 3058 inven.ri,
3210 3009 3309 3047 nec
3354 2994 3490 3047 ultra
3539 2994 3725 3048 decem
3773 2994 3883 3048 ullo

2306 3087 2464 3137 modo
2501 3084 2713 3153 aliquod
2751 3099 2921 3153 genus
2968 3093 3115 3139 recte
3159 3085 3452 3153 excogitari
3500 3094 3676 3153 potest
3716 3100 3883 3154 quare

624 3180 918 3243 subaltcrni
949 3178 1185 3247 generis,
1228 3178 1277 3231 id
1317 3187 1400 3232 est
1443 3177 1591 3241 avis;
1614 3192 1743 3246 ergo
1786 3176 1867 3229 hae
1898 3177 1928 3229 d
1960 3178 2196 3231 visibiles
2227 3161 2270 3219 (Σ
2303 3179 2427 3232 facit
2455 3177 2756 3245 huiusmodi
2783 3178 3261 3242 enumerationem,
3289 3177 3383 3231 sed
3414 3192 3518 3230 non
3544 3177 3882 3232 divisionem.

626 3279 845 3337 ιεοδειιιιι
866 3270 1025 3327 etiam
1043 3283 1165 3324 esse
1181 3269 1426 3324 diversae.
1449 3269 1557 3322 Illae
1580 3283 1704 3321 vero
1724 3283 1842 3337 quae
1865 3269 2196 3334 completivuc

619 3372 673 3414 et
721 3360 983 3428 speciticae
1026 3370 1167 3418 sunt.
1208 3358 1496 3427 aliquando
1535 3373 1640 3411 non
1674 3358 1947 3423 praedicari
1975 3360 2040 3410 de
2070 3360 2198 3413 sub,—

621 3453 760 3514 jecto
790 3465 895 3517 non
933 3459 1172 3517 possunt.
1223 3449 1291 3503 Ut
1334 3448 1579 3515 quoniam
1623 3447 1821 3501 animal
1854 3448 2015 3502 balwt
2046 3450 2196 3503 dilic-

620 3516 823 3593 rrntias
842 3540 1188 3608 couiplelivas
1238 3551 1291 3591 et
1332 3554 1443 3592 sua:
1476 3540 1671 3607 speciei
1701 3540 1990 3601 ell'ectivas,
2027 3543 2194 3595 sensi-

618 3631 724 3685 bile
747 3631 951 3683 aulicet
986 3640 1039 3682 et
1066 3631 1376 3693 animatum,
1413 3631 1491 3681 lu:
1520 3630 1834 3683 differentiae
1876 3632 1942 3684 de
1981 3630 2195 3684 homine

618 3723 756 3789 quod
786 3732 868 3774 est
898 3721 1192 3789 subjectum
1225 3720 1471 3772 animalis
1501 3736 1606 3773 non
1632 3720 1901 3787 praedicari
1935 3736 2039 3774 non
2069 3736 2199 3790 pos—

618 3824 760 3873 sunt.
790 3814 991 3867 Omnes
1017 3814 1155 3866 enim
1187 3814 1448 3879 spccilicae
1475 3814 1787 3868 differentiae
1815 3815 1881 3868 de
1930 3815 2013 3868 his
2059 3832 2193 3883 prae-

618 3897 880 3965 ilicaumr,
913 3918 1139 3971 quorum
1184 3904 1417 3971 speciem
1455 3904 1725 3971 complent
1750 3942 1765 3966 ,
1802 3914 1859 3956 ut
1883 3904 1951 3957 de
1979 3904 2193 3956 animali

611 3991 937 4058 praedicatur
968 3994 1221 4047 :ensibile
1252 4003 1306 4046 et
1335 3993 1649 4057 animatum,
1676 4003 1731 4045 et
1764 3992 1864 4046 hoc
1894 4004 1949 4047 ut
1973 3994 2040 4048 de
2070 3994 2196 4047 sub-

617 4085 773 4146 iectu.
807 4083 863 4136 lu
896 4086 1192 4138 substantia
1222 4085 1362 4138 cnim
1385 4086 1630 4139 animalis
1660 4097 1883 4153 utraque
1904 4087 2193 4156 prmdican-

615 4185 723 4235 tur,
747 4172 841 4225 sed
864 4172 1055 4225 animal
1082 4173 1403 4239 pratdicatur
1423 4175 1489 4227 de
1512 4175 1747 4237 homine,
1764 4186 1822 4228 ut
1842 4177 1908 4229 de
1929 4177 2189 4244 subjecto;

616 4276 833 4316 necesse
854 4270 935 4314 εει
956 4277 1082 4329 ergo
1108 4263 1398 4315 animatum
1427 4276 1583 4330 atque
1610 4265 1860 4318 sen-ibilo
1886 4267 1951 4318 de
1976 4266 2189 4320 homine

616 4353 888 4421 praedicari
917 4364 972 4405 ιιι
994 4354 1063 4407 de
1090 4352 1353 4419 subjecto.
1384 4353 1490 4405 lion
1511 4364 1593 4406 est
1614 4356 1754 4406 enim
1778 4355 1918 4419 quod
1949 4358 2191 4423 superius

616 4444 872 4509 praemisit
913 4456 1032 4495 cum
1078 4443 1323 4497 dceret:
1366 4442 1590 4509 Quando
1636 4444 1862 4496 alterum
1906 4446 1973 4499 de
2022 4446 2190 4499 altero

2306 3269 2503 3323 Divisio
2534 3282 2762 3337 namque
2797 3265 2907 3321 fere
2946 3276 3028 3320 est
3065 3266 3277 3335 generis
3310 3266 3363 3319 in
3412 3267 3661 3334 species;
3687 3266 3881 3335 prandi-

2303 3368 2666 3413 czimentorum
2698 3373 2844 3424 vero,
2874 3357 3123 3426 quoniam
3150 3372 3319 3425 genus
3347 3372 3507 3410 unum
3532 3372 3635 3410 non
3665 3356 3879 3420 habent,

2300 3450 2491 3503 divisio
2518 3464 2640 3503 esse
2681 3464 2783 3501 non
2834 3458 3026 3515 potest,
3058 3449 3150 3502 sed
3195 3450 3372 3516 pmius
3416 3449 3748 3503 enumeratio
3775 3457 3877 3503 cst.

2298 3539 2435 3591 Sunt
2462 3552 2590 3592 vero
2636 3539 2851 3605 quidam
2898 3539 2985 3606 qui
3037 3538 3370 3592 contendunt
3406 3553 3497 3593 rec
3523 3555 3554 3593 e
3593 3554 3877 3594 enumera-

2301 3632 2495 3682 tionem
2530 3645 2631 3680 uou
2658 3642 2779 3682 csse
2807 3630 3141 3696 dispositam,
3166 3630 3255 3683 alii
3283 3646 3511 3700 namque
3542 3640 3597 3683 ut
3622 3645 3878 3698 superva-

2297 3735 2392 3771 Cl“
2424 3719 2664 3787 quaedam
2697 3717 2937 3781 detnnnt,
2968 3718 3059 3772 alii
3091 3728 3145 3771 ιιι
3170 3731 3326 3773 curto
3353 3721 3504 3790 operi
3532 3720 3752 3786 addunt,
3784 3721 3876 3774 alii

2298 3824 2424 3862 vero
2456 3817 2776 3873 permutant,
2804 3822 2941 3876 quos
2972 3807 3220 3861 nimirum
3252 3825 3357 3863 non
3387 3818 3529 3864 recte
3551 3809 3747 3863 sentire
3772 3810 3876 3863 alio

2298 3899 2451 3951 nobis
2491 3913 2654 3966 opere
2702 3898 2991 3952 dicendum
3039 3908 3123 3951 est
3150 3915 3164 3960 ;
3194 3900 3269 3951 ait
3294 3909 3467 3953 autem
3494 3917 3506 3950 :
3536 3899 3729 3953 Eorum
3758 3914 3876 3967 quan

2294 3990 2589 4043 secundant
2619 3989 2827 4043 nullam
2844 3991 3265 4057 complexionem
3288 3991 3555 4045 dicuntur.
3589 3992 3738 4046 Adeo
3766 4008 3872 4046 non

2294 4079 2361 4132 de
2407 4079 2585 4143 rebus,
2615 4080 2706 4133 sed
2738 4079 2805 4133 de
2836 4080 3053 4139 vocibus
3102 4089 3424 4134 tractaturus
3450 4090 3550 4140 est.
3584 4091 3641 4134 ιιι
3668 4082 3873 4136 diceret

2296 4167 2572 4222 Dicuntur.
2605 4167 2712 4222 Res
2733 4169 2876 4222 enim
2901 4169 3113 4236 proprie
3138 4184 3241 4222 non
3268 4170 3532 4235 dicuntur,
3554 4169 3655 4223 Sed
3682 4185 3870 4224 voces:

2295 4268 2347 4310 et
2375 4259 2515 4326 quod
2539 4258 2765 4323 addidit,
2790 4260 3055 4326 singulum
3085 4269 3176 4312 aut
3204 4261 3557 4316 substantiam
3584 4262 3880 4327 signiﬁcat,

2294 4347 2399 4400 late
2430 4356 2573 4415 patet
2602 4364 2723 4401 eum
2752 4350 2819 4401 de
2848 4350 3067 4403 vocibus
3106 4350 3377 4419 disputare
3408 4367 3423 4415 ;
3451 4357 3555 4404 tam
3587 4351 3729 4405 enim
3760 4368 3870 4416 res,

2296 4440 2387 4491 sed
2438 4455 2597 4493 voces
2639 4439 2962 4509 signiﬁcant,
2991 4441 3352 4511 significantur
3388 4440 3565 4496 autem
3609 4443 3873 4517 res.‘Sina

602 4536 935 4602 praedicatur
984 4545 1040 4588 ut
1076 4535 1143 4589 de
1189 4534 1450 4603 subjecto,
1484 4550 1811 4603 quaecunque
1845 4534 1913 4590 de
1942 4551 2005 4589 eo
2050 4537 2189 4603 quod
2226 4516 2268 4572 υ
2295 4540 2666 4607 complexione
2685 4541 3079 4593 verodicuntur
3096 4542 3175 4611 (ut
3198 4542 3398 4597 dictum
3419 4547 3520 4606 est)
3543 4516 3872 4611 quaecunque

613 4626 932 4694 praedicatur
954 4626 1222 4692 dicuntur,
1247 4627 1423 4680 omnia
1455 4627 1613 4683 etiam
1642 4627 1710 4680 de
1740 4629 1979 4695 subjecto
2007 4629 2194 4683 dicun-

610 4728 723 4779 tur;
757 4727 914 4785 atque
954 4719 1054 4772 hoc
1104 4719 1154 4771 in
1196 4717 1440 4771 omnibus
1479 4719 1768 4787 generibus
1808 4731 1952 4774 recte
1982 4733 2193 4776 constat

610 4808 850 4874 intelligi.
872 4809 1312 4876 Ergodivisibiles
1336 4810 1647 4864 dilierentiae
1670 4823 1890 4878 possunt
1910 4813 2190 4881 aliquando

605 4912 729 4951 cum
771 4897 1026 4965 subjectis
1064 4913 1183 4952 esse
1228 4916 1557 4965 communes,
1593 4903 1882 4969 aliquando
1920 4905 2147 4957 diversae
2172 4948 2185 4971 ,

607 4990 868 5059 specilicae
896 5004 1021 5043 vero
1046 4998 1100 5043 et
1128 4991 1464 5056 completivae
1506 5006 1626 5045 cum
1657 4992 1911 5059 subjectis
1940 5007 2185 5047 commu-

609 5098 705 5137 nes
734 5097 838 5136 non
859 5095 978 5136 esse
1005 5095 1111 5134 non
1141 5089 1381 5148 possunt.
1409 5081 1559 5147 Quod
1592 5096 1721 5148 ergo
1749 5083 2065 5137 Aristoteles
2086 5085 2179 5149 ait,

601 5177 1039 5230 Subatternorttm
1068 5188 1321 5243 generum
1349 5172 1478 5225 nihil
1512 5171 1796 5239 prohibere
1818 5171 2033 5226 easdem
2059 5189 2180 5229 esse

601 5268 952 5333 ditiorentias,
985 5266 1276 5321 divisibiles
1301 5265 1630 5319 dill'erentias
1655 5265 1869 5318 easdem
1901 5278 2022 5320 esse
2044 5267 2175 5321 nihil

602 5359 889 5425 prohibere
918 5359 1207 5426 putandum
1238 5366 1340 5419 est,
1370 5370 1490 5425 quae
1520 5367 1738 5425 possunt
1766 5370 1886 5409 esse
1907 5356 2068 5410 etiam
2096 5358 2176 5411 di-

597 5464 787 5503 versae.
819 5450 970 5518 Quod
998 5452 1071 5503 ait
1088 5463 1215 5504 vero
1237 5467 1250 5503 :
1275 5449 1613 5518 Quaecunque
1636 5449 1909 5514 praedicati
1930 5450 2175 5505 differen-

599 5539 684 5591 tiae
711 5535 926 5601 fuerint,
952 5541 1153 5593 eaedem
1176 5551 1331 5600 erunt
1356 5540 1515 5594 etiam
1538 5539 1786 5609 subjecti,
1810 5540 1878 5594 de
1908 5542 2176 5606 specilicis

585 5626 995 5695 intelligendum
1032 5639 1116 5683 est
1141 5646 1154 5677 :
1184 5644 1308 5697 quae
1334 5644 1453 5683 cum
1497 5629 1730 5698 speciem
1779 5631 2065 5698 cujuslibet
2095 5632 2171 5684 itt-

598 5716 851 5782 iormcnt,
896 5732 951 5773 et
991 5719 1059 5775 de
1085 5732 1149 5774 eo
1191 5720 1330 5787 quod
1379 5720 1695 5790 informant,
1725 5730 1783 5781 ut
1818 5720 1884 5776 de
1908 5721 2170 5792 subjecto,

2296 4631 2547 4699 singulari
2600 4630 2871 4683 intellectu
2911 4642 2964 4684 et
3008 4646 3147 4685 voce
3172 4632 3869 4700 proferunturasecundum

2294 4721 2714 4788 complexionem
2744 4736 2870 4774 vero
2895 4735 3226 4790 quaecunque
3270 4722 3447 4786 aliqua
3496 4722 3873 4789 conjunctione

2295 4811 2375 4864 vel
2421 4810 2713 4864 accidentis
2754 4808 3093 4877 copulatione
3140 4809 3452 4863 miscentur.
3492 4810 3606 4867 Sed.
3634 4811 3760 4879 quid
3805 4828 3870 4866 ex

2295 4910 2357 4961 iis
2404 4924 2523 4975 quae
2562 4908 2854 4963 secundum
2904 4908 3105 4963 nullam
3152 4910 3576 4978 complexionem
3618 4909 3871 4964 dicuntur

2290 4997 2537 5062 ellicitur,
2564 4998 2678 5065 ipse
2720 4998 3054 5051 demonstrat
3097 5013 3219 5052 cum
3264 4998 3664 5065 dicit:Singula
3709 4999 3876 5065 igitur»

2286 5101 2469 5138 eorum
2498 5101 2616 5151 quae
2646 5085 2787 5139 dicta
2816 5089 3112 5157 sunt,'ipsa
3140 5089 3353 5153 quidem
3390 5087 3681 5140 secundum
3724 5101 3783 5140 se
3812 5088 3873 5142 in

2284 5182 2422 5235 nulla
2439 5183 2787 5238 alt'trmatioue
2800 5185 3069 5251 dicuntur,
3081 5186 3271 5239 horum
3286 5184 3538 5240 antemad
3556 5199 3615 5238 se
3630 5185 3873 5243 invicem

2281 5273 2649 5338 complexione
2675 5274 2959 5331 aflirmatio
2985 5278 3043 5329 lit
3066 5292 3080 5340 ;
3106 5276 3315 5330 videtur
3342 5276 3484 5329 enim
3512 5276 3691 5329 omnis
3719 5276 3866 5330 afﬁr-

2283 5361 2445 5415 matio
2484 5363 2567 5416 vel
2608 5363 2738 5417 falsa
2783 5380 2904 5418 csse
2954 5367 3036 5418 vel
3082 5378 3226 5418 vera.
3281 5366 3478 5417 Eorum
3523 5374 3701 5418 autem
3743 5381 3864 5434 quae

2282 5454 2573 5508 secundum
2630 5457 2830 5509 nullam
2898 5455 3321 5522 complexionem
3372 5455 3644 5521 dicuntur,
3692 5472 3862 5525 neque

2280 5559 2461 5611 verum
2488 5544 2796 5615 quidquam,
2823 5560 2995 5614 neque
3019 5545 3206 5599 falsum
3236 5556 3341 5610 cst,
3370 5556 3427 5601 ut
3453 5551 3631 5612 homo,
3657 5547 3857 5610 album,

2278 5638 2461 5690 currit.
2496 5637 2675 5689 vincit.
2708 5636 2982 5705 Significat
3013 5653 3141 5707 ergo
3170 5647 3220 5692 ct
3262 5640 3347 5694 hic
3374 5655 3436 5694 ea
3462 5655 3580 5709 quae
3611 5640 3726 5693 sine
3752 5640 3865 5699 ulla

2277 5727 2642 5795 complexione
2689 5727 2933 5783 dicuntur
2993 5728 3364 5788 aitirmationis
3413 5732 3516 5785 vim
3566 5745 3677 5786 non
3719 5731 3868 5791 ohti.-.
