4244 6254
350 317 450 373 ⁷181

1339 315 1407 370 IN
1445 314 1883 372 CATEGORIAS
1922 315 2372 373 ARISTOTELIS
2415 319 2542 373 LIB.
2586 320 2626 375 l.

3539 332 3655 387 lb’l»

355 446 505 485 nere.
534 426 593 483 Si
631 427 755 497 quis
795 426 935 480 enim
979 424 1123 479 dicat
1158 425 1336 488 homo,
1366 424 1451 478 vel
1491 424 1691 491 album,
1725 426 1807 477 vel
1852 424 1947 479 de-
1975 428 2019 485 A
2051 429 2259 482 stant‘is
2290 426 2641 491 inchoat/erit,
2673 446 2792 486 nam
2843 434 3093 500 quoniam
3125 436 3301 489 omnis
3349 450 3434 492 res
3462 449 3553 494 aut
3584 444 3634 495 in

354 539 496 586 cem,
522 521 601 573 vel
631 519 891 587 quidlibet
919 517 1143 585 simplici
1176 516 1354 581 modo,
1382 516 1433 568 in
1463 532 1529 570 eo
1556 533 1727 586 neque
1760 533 1941 570 verum

356 616 555 686 aliquid
596 615 851 675 inveniet,
883 628 1056 681 neque
1087 611 1298 674 falsum,
1332 611 1425 664 sed
1458 612 1633 664 omnis
1664 611 1946 665 afﬁrmatio

357 711 441 764 vel
470 724 593 763 vera
625 708 709 761 vel
744 705 871 759 falsa
902 714 1001 758 est.
1038 703 1202 769 Igitur
1231 703 1605 756 universaliter
1637 704 1945 770 pronuntiat

354 800 764 871 praedicamenta
794 796 1165 850 afflrmationis
1206 796 1414 849 ratione
1460 796 1675 863 penitus
1712 811 1817 847 non
1861 805 1945 848 te-

358 890 622 947 neri:sed
670 890 784 943 haec
835 888 1023 941 eadem
1070 888 1110 939 si
1152 902 1270 940 cum
1302 886 1533 957 quadam
1565 886 1943 955 complexione

353 982 627 1051 conjuncta
658 981 786 1045 sint,
817 980 929 1033 ﬁeri
981 979 1370 1048 propositiones
1425 991 1645 1031 necesse
1690 987 1792 1038 est,
1823 993 1943 1045 qua:

355 1075 404 1125 in
444 1087 502 1126 se
538 1087 724 1125 verum
775 1070 1035 1124 falsumve
1081 1070 1413 1121 contineant.
1462 1068 1567 1121 Sed
1614 1084 1717 1120 non
1766 1069 1942 1122 omnis

350 1161 650 1232 complexio
677 1162 1095 1231 pr0positionem
1126 1159 1268 1223 facit,
1304 1175 1402 1212 nec
1432 1159 1475 1212 si
1506 1158 1711 1222 dixero,
1746 1158 1940 1213 Socra-

352 1264 429 1307 tes
470 1254 522 1307 in
571 1253 709 1315 foro,
742 1252 946 1306 idcirco
984 1250 1093 1319 jam
1143 1249 1437 1318 propositio
1468 1258 1578 1312 est;
1608 1249 1701 1302 sed
1740 1248 1784 1302 si
1819 1250 1939 1317 quis

350 1344 513 1410 dicat,
540 1343 800 1399 Socrates
838 1344 892 1397 in
925 1344 1041 1395 foro
1085 1341 1343 1404 ambulat,
1379 1350 1505 1393 tunc
1537 1339 1594 1393 ﬁt
1623 1340 1937 1407 progiosilin,

349 1449 468 1504 qua:
495 1443 588 1488 aut
614 1434 905 1488 afﬁrmatio
932 1442 1014 1487 est
1039 1442 1131 1486 aut
1158 1433 1392 1500 negatio.
1418 1430 1815 1485 Afﬁrmationes
1842 1448 1935 1484 au-

349 1540 460 1582 tem
492 1538 547 1580 et
576 1528 909 1596 negationes,
938 1526 1021 1579 vel
1046 1540 1187 1579 vera:
1216 1508 1461 1577 videntur
1488 1536 1609 1576 esse
1641 1524 1722 1576 vel
1761 1523 1935 1589 falsze;

349 1628 512 1687 atque
552 1617 675 1671 ideo
709 1618 1062 1686 quodcunque
1108 1629 1279 1683 neque
1308 1629 1491 1667 verum
1525 1629 1700 1681 neque
1745 1613 1933 1667 falsum

346 1720 450 1773 est,
500 1708 631 1762 illud
678 1707 970 1777 propositio
1016 1720 1120 1759 non
1172 1714 1275 1760 est.
1329 1706 1465 1773 Ergo
1515 1705 1743 1772 quadam
1788 1720 1935 1758 com-

2049 519 2294 585 subjecto
2322 529 2426 581 est,
2454 530 2545 571 aut
2573 520 2815 586 subjecto
2846 538 2950 577 non
2979 535 3080 589 est,
3128 526 3381 594 quidquid
3414 530 3466 582 in
3504 532 3604 585 sub
3624 553 3657 589 -.t

2038 609 2188 689 jecto
2231 620 2333 672 est,
2365 620 2485 681 eget
2530 611 2803 677 subjecto,
2832 618 3083 683 quaniam
3111 618 3164 671 in
3196 622 3407 689 pr0pria
3448 618 3645 681 natura

2033 686 2153 758 ’non
2197 716 2374 774 potest
2422 708 2837 763 consistere:ct
2874 712 3123 777 quoniam
3174 715 3334 769 rebus
3382 718 3639 774 omnith

2046 799 2345 851 Substantia
2391 798 2627 867 subjecta
2679 808 2793 861 est,
2843 801 2973 854 nihil
3024 820 3208 857 eorum
3253 822 3372 872 qum
3418 820 3540 863 sunt
3579 813 3636 871 in

2046 890 2287 955 subjecto
2318 898 2512 956 przcter
2554 889 2905 961 substantiam
2935 892 3131 960 poterit
3162 909 3493 961 permanere.
3526 895 3636 956 Sull

2048 979 2192 1043 prior
2222 978 2309 1031 illa
2341 989 2527 1032 natura
2555 989 2659 1044 est,
2692 979 2808 1035 sine
2838 996 2940 1051 qua
2971 981 3071 1035 alia
3097 997 3217 1037 esse
3248 1001 3350 1039 non
3386 1002 3631 1055 possunt,

2043 1070 2291 1137 quocirca
2325 1070 2472 1138 prior
2516 1070 2831 1126 naturaliter
2874 1072 3085 1125 videtur
3127 1088 3247 1128 esse
3290 1076 3631 1140 substantia;

2045 1177 2149 1214 non
2194 1162 2424 1215 absurde
2468 1162 2626 1228 igitur
2670 1164 2720 1216 in
2772 1165 3131 1234 disputatione
3174 1168 3313 1237 quod
3360 1170 3505 1238 prius
3536 1187 3627 1241 per

2045 1261 2285 1303 naturam
2336 1251 2450 1314 fuit,
2485 1255 2629 1319 prius
2670 1254 2831 1308 etiam
2872 1257 3118 1324 sumpsit,
3151 1267 3205 1311 et
3248 1257 3624 1316 difﬁnitionem

2042 1345 2255 1412 quidem
2302 1346 2611 1401 substantia:
2666 1348 2909 1415 proferre
2962 1364 3065 1402 non
3117 1352 3325 1419 potuit,
3368 1351 3461 1406 sed
3509 1367 3628 1422 p051

2040 1438 2344 1502 exemplum
2388 1438 2634 1505 superius
2672 1439 2852 1491 datum
2892 1440 3306 1507 descriptionem
3338 1443 3624 1511 quamdam

2042 1527 2242 1594 profert
2295 1543 2395 1596 qua
2434 1529 2559 1596 quid
2595 1529 2662 1581 sit
2694 1530 2803 1596 ipsa
2854 1532 3150 1585 substantia
3181 1508 3435 1599 queamus
3464 1549 3627 1603 agno-

2039 1633 2189 1672 scere
2212 1634 2226 1672 :
2246 1617 2347 1672 hoc
2372 1629 2454 1672 est
2476 1631 2673 1686 autem,
2701 1636 2804 1673 non
2827 1637 2947 1676 esse
2968 1623 3020 1676 in
3044 1623 3310 1692 subjecto;
3329 1625 3633 1679 substantia

2038 1709 2177 1761 enim
2210 1712 2258 1762 in
2288 1710 2527 1778 subjecto
2554 1726 2657 1765 non
2678 1720 2779 1766 est.
2805 1712 2951 1766 Facit
2978 1724 3153 1768 autem
3182 1716 3462 1783 quamdam
3494 1717 3625 1770 sub-

349 1799 594 1869 plelione
619 1814 683 1853 ex
716 1799 782 1852 iis
804 1812 922 1867 quin
946 1796 1240 1851 secllndum
1271 1794 1474 1849 "Ullam
1505 1796 1933 1864 complexionem
1972 1795 2016 1852 Β
2044 1803 2354 1856 stantiarnm
2403 1802 2719 1858 divisionem
2766 1821 2885 1857 cmn
2933 1806 3084 1871 dicit,
3117 1808 3247 1861 alias
3276 1808 3474 1875 primas
3504 1822 3625 1862 esse

346 1891 593 1942 dicuntur
634 1888 830 1942 veritas
853 1886 1159 1955 fa'sitasque
1181 1884 1480 1940 conficitur.
1505 1884 1933 1939 Afﬁrmatiunem

346 1992 524 2036 autem
576 1981 741 2034 solam
787 1996 929 2035 nunc
975 1980 1297 2035 Aristoteles
1348 1981 1662 2050 interposuit
1691 2022 1705 2045 ,
1736 1980 1935 2034 idcirco

348 2074 490 2142 quod
526 2073 697 2126 omnis
723 2072 1006 2126 afﬁrmatio
1049 2072 1196 2141 prior
1235 2082 1316 2126 est
1344 2088 1358 2136 ;
1388 2073 1487 2125 lioc
1532 2072 1677 2126 enim
1723 2072 1936 2140 negatio

349 2164 504 2229 tollit,
539 2164 678 2233 quod
715 2163 998 2216 affirmatio
1028 2173 1151 2217 ante
1188 2163 1467 2217 constituit
1495 2180 1508 2215 :
1536 2165 1680 2232 prius
1716 2164 1932 2232 quidem

344 2257 639 2312 secundum
680 2257 1157 2325 significationem,
1200 2256 1295 2310 sed
1346 2272 1452 2310 non
1504 2256 1801 2312 secundum
1841 2272 1933 2324 ge-

344 2366 464 2415 nus,
496 2350 639 2420 quod
682 2350 788 2404 alio
838 2350 1062 2419 liquebit
1103 2350 1243 2405 loco.
1276 2349 1509 2403 Maxime
1549 2359 1726 2403 autem
1783 2364 1935 2401 nion-

342 2453 475 2499 strat
521 2432 843 2496 Aristoteles
882 2455 943 2495 se
986 2456 1089 2495 non
1135 2440 1201 2493 de
1250 2440 1433 2501 rebus.
1466 2441 1560 2494 sed
1602 2440 1669 2493 de
1712 2439 1934 2493 vocibus

345 2548 721 2600 tractaturum,
749 2534 889 2605 quod
926 2533 997 2587 ait
1029 2550 1044 2591 :
1084 2533 1283 2587 Horum
1316 2542 1492 2585 autem
1521 2534 1588 2584 ad
1616 2546 1675 2585 se
1704 2532 1931 2585 invicem

343 2630 716 2698 complexione
763 2626 1049 2681 afﬁrmatio
1080 2625 1173 2689 ﬁt;
1217 2640 1323 2678 non
1376 2624 1517 2678 enim
1565 2638 1746 2677 rerum
1788 2640 1933 2677 com-

344 2721 597 2787 plexione
646 2720 707 2773 ﬁt
751 2718 1037 2772 afﬁrmatio
1076 2718 1158 2771 vel
1208 2715 1441 2785 negatio,
1468 2715 1562 2769 sed
1594 2730 1930 2782 sermonum,

344 2828 440 2868 nec
466 2814 522 2867 in
552 2811 719 2866 rebus
748 2819 830 2864 est
858 2811 1055 2864 veritas
1085 2819 1137 2863 et
1165 2807 1390 2871 falsitas,
1420 2806 1515 2861 sed
1553 2807 1606 2860 in
1652 2804 1933 2861 intellecti-

345 2909 439 2960 bus
467 2916 630 2976 atque
660 2904 1026 2974 opinionibus,
1059 2913 1113 2957 et
1137 2911 1257 2970 post
1286 2902 1401 2956 ha‘c
1432 2901 1486 2954 in
1516 2902 1739 2955 vocibus
1769 2911 1929 2970 atque

343 2998 699 3053 sermonibus.
736 3000 909 3066 Atque
955 2997 1068 3049 hinc
1115 2996 1394 3049 hactenus.
1433 2994 1737 3048 Secundum
1784 3009 1923 3048 enm-

344 3089 644 3157 plexionem
676 3104 801 3157 ergo
831 3096 960 3141 sunt
1007 3102 1341 3156 qua-cunque
1369 3102 1432 3139 cx
1465 3086 1685 3155 integris
1714 3101 1931 3153 compu-

2042 1894 2401 1958 substantias,
2449 1895 2581 1949 alias
2628 1896 2890 1950 set-undas
2919 1914 2931 1949 :
2959 1898 3154 1963 primas
3195 1913 3392 1953 vocans
3435 1899 3523 1952 iud
3550 1901 3623 1953 vi-

2040 1985 2192 2049 duas,
2224 1985 2486 2039 secundas
2514 2000 2644 2040 vero
2672 1986 3065 2041 indivitluarum
3092 1989 3297 2057 species
3324 1999 3376 2043 et
3403 2003 3620 2059 genera.

2044 2078 2183 2145 Ergo
2225 2094 2344 2130 cum
2381 2078 2567 2146 primis
2596 2078 2952 2147 secundisque
2995 2094 3020 2131 ε
3043 2079 3308 2134 .bstantiis
3338 2094 3622 2136 commune

2040 2169 2111 2222 sit
2141 2185 2245 2223 non
2273 2185 2393 2224 esse
2422 2170 2475 2223 in
2506 2170 2769 2237 subjecto,
2799 2170 3036 2224 additum
3070 2171 3255 2239 primis
3286 2161 3622 2237 substantiis,

2039 2259 2106 2312 de
2148 2259 2402 2328 subjectis
2451 2276 2558 2313 non
2610 2260 2923 2327 prmdicari,
2975 2262 3175 2329 primas
3224 2263 3550 2317 substantias
3592 2266 3624 2319 a

2039 2352 2288 2406 secundis
2318 2352 2633 2406 substantiis
2660 2354 2905 2421 separat;
2939 2354 3233 2408 substantia
3263 2354 3403 2409 enim
3436 2356 3625 2411 indivi-

2038 2445 2162 2508 dua,
2192 2444 2245 2499 in
2274 2460 2339 2499 eo
2368 2445 2509 2513 quod
2544 2457 2624 2499 est
2667 2446 2984 2513 substantia,
3019 2447 3069 2499 in
3100 2447 3251 2517 subje
3274 2457 3340 2501 to
3372 2466 3475 2502 non
3506 2460 3622 2504 est:

2037 2536 2178 2605 quod
2208 2546 2383 2590 autem
2417 2536 2688 2591 individua
2731 2546 2833 2602 est,
2868 2538 2935 2591 de
2962 2538 3203 2607 subjecto
3235 2554 3339 2595 non
3370 2524 3623 2610 praedica-

2040 2642 2144 2684 tur.
2211 2632 2347 2685 Sunt
2400 2646 2529 2699 ergo
2585 2633 2771 2700 prima:
2826 2627 3141 2686 substantia:
3192 2649 3311 2702 qua:
3360 2650 3533 2704 neque
3573 2636 3622 2687 in

2042 2721 2286 2790 subjecto
2332 2731 2486 2787 Sunt,
2518 2737 2690 2791 neque
2734 2722 2801 2774 de
2845 2723 3085 2790 subjecto
3135 2725 3417 2789 dicuntur,
3448 2734 3502 2777 ut
3542 2741 3623 2779 est

2037 2814 2285 2868 Socrates
2308 2814 2387 2869 vel
2412 2814 2581 2866 Plato.
2610 2813 2671 2865 lli
2694 2813 2833 2865 enim
2860 2814 3112 2881 quoniam
3137 2814 3449 2867 'substantia:
3476 2830 3621 2878 sunt,

2038 2906 2088 2959 iu
2142 2904 2383 2971 subjecm
2427 2904 2573 2956 nullo
2625 2908 2769 2956 sunt.
2803 2902 3065 2966 Quoniam
3111 2918 3238 2954 vero
3275 2904 3621 2970 particulares

2038 2994 2405 3061 iudividuique
2456 3002 2600 3055 sunt,
2649 3008 2714 3047 ne
2765 2994 2911 3045 nullo
2954 2994 3196 3060 subjecto
3245 2993 3631 3061 prmdicantur-

2036 3085 2298 3142 Secundce
2328 3100 2457 3140 vero
2488 3085 2799 3139 substantia:
2827 3093 2971 3145 sunt,
2996 3084 3187 3151 quibus
3228 3098 3513 3138 commune
3540 3096 3635 3138 est.

345 3182 461 3234 sitis
503 3182 655 3242 ﬁunt,
688 3188 744 3232 ut
781 3180 1033 3234 Socrates
1078 3178 1338 3243 ambulat,
1371 3192 1496 3230 nam
1523 3187 1577 3231 et
1605 3178 1857 3231 Socrates
1883 3189 1934 3232 et
1961 3167 2006 3227 Ω
2039 3196 2160 3235 cum
2192 3179 2378 3248 primis
2424 3178 2771 3239 substantiis,
2799 3176 2937 3246 quod
2971 3176 3024 3229 in
3055 3175 3430 3244 subjectonon
3476 3186 3641 3239 sunt,_

343 3272 578 3327 ambulat
618 3281 840 3342 uterque
890 3273 1093 3340 integer
1134 3286 1316 3324 sermo
1365 3276 1467 3334 est,
1517 3277 1571 3323 et
1614 3271 1933 3338 conjunctus

342 3365 748 3419 aflirmationem
780 3363 924 3417 facit.
963 3362 1032 3416 At
1061 3376 1188 3415 vero
1218 3362 1260 3415 si
1289 3361 1409 3431 quis
1439 3360 1582 3414 dicat
1613 3363 1932 3431 flammiger,

341 3462 421 3515 vel
444 3460 788 3523 multisonus,
811 3458 897 3511 vel
925 3457 1263 3525 ﬂuctivagus,
1287 3454 1585 3509 secundum
1603 3456 1934 3525 complexio-

344 3568 463 3605 nem
497 3566 601 3603 non
635 3553 741 3604 erit
772 3551 869 3603 ista
916 3548 1179 3617 prolatio,
1212 3546 1410 3600 idcirco
1440 3546 1584 3616 quod
1627 3562 1693 3601 ex
1726 3547 1931 3600 neutris

340 3644 558 3712 integris
602 3642 800 3696 factum
841 3650 943 3694 est.
990 3640 1193 3693 [lorum
1238 3647 1412 3691 autem
1446 3638 1631 3692 decem
1677 3638 1931 3707 praedica-

341 3744 647 3790 mentormb
674 3736 1021 3790 diiﬁnitiones
1050 3734 1276 3788 inveniri
1313 3751 1416 3787 non
1459 3746 1705 3803 possunt,
1732 3734 1931 3788 idcirco

340 3827 486 3897 quod
518 3844 579 3882 ea
603 3844 721 3895 qua:
744 3826 1035 3895 signiﬁcant
1068 3826 1472 3894 generalissima
1498 3837 1639 3880 sunt.
1668 3826 1931 3881 Substan-

344 3922 420 3973 tia
443 3918 589 3972 enim
617 3929 666 3973 et
690 3918 978 3986 quantitas,
1002 3928 1052 3972 et
1078 3919 1304 3987 qualitas
1332 3919 1461 3972 nulli
1488 3935 1718 3989 unquam
1743 3920 1928 3989 generi

339 4010 595 4062 Videntur
650 4012 775 4061 es‘se
828 4007 1081 4075 subjecta.
1145 4008 1320 4074 Quare
1371 4008 1624 4077 quoniam
1675 4010 1928 4063 difﬁnitio

338 4101 517 4154 omnis
546 4114 575 4152 a
600 4113 802 4167 genere
831 4100 1058 4161 ducitur,
1087 4114 1256 4167 genus
1301 4099 1442 4169 quod
1472 4100 1559 4152 alii
1590 4102 1773 4168 generi
1803 4100 1929 4153 sub-

335 4191 529 4261 jectum
562 4205 667 4244 non
710 4199 814 4257 est,
844 4206 872 4242 a
903 4189 1224 4243 difﬁnitione
1270 4191 1614 4259 relinquitur.
1650 4191 1754 4246 Sed
1788 4207 1927 4245 nunc

338 4285 546 4352 quidem
567 4284 806 4336 omnium
830 4283 1368 4351 praadicamentorum
1396 4283 1767 4337 convenientia
1792 4284 1928 4337 dixit

338 4375 576 4444 exempla
603 4414 621 4437 ,
649 4382 771 4443 post
794 4389 921 4428 vero
946 4373 1108 4427 latius
1132 4374 1199 4427 dc
1225 4388 1546 4443 unoquoque
1571 4374 1919 4430 tractabitur:

338 4473 389 4517 et
418 4465 666 4535 quoniam
699 4463 956 4517 diffinitio
1007 4463 1243 4518 inveniri
1285 4464 1427 4517 nulla
1481 4474 1670 4533 potest,
1703 4464 1923 4533 quibus-

2041 3274 2312 3343 pr0prium
2354 3288 2484 3325 vero
2529 3273 2668 3341 quod
2713 3272 2779 3325 de
2824 3270 3065 3338 subjecto
3095 3268 3471 3338 pra-dicantur,
3503 3284 3630 3337 quas.

2038 3366 2286 3419 secunda:
2328 3364 2642 3418 substantia:
2685 3371 2811 3418 sunt
2859 3364 3209 3429 universales,
3244 3370 3302 3414 ut
3339 3372 3420 3415 est
3462 3362 3643 3416 homo.

2036 3467 2195 3524 atque
2224 3456 2443 3519 animal;
2474 3456 2633 3507 homo
2659 3470 2888 3519 namque
2914 3463 2969 3507 et
2988 3454 3186 3507 animal
3217 3453 3271 3507 in
3299 3452 3445 3509 nullo
3500 3464 3635 3508 sunt

2035 3549 2296 3616 subjecto,
2330 3548 2424 3600 sed
2464 3546 2533 3601 de
2571 3546 2813 3615 subjecto
2850 3547 3026 3614 aliquo
3071 3545 3447 3613 prmdicantur.
3489 3544 3633 3602 Sunt.

2038 3644 2198 3712 igitur
2230 3643 2415 3711 prima:
2459 3640 2774 3694 substantia:
2818 3640 3184 3706 particulares,
3210 3636 3457 3693 secunda:
3499 3640 3618 3691 tini-

2034 3733 2292 3788 versalcs.
2320 3734 2540 3800 Pr0prie
2571 3740 2749 3785 autem
2789 3731 3115 3784 substantias
3142 3729 3617 3797 individuasdicit,

2034 3825 2172 3893 quod
2205 3826 2473 3878 hominem
2505 3824 2718 3891 quidem
2752 3822 2890 3876 idem
2938 3823 3106 3889 ipsam
3138 3823 3395 3891 speciem,
3420 3832 3473 3877 ct
3501 3824 3616 3877 ani-

2036 3917 2163 3979 mal,
2216 3914 2355 3984 quod
2409 3924 2492 3969 est
2547 3928 2891 3981 genus,'non
2948 3911 3047 3963 nisi
3101 3926 3167 3964 ex
3223 3912 3617 3967 individuorum

2032 4007 2334 4075 cognitione
2360 4004 2681 4073 colligimus.
2705 4001 2880 4067 Quare
2909 4000 3160 4067 quoniam
3193 4015 3256 4053 ex
3286 4001 3618 4067 singulorum

2031 4100 2277 4155 sensibus
2326 4098 2649 4168 generalitas
2698 4093 2970 4148 intellecta
3012 4100 3116 4154 est,
3168 4091 3357 4145 merito
3388 4094 3613 4160 propria-

2030 4190 2344 4245 substantia:
2375 4187 2644 4243 individua
2676 4197 2730 4242 et
2766 4184 2975 4254 singula
3026 4182 3388 4238 nominantur.
3415 4182 3618 4238 Princi-

2031 4281 2221 4350 paliter
2258 4296 2389 4335 vero
2432 4279 2720 4334 individua:
2767 4277 3080 4332 substantia:
3112 4277 3267 4331 dicta:
3297 4288 3444 4343 sunt,
3475 4278 3619 4346 quod

2028 4388 2187 4427 omne
2226 4372 2477 4427 accidens
2528 4372 2675 4440 prius
2705 4371 2757 4425 in
2790 4369 3085 4435 indiv‘idua,
3117 4377 3237 4437 post
3280 4383 3407 4421 vero
3438 4369 3489 4421 in
3526 4382 3617 4422 se:

2028 4466 2232 4520 condas
2260 4463 2589 4518 substantias
2617 4462 2781 4514 venit.
2831 4461 2962 4513 Nam
2993 4459 3241 4529 quoniam
3272 4458 3616 4513 Aristarchus

336 4557 458 4608 dam
508 4556 927 4624 pr0prictatibus
957 4555 1336 4619 informantur,
1364 4571 1531 4623 quare
1575 4556 1828 4624 qtmniam
1858 4556 1924 4609 de
1956 4545 2409 4624 Dgrammaticus
2458 4562 2562 4613 est,
2608 4553 2768 4604 homo
2818 4566 2949 4604 vero
2999 4561 3080 4603 est
3128 4548 3486 4614 Aristarchus,
3534 4560 3612 4603 est

338 4649 418 4703 liis
447 4649 647 4704 dictum
678 4659 761 4705 est
791 4649 970 4719 plene,
994 4650 1061 4701 ad
1091 4657 1378 4703 tractatum
1403 4650 1719 4704 substantia:
1752 4660 1928 4704 trans-

339 4755 539 4795 eamus.

837 4835 923 4889 DE
964 4834 1417 4891 SUBSTANTIA.

402 4927 705 4982 Substantia
750 4936 922 4979 autem
968 4942 1083 4995 quae
1133 4928 1343 4996 praprie
1385 4938 1434 4980 et
1475 4926 1822 4996 principaliter
1872 4938 1917 4980 et

333 5022 546 5073 maxime
565 5019 775 5085 dicitur,
790 5028 863 5072 est
884 5034 997 5087 qua:
1020 5035 1179 5088 neque
1199 5020 1261 5072 de
1279 5021 1394 5091 subj
1425 5029 1504 5072 cto
1525 5019 1735 5083 dicitur,
1762 5034 1923 5086 neque

329 5114 383 5162 in
408 5110 631 5178 subjecta
652 5121 749 5174 est,
777 5119 830 5162 ut
858 5109 1049 5179 aliquis
1089 5110 1263 5171 Itonia,
1291 5113 1366 5163 vel
1386 5110 1572 5180 aliquis
1601 5126 1777 5177 equus.
1820 5107 1919 5162 Se-

326 5203 504 5255 cunda‘
547 5212 718 5255 autem
764 5204 1066 5257 substantia:
1113 5204 1355 5256 dicuntur
1394 5204 1615 5272 species,
1654 5203 1707 5255 in
1740 5202 1920 5271 quibus

324 5298 429 5349 illic
453 5312 568 5365 quin
599 5296 951 5364 principaliter
989 5298 1290 5350 substantia:
1320 5297 1583 5362 dicuntur,
1614 5296 1807 5346 insunt.
1852 5292 1919 5347 Et

323 5392 402 5441 Inc
440 5387 648 5455 quidem
693 5395 743 5439 et
788 5386 973 5439 harum
1032 5389 1316 5454 specierum
1364 5402 1580 5452 genera,
1630 5394 1685 5436 ut
1734 5384 1919 5452 aliquis

322 5479 500 5541 homo,
524 5478 578 5528 in
599 5478 763 5539 specie
787 5478 993 5545 quidem
1027 5491 1098 5531 est
1128 5480 1178 5531 in
1221 5477 1445 5539 nomine,
1482 5492 1641 5546 genus
1665 5491 1779 5527 vero
1806 5492 1919 5539 spe-

322 5566 652 5635 cici,animal
682 5577 776 5620 est.
808 5568 1060 5621 Secunda:
1081 5585 1201 5637 ergo
1224 5568 1523 5621 substantiw
1552 5566 1631 5618 Ita:
1660 5566 1917 5631 dicuntur,

324 5672 380 5714 ut
406 5668 481 5715 est
509 5660 663 5713 homo
692 5666 842 5724 atque
861 5658 1079 5717 animal.

395 5751 666 5822 Quaeritur
712 5766 809 5807 cur
852 5748 1387 5821 praedicameutorum
1434 5758 1713 5806 tractatum
1745 5750 1920 5804 asub-

2033 4647 2193 4699 homo
2215 4643 2594 4714 grammaticus
2622 4657 2636 4693 :
2661 4642 2734 4694 ita
2766 4641 2910 4708 prius
2937 4655 3097 4695 omne
3122 4640 3369 4693 accidens
3393 4640 3445 4692 in
3477 4638 3615 4693 indi-

2031 4738 2244 4793 viduum
2292 4737 2458 4801 venit,
2494 4734 2732 4788 secundo
2775 4746 2905 4785 vero
2950 4733 3068 4785 loco
3107 4731 3267 4786 etiam
3311 4730 3365 4785 in
3406 4732 3614 4802 species

2030 4842 2329 4899 generatim:
2359 4823 2775 4879 Substantiarum
2805 4822 3058 4875 accidens
3099 4820 3226 4875 illud
3256 4821 3441 4877 venire
3465 4831 3614 4892 puta-

2033 4922 2190 4976 bitur.
2228 4918 2389 4973 liccte
2437 4917 2601 4986 igitur
2650 4917 2791 4986 quod
2842 4915 2989 4985 prius
3039 4914 3337 4983 subjectum
3382 4925 3481 4983 est,
3513 4917 3614 4977 hoe

2033 5013 2329 5067 substantii
2380 5010 2749 5081 principaliter
2792 5010 3110 5077 appellatur.
3157 5008 3388 5064 Maxim‘e
3435 5017 3646 5079 auteml

2030 5106 2323 5159 substantia
2356 5104 2524 5172 prima
2569 5103 2784 5167 dicitur,
2814 5100 3014 5155 idcirco
3052 5104 3193 5169 quod
3233 5113 3350 5166 qua:
3381 5097 3611 5156 maxime

2031 5198 2266 5267 subjecta
2312 5206 2394 5249 est
2425 5194 2583 5248 rebus
2630 5193 2770 5256 aliis,
2796 5207 2857 5244 ea
2906 5192 3136 5244 maxime
3178 5187 3474 5242 substantia
3504 5186 3609 5242 dict

2036 5297 2248 5358 potest:
2278 5286 2507 5339 maxime
2553 5294 2729 5336 autem
2773 5282 3011 5347 subjecta
3042 5290 3123 5333 est
3152 5279 3318 5346 prima
3362 5277 3609 5334 substans

2030 5380 2098 5432 tia
2129 5394 2143 5441 ;
2171 5376 2349 5429 omnia
2388 5374 2531 5427 enim
2559 5373 2625 5426 de
2657 5372 2841 5439 primis
2883 5367 3196 5423 substantiis
3224 5366 3491 5433 dicuntur,
3519 5380 3606 5425 aut

2027 5470 2214 5540 primis
2241 5465 2557 5521 substantiis
2584 5464 2784 5526 insunt,
2815 5470 2870 5514 ut
2894 5475 3085 5530 genera
3112 5468 3165 5513 et
3189 5458 3395 5527 species
3420 5477 3431 5512 :
3458 5475 3605 5516 nam-

2025 5577 2129 5632 que
2167 5568 2222 5613 ει
2258 5571 2453 5626 genera
2504 5563 2558 5609 et
2609 5556 2817 5623 species
2868 5550 3226 5620 praedicantur
3264 5550 3329 5605 de
3380 5553 3608 5622 propriis

2027 5650 2338 5713 individuis,
2379 5658 2433 5701 ut
2485 5646 2684 5701 animal
2735 5654 2895 5713 atque
2942 5643 3101 5697 homo
3151 5644 3503 5713 praedicantur
3543 5646 3607 5701 tle

2027 5744 2267 5809 Socrate,
2303 5742 2354 5798 id
2392 5747 2472 5797 est
2512 5736 2759 5794 secunda:
2806 5734 3115 5790 Bubsuuttia:
3158 5734 3224 5791 de
3270 5736 3492 5805 primis:
3526 5739 3607 5792 sin
