4244 6254
596 328 696 382 H3

1810 329 1914 381 AN.
1964 328 2170 383 .\l.\.‘v‘l..
2215 327 2361 381 SEV.
2408 326 2627 381 liUE'l'll

3761 327 3854 381 181

592 460 719 497 τιΤο
765 444 872 498 sint
918 443 1234 504 accidentia,-
1268 443 1319 496 in
1355 443 1538 510 prinis
1568 443 1878 496 substantiis
1910 442 2175 511 principa-
2204 449 2249 501 Α
2279 442 2617 508 auitnus,cur
2635 460 2739 497 non
2760 443 2852 498 ltas
2877 446 3075 512 primas
3099 445 3424 501 substantias
3443 447 3856 518 nuncupaverit?

589 538 709 586 liter
748 543 892 588 sunt.
942 533 1117 598 Ωιι-ατε
1149 534 1397 601 quoniam
1442 545 1490 587 ct
1539 532 1686 586 accid
1727 535 1836 586 ntia
1880 533 1932 586 itt
1984 533 2169 598 primis

586 625 899 678 sllelﬂllliiS
928 623 1288 692 principaliter
1311 635 1450 689 sunt,
1479 634 1532 678 et
1563 626 1811 678 secunda:
1854 625 2172 679 substantia:

587 716 652 766 de
687 713 873 780 primis
898 715 1208 768 substant’is
1239 714 1610 779 pra-dicantur,
1645 715 1829 781 prima:
1858 716 2170 772 substantia:

586 806 831 860 secundis
871 807 1177 858 substantiis
1220 805 1693 873 accitlenlibasque
1739 805 1993 871 subjecta:
2024 816 2170 861 sunt.

583 903 761 956 Uttarc
797 899 1046 965 quoniam
1088 897 1202 950 ista:
1231 897 1466 949 maxime
1495 897 1747 962 subjecta:
1784 906 1907 949 sunt
1943 906 1998 950 et
2029 900 2170 951 acci-

585 992 821 1043 ttenlium
870 989 1247 1051 subxistentim,
1271 998 1324 1042 et
1352 988 1704 1044 secundarum
1755 989 2168 1043 substantiarum

589 1083 966 1149 pt-aztlicationi.
1001 1080 1198 1136 idcirco
1229 1082 1458 1136 maxime
1495 1081 1808 1136 substantia:
1855 1099 2167 1148 nuncupan-

585 1187 688 1228 tur.
725 1175 858 1228 Dicit
901 1181 1078 1227 autem
1131 1189 1237 1226 non
1287 1172 1462 1228 omnis
1511 1174 1719 1242 species
1768 1190 1940 1243 neque
1990 1176 2168 1228 omnia

583 1281 798 1330 genera,
829 1266 1092 1321 secundas
1141 1280 1260 1320 esse
1309 1265 1667 1329 substantias,
1697 1267 1789 1319 sed
1831 1283 1923 1319 eas
1964 1279 2166 1322 tantum

582 1374 700 1425 qum
745 1356 944 1426 primas
997 1357 1324 1412 substantias
1372 1359 1742 1424 continerent,
1776 1368 1833 1412 ut
1885 1370 1964 1412 est
2010 1363 2170 1414 homo

581 1463 738 1522 atque
767 1453 1000 1517 animal;
1029 1454 1187 1506 homo
1234 1469 1462 1523 namque
1503 1455 1742 1508 continet
1786 1455 2084 1518 Socratem,
2118 1457 2168 1510 id

580 1555 662 1598 est
709 1543 1314 1612 aliquamlindividuant
1363 1545 1739 1599 substantiam.
1791 1545 1998 1599 Animal
2043 1563 2168 1600 vero

580 1636 819 1688 continet
852 1635 1180 1690 individuum
1228 1636 1596 1706 speciemque,
1628 1636 1680 1688 id
1707 1647 1789 1690 est
1816 1637 2086 1690 hominem
2115 1647 2168 1691 et

579 1726 809 1794 aliquem
854 1728 1145 1780 hominem.
1189 1727 1368 1792 Quare
1395 1741 1588 1795 genera
1622 1738 1676 1780 et
1704 1727 1910 1794 species
1936 1743 2054 1796 qua:
2097 1728 2166 1781 de

2273 535 2534 601 Quoniam
2555 536 2640 590 hic
2658 537 2722 590 de
2751 538 3055 591 nominibus
3081 547 3337 594 tractatus
3360 540 3583 594 habetur
3603 581 3618 606 ,
3641 542 3856 595 nomina

2274 636 2460 692 autem
2482 627 2658 693 primo.
2681 627 2784 681 illis
2813 627 2974 681 indita
3012 638 3138 683 sunt
3168 646 3288 698 qua:
3329 631 3698 700 principaliter
3736 647 3859 686 sen-

2274 719 2425 772 sibus
2456 718 2602 772 lncre
2631 717 2912 793 subjecta,
2953 722 3246 788 posteriora
3294 737 3425 775 vero
3465 722 3516 774 in
3555 723 3860 778 nominibus

2277 811 2534 876 ponendis
2563 820 2817 879 putantur
2856 827 3188 880 qumcunque
3217 811 3282 864 ad
3319 813 3703 880 intelligibiletn
3736 828 3860 880 per-
3921 878 3930 884 _

2276 904 2442 957 tinent
2475 904 2960 972 incorporalitatcm
2987 920 3001 966 ;
3027 918 3190 971 quare
3219 904 3467 972 quoniam
3497 905 3550 958 in
3575 904 3675 957 hoc
3697 920 3860 972 opera

2275 995 2638 1064 principaliter
2665 996 2729 1048 de
2762 995 3063 1048 nominibus
3114 1005 3378 1050 tractatus
3415 1005 3520 1059 est,
3555 997 3622 1050 de
3668 987 3872 1062 indivi-f

2201 1135 2214 1148 ,
2275 1087 2393 1140 duis
2420 1102 2549 1140 vero
2579 1085 2889 1140 substantiis
2916 1102 3037 1154 qua:
3066 1087 3249 1152 prima:
3278 1087 3522 1140 sensibus
3579 1088 3860 1156 subiacent

2277 1178 2441 1244 prima
2475 1187 2600 1229 sunt
2623 1177 2764 1230 dicta
2795 1176 3050 1228 vocabula
3083 1177 3133 1229 in
3165 1191 3329 1243 Opere
3355 1192 3462 1246 quo
3491 1178 3558 1231 de
3583 1179 3856 1236 vocabulis

2277 1273 2624 1334 tractabatur,
2649 1273 2842 1324 merita
2876 1270 3161 1322 individua:
3184 1271 3573 1338 sensibilesque
3603 1273 3855 1326 substan-

2278 1365 2362 1417 tiae
2402 1361 2588 1430 prima-
2616 1360 2928 1414 substantia:
2958 1369 3084 1412 sunt
3127 1359 3336 1427 positze.
3381 1359 3511 1412 Cum
3540 1370 3714 1414 autem
3744 1371 3856 1416 tres

2273 1453 2587 1508 substantia:
2614 1455 2741 1518 sint,
2767 1453 3010 1513 materia,
3034 1453 3260 1518 species,
3287 1463 3338 1506 et
3369 1468 3488 1522 qua:
3515 1469 3584 1507 ex
3615 1455 3855 1522 utrisque

2272 1544 2555 1599 coniicitur
2577 1543 2809 1612 undique
2837 1543 3130 1622 composita
3157 1549 3218 1595 et
3232 1549 3510 1610 compacta
3533 1544 3852 1605 substantia,

2274 1640 2359 1692 ltic
2385 1653 2560 1706 neque
2582 1636 2650 1691 de
2679 1636 2792 1690 sola
2825 1635 3031 1702 specie,
3056 1651 3228 1702 neque
3255 1635 3322 1688 de
3351 1635 3462 1688 sola
3496 1637 3740 1698 materia,
3762 1636 3854 1690 sed

2270 1729 2337 1782 de
2378 1729 2615 1796 utrisque
2662 1726 2834 1779 mistis
2871 1725 3291 1793 compositisque
3339 1726 3635 1792 proposuit.
3667 1725 3854 1779 Partes

582 1818 767 1888 primis
793 1818 1108 1872 substantiis
1138 1818 1517 1887 prmdicanlur,
1548 1819 1689 1882 ipsas
1718 1817 1984 1872 secundas
2017 1827 2163 1886 putat
2202 1827 2238 1880 ιζ
2269 1830 2446 1874 autem
2476 1819 2791 1874 substantia:
2836 1817 3201 1883 incomposita:
3227 1825 3283 1870 et
3309 1817 3579 1882 simplices
3617 1827 3758 1881 sunt,
3787 1833 3854 1872 ex

580 1924 699 1964 esse
726 1909 1082 1973 subStantias;
1110 1909 1208 1963 hnc
1239 1918 1415 1962 autem
1450 1909 1736 1967 lutcmodn
1762 1910 1834 1962 ait
1867 1927 1877 1962 :
1902 1909 2164 1964 Secunda:

581 2011 757 2055 antem
795 2001 1104 2054 substantim
1134 1999 1384 2054 dicuntur
1414 2001 1465 2053 in
1511 2001 1702 2065 quibus
1747 2003 2028 2069 speciebus
2059 2002 2167 2056 illa:

582 2107 700 2160 qua:
751 2091 1112 2160 principaliter
1158 2085 1472 2146 substantia:
1515 2093 1766 2147 dicuntur
1804 2094 1985 2146 insunt
2013 2109 2026 2152 :
2055 2094 2168 2150 tunc

582 2195 634 2240 et
682 2187 870 2240 barum
925 2187 1225 2255 specierum
1269 2200 1495 2255 genera,
1523 2195 1577 2240 et
1625 2186 1752 2239 inde
1788 2186 2166 2240 convenientia

583 2279 732 2346 ponit
777 2277 1017 2343 exempla
1036 2317 1058 2341 ,,
1085 2292 1146 2331 ac
1189 2277 1234 2330 si
1282 2279 1485 2332 diceret
1529 2294 1541 2329 :
1584 2277 1697 2329 Non
1748 2275 1924 2329 omnia
1973 2292 2174 2343 genera,

585 2387 755 2441 neque
778 2385 966 2425 omnes
986 2371 1314 2425 substantias
1335 2370 1476 2432 dico,
1498 2369 1591 2424 sed
1615 2383 1707 2423 eas
1731 2379 1930 2422 tantum
1962 2369 2170 2436 species

585 2464 636 2516 in
679 2461 872 2530 quibus
912 2462 1187 2515 individua
1237 2462 1348 2527 illa,
1397 2461 1448 2514 id
1495 2468 1578 2515 est
1626 2462 1811 2528 prima:
1858 2460 2170 2513 subSIantia:

585 2563 730 2616 sunt,
754 2565 807 2608 et
840 2555 1026 2607 barum
1056 2554 1379 2621 specierum.
1414 2552 1462 2605 id
1495 2561 1576 2604 est
1604 2566 1722 2619 quae
1753 2551 2029 2603 continent
2058 2552 2170 2617 pri-

586 2660 700 2698 mas
741 2643 1086 2704 substantias.
1112 2658 1329 2710 genum.
1380 2641 1489 2694 lloc
1529 2652 1705 2693 autem
1739 2640 1939 2696 idcirco
1969 2639 2171 2693 dictum

586 2737 812 2802 videtur,
845 2751 911 2788 ne
939 2738 1058 2804 quis
1083 2735 1316 2787 enloretn
1359 2735 1500 2801 quod
1548 2747 1717 2801 genus
1747 2739 1852 2793 est,
1881 2731 1962 2786 vel
1993 2731 2171 2785 album

586 2826 727 2896 quod
773 2837 854 2880 est
900 2827 1124 2894 species,
1165 2824 1425 2877 secundas
1470 2832 1615 2890 putet
1655 2837 1775 2877 esse
1824 2821 2175 2883 substantias,

589 2920 687 2970 ista
719 2917 860 2970 enim
910 2916 1107 2983 primas
1150 2916 1249 2966 sub
1293 2928 1351 2966 se
1393 2931 1495 2966 nun
1537 2913 1836 2967 continent.
1879 2912 1988 2966 Sed
2035 2911 2176 2964 dicat

589 3007 778 3075 aliquis
808 3005 1253 3076 quemadmodum
1284 3005 1469 3074 prima:
1502 3011 1752 3070 poterunt
1780 3018 1900 3056 esse
1929 3002 2176 3055 substan-

591 3099 680 3152 tia:
699 3097 1139 3160 individuamcum
1163 3111 1322 3151 omne
1343 3094 1481 3166 quod
1510 3096 1656 3165 prius
1685 3104 1765 3149 est
1791 3095 2053 3148 sublatum
2076 3108 2174 3144 ειυς

2268 1913 2458 1980 quibus
2491 1912 2603 1979 ipsa
2633 1911 2926 1966 substantia
2956 1909 3263 1967 coniicitur,
3292 1910 3500 1977 species
3526 1917 3580 1963 et
3607 1911 3851 1975 materia,

2268 2018 2400 2066 quas
2440 2013 2559 2068 post
2587 2017 2682 2071 per
2713 2000 2996 2055 transitum
3032 2000 3270 2052 nominat
3298 1999 3504 2061 dicens,
3533 1999 3858 2052 substantia-

2271 2109 2385 2147 tum
2422 2102 2599 2162 partes
2628 2103 2679 2146 et
2711 2093 2852 2161 ipsas
2881 2106 3001 2144 esse
3028 2091 3372 2152 substantias,
3405 2101 3564 2158 atque
3591 2091 3705 2144 lucc
3731 2091 3884 2145 hac»

2271 2196 2446 2238 tenus.
2477 2184 2627 2237 Nunc
2668 2182 3024 2252 expositionis
3053 2196 3268 2236 cursum
3315 2182 3378 2232 :nl
3425 2185 3699 2249 sequentia
3731 2185 3860 2237 etin-

2272 2288 2560 2333 \’ertatntts.
3010 2334 3018 2343 ,

2347 2372 2676 2442 Manifestum
2701 2378 2770 2423 est
2801 2379 2970 2422 autem
2991 2368 3136 2421 exiis
3154 2380 3268 2435 qua:
3297 2367 3432 2418 dicta
3455 2373 3572 2418 sunt
3619 2367 3860 2433 quoniam

2274 2484 2446 2520 eorum
2479 2483 2593 2532 quia
2621 2468 2682 2518 de
2709 2465 2933 2534 subjecto
2973 2464 3243 2526 dicuntur,
3275 2476 3477 2512 necesse
3506 2469 3576 2513 est
3607 2468 3662 2511 er
3679 2476 3863 2512 nomen

2275 2568 2322 2612 et
2348 2559 2594 2610 rationem
2619 2557 2680 2607 de
2702 2556 2929 2626 subjecto
2961 2552 3252 2618 praedicari,
3278 2560 3333 2602 ut
3363 2550 3511 2602 homo
3538 2551 3600 2602 de
3636 2550 3863 2620 subjecto

2276 2651 2449 2717 aliquo
2495 2649 2695 2701 homine
2729 2646 3066 2712 praedicatur;
3110 2642 3414 2708 prttdicatur
3454 2656 3654 2708 quoque
3683 2655 3862 2694 nomen

2275 2742 2457 2812 ipsius,
2492 2739 2749 2792 hominem
2794 2736 2926 2789 enim
2969 2735 3032 2786 de
3069 2733 3244 2798 aliqua
3288 2731 3490 2784 homine
3540 2731 3860 2799 prmdicabis.

2282 2831 2434 2885 Ratio
2463 2845 2664 2900 quoque
2692 2827 2907 2881 hominis
2949 2827 3012 2877 de
3049 2823 3273 2887 subjecto
3299 2822 3472 2891 aliqua
3501 2817 3702 2876 homine
3740 2817 3887 2888 pra:

2279 2923 2573 2975 dicabitur:
2605 2921 2813 2985 quidam
2848 2917 2980 2969 enim
3021 2915 3172 2967 homo
3209 2921 3254 2964 et
3284 2912 3435 2964 homo
3477 2919 3547 2964 est
3575 2921 3621 2964 et
3652 2912 3864 2975 animal,

2279 3028 2436 3080 quare
2467 3019 2512 3062 et
2541 3025 2724 3062 nomen
2758 3018 2805 3062 et
2833 3007 2964 3075 ratio
3002 3003 3362 3073 pradicabitur
3386 3003 3447 3054 de
3473 3002 3722 3072 subjecto.
3758 3002 3866 3055 Eo-

2280 3118 2393 3155 rum
2435 3117 2552 3155 uero
2597 3113 2712 3168 qua:
2752 3100 2801 3151 in
2847 3098 3071 3164 subjecto
3118 3102 3256 3154 sunt.
3297 3094 3354 3148 in
3395 3092 3624 3159 pluribus
3663 3093 3867 3162 quidem

592 3191 730 3244 lerat
750 3190 798 3243 id
827 3189 965 3257 quod
989 3199 1070 3242 est
1089 3189 1376 3255 posterius,
1398 3189 1784 3257 posterioribus
1806 3203 1932 3240 vero
1954 3186 2175 3240 sublatis
2201 3191 2246 3251 ε

2201 3191 2246 3251 C
2281 3209 2442 3264 neque
2469 3207 2652 3245 nomen
2691 3190 2754 3243 de
2783 3188 3008 3260 subjecto
3039 3202 3199 3256 neque
3225 3186 3356 3236 ratio
3392 3185 3772 3253 prrcdicabitur.
3804 3183 3868 3238 In

594 3282 766 3348 priora
803 3297 906 3334 non
936 3282 1186 3347 pereant?
1214 3280 1374 3334 homo
1416 3295 1645 3346 namque
1674 3281 1716 3332 si
1753 3288 1951 3345 pereat,
1979 3279 2030 3332 St
2053 3293 2170 3332 cra-

596 3386 674 3427 tes
701 3387 910 3442 quoque
946 3373 1016 3425 s't
1045 3373 1302 3425 continuo
1333 3371 1599 3440 periturus
1624 3387 1638 3432 ;
1689 3370 1891 3424 sivero
1920 3369 2170 3426 Socrates

597 3464 874 3528 interierit,
907 3466 1065 3517 homo
1094 3465 1348 3518 conlinUn
1378 3478 1480 3516 non
1511 3463 1721 3530 pctibit.
1748 3463 1802 3518 Si
1831 3463 2010 3530 igitur,
2041 3462 2171 3515 sub-

598 3555 717 3606 latis
760 3552 1046 3621 generibus
1077 3564 1129 3607 et
1161 3554 1461 3621 speciebus,
1511 3553 1776 3606 individua
1820 3553 2171 3620 perimuntur,

596 3644 1134 3711 sublatisinditiduis,
1153 3660 1343 3713 genera
1372 3645 1683 3712 speciesque
1713 3655 2044 3712 permanent,
2073 3660 2177 3697 ma-

598 3741 676 3804 gis
716 3737 914 3800 primas
961 3739 1284 3792 substantias
1325 3737 1533 3805 species
1570 3746 1624 3790 et
1671 3752 1865 3804 genera
1910 3737 2174 3790 nominari

597 3828 814 3892 «lignum
847 3826 963 3882 fuit.
990 3828 1093 3882 Sed
1123 3828 1224 3882 ltoc
1247 3830 1404 3882 modo
1433 3827 1826 3882 individuorum
1857 3837 2040 3881 natura
2074 3844 2177 3881 non

601 3928 743 3972 recte
790 3919 1068 3987 accipitur.
1117 3919 1300 3988 Neque
1347 3921 1488 3982 enim
1541 3929 1730 3975 cuncta
1785 3919 2178 3973 individnnrtun

601 4011 904 4064 substantia.
929 4011 978 4062 in
1010 4026 1115 4064 uno
1144 4015 1364 4065 Socrate
1406 4021 1521 4075 est,
1557 4012 1634 4065 vel
1682 4011 1921 4080 quolibet
1951 4027 2057 4064 ttno
2088 4010 2184 4063 lm-

604 4102 767 4163 mine,
800 4103 903 4155 sed.
947 4102 996 4156 iu
1041 4116 1130 4156 om
1172 4101 1287 4156 ibus
1337 4104 1582 4170 singulis.
1615 4101 1824 4156 Genera
1875 4117 2103 4168 namque
2134 4112 2187 4156 et

602 4196 809 4262 species
850 4210 954 4248 non
995 4211 1058 4249 ex
1105 4211 1209 4247 uno
1251 4197 1460 4255 singulo
1513 4195 1787 4250 intellecta
1825 4205 1969 4258 sunt,
1999 4199 2090 4248 sed
2120 4212 2183 4248 es

611 4285 1104 4355 nnmibussingulis
1126 4285 1436 4349 individuis,
1454 4287 1646 4338 mentis
1675 4286 1880 4340 ratione
1907 4296 2184 4352 concepta.

606 4379 832 4446 Semper
876 4376 1034 4428 etiam
1083 4391 1200 4444 qua:
1246 4376 1490 4428 sensibus
1536 4375 1918 4443 propinquiora
1949 4384 2092 4438 sunt,
2126 4390 2188 4428 ea

604 4467 766 4520 etiam
817 4465 1056 4534 proxime
1115 4465 1465 4531 nuncupanda
1522 4463 1796 4516 vocabulis
1843 4462 2187 4517 arbitramur.

2273 3288 2526 3355 aliquibus
2555 3293 2722 3338 autem
2755 3297 2936 3334 nomen
2966 3280 3170 3349 quidem
3199 3279 3330 3331 nihil
3358 3277 3586 3344 prohibet
3611 3279 3868 3332 interdum

2277 3377 2546 3442 prtvdicari
2574 3374 2637 3428 de
2679 3374 2902 3441 subjecto
2946 3387 2964 3433 ;
3002 3369 3252 3424 rationem
3297 3384 3422 3421 vero~
3454 3368 3767 3434 impossibile
3795 3381 3870 3424 est

2275 3469 2587 3540 praedicari,
2613 3477 2666 3518 ut
2698 3463 2894 3526 album,
2931 3477 3044 3514 cum
3085 3461 3138 3513 in
3178 3461 3399 3526 subjecto
3447 3463 3510 3512 sit
3550 3459 3603 3510 in
3639 3474 3870 3527 corpore,

2282 3560 2590 3630 prtrdiralur
2633 3558 2695 3609 de
2735 3552 3210 3625 subjecto:dicitur
3256 3551 3389 3602 enim
3438 3565 3628 3616 corpus
3667 3550 3872 3611 album,

2285 3652 2425 3703 ratio
2455 3663 2570 3702 vero
2598 3646 2700 3699 albi
2727 3658 2989 3712 nunquam
3019 3642 3082 3694 de
3110 3656 3320 3707 corpore
3352 3639 3729 3705 prwdicabitttr.
3760 3641 3876 3693 Alia

2281 3750 2448 3794 autem
2491 3737 2663 3790 omnia
2710 3744 2799 3786 aut
2841 3735 2902 3785 de
2947 3731 3186 3803 subjectis
3227 3731 3470 3784 dicuntur
3496 3729 3876 3795 principalibus

2284 3828 2603 3889 stabs‘antiis,
2636 3836 2722 3878 aut
2766 3825 2817 3877 in
2870 3821 3106 3891 subjectis
3151 3819 3339 3873 eisdem
3385 3825 3501 3869 sunt
3531 3819 3664 3869 :ltoc
3709 3828 3877 3894 autem

2286 3922 2612 3988 manifestum
2645 3926 2716 3970 est
2746 3931 2807 3969 ea:
2829 3914 2907 3965 his
2928 3928 3040 3981 qua:
3071 3926 3159 3978 per
3187 3907 3390 3978 sinqula
3424 3918 3790 3973 proponentur,
3823 3915 3877 3959 ut

2289 4013 2482 4065 animal
2520 4012 2580 4063 de
2611 4008 2815 4062 homine
2843 4005 3174 4076 prmlicalnr,
3199 4017 3318 4067 ergo
3347 4001 3410 4052 de
3438 4002 3613 4066 aliqua
3644 4000 3878 4060 homine;

2293 4120 2409 4155 nam
2435 4103 2479 4154 si
2509 4102 2571 4154 de
2598 4100 2737 4151 nullo
2767 4097 3057 4165 aliquorum
3091 4095 3386 4156 hominum,
3407 4106 3563 4157 neque
3590 4091 3795 4142 omnino
3820 4091 3880 4141 de

2292 4193 2514 4244 homine.
2565 4188 2760 4240 Rursus
2786 4185 2927 4239 color
2956 4185 3008 4236 in
3035 4198 3249 4248 corpore
3286 4191 3378 4242 est,
3410 4196 3531 4251 ergo
3553 4189 3610 4230 ρι-
3628 4180 3677 4231 in
3705 4180 3880 4243 aliqua

2295 4295 2538 4348 corpore;
2569 4295 2687 4331 nam
2714 4277 2758 4330 si
2786 4292 2885 4326 non
2912 4276 2963 4326 in
2995 4275 3167 4342 aliqua
3191 4269 3526 4337 singulorum,
3554 4284 3646 4320 nec
3675 4269 3881 4321 omnino

2295 4375 2348 4425 in
2377 4386 2608 4436 corpore.
2657 4369 2826 4433 Quare
2863 4368 2966 4419 alia
2996 4367 3166 4417 omnia
3204 4372 3290 4416 aut
3319 4362 3381 4413 de
3407 4360 3644 4426 subjectis
3683 4361 3882 4430 princi-

2297 4463 2494 4535 palibus
2541 4460 2834 4516 substantiis
2879 4457 3147 4520 dicuntur,
3175 4463 3263 4507 aut
3303 4453 3358 4506 in
3409 4452 3646 4521 subjectis
3695 4451 3883 4503 eisdem

605 4555 704 4620 Qui
735 4556 876 4610 enim
921 4557 1121 4623 primus
1154 4555 1425 4610 hominem
1456 4555 1610 4614 dixit.
1642 4569 1746 4609 non
1795 4552 1944 4607 illum
1991 4554 2081 4623 qtti
2127 4570 2190 4608 ex
2225 4563 2273 4621 ι)
2300 4565 2433 4609 sunt.
2471 4552 2590 4607 Non
2621 4549 2948 4605 existentibus
2973 4562 3092 4617 ergo
3122 4545 3301 4617 primis
3333 4541 3625 4596 substantiis
3649 4542 3884 4610 impossi-

609 4645 828 4712 singulis
878 4647 1180 4704 hominibus
1227 4647 1540 4710 coniicitur,
1569 4643 1962 4712 concepit,_setl
2011 4642 2190 4697 animo

608 4736 889 4804 quemdam
924 4737 1247 4806 singularem
1278 4747 1437 4805 atque
1467 4735 1795 4790 individuum
1843 4733 1928 4787 cui
1961 4732 2192 4786 hominis

612 4840 805 4877 nomen
833 4825 1159 4893 imponeret.
1179 4827 1337 4894 Ergo,
1363 4825 1593 4880 sublatis
1614 4822 1834 4891 singulis
1864 4822 2193 4885 hominibus,

614 4915 772 4967 homo
803 4929 907 4966 non
937 4924 1194 4972 remanet.
1231 4925 1303 4976 et,
1343 4913 1564 4970 sublatis
1604 4911 1828 4979 singulis
1853 4911 2192 4973 animalibus,

611 5004 806 5056 animal
856 5002 1117 5056 interibit.
1164 5001 1423 5070 Quocirca
1453 5001 1701 5068 quoniam
1737 5001 1788 5050 in
1819 4998 1919 5052 hoc
1961 4997 2098 5050 libro
2127 4999 2195 5053 de

612 5097 994 5150 vocabulorum
1061 5091 1452 5162 signiﬁcatione
1511 5098 1768 5143 tractatus
1833 5086 2080 5148 habetur,
2131 5102 2191 5142 ea

612 5189 806 5257 quibus
854 5185 1108 5241 vocabula
1153 5184 1299 5251 prius
1355 5181 1537 5251 po~ita
1571 5189 1717 5242 sunt,
1756 5177 1946 5230 merito
1995 5173 2194 5250 primas

601 5259 938 5333 .substantias
985 5275 1520 5342 nuncnpavit:prius
1565 5283 1741 5324 autem
1791 5269 1892 5323 illis
1939 5269 2192 5321 vocabula

607 5388 738 5444 sunt
760 5379 946 5442 indita,
971 5392 1089 5444 qua:
1113 5375 1258 5443 prius
1280 5373 1381 5428 Sub
1402 5370 1648 5425 sensibus
1671 5367 1863 5423 cadere
1886 5374 2192 5435 potuerunt.

605 5469 875 5534 ie'ensibns
923 5492 1054 5532 vero
1092 5475 1426 5545 objiciuntur
1469 5473 1633 5542 prima
1682 5469 1972 5532 individua,
2004 5471 2196 5522 merito

617 5569 777 5638 igitur
802 5585 861 5622 ea
897 5569 1065 5637 prima
1096 5569 1149 5621 in
1179 5567 1441 5622 divisione
1491 5563 1687 5633 posuit.
1742 5560 1938 5616 Eodem
1987 5572 2198 5627 quoque

621 5671 780 5724 modo
807 5670 896 5724 illa
921 5671 1148 5740 quiestio
1173 5670 1399 5729 solvitur
1428 5682 1547 5735 qua:
1581 5663 1709 5718 dicit
1734 5681 1745 5715 :
1772 5663 1901 5718 Cum
1941 5658 2195 5714 naturali-

623 5773 702 5821 lcr
724 5765 910 5834 psitnze
957 5759 1344 5818 intellcClibilcs
1393 5758 1499 5814 sint
1530 5754 1864 5819 substantia',
1894 5760 1950 5806 ut
1985 5750 2120 5803 Deus
2145 5756 2196 5803 et

2298 4650 2396 4702 bile
2425 4657 2494 4702 est
2525 4661 2629 4699 esse
2655 4642 2848 4712 aliquid
2874 4641 3117 4693 aliorum.

2372 4739 2560 4794 Omnia
2592 4748 2919 4805 quaecunque
2949 4732 3088 4785 dicta
3119 4740 3241 4785 sunt
3270 4729 3352 4783 vel
3385 4729 3434 4781 in
3465 4726 3708 4794 subjecto
3737 4733 3884 4789 sunt,

2303 4832 2380 4886 vel
2418 4831 2483 4885 de
2521 4829 2763 4896 subjecto
2811 4824 3189 4893 praedicantur,
3223 4821 3315 4874 sed
3366 4823 3469 4872 noit
3517 4817 3695 4872 omnia
3741 4831 3888 4885 quiec

2301 4936 2511 4991 cunque
2535 4921 2585 4972 in
2615 4917 2859 4987 subjecto
2883 4924 3026 4974 sunt,
3055 4913 3121 4967 de
3154 4913 3411 4978 subjectis
3441 4906 3886 4979 propriisdicun-

2305 5023 2410 5077 tur,
2443 5025 2670 5078 tta-nque
2698 5008 2838 5079 quod
2872 5007 2921 5060 in
2953 5005 3194 5074 subjecto
3222 5003 3402 5071 aliquo
3442 5011 3543 5062 est,
3575 5001 3642 5051 de
3670 4999 3890 5062 proprio

2274 5103 2544 5179 osubjecto
2576 5101 2895 5168 praedicatur
2927 5115 2940 5150 :
2966 5108 3020 5149 ut
3063 5096 3238 5148 album
3265 5092 3332 5146 de
3360 5104 3583 5156 corpore
3630 5087 3890 5156 pra'dica-

2305 5207 2410 5256 tur,
2431 5193 2623 5247 dicitur
2646 5191 2786 5245 enim
2815 5203 3008 5257 corpus
3024 5187 3221 5239 album.
3241 5182 3344 5236 Sed
3367 5181 3614 5249 quoniam
3639 5178 3890 5231 secunda:

2305 5283 2613 5338 substantia:
2657 5281 2944 5349 primarum
2992 5273 3406 5330 substantiarnm
3439 5267 3759 5336 vel-species
3805 5268 3886 5320 vel

2305 5390 2498 5445 genera
2545 5381 2672 5426 sunt
2723 5369 2978 5440 (Soeratis
3025 5367 3165 5420 enim
3222 5365 3430 5430 species
3478 5361 3639 5412 homo
3693 5367 3808 5423 est,
3837 5371 3890 5411 et

2301 5465 2497 5520 animal
2544 5461 2742 5532 genus)
2769 5461 2973 5528 ,‘genus
3004 5465 3180 5509 autem
3212 5453 3276 5506 de
3309 5451 3565 5520 subjectis
3609 5447 3889 5514 Speciebns

2301 5566 2357 5611 et
2378 5554 2658 5609 individuis
2683 5553 2905 5606 univoce
2934 5546 3248 5618 praedicatur
3268 5583 3283 5610 ,
3309 5541 3558 5597 secunda:
3580 5537 3890 5594 substantia:

2305 5650 2368 5705 de
2390 5647 2642 5716 subjectis
2665 5644 2942 5714 speciebus
2969 5638 3189 5693 univoca
3213 5633 3592 5706 pra'dicationc
3613 5631 3884 5685 dicuntur.

2302 5722 2558 5798 Convenit
2590 5751 2815 5807 namque
2849 5733 3135 5805 primarum
3167 5738 3220 5786 ct
3247 5725 3602 5784 secundarum
3633 5720 3890 5777 substau-m
