4244 6254
369 322 388 371 i
399 320 462 372 83

1306 325 1370 378 IN
1410 322 1842 381 CATEGOBIAS
1882 324 2329 382 ARISTOTELIS
2371 328 2496 382 Llll.
2541 330 2579 385 1.
2644 352 2645 355 η

3517 332 3615 388 186

368 439 549 489 uiarum
603 436 649 489 si
686 437 758 489 sit
796 452 899 491 una
945 439 1097 501 facta,
1142 438 1405 493 dil'linitio.
1453 439 1690 509 Namque
1737 442 1931 493 animal
1962 445 2005 498 A
2037 443 2265 507 stantin,
2294 442 2391 497 nisi
2419 445 2488 498 de
2514 446 2695 512 primis
2723 446 3493 515 substantiisprmdiearentur,
3528 448 3613 501 illa

363 540 415 581 et
443 528 602 581 homo
631 538 685 582 et
703 531 948 584 Soerates
974 546 1076 584 una
1106 532 1425 586 dimnitione
1450 533 1765 600 junguntur,
1793 534 1933 600 quod

366 619 674 673 substantias
728 620 973 673 animatze
1026 632 1184 689 atque
1233 622 1515 676 scnsibiles
1570 633 1717 674 sunt.
1774 622 1936 690 Igitur

367 714 613 767 secunda:
638 714 941 767 substantia:
964 713 1032 765 ita
1058 713 1124 766 de
1151 713 1405 782 subjectis
1436 716 1788 781 prmdicautur
1814 730 1934 782 pro-

368 806 517 871 priis,
545 804 594 857 id
632 816 709 857 est
740 806 804 856 de
828 804 1015 873 primis
1042 806 1375 869 substantiis,
1406 818 1463 860 ut
1490 806 1711 861 uniwtce
1738 808 1934 875 prandi-

365 904 569 949 centur.
600 896 807 948 Illorum
839 912 966 949 vero
989 912 1106 964 quae
1136 908 1257 950 sunt
1287 898 1338 951 in
1373 899 1615 965 subjecto
1652 900 1934 966 aliquoties

364 988 571 1053 quidem
601 1004 772 1057 neque
799 1005 995 1043 nomen
1029 992 1197 1056 ipsum
1221 991 1287 1044 de
1308 991 1547 1059 subjecm
1569 992 1778 1045 dicitur.
1801 992 1933 1045 Nam

363 1079 524 1131 virtus
550 1078 602 1132 in
632 1080 807 1131 anittta
831 1091 935 1145 est,
960 1081 1051 1133 sed
1077 1084 1241 1134 virtus
1262 1082 1329 1135 de
1352 1083 1525 1135 anima
1555 1084 1772 1137 minime
1802 1101 1937 1150 pra:-

357 1167 593 1233 dicatur;
627 1169 911 1237 aliquaties
957 1180 1132 1224 autem
1181 1170 1575 1226 denominative
1620 1174 1847 1239 dicitur,
1881 1174 1935 1227 ut

355 1262 719 1329 grammatica,
749 1264 1000 1329 quoniam
1038 1271 1122 1315 est
1168 1262 1221 1316 in
1272 1265 1508 1328 homine,
1541 1265 1936 1318 denominative

353 1352 733 1419 grammaticus
782 1366 811 1404 a
861 1354 1203 1418 grammatica
1269 1354 1486 1408 dicitur.
1544 1354 1697 1420 Saepe
1758 1363 1934 1407 autent

352 1433 537 1505 ἱμειιηῖ
581 1458 775 1497 nomen
816 1442 884 1496 de
929 1442 1169 1510 subjecto
1214 1443 1551 1508 prmilicatnr,
1585 1455 1641 1497 ut
1690 1445 1935 1512 quoniam

351 1533 535 1585 album
568 1541 649 1585 est
678 1535 725 1585 ιιι
753 1547 998 1600 corpore,
1031 1548 1224 1597 corpus
1251 1533 1432 1587 album
1461 1533 1675 1597 dicitur,
1707 1535 1798 1587 sed
1828 1536 1938 1589 sive

356 1638 555 1675 nomen
602 1638 707 1676 non
752 1624 1090 1691 prmdicetur,
1125 1625 1238 1678 sive
1281 1624 1676 1679 denominative
1706 1627 1932 1689 dicatur.

353 1714 476 1765 sive
518 1715 731 1780 preprio
782 1715 997 1768 nomine
1041 1715 1347 1782 praedicatio
1395 1718 1483 1775 sit.
1526 1717 1772 1771 dillinitio
1820 1719 1937 1787 ejus

2042 548 2168 586 tero
2211 549 2329 602 qua:
2370 536 2421 587 in
2468 534 2708 601 subjecto
2751 547 2875 589 sunt
2921 538 3132 605 penitus
3171 540 3463 591 consistere
3507 551 3615 588 non

2039 626 2294 686 valerent.
2320 626 2418 678 nisi
2466 625 2793 679 iundamentt
2835 631 3235 696 quodammodo
3259 630 3375 682 loco
3434 628 3616 697 primis

2037 717 2349 769 substantiis
2386 717 2699 770 niterentur.
2730 716 2869 785 Ergo
2912 720 3096 770 omnia
3120 733 3448 787 quarumque
3492 727 3617 770 sunt

2041 815 2233 871 pra-ter
2265 806 2465 867 primas
2489 806 2816 856 snbstantias
2836 848 2851 872 ,
2881 819 2970 857 aut
3016 809 3264 859 secundae
3306 806 3616 860 substantia:

2036 904 2192 946 erunt
2232 905 2317 945 aut
2365 894 2678 947 accidentia.
2727 896 2829 947 Sed
2887 895 3136 948 Secunda:
3185 897 3497 949 substantiae
3547 895 3617 950 de

2038 988 2223 1055 primis
2244 987 2557 1039 substantiis
2587 986 2957 1054 praedicantur,
2990 989 3281 1041 accidentia
3329 989 3381 1041 itt
3428 989 3617 1057 primis

2037 1074 2347 1130 substantiis
2378 1075 2521 1129 sunt.
2556 1078 2812 1144 Quocirca
2853 1080 3030 1131 omnia
3060 1090 3144 1129 aut
3179 1077 3247 1131 de
3277 1080 3463 1144 primis
3491 1080 3618 1131 sub-

2037 1167 2245 1219 stantiis
2292 1169 2663 1234 prtcdicantnr,
2692 1180 2747 1221 ut
2791 1170 3041 1222 sei-unda:
3082 1169 3413 1233 substantiae,
3443 1178 3533 1221 aut
3561 1170 3614 1223 in

2040 1261 2223 1327 primis
2250 1260 2560 1313 substantiis
2605 1272 2748 1325 sunt,
2782 1271 2837 1313 ut
2863 1263 3179 1327 accidentia,
3211 1261 3350 1328 quod
3406 1263 3619 1314 Aristu-

2042 1350 2172 1404 tcles
2218 1355 2493 1417 preposuit
2521 1351 2620 1404 hoc
2651 1352 2812 1404 modo
2836 1369 2851 1404 :
2879 1353 2989 1405 Alia
3020 1352 3400 1404 autem'omnia
3436 1354 3527 1403 aut
3552 1352 3618 1403 de

2039 1443 2291 1510 subjectis
2335 1443 2584 1496 dicuntur
2632 1445 3011 1512 principalibus
3060 1443 3389 1508 substantiis,
3424 1452 3517 1496 aut
3565 1444 3619 1496 in
3667 1504 3675 1517 ι

1978 1598 1993 1612 ⁸
2036 1536 2291 1604 subjectis
2333 1536 2534 1589 eisdem
2576 1545 2720 1601 sunt,
2750 1536 2835 1589 hic
2880 1550 3090 1605 quoque
3135 1535 3412 1588 verissima
3459 1534 3620 1587 sumit

2038 1626 2299 1693 exempla.
2332 1626 2417 1679 Ait
2461 1624 2603 1679 enim
2631 1626 2721 1679 :Si
2766 1625 3017 1678 accidens
3068 1625 3132 1678 in
3178 1625 3323 1677 nullo
3374 1622 3619 1691 subjecto
3658 1668 3663 1673 .

2040 1730 2265 1783 corpore
2310 1725 2471 1780 esset,
2506 1730 2603 1769 nec
2629 1716 2680 1769 in
2712 1730 2938 1784 corpore
2967 1727 3109 1769 esset
3140 1716 3379 1769 omnino.
3408 1715 3540 1769 Nam
3572 1714 3618 1769 si

349 1808 491 1878 σιμιιά
528 1819 608 1862 cst
652 1808 703 1861 in
747 1809 989 1876 subjecto
1036 1810 1102 1861 de
1132 1809 1349 1876 proprio
1395 1810 1633 1877 subjecto
1664 1827 1932 1881 nunquam
1972 1806 2011 1863 Β
2042 1811 2094 1859 itt
2126 1806 2270 1859 nullo
2297 1806 2649 1874 singulorum,
2678 1807 2729 1858 in
2764 1807 2909 1859 nullo
2950 1806 3271 1875 generaliter
3311 1821 3433 1859 esse
3474 1806 3620 1859 dice-

351 1898 1045 1963 prwdicabiturzutalbnm,
1081 1898 1328 1967 quoniam
1356 1909 1439 1953 est
1470 1900 1520 1953 in
1549 1900 1789 1969 subjecto
1815 1918 1934 1955 cor-

351 2003 516 2055 pore,
548 1986 865 2054 przedicatur
912 1987 1124 2057 quidem
1171 1989 1276 2043 albi
1320 2004 1514 2043 nomen
1562 1990 1630 2045 de
1672 2007 1929 2060 corpore,

351 2078 609 2133 diilinitie
644 2093 767 2131 vero
808 2079 915 2131 albi
960 2079 1025 2132 ad
1074 2094 1289 2148 corpus,
1319 2081 1466 2134 nullo
1514 2082 1673 2135 modo
1717 2084 1931 2145 dicitur,

351 2169 534 2222 album
564 2183 785 2238 namque
808 2170 888 2223 vel
910 2184 1102 2238 corpus
1122 2186 1221 2223 una
1246 2171 1453 2225 ratione
1476 2182 1697 2241 utraqtte
1718 2172 1931 2227 dilﬁniri

349 2275 461 2315 non
490 2274 727 2329 possunt.
774 2262 1041 2331 Amplius,
1069 2262 1111 2315 si
1143 2278 1301 2317 omne
1329 2264 1579 2318 accidens
1608 2266 1661 2318 in
1693 2265 1936 2333 subjecto

348 2362 455 2415 εει,
481 2363 533 2405 et
558 2353 853 2406 substantia
895 2352 1189 2421 subjectum
1218 2366 1321 2417 est,
1351 2354 1530 2409 dill'ert
1563 2356 1630 2407 ab
1658 2356 1935 2410 accidente

348 2445 675 2512 substmtia,
706 2445 884 2497 diti'ert
925 2448 1084 2498 etiam
1128 2444 1376 2498 diiiinitio
1418 2446 1729 2500 substantia:
1772 2456 1936 2517 atque

347 2534 664 2599 accidentia,
707 2534 845 2602 quod
908 2536 1092 2607 eadem
1148 2534 1397 2589 diflinitio
1445 2536 1668 2603 subjecti
1717 2548 1769 2592 et
1815 2539 1933 2604 ejus

348 2627 491 2694 quod
520 2636 601 2680 est
634 2630 682 2679 in
713 2626 952 2695 subjecto
981 2641 1098 2680 esse
1127 2641 1233 2679 non
1262 2636 1455 2695 potest.
1497 2631 1670 2696 Atque
1713 2628 1813 2682 ltoe
1853 2638 1937 2683 cst

349 2717 492 2785 quod
523 2719 636 2771 ait:
665 2720 858 2771 Eorum
892 2732 1017 2772 vero
1043 2733 1162 2787 qua:
1192 2728 1315 2771 sunt
1343 2721 1395 2772 itt
1426 2718 1544 2788 subj
1558 2731 1700 2785 t'ClO,
1734 2721 1782 2773 in
1814 2722 1933 2789 plu-

351 2808 501 2861 ribus
526 2808 742 2877 quidem
776 2824 947 2876 neque
978 2824 1173 2864 nomen
1214 2811 1281 2864 de
1310 2810 1554 2879 subjecto
1584 2826 1757 2880 neque
1800 2813 1936 2867 ratio

354 2901 705 2965 pradicatur,
735 2911 789 2953 ut
834 2902 1000 2955 virtus
1029 2903 1079 2955 in
1122 2902 1319 2955 anima.
1350 2902 1569 2957 Addidit
1597 2919 1845 2972 quoque:
1879 2905 1935 2958 in

351 2992 620 3061 aliquibus
664 3000 841 3045 autem
871 3008 1063 3046 nomen
1092 2994 1305 3061 quidem
1336 2996 1464 3049 nihil
1497 2998 1742 3065 prohibet
1766 2996 1931 3052 inter-

353 3086 477 3137 dum
518 3084 813 3151 prmdicari,
843 3093 896 3138 et
940 3084 993 3137 in
1040 3085 1165 3137 aliis
1188 3086 1407 3154 quidem
1434 3087 1847 3153 denominative,
1879 3090 1929 3143 in

2042 1909 2205 1953 retur.
2243 1898 2308 1951 Et
2335 1899 2461 1951 item
2490 1896 2685 1951 animal
2716 1898 2814 1950 nisi
2846 1897 2913 1951 de
2953 1897 3311 1965 singularibus
3351 1905 3507 1964 atque
3535 1896 3619 1949 in-

2040 1992 2266 2045 dividuis
2319 1990 2625 2042 ltominibus
2679 1989 3089 2057 prrcdiCaretnr,
3144 2003 3242 2042 nee
3289 1988 3355 2041 de
3405 1987 3619 2041 homine

2040 2083 2423 2152 prmdicaretur
2450 2082 2690 2135 omnino.
2723 2079 2901 2144 Quare
2927 2080 3177 2148 quoniam
3212 2080 3410 2133 ideirco
3434 2080 3620 2147 praedi.

2039 2184 2227 2226 cantur
2254 2172 2502 2227 secunda:
2533 2171 2872 2235 substantia},
2900 2172 3148 2240 quoniam
3178 2179 3302 2223 sunt
3334 2171 3537 2237 primae,
3566 2177 3619 2225 et

2038 2266 2238 2321 idcirco
2291 2276 2414 2319 sunt
2470 2266 2668 2334 aliquid
2728 2265 3063 2329 accidentia,
3111 2266 3362 2330 quoniam
3417 2262 3619 2315 eisdem

2043 2361 2224 2425 prima:
2248 2357 2553 2411 substantia:
2578 2357 2831 2425 subjecta:
2858 2365 3000 2419 sunt,
3024 2356 3066 2407 si
3098 2358 3284 2419 primat
3310 2353 3622 2407 substantias

2041 2464 2143 2501 ιιοιι
2176 2451 2300 2511 sint,
2337 2463 2510 2515 neque
2552 2462 2671 2515 qua:
2720 2448 2785 2501 de
2832 2448 2916 2499 his
2964 2446 3323 2513 praedicantur
3371 2451 3624 2498 mansura

2040 2550 2181 2596 sunt.
2211 2554 2380 2606 neque
2408 2554 2525 2607 qua:
2557 2541 2607 2591 in
2637 2539 2718 2591 his
2748 2537 3002 2605 subjectis
3030 2546 3151 2590 sunt
3181 2537 3583 2604 permanebunt.

2111 2631 2465 2683 Secundat‘um
2510 2644 2629 2683 vero
2678 2628 3077 2681 substantiurum
3130 2628 3289 2695 magis
3343 2628 3623 2680 substantia

2038 2730 2108 2774 est
2140 2724 2325 2791 species
2362 2736 2516 2791 quant
2556 2737 2731 2787 genus,
2767 2720 3101 2789 pmpiuquiur
3148 2720 3279 2770 enim
3326 2727 3395 2769 est
3442 2718 3621 2787 prima:

2038 2816 2353 2868 substantiae.
2387 2815 2447 2867 Si
2475 2815 2590 2882 quis
2623 2816 2753 2864 enim
2782 2815 3003 2879 assiguet
3036 2811 3255 2878 primani
3284 2811 3621 2863 subsmntiam

2038 2906 2158 2975 quid
2196 2918 2298 2966 est,
2329 2906 2602 2957 evidentius
2630 2912 2675 2955 et
2705 2904 3072 2954 conuenientius
3104 2902 3376 2967 assignnbit
3407 2902 3621 2955 speciem

2040 2998 2300 3069 ptofereus
2320 3013 2472 3064 quam
2495 3012 2669 3064 genus,
2688 3005 2741 3046 ut
2763 2995 3030 3064 quemdam
3054 2993 3305 3045 hominem
3328 2991 3618 3059 assignans,

2042 3091 2361 3159 manifestius
2412 3087 2688 3155 HStiJil'lbil
2748 3088 2997 3139 hominem
3054 3100 3205 3154 quam
3254 3085 3446 3136 au'mal
3491 3083 3622 3135 assi-

355 3176 473 3227 aliis
516 3190 638 3228 vero
674 3186 821 3229 recto
857 3176 1071 3247 nomine
1099 3178 1156 3229 lit
1188 3177 1515 3245 praedicatio.
1566 3180 1638 3232 De
1680 3182 1929 3235 secundis
1957 3171 2004 3234 C
2038 3190 2261 3254 guaudo.
2287 3178 2425 3232 Illud
2457 3181 2589 3231 enim
2620 3180 2882 3248 proprium
2908 3188 2979 3229 est
3010 3176 3171 3245 magis
3201 3176 3421 3243 alicujus
3450 3173 3617 3226 Itonti~

357 3280 481 3320 vero
519 3266 825 3322 substantiis
863 3282 1077 3334 semper
1100 3270 1165 3322 ad
1199 3271 1395 3337 primas
1424 3272 1752 3347 substantias
1783 3290 1924 3343 pra:-

354 3359 546 3412 dicatio
591 3362 845 3423 pervenit.
878 3359 1009 3412 Nam
1034 3360 1077 3413 si
1105 3361 1322 3429 quidam
1360 3361 1540 3427 homo,
1569 3374 1621 3417 et
1653 3364 1812 3418 homo
1842 3379 1923 3419 ρει

353 3462 401 3505 et
441 3450 657 3513 animal,
699 3460 753 3505 et
796 3458 1013 3522 caetera,
1056 3466 1159 3506 una
1187 3452 1433 3506 difﬁnitio
1473 3454 1719 3509 animalis
1758 3466 1813 3510 et
1859 3462 1923 3508 ad

354 3543 621 3595 hominem
673 3553 726 3596 et
775 3542 841 3597 ad
892 3544 1174 3611 quemdam
1227 3544 1498 3599 hominem
1545 3549 1926 3617 convenienter

354 3636 637 3701 optabitur.
669 3636 832 3703 Magis
868 3647 1041 3689 tamen
1079 3650 1199 3689 esse
1240 3636 1567 3692 sobstantias
1629 3640 1930 3694 individuus

352 3737 403 3781 ct
431 3727 776 3793 particulares
807 3728 918 3795 ipse
940 3728 1331 3796 s‘guilicantius
1349 3740 1627 3783 monstrat.
1650 3731 1780 3785 Nam
1804 3748 1925 3786 cum

353 3818 527 3873 omnis
574 3832 661 3870 res
704 3827 793 3869 aut
838 3818 1127 3872 substantia
1176 3817 1246 3872 sit
1287 3828 1378 3873 aut
1424 3822 1690 3886 accidens,
1718 3834 1771 3876 et
1798 3823 1926 3877 sub-

357 3908 673 3960 stantiarunt
713 3908 831 3960 alia:
861 3909 965 3960 sint
994 3909 1193 3976 prima},
1228 3912 1346 3965 alia:
1394 3913 1665 3975 secundm,
1700 3915 1755 3965 lit
1794 3916 1927 3967 trina

362 3998 600 4062 partitio,
636 3999 703 4049 ita
735 4008 791 4049 ut
818 3999 990 4051 omnis
1040 4015 1143 4062 res,
1182 4010 1275 4054 aut
1319 4003 1570 4057 accidens
1599 4008 1690 4071 sit,
1719 4015 1809 4058 aut
1838 4019 1929 4060 se-

357 4089 532 4144 Cunda
579 4088 892 4155 substantia,
922 4098 1013 4143 aut
1059 4093 1243 4154 prima.
1298 4094 1495 4147 llorttm
1527 4105 1700 4148 autem
1735 4107 1788 4147 ut
1832 4098 1931 4151 sub

357 4181 718 4249 descriptione
736 4180 927 4234 diVisiO
948 4182 1058 4247 fiat,
1074 4182 1175 4236 hoc
1193 4183 1355 4235 modo
1371 4184 1595 4237 dicimus
1614 4200 1627 4237 :
1645 4186 1828 4239 Omnis
1848 4202 1933 4240 res

357 4286 445 4329 aut
467 4278 515 4328 in
534 4275 775 4343 subjecto
787 4286 993 4341 est,aut
1014 4278 1064 4330 itt
1080 4277 1322 4343 subjecto
1338 4293 1447 4331 non
1469 4289 1571 4343 est;
1600 4294 1783 4333 eorum
1814 4296 1939 4346 qum

360 4370 409 4420 in
436 4366 685 4434 subjecto.
722 4378 865 4430 sunt,
888 4369 987 4421 alia
1032 4370 1388 4436 prmdicantur
1429 4370 1495 4423 de
1538 4370 1799 4439 subjecto,
1830 4372 1932 4423 alia

361 4458 603 4521 minime;
629 4473 814 4511 eorum
838 4474 957 4525 quas
981 4460 1029 4510 in
1053 4459 1295 4527 subjecto
1313 4476 1416 4513 non
1447 4462 1695 4521 sunt,a|ia
1712 4461 1780 4514 de
1793 4461 1936 4513 nullo

2033 3276 2133 3338 nis,
2158 3274 2255 3325 hoc
2300 3282 2467 3326 autem
2509 3274 2849 3323 contmunius.
2898 3269 2961 3322 Et
2992 3284 3107 3321 cum
3139 3269 3363 3336 aliquam
3392 3266 3625 3318 arbori-ns

2034 3366 2337 3422 reddideris.
2367 3364 2686 3427 manifestius
2715 3361 3023 3431 assigttabis,
3050 3377 3165 3412 tum
3196 3360 3425 3412 arborem
3452 3358 3623 3410 reddi-
3682 3414 3685 3419 ,

2036 3459 2168 3511 deris
2184 3498 2200 3520 ,
2226 3473 2378 3526 quam
2409 3455 2659 3526 plantam.

2101 3550 2323 3604 Constat
2368 3547 2665 3601 individuis
2701 3544 3027 3599 sobstautias
3065 3544 3263 3612 primas
3293 3552 3349 3596 et
3392 3542 3629 3593 maxime

2030 3652 2081 3694 et
2114 3640 2325 3707 preprie
2354 3653 2474 3693 esse
2503 3637 2849 3690 substantias.
2896 3635 3155 3690 Secunda:
3196 3649 3323 3687 vero
3362 3633 3617 3685 substan-

2033 3734 2140 3797 tim,
2185 3732 2234 3785 id
2271 3740 2353 3785 est
2388 3744 2579 3794 genera
2612 3739 2664 3782 et
2693 3729 2920 3796 species,
2954 3728 3093 3781 sicut
3136 3742 3240 3780 non
3285 3727 3561 3795 mqualiter
3588 3738 3628 3776 ε

2033 3825 2200 3895 prima
2228 3824 2527 3877 substantia
2549 3821 2769 3885 distant,
2789 3821 2856 3872 ita
2883 3834 2986 3871 non
3010 3818 3285 3885 mqualiter
3314 3816 3623 3871 substantiae

2033 3925 2185 3978 sunt;
2222 3930 2343 3966 nam
2384 3914 2635 3979 quoniam
2679 3911 3024 3976 prepinquior
3067 3918 3150 3963 est
3190 3908 3395 3975 species
3442 3908 3628 3974 prima;

2036 4004 2347 4058 substantia:
2376 4017 2532 4069 quant
2567 4013 2757 4067 genus,
2788 3999 2990 4050 idcirco
3022 4000 3185 4064 magis
3215 4006 3298 4049 e-t
3326 3995 3623 4048 substantia

2039 4096 2248 4164 species
2277 4108 2432 4160 quam
2468 4090 2735 4158 propiiotn
2766 4103 2965 4156 genus,
3000 4096 3055 4139 ιιι
3088 4087 3246 4138 homo
3277 4085 3627 4151 propinquior

2038 4195 2123 4240 cst
2152 4185 2357 4241 Socrati
2390 4198 2547 4250 quam
2580 4182 2796 4239 animal.
2820 4190 2979 4248 atque
3011 4180 3128 4232 ideo
3161 4178 3327 4246 magis
3357 4186 3438 4230 est
3466 4176 3627 4226 homo

2039 4275 2359 4330 substantia.
2386 4274 2595 4327 Animal
2628 4287 2755 4325 vero
2781 4288 3080 4340 quanquam
3107 4277 3161 4323 et
3191 4272 3359 4337 ipsum
3383 4266 3627 4321 substan-

2041 4368 2408 4429 tiasit,minns
2438 4376 2615 4419 tamen
2650 4364 2898 4428 homine;
2934 4366 3033 4417 hoc
3064 4372 3241 4415 autem
3275 4362 3472 4414 idcirco
3500 4374 3629 4411 eve-

2046 4461 2152 4523 nit,
2183 4458 2321 4525 quod
2352 4458 2402 4511 in
2432 4458 2576 4509 omni
2609 4456 2931 4508 diflinitione
2974 4454 3375 4508 convvn'entius
3418 4453 3629 4519 species

361 4550 597 4618 subjecto
627 4551 1021 4619 praedicantur,
1046 4553 1150 4604 alia
1182 4568 1311 4605 vero
1368 4552 1742 4616 prmdicantur.
1804 4552 1942 4620 Ergo
1977 4541 2022 4599 Β
2047 4552 2113 4604 ad
2144 4551 2371 4619 primam
2405 4548 2753 4602 substantiam
2778 4547 2997 4610 dicitur,
3026 4562 3179 4610 quam
3210 4560 3395 4612 genus.
3427 4546 3554 4599 Nam
3582 4557 3628 4612 si

361 4644 533 4695 omnis
563 4657 648 4695 res
670 4652 758 4695 aut
789 4643 839 4695 in
870 4644 1109 4711 subjecto
1132 4653 1335 4705 est,aut
1363 4646 1411 4696 in
1442 4644 1682 4711 subjecto
1704 4660 1809 4697 non
1840 4655 1939 4698 est.

361 4733 542 4785 Antin
568 4733 810 4800 subjecto
850 4742 933 4786 cst
979 4743 1031 4786 et
1093 4734 1160 4786 de
1200 4734 1440 4801 subjecto
1484 4735 1818 4802 prtedicatttr,
1852 4747 1943 4788 aut

364 4826 414 4877 in
445 4823 685 4889 subjecto
723 4834 807 4877 est
855 4832 911 4876 et
938 4826 1005 4877 de
1037 4825 1181 4876 nullo
1212 4825 1455 4892 subjecto
1486 4826 1823 4892 prsedicatur,
1852 4837 1943 4879 aut

364 4916 414 4963 ιιι
441 4912 681 4980 ειιιιίεςιο
711 4928 817 4964 non
838 4922 919 4964 cst
966 4922 1020 4965 et
1050 4913 1115 4965 de
1141 4913 1382 4981 subjecto
1409 4916 1865 4979 jtrmtlicatur,aut
1891 4918 1941 4969 itt

361 5002 604 5067 subjecto
624 5017 736 5065 ,non
767 5015 871 5065 εει,
904 5012 957 5053 et
1002 5004 1069 5057 de
1120 5004 1265 5056 nullo
1315 5004 1555 5071 subjecto
1602 5006 1939 5073 prmdicatur.

363 5092 456 5144 His
488 5094 645 5161 igitur
678 5093 924 5158 sumptis,
955 5093 998 5145 si
1032 5095 1229 5161 primas
1259 5098 1582 5150 substantias
1610 5113 1943 5161 separemus,

364 5193 644 5237 remanent
670 5183 917 5238 secunda:
948 5189 1260 5241 substantia:
1302 5199 1461 5256 atque
1492 5191 1803 5244 accidentia.
1839 5192 1945 5245 Sed

362 5276 612 5328 secundat
648 5277 961 5331 substantia:
997 5288 1124 5332 sunt
1161 5296 1278 5346 qua:
1312 5282 1362 5332 in
1392 5281 1632 5347 subjecto
1664 5298 1765 5334 non
1824 5294 1947 5335 sunt

360 5375 420 5418 ct
445 5367 511 5417 de
542 5367 781 5433 subjecto
814 5370 1186 5434 prardicantur.
1224 5370 1364 5437 Ergo
1394 5385 1512 5423 esse
1551 5387 1733 5434 suum,
1767 5373 1865 5425 nisi
1898 5373 1958 5425 in.

363 5459 469 5509 hoc
498 5458 637 5523 qttod
665 5459 731 5509 de
758 5460 936 5527 aliqtto
968 5462 1351 5525 prmdicatttur,
1382 5478 1486 5515 non
1521 5463 1770 5518 retinent.
1808 5466 1949 5517 Prac-

360 5549 617 5602 dicantur
644 5556 819 5600 autem
851 5551 1096 5603 secundae
1139 5553 1450 5607 substantiae
1481 5552 1549 5605 de
1580 5552 1795 5619 primis,
1823 5569 1951 5620 ergo

364 5647 423 5693 ut
474 5636 725 5688 secunda:
770 5638 1079 5691 substantim
1126 5642 1262 5705 sint,
1308 5642 1615 5710 prtctlicatio
1657 5642 1724 5695 de
1768 5643 1952 5710 primis

368 5729 678 5784 substantiis
703 5742 859 5783 causa
892 5741 992 5783 est.
1029 5732 1154 5787 Non.
1173 5735 1325 5789 enim
1344 5743 1520 5789 essent
1555 5734 1803 5789 sevuudat
1828 5735 1950 5790 sub»

2049 4644 2172 4711 quid
2198 4644 2266 4694 sit
2291 4644 2542 4695 Socrates
2579 4640 2768 4706 aliquis
2794 4639 2920 4691 velit
2946 4637 3247 4697 ostendere.
3283 4638 3629 4704 propinquius

2050 4733 2396 4785 substantiam
2431 4729 2669 4783 Socratis
2700 4729 3183 4795 proprietatemque
3213 4728 3560 4791 monstrabit,
3588 4728 3631 4784 si

2050 4822 2244 4876 dixerit
2292 4837 2412 4875 eunt
2467 4834 2589 4873 esse
2634 4819 2927 4882 hominem,
2958 4834 3115 4886 quam
3146 4820 3189 4871 si
3222 4819 3439 4871 animal.
3481 4819 3631 4886 Quod

2050 4917 2191 4970 enim
2222 4914 2416 4968 animal
2447 4921 2529 4967 est
2556 4911 2823 4973 Socrates,
2856 4928 3139 4966 Commune
3166 4921 3249 4965 est
3275 4928 3393 4965 cum
3424 4913 3643 4967 mereris.

2052 5006 2139 5064 qui
2170 5003 2413 5055 homines
2454 5018 2557 5055 non
2589 5010 2733 5062 sunt,
2767 5000 2816 5053 id
2863 5012 2945 5055 est
2973 5017 3091 5056 cum
3122 5018 3261 5069 equo
3290 5013 3447 5068 atque
3479 5002 3630 5052 bove.

2053 5096 2204 5160 Quod
2237 5110 2365 5148 vero
2399 5095 2560 5148 homo
2591 5105 2691 5159 est,
2730 5109 2850 5147 cum
2886 5094 3031 5145 nullo
3072 5094 3177 5145 alio
3215 5104 3294 5145 est
3329 5105 3631 5153 commune,

2055 5189 2152 5240 nisi
2178 5202 2299 5239 cum
2324 5186 2411 5238 itis
2438 5187 2525 5251 qui
2552 5186 2652 5240 8th
2677 5186 2862 5238 eadem
2890 5184 3068 5251 specie
3100 5182 3327 5235 hominis
3356 5180 3631 5235 continen-

2057 5288 2162 5331 tttr.
2218 5278 2480 5341 Quocirca
2535 5278 2881 5343 prepinqttior
2929 5274 3030 5327 erit
3071 5274 3134 5325 ad
3192 5271 3631 5339 signiﬁcationettt

2056 5367 2392 5435 designatio,
2425 5382 2543 5417 cum
2577 5365 2855 5418 individuo
2884 5365 3088 5429 species
3114 5362 3379 5423 tedtlitttr,
3402 5376 3561 5427 quam
3590 5362 3633 5415 si

2054 5459 2265 5528 generis
2294 5459 2609 5511 vocabulum
2655 5458 2991 5525 prtcdicetur.
3042 5456 3239 5507 Rursus
3270 5455 3311 5506 si
3341 5454 3634 5523 quamlibet

2058 5553 2378 5605 individuam
2411 5552 2656 5604 arborem
2698 5553 2976 5619 designare
3005 5552 3194 5621 aliquis
3239 5552 3445 5616 volens,
3474 5552 3645 5604 arbo-

2058 5659 2165 5696 rem
2210 5642 2372 5705 dicat,
2407 5642 2755 5709 pt0pinqnius
2803 5642 3097 5707 designabit
3137 5643 3261 5711 quid
3304 5644 3372 5695 sit
3402 5644 3450 5695 id
3494 5648 3643 5713 quod

2057 5732 2325 5800 dillittit'it,
2354 5746 2511 5803 quam
2561 5733 2604 5787 si
2655 5735 2883 5803 plantam
2936 5734 3200 5787 ttmttittcL:
3238 5734 3409 5803 planta
3460 5747 3649 5792 autem
