4280 6268
593 322 693 377 187

1817 318 1925 373 AN.
1968 318 2172 372 MANL.
2215 316 2370 372 SEV.
2409 318 2631 374 BOETI!

3758 328 3856 387 188

593 450 760 510 genus
812 442 896 490 est
935 433 1169 498 arboris;
1200 432 1517 503 przedicatur
1540 432 1681 488 enim
1711 432 1887 503 planta
1921 441 1977 488 et
2013 432 2081 487 de
2110 431 2174 485 iis
2203 434 2251 491 Α
2279 430 2507 499 species,
2531 446 2651 500 qua:
2678 430 2731 484 in
2761 431 2894 487 alias
2918 434 3125 501 species
3153 433 3316 490 dividi
3345 451 3448 492 non
3474 438 3736 496 valerent.
3761 445 3854 501 Ha

593 546 710 602 qua:
725 529 944 583 arbores
974 542 1081 581 non
1109 535 1253 593 sunt,
1287 536 1343 581 ut
1364 526 1431 581 de
1455 526 1694 580 caulibus
1722 534 1883 593 atque
1910 524 2168 589 lactucis;

592 635 757 690 quare
798 626 1010 673 constat
1063 618 1273 687 species
1320 616 1489 685 magis
1534 631 1658 671 esse
1707 616 2062 679 substantias,
2105 628 2172 669 eo

592 710 732 780 quod
762 709 872 763 sint
899 708 1083 778 primis
1113 717 1166 762 et
1194 708 1427 762 maxime
1464 706 1777 760 substantiis
1824 706 2169 775 propinquio-

591 815 701 855 res.
731 800 797 853 Et
832 798 974 867 quod
1010 800 1063 851 in
1099 813 1165 851 eo
1203 798 1342 865 quod
1381 797 1508 866 quid
1544 798 1638 862 sit,
1667 799 1936 867 assignata
1966 798 2172 864 species

591 890 995 944 convenientius
1019 899 1072 942 et
1096 888 1394 943 evidentius
1419 889 1673 958 assignet,
1703 903 1873 958 genus
1901 903 2030 942 vero
2056 888 2174 942 lon-

592 979 843 1047 ginquius
870 988 1027 1046 atque
1057 980 1417 1037 communius.

663 1067 902 1138 Amplius
944 1068 1247 1138 principales
1290 1067 1589 1123 substanth
1612 1085 1671 1123 eo
1697 1069 1837 1136 quod
1864 1070 1983 1122 aliis
2012 1071 2175 1122 omni-

592 1160 681 1211 bus
710 1158 948 1224 subjecta:
967 1170 1106 1224 sunt,
1136 1169 1181 1213 et
1211 1159 1316 1213 alia
1355 1161 1529 1213 omnia
1557 1169 1647 1213 aut
1678 1164 1741 1214 de
1773 1160 1853 1214 Itis
1880 1163 2173 1229 pradican—

593 1261 696 1313 tur,
724 1259 811 1301 aut
842 1250 895 1302 in
918 1251 991 1303 eis
1019 1251 1142 1317 sint,
1172 1251 1288 1304 ideo
1317 1253 1552 1305 maxime
1580 1253 1819 1306 dicuntur
1856 1253 2170 1305 substantia.

595 1342 741 1396 Sicut
787 1352 954 1395 autem
997 1343 1305 1414 principales
1344 1334 1642 1398 substanth
1668 1345 1737 1397 ad
1776 1345 1881 1398 alia
1921 1346 2093 1398 omnia
2122 1361 2175 1398 se

592 1432 796 1496 habent,
825 1436 897 1488 sic
922 1442 969 1486 et
999 1436 1189 1501 species
1212 1435 1281 1486 ad
1316 1452 1474 1502 genus
1506 1452 1559 1489 se
1594 1435 1762 1499 habet,
1786 1436 2013 1505 subjacet
2042 1438 2175 1489 enim

594 1526 782 1593 species
809 1526 1003 1594 generi,
1034 1542 1221 1597 genera
1261 1528 1395 1579 enim
1419 1529 1482 1580 de
1500 1528 1758 1595 speciebus
1805 1528 2169 1595 pradicantur,

554 1664 560 1670 .
595 1616 787 1683 species
833 1629 1001 1671 autent
1043 1620 1106 1671 de
1144 1620 1409 1687 generibus
1438 1636 1539 1673 non
1565 1630 1948 1674 convertuntur.
2000 1624 2176 1687 Quare

592 1717 642 1760 et
662 1724 725 1760 ea:
752 1708 830 1761 Itis
860 1711 1185 1780 manifestum
1207 1720 1279 1765 est
1301 1714 1516 1781 speciem
1544 1716 1706 1784 magis
1732 1731 1911 1784 genere
1936 1716 2175 1769 substan-

596 1799 721 1851 tiam
747 1816 875 1853 esse.

666 1890 833 1960 Magis
879 1905 999 1945 csso
1044 1892 1369 1946 substantias
1427 1895 1637 1960 species
1693 1895 1938 1949 validiori
1988 1913 2175 1951 rursus

596 1985 1055 2050 argumentatione
1066 1986 1371 2051 conﬁrmat,
1392 2002 1488 2054 per
1509 1988 1911 2043 similitudinem
1946 2006 2175 2060 namque

599 2073 701 2126 hoc
737 2074 809 2126 ita
848 2088 967 2129 esse
992 2074 1248 2130 declarat.
1291 2076 1423 2130 Nam
1455 2093 1575 2131 cum
1623 2093 1811 2133 omnes
1861 2080 2176 2134 substantia}

596 2176 687 2218 aut
712 2166 900 2233 primae
928 2168 1036 2221 sint
1063 2178 1154 2221 aut
1182 2169 1452 2234 secundat,
1485 2170 1839 2225 secundarum
1876 2182 2054 2227 atttem
2085 2184 2176 2226 aut

596 2271 793 2324 genera
824 2268 915 2311 aut
952 2257 1179 2328 species,
1210 2260 1511 2328 specierum
1541 2274 1702 2327 atque
1732 2278 1986 2332 generum
2018 2266 2176 2334 quid-

596 2349 723 2418 quid
748 2349 977 2404 similius
1007 2349 1192 2417 primis
1222 2352 1539 2407 substantiis
1562 2355 1848 2421 invenitur,
1880 2356 1981 2409 hoc
2009 2360 2179 2426 magis

597 2440 895 2495 substantia
924 2442 1116 2495 merito
1155 2444 1442 2511 potabitur.
1490 2445 1595 2499 Sed
1636 2448 1823 2513 prima:
1867 2447 2179 2503 substantize

599 2530 799 2583 idcirco
830 2534 1075 2585 maximae
1114 2534 1427 2587 substantiae
1455 2536 1723 2601 dicuntur,
1752 2538 1891 2606 quod
1933 2540 2180 2593 omnibus

599 2622 669 2675 ita
698 2622 953 2691 subjecta:
974 2635 1117 2690 sunt,
1150 2636 1206 2676 ut
1228 2634 1319 2677 aut
1350 2627 1400 2678 in
1434 2627 1561 2694 ipsis
1589 2628 1695 2680 sint
1723 2639 1919 2684 caetera
1954 2640 2013 2685 ttt
2040 2633 2184 2685 acci-

597 2714 807 2776 dentia,
838 2725 928 2768 aut
971 2714 1038 2770 de
1083 2715 1213 2783 ipsis
1243 2718 1346 2773 alia
1393 2719 1754 2786 praedicentor
1781 2732 1838 2775 ut
1867 2724 2180 2779 substantiae

598 2805 868 2859 secundae.
897 2805 1047 2873 Quod
1077 2820 1205 2875 ergo
1232 2808 1282 2862 in
1315 2810 1511 2876 primas
1538 2812 1884 2875 substantias,
1913 2812 2015 2866 hoc
2039 2814 2177 2868 idem

600 2897 654 2949 in
686 2897 893 2963 species
916 2897 1080 2951 venit.
1106 2898 1345 2969 Namque
1369 2902 1579 2969 species
1599 2913 1649 2956 et
1673 2905 1878 2957 cunctis
1902 2904 2183 2973 subjacent

600 2988 996 3054 accidentibus,
1029 3002 1082 3044 et
1128 2990 1197 3046 de
1233 2993 1513 3060 Speciebus
1560 3011 1755 3063 genera
1800 2997 2187 3066 prtedicantor,

601 3079 671 3133 de
716 3081 997 3148 generibus
1027 3097 1155 3135 vero
1183 3086 1391 3153 Species
1433 3100 1537 3139 non
1579 3089 1955 3155 praedicantur.
2004 3090 2182 3156 Quare

2276 531 2453 575 autem
2481 532 2607 575 sunt
2633 538 2753 589 qua:
2781 523 2850 577 de
2880 525 3121 592 pluribus
3151 543 3378 583 numero
3404 529 3771 588 differentibus
3801 538 3852 589 in

2276 628 2341 668 eo
2369 614 2511 684 quod
2555 615 2683 683 quid
2712 617 2783 669 sit
2810 618 3191 684 prtedicantur,
3218 630 3279 672 ut
3324 619 3482 675 homo
3528 623 3596 678 de
3632 625 3858 694 singulis

2276 702 2582 756 hominibus
2606 704 2820 769 dicitur,
2851 715 2905 759 et
2933 721 3102 775 equus
3128 708 3195 760 de
3223 707 3447 777 singulis
3477 712 3651 780 cquis,
3675 724 3727 767 et
3755 715 3855 770 bos

2274 792 2342 847 de
2387 794 2613 863 singulis
2663 795 2857 860 bobus,
2886 798 2974 865 qui
3024 799 3125 851 sub
3170 801 3380 868 pmpria
3420 802 3598 871 specie
3642 805 3800 874 positi
3827 824 3856 860 a

2275 885 2466 954 seipsis
2496 888 2723 955 propria:
2754 898 2957 942 natura:
2989 888 3152 958 ﬁgunt
3197 882 3302 944 non
3343 891 3666 962 discrepant.
3718 898 3858 967 Ergo

2276 975 2581 1042 hujusmodi
2628 978 2855 1045 species,
2885 990 2943 1031 ut
2985 988 3068 1033 est
3108 979 3268 1034 homo
3316 990 3474 1051 atque
3512 999 3708 1054 equus,
3740 998 3857 1056 qua:

2276 1068 2404 1122 solis
2445 1068 2728 1122 individuis
2775 1079 3032 1138 praesunt,
3061 1072 3313 1140 quoniam
3352 1089 3547 1142 gettera
3588 1090 3709 1130 esse
3748 1094 3854 1131 non

2278 1168 2519 1229 possunt,
2543 1160 2820 1228 aequaliter
2844 1175 3060 1229 semper
3082 1161 3393 1217 substantia:
3414 1174 3557 1217 sunt.
3586 1165 3716 1220 Nam
3746 1177 3854 1222 tam

2279 1250 2572 1318 propinque
2602 1251 2843 1303 redditur
2885 1251 2952 1303 de
2982 1265 3087 1320 quo
3111 1253 3219 1306 ibet
3258 1252 3530 1309 individuo
3558 1272 3718 1326 equo,
3755 1274 3854 1313 no-

2277 1353 2399 1392 men
2429 1340 2574 1407 equi,
2603 1355 2761 1408 quam
2802 1341 2870 1393 de
2911 1341 3154 1409 quolibet
3192 1343 3465 1399 individtto
3494 1347 3726 1419 homine,
3762 1351 3858 1405 lto-

2278 1429 2435 1483 miois
2465 1445 2683 1483 nomen.
2708 1430 2971 1496 Quocirca
3001 1432 3045 1485 si
3074 1435 3352 1501 aequaliter
3377 1438 3584 1503 species
3611 1440 3715 1505 lue,
3739 1458 3857 1509 qua:

2226 1584 2237 1596 ,
2276 1537 2472 1597 genera
2506 1537 2612 1575 non
2642 1531 2788 1584 sunt,
2816 1523 2880 1576 ad
2911 1525 3112 1592 primas
3146 1526 3476 1581 substantias
3507 1543 3653 1589 sunt.
3681 1548 3859 1600 aequa-

2280 1613 2403 1665 liter
2429 1627 2549 1665 esse
2578 1602 2889 1667 substantia:
2939 1614 3129 1669 merito
3158 1620 3484 1683 putabuntur
3510 1638 3523 1672 :
3553 1623 3652 1677 hoc
3682 1634 3857 1679 autem

2277 1703 2407 1756 dicit
2449 1720 2556 1757 non
2596 1704 2739 1773 quod
2779 1720 2967 1759 omnes
2995 1706 3204 1774 Species
3233 1709 3511 1776 :cqualiter
3549 1714 3860 1769 substantiae

2210 1799 2252 1856 Β
2281 1795 2407 1858 sint,
2439 1795 2534 1848 sed
2564 1810 2682 1863 quat
2710 1796 2986 1863 :equaliter
3010 1812 3037 1848 a
3069 1796 3255 1863 primis
3285 1799 3594 1854 substantiis
3637 1803 3857 1860 distant.

2282 1886 2461 1940 Potest
2487 1888 2630 1941 enim
2660 1887 2772 1940 ﬁeri
2800 1895 2860 1940 ut
2887 1888 3175 1955 cujuslibet
3201 1891 3493 1958 superioris
3521 1894 3731 1959 generis
3759 1911 3859 1948 una

2279 1977 2533 2045 quaelibet
2580 1977 2789 2045 species
2831 1978 2923 2041 sit,
2969 1994 3087 2045 qua:
3128 1993 3434 2049 comparata
3479 1983 3545 2037 ad
3591 1988 3859 2053 propriam

2280 2069 2512 2135 speciem
2540 2068 2717 2121 minus
2741 2069 2825 2122 illa
2853 2071 3097 2137 superior
3124 2070 3372 2125 videatur
3399 2088 3520 2128 esse
3539 2076 3861 2130 substantia:

2276 2170 2337 2214 ut
2364 2161 2608 2215 animalis
2633 2162 2677 2213 si
2704 2162 2824 2231 quis
2852 2161 2995 2216 dicat
3019 2165 3250 2232 speciem
3278 2180 3398 2219 esse
3425 2180 3598 2231 avem,
3621 2168 3861 2235 ejusdem

2280 2267 2491 2320 quoque
2520 2248 2757 2320 specien't
2788 2251 3091 2318 hominem,
3122 2255 3235 2307 avis
3268 2265 3323 2307 et
3352 2255 3510 2309 homo
3541 2275 3645 2311 non
3682 2274 3867 2328 requa-‘

2282 2341 2405 2394 liter
2444 2342 2758 2395 substantiae
2783 2352 2927 2406 sunt,
2957 2344 3156 2398 idcirco
3182 2346 3322 2413 quod
3366 2349 3478 2400 avis
3523 2348 3739 2404 homine
3766 2365 3862 2405 su-

2284 2433 2461 2501 perior
2480 2442 2581 2487 est.
2614 2434 2785 2487 llomo
2816 2450 3044 2504 namque
3072 2437 3123 2489 in
3151 2437 3281 2490 alias
3306 2438 3510 2506 species
3535 2456 3640 2493 non
3670 2442 3866 2496 dividi-

2286 2533 2391 2586 tur,
2414 2534 2497 2577 est
2534 2525 2675 2577 ettim
2720 2525 2890 2595 magis
2936 2527 3162 2595 species.
3211 2529 3339 2581 Avis
3384 2541 3561 2583 autem
3595 2540 3768 2599 potest
3811 2536 3861 2587 in

2284 2614 2416 2667 alias
2436 2615 2597 2667 dividi
2620 2615 2849 2683 species,
2873 2626 2933 2669 ut
2953 2618 3005 2669 in
3028 2618 3334 2687 accipitrem
3363 2628 3417 2673 et
3437 2622 3720 2686 vulturem,
3743 2638 3862 2691 quae

2284 2721 2584 2775 quanquam
2616 2722 2742 2761 aves
2770 2717 2895 2761 sunt
2923 2710 3119 2777 specie,
3156 2720 3330 2766 tamen
3362 2714 3491 2780 ipsa:
3517 2713 3859 2772 dissentiunt.

2287 2797 2505 2867 PrOprie
2524 2808 2700 2853 autem
2728 2801 2932 2867 species
2955 2802 3213 2870 accipiter
3230 2818 3293 2857 ac
3319 2804 3495 2857 vultur
3514 2816 3616 2872 est,
3646 2807 3698 2860 hi
3720 2808 3860 2861 enim

2285 2888 2413 2942 solis
2442 2889 2729 2944 individuis
2757 2902 3010 2960 praesunt.
3039 2894 3213 2958 Quare
3244 2901 3403 2949 homo
3434 2905 3593 2966 atque
3613 2900 3865 2968 accipiter

2284 2983 2563 3051 aequaliter
2583 2999 2612 3035 a
2645 2984 2832 3052 primis
2858 2985 3173 3040 substantiis
3202 2988 3421 3054 distant,
3452 3000 3505 3043 et
3531 3000 3655 3044 sunt
3682 3006 3864 3061 aequa-

2288 3074 2409 3128 liter
2434 3075 2768 3129 substantia).
2794 3078 2963 3130 llomo
2988 3093 3114 3133 vero
3141 3088 3299 3149 atque
3325 3085 3457 3145 aris,
3489 3086 3740 3152 quoniam
3776 3100 3867 3139 su-

603 3186 709 3224 non
748 3172 994 3226 similiter
1022 3188 1217 3241 genera
1249 3176 1556 3244 subjacent,
1585 3180 2031 3247 quemadmodum
2062 3196 2181 3251 spe-

2218 3164 2468 3233 Qperior
2509 3173 2595 3231 est
2640 3166 2753 3220 avis
2800 3168 3033 3232 homine,
3078 3184 3182 3222 non
3232 3173 3508 3239 mqualiter
3554 3174 3867 3227 substantiae

603 3265 737 3317 cies.
774 3262 890 3317 Non
939 3266 1080 3317 enim
1126 3265 1194 3319 de
1240 3270 1525 3335 generibus
1566 3272 1773 3336 species
1805 3272 2189 3340 praedicantur.

602 3353 746 3423 Ergo
770 3354 908 3408 sicut
934 3355 1120 3423 prima:
1143 3358 1460 3413 substantia:
1503 3359 1757 3429 subjecta:
1782 3373 1907 3417 sunt
1933 3366 2188 3420 secundis

604 3444 918 3497 substantiis
948 3452 1003 3498 et
1025 3446 1412 3511 accidentibus,
1442 3450 1513 3503 ita
1544 3452 1750 3519 species
1779 3454 2036 3522 subjectis
2061 3466 2187 3511 sunt

601 3542 659 3589 et
684 3535 1046 3589 accidentibus
1092 3545 1147 3590 et
1169 3539 1475 3606 generibus.
1501 3540 1708 3595 Genera
1731 3559 1860 3597 vero
1880 3561 2189 3616 quanquam

602 3625 844 3692 subjecta
872 3626 982 3681 sint
1002 3628 1386 3694 accidentibus,
1415 3631 1695 3699 speciebus
1723 3641 1902 3689 tamen
1936 3636 2049 3702 ipsa
2078 3652 2180 3691 non

603 3716 901 3782 subjacent.
945 3716 1201 3783 Quocirca
1243 3719 1415 3788 major
1445 3731 1526 3775 est
1566 3724 1862 3778 similitudo
1888 3727 2085 3793 speciei
2116 3729 2183 3782 ad

603 3805 804 3871 primas
833 3804 1183 3870 subs:antias,
1212 3823 1370 3877 quam
1398 3810 1632 3877 generis,
1664 3812 1804 3881 quod
1834 3815 1879 3867 si
1909 3814 2083 3884 major
2102 3828 2185 3871 est

602 3895 898 3950 similitudo
941 3898 1239 3966 specierum
1273 3900 1338 3953 ad
1372 3901 1636 3957 maximas
1676 3905 2022 3972 substantias,
2055 3908 2189 3977 ipsas

603 4000 758 4045 erunt
786 3992 953 4061 magis
980 3992 1314 4048 substantim.
1350 3996 1454 4050 Sed
1498 4013 1562 4051 ne
1590 3998 1709 4067 quis
1755 4014 1853 4054 nos
1897 4001 2186 4057 arbitretur

602 4083 780 4139 dicere
806 4084 945 4153 quod
985 4100 1047 4138 ea
1087 4100 1208 4154 quae
1248 4097 1370 4139 sunt
1396 4103 1591 4156 genera
1642 4092 1849 4158 species
1901 4107 2020 4147 esse
2077 4109 2181 4147 non

604 4185 827 4242 p==ssunt
851 4217 865 4239 ,
893 4174 985 4228 sed
1024 4178 1074 4227 in
1111 4191 1178 4228 eo
1224 4177 1364 4245 quod
1395 4188 1521 4231 sunt
1558 4194 1778 4247 genera,
1807 4183 2014 4249 species
2061 4198 2184 4237 esse

602 4280 707 4319 non
740 4272 978 4332 possunt.
1001 4264 1130 4318 Nam
1156 4266 1206 4319 in
1235 4282 1301 4319 eo
1329 4268 1469 4335 quod
1498 4269 1702 4335 species
1722 4279 1826 4333 est,
1849 4272 1915 4324 de
1936 4272 2183 4340 superio-

603 4358 748 4411 ribus
790 4372 891 4410 non
936 4356 1287 4423 prazdicatur,
1318 4359 1414 4411 sed
1447 4359 1496 4411 in
1528 4374 1594 4411 eo
1623 4361 1762 4428 quod
1792 4377 1982 4431 genus,
2012 4362 2079 4415 de
2116 4377 2193 4417 eo

602 4447 980 4516 pra-dicabitur
1007 4447 1161 4515 cujus
1189 4456 1270 4501 est
1297 4463 1485 4517 genus.
1519 4449 1783 4514 Quocirca
1837 4466 2033 4524 genera
2066 4452 2179 4522 ipsa

2286 3265 2432 3320 sunt,
2464 3257 2632 3325 magis
2675 3258 2817 3311 enim
2860 3259 3153 3312 substantia
3207 3263 3367 3314 homo
3409 3269 3510 3314 est.
3559 3262 3698 3331 Ergo
3722 3279 3868 3331 quaa-

2285 3361 2496 3416 cunque
2540 3350 2748 3415 species
2795 3350 3072 3418 aequaliter
3097 3365 3126 3403 a
3153 3351 3264 3405 Suis
3308 3353 3594 3407 individuis
3631 3354 3862 3422 distant,

2285 3441 2561 3509 aequaliter
2585 3442 2895 3497 subsmntia:
2925 3452 3067 3498 sunt.
3102 3444 3253 3511 Quod
3285 3447 3532 3513 quoniam
3557 3448 3762 3512 species
3785 3448 3867 3502 Ita:

2284 3548 2402 3600 qua:
2426 3547 2621 3600 genera
2668 3548 2772 3586 non
2804 3545 2923 3587 sunt
2970 3536 3247 3603 mqualiter
3275 3551 3303 3588 a
3330 3536 3517 3605 primis
3548 3538 3861 3592 substantiis

2285 3624 2500 3690 absunt,
2528 3626 2808 3695 aequaliter
2850 3626 3165 3680 substantia:
3210 3628 3482 3683 dicuntur.
3514 3629 3732 3682 Planum
3769 3644 3869 3683 au—

2288 3726 2393 3770 tem
2439 3726 2538 3781 est,
2568 3725 2627 3769 ut
2658 3718 2995 3786 expositione
3043 3733 3147 3771 non
3200 3727 3373 3787 egeat,
3410 3718 3611 3788 primas
3658 3720 3868 3788 qttoqbe

2287 3810 2613 3863 substantias
2638 3810 2913 3878 azqualiter
2940 3825 3061 3864 esse
3089 3811 3416 3864 substantias
3435 3855 3447 3877 ,
3482 3812 3673 3878 aliquis
3709 3812 3868 3865 homo

2286 3899 2427 3951 cnim
2457 3909 2619 3968 atque
2647 3900 2840 3969 aliquis
2878 3912 3045 3967 mutus
3069 3941 3083 3964 ,
3112 3904 3363 3969 quoniam
3404 3914 3528 3954 sunt
3576 3902 3867 3967 individua,

2286 3990 2649 4058 principaliter
2678 3992 2991 4045 substantia:
3020 4001 3164 4055 sunt,
3189 4002 3241 4045 ct
3262 3994 3491 4061 propria'
3518 4003 3571 4045 et
3598 3994 3864 4049 maxime.

2286 4081 2545 4144 Quocirca
2570 4082 2619 4135 in
2646 4081 2891 4135 maximis
2913 4082 3246 4146 substantiis,
3274 4098 3446 4152 neque
3468 4084 3664 4147 minus,
3696 4098 3867 4150 neque

2289 4173 2454 4239 magis
2500 4172 2795 4225 substantia
2847 4174 3046 4241 poterit
3090 4173 3338 4228 inveniri.
3395 4174 3665 4227 lndividua
3710 4174 3871 4243 igitur

2287 4262 2565 4327 mqualiter
2585 4262 2896 4316 sitbstantia:
2923 4271 3067 4315 sunt.
3460 4327 3483 4353 ι

2359 4350 2544 4405 Μενὶιο
2573 4353 2729 4422 igitur
2764 4361 2876 4420 post
2913 4353 3220 4423 principales
3250 4350 3576 4416 substantias,
3603 4352 3715 4405 sola
3739 4352 3870 4405 alio-

2288 4459 2402 4494 rum
2424 4444 2614 4511 species
2635 4454 2681 4496 et
2702 4460 2887 4514 genera
2909 4445 3151 4497 dicuntur
3174 4462 3280 4499 esse
3299 4444 3533 4497 secundm
3551 4444 3869 4501 substantiae.

602 4557 825 4609 quorum
855 4552 981 4595 sunt
1006 4557 1203 4613 genera
1239 4543 1321 4595 his
1351 4542 1631 4612 subjacere
1655 4559 1760 4597 non
1789 4555 2032 4613 possnnt,
2057 4562 2181 4617 spe-

2218 4532 2264 4590 D
2291 4533 2486 4586 Eorum
2506 4537 2638 4603 enim
2657 4551 2773 4603 qua:
2797 4536 3158 4603 prwdicantur,
3184 4537 3516 4606 principalem
3536 4535 3872 4589 substantiam

601 4633 709 4686 cies
736 4647 867 4687 vero
897 4648 1123 4703 quorum
1153 4644 1278 4688 sunt
1309 4634 1543 4704 species,
1571 4637 1640 4690 de
1666 4635 1748 4690 bis
1772 4637 2047 4706 praedicari
2078 4654 2181 4693 non

602 4731 842 4790 possunt.

674 4809 917 4876 Ipsarum
942 4830 1059 4867 vero
1084 4816 1365 4881 specierum
1386 4834 1697 4886 quacunque
1720 4835 1819 4871 non
1839 4829 1954 4870 sunl
1976 4836 2180 4887 genera,

601 4902 731 4954 nihil
765 4902 930 4968 magis
966 4904 1182 4956 alterum
1220 4905 1381 4958 altera
1427 4907 1710 4960 substantia
1751 4918 1843 4973 est,
1878 4910 2012 4961 nihil
2053 4913 2185 4963 cnim

600 4992 910 5061 familiarius
939 4994 1222 5061 assignabis
1252 4995 1317 5048 de
1344 4995 1517 5064 aliqua
1556 4999 1776 5061 nomine,
1810 4998 2063 5049 [continent
2098 5016 2183 5051 as-

599 5085 870 5155 signando.
889 5100 1041 5154 quam
1062 5085 1125 5137 de
1144 5084 1318 5155 aliquo
1339 5102 1487 5156 equo,
1513 5103 1714 5153 equum.
1743 5088 1994 5142 Similiter
2011 5101 2183 5143 autem

599 5186 646 5228 et
699 5177 1065 5244 principalium
1112 5176 1512 5231 substantiarum
1572 5178 1699 5231 riltil
1754 5180 1917 5246 magis
1964 5184 2185 5234 alterum

522 5266 525 5271 ’
599 5270 762 5320 altero
801 5268 1086 5321 substante
1117 5277 1213 5330 est,
1242 5267 1370 5322 nihil
1419 5271 1551 5323 enint
1588 5271 1755 5341 magis
1798 5271 1984 5339 aliquis
2031 5273 2186 5324 homo

599 5357 884 5410 substantia
909 5368 1003 5421 est,
1032 5376 1185 5429 quam
1210 5359 1397 5430 aliquis
1425 5359 1531 5413 bos.

672 5447 991 5503 Praedictum
1022 5462 1105 5504 est
1140 5466 1370 5521 quoque,
1396 5459 1456 5504 ut
1493 5450 1650 5519 Porp'
1673 5451 1820 5521 yrius
1852 5452 1903 5505 in
1936 5452 2071 5505 libro
2114 5452 2211 5505 de.

599 5539 914 5606 t-lctteribus,
953 5541 1268 5610 speciebus,
1315 5542 1658 5607 dili'erentiis,
1710 5545 1970 5612 pr0priis,
2018 5554 2179 5610 atiue

600 5630 965 5688 accidentibus
1014 5635 1326 5703 planissime
1352 5636 1550 5699 docuit,
1582 5637 1684 5691 alia
1714 5652 1837 5692 esse
1879 5637 2048 5691 solum
2090 5652 2181 5704 ge-

603 5733 754 5785 uera,
772 5737 1001 5791 quorum
1041 5739 1216 5794 genus
1239 5727 1464 5783 inveniri
1498 5743 1603 5784 non
1646 5738 1845 5797 posset,
1876 5728 1977 5783 alTa
2005 5726 2177 5782 solum

2290 4627 2400 4679 sola
2430 4627 2537 4680 ha’c
2573 4628 2823 4680 indicant.
2867 4626 3103 4697 Aliquem
3140 4630 3273 4680 enim
3303 4628 3557 4681 hominem
3583 4628 3627 4680 si
3650 4629 3764 4695 quis
3790 4645 3874 4681 as-

2290 4720 2562 4788 signaveril
2587 4721 2711 4788 quid
2735 4719 2817 4781 sit,
2840 4720 3052 4789 speciem
3075 4721 3277 4788 quidem
3307 4722 3381 4773 vel
3400 4736 3557 4789 genus
3581 4721 3872 4789 assignans,

2293 4810 2615 4877 familiariter
2677 4811 2960 4880 assignabil
2994 4820 3041 4863 et
3080 4812 3397 4873 manifestius
3437 4813 3587 4881 faciet
3621 4812 3875 4865 hominem

2292 4904 2367 4957 vel
2393 4905 2587 4957 animal
2619 4906 2905 4975 assignans.
2948 4906 3179 4958 Aliorum
3218 4922 3335 4958 vero
3368 4906 3616 4974 quidquid
3642 4906 3874 4973 assigna-

2289 4996 2416 5048 verit
2458 4997 2666 5062 qui.'ibet
2709 4995 2987 5066 assignabit
3031 5006 3318 5057 extraneis,
3352 4993 3485 5046 velut
3532 4994 3738 5056 album,
3778 5003 3869 5044 aut

2287 5088 2465 5147 currit,
2498 5096 2587 5139 aut
2615 5104 2925 5155 quacunque
2952 5088 3130 5140 talium
3167 5086 3405 5148 reddens,
3433 5101 3553 5155 ergo
3582 5084 3761 5137 merito
3792 5083 3875 5137 Ita:

2286 5180 2411 5231 sola:
2440 5178 2679 5241 aliorum,
2707 5178 2943 5230 secundae
2962 5177 3259 5230 substantia:
3283 5175 3545 5227 dicuntur.

2357 5269 2558 5321 Ordine
2586 5278 2637 5321 et
2665 5268 3047 5321 convenienter
3068 5275 3189 5335 post
3218 5266 3414 5335 primas
3443 5263 3795 5326 substantias,
3818 5264 3870 5317 id

2288 5369 2371 5412 est
2401 5358 2689 5423 individua,
2722 5374 2914 5426 genera
2955 5366 3010 5411 et
3044 5357 3250 5425 species
3295 5356 3561 5411 secundas
3590 5369 3713 5409 esse
3747 5358 3874 5410 sub-

2285 5450 2509 5504 stantias
2553 5450 2871 5505 constitutas
2910 5458 3173 5502 monstrat
3220 5449 3573 5512 Aristoteles,
3619 5462 3739 5517 quat
3786 5456 3869 5499 est

2286 5540 2434 5594 ﬁrma
2466 5549 2625 5610 atque
2654 5541 2898 5609 expedita
2928 5540 3191 5608 probatio;
3218 5542 3291 5594 ait
3313 5539 3455 5595 enim
3482 5557 3494 5592 :
3518 5537 3645 5593 Post
3674 5538 3871 5608 primas

2286 5638 2609 5692 substantias
2630 5647 2776 5692 recte
2800 5651 2990 5705 genera
3018 5645 3071 5689 et
3090 5637 3297 5706 species
3327 5636 3595 5691 secundas
3625 5634 3870 5689 substan-

2286 5730 2388 5782 tias
2416 5741 2534 5782 esse
2568 5727 2887 5782 nominatas.
2924 5727 2975 5781 In
3018 5710 3422 5783 dil'liuitionibus
3453 5726 3594 5783 enim
3627 5723 3713 5781 ubi
3745 5722 3871 5780 sub-
