4280 6268
370 348 375 356 .
407 280 506 336 ιω
1412 274 1475 326 IN
1512 270 1944 328 CA'I'EGORIAS
1977 269 2420 325 ARISTOTELIS
2458 270 2583 325 LIB.
2627 272 2664 324 I.
3578 280 3678 334 190

404 390 599 446 stantia
626 387 917 457 cujuslibet
943 385 1262 450 ostenditur,
1292 383 1421 438 nihil
1461 384 1602 441 aliud
1634 384 1835 453 primas
1861 383 1987 437 sub-
2020 385 2067 441 Α
2097 382 2346 453 quoniam
2395 383 2713 437 substantia:
2757 382 3006 440 diliinitio
3046 385 3187 439 nulla
3217 396 3299 441 est
3328 387 3565 453 reddita,
3593 390 3676 444 id-

405 480 628 537 stantias
671 487 961 543 monstrat,
1007 477 1107 531 nisi
1155 490 1323 544 genus
1364 483 1421 529 et
1457 476 1688 544 species.
1736 475 1988 530 Socrates
2090 476 2273 538 circo.
2306 475 2428 543 quia
2454 474 2916 543 generalissimum
2940 491 3105 545 genus
3135 476 3540 535 difliuitionibus
3571 491 3676 538 n‘on

409 572 728 640 namque,si
751 571 868 640 quis
889 568 1012 640 quid
1046 568 1116 622 sit
1140 568 1451 633 interroget,
1479 567 1674 621 dicitur
1694 566 1876 634 homo,
1902 567 1986 621 vel
2092 573 2325 627 tenetur,
2375 566 2754 632 proprietatem
2802 566 3091 632 quamdam
3154 570 3305 637 cupit
3344 572 3675 639 exquirere,

406 662 625 728 animal,
652 672 706 717 et
742 662 793 715 in
818 675 884 715 eo
909 659 1049 729 quod
1076 658 1202 727 quid
1230 656 1301 712 sit
1330 658 1578 713 Socrates
1604 659 1983 727 interrogatus,
2090 656 2241 723 quasi
2302 656 2513 721 signum
2577 656 2794 725 aliquod
2843 673 2950 726 quo
3002 659 3360 716 substantiam
3418 658 3677 731 queamus

407 765 557 809 recte
602 752 865 806 hominem
914 750 1000 804 vel
1043 749 1241 803 animal
1284 764 1406 804 esse
1455 750 1763 818 respondet.
1807 752 1987 818 Quare
2089 760 2403 815 agnoscere.
2437 749 2688 815 priusque
2717 747 2842 815 quid
2872 748 3001 816 ipsis
3038 751 3347 805 substantiis
3376 755 3676 807 communi-

405 846 533 915 quid
559 847 664 900 sint
688 846 871 913 prima:
890 844 1205 898 substantia:
1229 844 1479 898 secundat
1506 854 1823 907 monstrant,
1842 844 1984 911 quod
2092 851 2173 894 ter
2199 842 2369 909 possit
2392 840 2610 895 evenire
2644 842 2892 909 proponit
2916 856 2932 905 ',
2969 852 3091 910 post
3110 857 3239 897 vero
3266 844 3391 912 quid
3418 846 3526 900 illis
3554 862 3676 915 prn—

405 937 452 990 si
474 935 590 1005 quis
616 944 811 1003 prteter
839 934 1102 988 secundas
1127 934 1454 988 substantias
1483 937 1535 989 in
1568 935 1985 1003 interrogatione
2091 932 2261 1001 prium
2304 933 2375 987 sit
2417 936 2637 1003 quaerit,
2667 934 2760 989 sed
2807 933 3009 989 idcirco
3038 932 3151 1001 ista
3201 938 3488 1003 praemittit,
3521 949 3577 991 ut
3608 938 3674 992 ad

405 1028 530 1095 quid
555 1028 623 1082 sit
656 1027 827 1094 prima
853 1027 1149 1081 substantia
1197 1028 1374 1093 dicat,
1410 1027 1461 1081 id
1506 1028 1833 1082 alienissime
1863 1044 1985 1098 pro-
2089 1025 2216 1078 illud
2249 1040 2433 1079 verum
2482 1025 2758 1095 proprium
2789 1026 2903 1081 sine
2934 1026 3046 1079 ullo
3084 1041 3268 1080 errore
3298 1028 3592 1094 perveniat,
3621 1038 3676 1082 et

404 1120 534 1184 fert,
566 1127 625 1173 ut
651 1119 693 1173 si
724 1119 855 1188 quid
896 1121 966 1173 sit
1006 1123 1256 1175 Socrates
1285 1121 1628 1190 interroganti
1662 1122 1854 1190 aliquis
1900 1136 1985 1175 re-
2087 1115 2229 1184 quod
2274 1131 2399 1170 vere
2428 1126 2511 1170 est
2540 1116 2957 1170 substantiarom
3009 1118 3285 1185 proprium
3319 1118 3561 1171 ultimum
3592 1119 3675 1171 di-

402 1209 658 1279 spondeat
699 1211 902 1274 album,
930 1210 1012 1264 vel
1058 1211 1246 1275 currit,
1280 1212 1362 1265 vel
1408 1212 1605 1280 aliquid
1654 1212 1980 1281 huiusmodi,
2086 1217 2193 1261 cat.
2226 1206 2416 1261 Tribus
2458 1217 2634 1260 autem
2681 1208 2853 1261 modis
2895 1209 3169 1277 proprium
3198 1208 3542 1277 significatur.
3578 1207 3676 1262 Est

400 1301 542 1369 quod
564 1301 799 1357 secunda
845 1301 1137 1355 substantia
1167 1315 1272 1355 non
1303 1302 1394 1370 sit,
1426 1303 1558 1357 nihil
1605 1306 1984 1359 convenienter
2087 1302 2230 1354 enim
2280 1300 2551 1367 preprium
2598 1299 2739 1367 mind
2784 1300 2945 1354 alicui
2994 1300 3193 1368 speciei
3236 1301 3385 1355 omni
3415 1302 3590 1355 evenit
3616 1309 3674 1355 et

403 1408 638 1460 unquam
668 1393 891 1465 profert,
922 1392 968 1448 si
996 1392 1122 1462 quid
1152 1392 1221 1447 de
1260 1395 1432 1462 prima
1464 1397 1758 1450 substantia
1789 1411 1984 1467 przeter
2088 1409 2191 1446 nun
2218 1393 2340 1459 soli,
2364 1402 2423 1445 ut
2447 1391 2649 1445 homini
2676 1392 2927 1460 bipedem
2951 1408 3093 1447 esse.
3124 1392 3308 1449 Omnis
3336 1394 3477 1447 enim
3507 1392 3670 1447 homo

403 1484 670 1537 secundas
717 1483 1044 1539 substantias
1089 1483 1256 1539 dicat.
1322 1485 1498 1552 Quare
1550 1492 1797 1555 quoniam
1851 1491 1979 1544 nihil
2088 1484 2236 1551 bipes
2262 1493 2364 1547 esr,
2395 1482 2489 1537 sed
2532 1498 2639 1535 non
2669 1483 2837 1545 solus,
2870 1498 2997 1536 aves
3043 1498 3271 1550 namque
3300 1491 3354 1536 et
3381 1484 3510 1550 ipsas
3548 1473 3674 1536 sunt

402 1589 595 1628 eorum
636 1590 758 1644 qua:
801 1592 907 1630 non
957 1586 1079 1631 sunt
1123 1577 1376 1630 secunda:
1405 1578 1732 1643 substantia),
1764 1580 1885 1647 quid
1915 1583 1982 1633 sit
2087 1575 2327 1643 bipedes.
2352 1574 2576 1628 Autsoli
2608 1585 2661 1629 et
2692 1590 2799 1629 non
2830 1576 2998 1639 omni,
3030 1583 3086 1627 ut
3113 1574 3288 1629 eidem
3314 1574 3517 1627 homini
3544 1588 3671 1628 eve-

403 1666 571 1730 prima
598 1666 892 1721 substantia
915 1668 1169 1733 declarat,
1200 1668 1444 1722 secunda:
1465 1680 1640 1723 autem
1669 1670 1981 1725 substantia:
2087 1671 2162 1722 uit
2192 1678 2249 1722 ut
2277 1669 2344 1723 sit
2371 1670 2774 1733 grammaticus,
2805 1668 2899 1721 sed
2929 1682 3033 1721 non
3065 1667 3212 1720 omni
3244 1666 3467 1730 homini,
3499 1681 3671 1735 neque

400 1768 593 1822 genera
617 1763 674 1809 et
696 1757 903 1824 species
929 1768 1074 1822 sunt.
1109 1768 1256 1814 recte
1283 1769 1403 1828 post
1431 1761 1630 1827 primas
1660 1761 1982 1814 substantias
2022 1760 2054 1811 ll
2086 1762 2230 1815 enim
2259 1762 2434 1815 omnis
2464 1761 2624 1814 homo
2651 1761 3029 1829 grammaticus
3069 1770 3174 1814 est.
3212 1761 3318 1814 Aut
3358 1774 3485 1813 vero
3514 1760 3672 1813 tertia

401 1848 609 1920 species
647 1858 704 1907 et
744 1865 939 1920 genera
985 1853 1242 1908 secunda:
1272 1853 1529 1909 dicuntur
1574 1865 1692 1906 esse
1734 1854 1984 1906 substan-
2087 1852 2286 1921 preprii
2315 1853 2629 1921 signiﬁcatio
2659 1861 2762 1910 est.
2794 1867 2914 1920 qua:
2943 1853 3086 1905 omni
3114 1862 3169 1906 et
3205 1852 3304 1904 soli
3334 1858 3392 1905 et
3432 1864 3668 1919 semper,

402 1945 510 1998 tia.
2087 1956 2141 1996 ut
2180 1943 2399 1997 risibile.
2432 1942 2617 1996 Untuis
2647 1942 2788 1996 enim
2837 1943 2996 1996 bomo
3024 1942 3244 1996 risibilis
3283 1951 3384 2005 est,
3414 1953 3465 1996 et
3494 1943 3669 1995 solum

473 2032 705 2101 Amplius
727 2033 1031 2103 principales
1049 2036 1348 2090 substantite
1368 2050 1426 2087 eo
1446 2034 1584 2104 quod
1607 2034 1725 2086 aliis
1750 2036 1982 2087 omnibus
2086 2045 2167 2089 est
2193 2033 2397 2087 animal
2430 2035 2590 2087 homo
2617 2033 2756 2099 quod
2798 2034 2989 2087 rideat.
3026 2034 3101 2087 Ex
3146 2034 3229 2088 bis
3260 2034 3419 2103 igitur
3443 2034 3532 2086 illa
3561 2034 3668 2087 dtto

402 2121 718 2191 subjaceanl,
749 2132 794 2173 et
822 2124 928 2174 alia
955 2124 1128 2175 omnia
1165 2123 1229 2175 de
1268 2124 1393 2190 ipsis
1428 2124 1773 2189 prtedicanlur
1807 2135 1895 2177 aut
1929 2127 1981 2178 in
2084 2128 2358 2196 superiora
2404 2141 2524 2195 quae
2568 2125 2835 2189 diximus,
2864 2127 2951 2179 ubi
2996 2125 3143 2179 omni
3178 2136 3231 2179 et
3278 2143 3381 2179 non
3422 2126 3544 2188 soli,
3578 2135 3670 2179 aut

401 2210 531 2276 ipsis
552 2218 693 2274 sunt,
726 2211 915 2264 idcirco
943 2214 1167 2280 propria:
1204 2215 1498 2266 substantia:
1538 2215 1798 2268 dicuntur.
1832 2216 1980 2269 Sicut
2084 2222 2183 2275 soli
2219 2230 2404 2275 etnon
2445 2220 2612 2283 omni,
2640 2235 2761 2274 esse
2790 2220 3031 2286 quadam
3079 2219 3291 2289 propria
3336 2220 3666 2281 dicebamus,

400 2310 565 2353 autem
592 2302 775 2369 prima:
802 2303 1099 2356 substantiis
1126 2304 1194 2357 ad
1224 2306 1395 2358 omnia
1419 2306 1524 2358 alia
1548 2322 1656 2359 sese
1678 2307 1883 2371 habent,
1910 2309 1982 2359 ita
2085 2328 2206 2383 qua:
2236 2328 2265 2364 a
2294 2314 2631 2381 propriorum
2654 2314 2876 2366 veritate
2902 2329 3021 2367 esse
3051 2315 3298 2368 videntur
3328 2315 3520 2368 aliena.
3558 2315 3669 2367 lloc

402 2389 760 2461 principalium
787 2392 1181 2445 substantiarum
1211 2410 1397 2462 genera
1426 2406 1472 2447 et
1493 2397 1687 2461 species
1711 2400 1779 2448 ad
1808 2388 1977 2450 omnia
2084 2418 2213 2456 vero
2244 2405 2455 2456 tertium
2485 2403 2626 2472 quod
2670 2404 2815 2457 omni
2846 2404 2987 2458 inest
3027 2414 3081 2458 et
3126 2405 3249 2469 soli,
3279 2407 3378 2458 hoc
3419 2420 3542 2458 vere
3583 2414 3669 2458 est

399 2481 590 2544 reliqua
624 2496 733 2534 sese
760 2482 962 2535 habent.
990 2480 1069 2534 De
1094 2482 1172 2535 Itis
1202 2486 1335 2536 enim
1364 2485 1535 2537 omnia
1563 2487 1760 2555 reliqua
1794 2488 1982 2554 pra'di-
2085 2512 2089 2561 ι

1972 2517 1982 2526 -
2085 2496 2377 2564 proprium,
2408 2496 2492 2548 illa
2523 2506 2702 2549 autem
2733 2497 3005 2560 superiora
3039 2500 3418 2567 consequentia
3448 2498 3662 2567 quidem

400 2586 611 2641 cantur,
653 2578 873 2645 aliquem
930 2579 1065 2631 enim
1109 2578 1363 2631 hominem
1413 2581 1541 2632 dicis
1589 2583 1979 2650 grammaticum
2082 2588 2349 2641 dicuntur.
2372 2602 2477 2639 non
2518 2594 2697 2639 tamen
2738 2602 2866 2641 vere
2914 2588 3150 2655 prppria.
3181 2590 3280 2642 boc
3320 2599 3497 2642 autem
3546 2589 3671 2642 ulti-

402 2682 522 2729 essc,
569 2682 692 2736 ergo
721 2675 770 2719 et
817 2667 1071 2720 hominem
1103 2678 1153 2719 rt
1179 2669 1375 2721 animal
1403 2672 1797 2738 grammaticum
1828 2672 1976 2738 diris,
2084 2695 2227 2732 mum
2281 2695 2407 2733 vere
2433 2689 2514 2732 est
2545 2680 2836 2747 proprium.
2871 2681 3212 2749 Qttmcunque
3237 2696 3366 2750 ergo
3396 2682 3517 2734 talia
3547 2698 3671 2749 pro-

400 2754 629 2809 δίηιίιίίεν
646 2765 819 2809 “um”
842 2764 887 2808 (⁸
908 2756 961 2808 ίη
984 2754 1121 2809 aliis—
2085 2770 2192 2837 pria
2208 2771 2524 2824 Aristoteles
2542 2770 2829 2832 invenerit,
2846 2786 2961 2836 quin
2978 2781 3066 2822 aut
3083 2764 3212 2822 Solis
3226 2781 3276 2823 et
3294 2787 3397 2822 non
3412 2773 3667 2824 omnibus

470 2844 592 2899 liae
631 2860 849 2914 Quoque
884 2856 967 2898 est
995 2845 1062 2899 dt!
1090 2845 1274 2900 cadem
1306 2863 1366 2900 re
1397 2848 1670 2916 probatio,
1703 2868 1805 2921 qua
1838 2864 1981 2909 recte
2084 2862 2416 2921 substantiis,
2450 2872 2540 2912 aut
2568 2860 2815 2913 ontuibus
2846 2872 2895 2912 et
2928 2876 3031 2911 non
3061 2861 3188 2912 solis
3223 2863 3493 2923 eveniant,
3523 2863 3667 2915 velut

404 2946 518 3005 Ροθι
540 2938 743 3007 Primi“
771 2938 1097 2992 SUbS'amias
1131 2954 1326 3007 890873
1359 2952 1411 2993 01
1436 2944 1644 3005 SDGCieS
1681 2960 1802 2999 esse
1835 2948 1978 3012 posi-
2084 2966 2189 3005 non
2230 2966 2358 3005 vere
2399 2950 2451 3003 iu
2502 2960 2688 3003 natura
2736 2949 3020 3016 cujuslibet
3063 2952 3350 3003 constituta
3402 2950 3675 3017 repudiat.

403 3046 483 3087 tas
524 3033 801 3088 verissima
846 3034 1054 3087 ratione
1091 3035 1391 3088 conﬁrmat.
1434 3036 1673 3107 Namque
1711 3040 1978 3094 individua
2088 3042 2217 3097 Illud
2239 3038 2366 3097 vero
2396 3042 2638 3094 ultimum
2668 3040 2972 3110 ponitquod
2999 3051 3051 3095 et
3082 3042 3223 3093 omni
3254 3042 3565 3093 sub~tautite
3614 3050 3670 3094 et

406 3125 605 3179 idcirco
626 3128 808 3194 prima:
832 3126 1085 3180 dicuntur
1110 3142 1230 3182 esse
1258 3127 1595 3191 substantite,
1619 3140 1671 3183 et
1695 3133 1834 3199 quod
1863 3133 1977 3187 aliis
2008 3127 2053 3188 C
2085 3133 2182 3186 soli
2213 3132 2389 3186 valeat
2428 3132 2667 3185 evenire.
2697 3130 2791 3183 Illa
2821 3146 2961 3183 enim
2994 3138 3119 3184 sunt
3148 3130 3359 3199 propria
3391 3147 3510 3197 qum
3538 3146 3669 3182 con-

402 3218 607 3272 cunCIis
642 3218 970 3287 subjaceant.
998 3218 1129 3272 Nam
1159 3219 1409 3287 quoniam
1441 3220 1690 3274 secundis
1725 3222 1975 3275 substan-
2084 3232 2381 3286 vertuntur,
2424 3231 2484 3275 ut
2526 3224 2567 3273 si
2618 3221 2742 3286 quid
2789 3220 2948 3275 fuerit
2991 3221 3184 3285 homo,
3238 3219 3440 3274 risibile
3488 3230 3590 3285 t-st,
3624 3218 3675 3273 si

401 3312 487 3367 tiis
521 3312 586 3366 ad
627 3311 1058 3380 przedicationem
1108 3311 1401 3379 supposita:
1431 3320 1576 3376 sunt,
1608 3320 1659 3366 et
1686 3309 1753 3367 de
1784 3313 1864 3365 bis
1895 3328 1979 3367 se-
2082 3316 2206 3384 quid
2235 3324 2318 3369 e-t
2348 3314 2569 3376 risibile,
2606 3316 2765 3367 homo
2788 3325 2867 3366 est
2898 3330 2910 3364 :
2943 3314 3056 3366 haec
3102 3312 3279 3365 autem
3330 3313 3502 3365 solum
3541 3327 3671 3364 con-

399 3406 582 3460 cundte
603 3403 916 3459 substantia:
950 3401 1221 3465 dicuntur,
1249 3412 1305 3456 et
1333 3404 1584 3470 quoniam
1612 3405 1983 3458 accidentibus
2083 3406 2216 3460 verti
2266 3414 2521 3474 possunt,
2555 3419 2675 3472 qua:
2720 3404 2865 3455 omni
2912 3403 3119 3471 solique
3165 3404 3513 3472 Contingunt,
3545 3417 3665 3453 nam

399 3507 452 3551 ut
481 3495 684 3565 possint
711 3509 830 3549 esse
859 3494 1155 3547 accidentia
1197 3493 1530 3557 subduntur,
1558 3494 1760 3549 idcirco
1791 3498 1980 3565 prima:
2085 3516 2254 3568 neque
2303 3498 2394 3551 nlli
2439 3498 2528 3549 alii
2570 3498 2757 3563 tttagis,
2806 3512 2975 3563 neque
3022 3497 3111 3549 ulli
3161 3495 3337 3548 minus
3369 3496 3666 3559 evenient;

398 3587 706 3640 substantiae
734 3592 878 3639 sunt.
920 3584 988 3637 Et
1031 3584 1168 3637 sicut
1198 3586 1383 3653 prima:
1429 3584 1741 3639 substantiae
1769 3588 1979 3641 cunctis
2084 3607 2247 3657 quare
2278 3591 2359 3643 bis
2398 3590 2671 3657 praedictis
2693 3587 2757 3639 ad
2790 3588 2889 3639 loci
2924 3588 3091 3653 ipsius
3117 3602 3209 3640 ora
3239 3587 3417 3640 iouem
3448 3588 3669 3655 exposi-

397 3676 674 3743 subjaccnt
733 3674 1133 3739 accidentibus,
1180 3675 1258 3728 sic
1304 3676 1467 3729 etiam
1517 3676 1788 3731 secunda}.
1843 3678 1975 3732 Nam
2086 3684 2385 3749 tioneuupic
2415 3682 2713 3733 vctiamus.
2746 3677 2896 3745 Quod
2938 3693 3067 3746 ergo
3112 3679 3239 3730 dicit
3284 3678 3384 3731 hoc
3422 3690 3525 3748 est,
3557 3694 3671 3731 um-

397 3768 651 3835 quoniam
675 3765 866 3835 aliquis
892 3766 1047 3819 homo
1066 3766 1714 3834 accidentibussubiaccl.
1740 3776 1793 3822 et
1817 3771 1979 3823 homo
2085 3776 2240 3829 nibus
2282 3774 2599 3827 substantiis
2645 3789 2931 3825 t'0tttmtttte
2960 3781 3061 3836 νει,
3095 3783 3150 3824 ιιι
3197 3772 3248 3824 in
3293 3771 3535 3837 Subjecto
3562 3784 3675 3823 non

398 3867 453 3911 et
493 3857 692 3910 animal
720 3856 979 3909 accidenti
1018 3858 1346 3925 supponitur,
1376 3870 1429 3912 et
1457 3859 1708 3926 quoniam
1745 3867 1828 3919 est
1864 3860 1978 3927 qui-
2083 3872 2208 3929 sint,
2242 3883 2470 3932 uanique
2517 3870 2705 3931 pruina:
2754 3865 3086 3924 substantiae,
3114 3863 3165 3916 id
3197 3872 3277 3914 est
3321 3861 3587 3913 individua
3619 3860 3673 3913 in

400 3947 526 4001 dam
553 3948 714 4000 homo
735 3948 1127 4016 grammaticus,
1151 3949 1199 4002 id
1224 3959 1305 4003 est
1325 3949 1689 4015 Aristarchus,
1709 3959 1792 4004 est
1821 3949 1979 4004 homo
2084 3958 2247 4024 subici
2273 3966 2325 4007 to
2368 3972 2470 4009 non
2504 3966 2647 4013 sunt,
2680 3956 2820 4020 quod
2859 3954 3165 4018 |II:|lIi.~Sitlte
3206 3952 3288 4002 bis
3333 3951 3670 4002 demonstra-

398 4039 803 4107 grammaticus,
834 4048 916 4093 est
944 4041 1101 4093 etiam
1132 4041 1328 4095 animal
1356 4042 1785 4111 grammaticum.
1831 4043 1978 4110 Quo-
2087 4058 2189 4101 tur.
2245 4048 2522 4115 Nunquam
2578 4046 2721 4096 enim
2782 4042 3117 4112 purliClIIal‘iS
3167 4038 3461 4091 substantia
3513 4037 3669 4090 alicui

399 4137 540 4188 circa
592 4133 957 4187 accidentibus
1004 4133 1188 4200 prima:
1248 4133 1564 4188 substantia:
1619 4135 1982 4204 principaliter
2086 4139 2337 4192 accidens
2378 4154 2498 4192 esse
2547 4139 2753 4205 |t0le>I,
2783 4134 3031 4188 secunda:
3066 4147 3195 4186 vero
3233 4128 3547 4185 substantia:
3579 4127 3673 4181 ha-

402 4225 716 4290 subduntur,
749 4224 999 4279 secunda:
1041 4241 1175 4280 vero
1203 4226 1442 4280 secundo
1474 4228 1614 4291 loco,
1643 4237 1695 4281 et
1726 4227 1985 4295 quemad—
2091 4233 2214 4286 bent
2243 4232 2525 4299 quamdam
2555 4229 2841 4293 imaginem
2888 4228 3029 4297 quod
3070 4228 3177 4280 sint
3208 4227 3260 4280 in
3297 4223 3561 4291 subjecto,
3592 4222 3672 4273 vi-

405 4317 617 4370 tuodum
643 4316 827 4384 prima:
847 4318 1157 4372 substantiae
1184 4328 1239 4372 et
1264 4318 1629 4372 accidentibus
1651 4331 1703 4373 et
1732 4317 1985 4373 secundis
2087 4324 2282 4376 dentur
2306 4324 2448 4377 enim
2486 4322 2735 4375 secundm
2779 4320 3090 4373 substantiae
3121 4320 3172 4372 in
3203 4316 3479 4384 subjectis,
3509 4313 3558 4366 id
3589 4322 3674 4367 est

406 4408 710 4461 substantiis
739 4407 1037 4472 subiacent,
1065 4408 1143 4463 sic
1191 4409 1439 4463 secunda:
1490 4412 1799 4464 substantia:
1842 4411 1983 4464 acci-
2091 4416 2275 4483 primis
2323 4417 2636 4469 substantiis
2681 4429 2842 4479 esse,
2886 4413 2979 4467 sed
3030 4412 3203 4475 falso,
3253 4424 3375 4462 nam
3423 4406 3714 4476 secundm.

406 4497 651 4551 dentibus
677 4509 1079 4566 supponuntur,
1109 4500 1202 4554 sed
1242 4501 1491 4553 secundm
1524 4503 1835 4555 substantize
1864 4516 1961 4568 Spe
2016 4502 2096 4561 1):

2016 4502 2068 4561 1)
2093 4508 2401 4560 substantia:
2424 4508 2490 4558 de
2523 4505 2707 4572 primis
2736 4503 3050 4557 substztnttis
3089 4503 3260 4555 solum
3293 4499 3676 4568 praedicantur,

406 4587 513 4640 cies
549 4596 603 4642 et
630 4603 825 4656 genera
867 4600 1012 4644 sunt.
1055 4591 1220 4644 [lecte
1259 4590 1419 4660 igitur
1458 4601 1578 4661 post
1620 4596 1815 4660 primas
1862 4596 1988 4648 sub-
2093 4616 2195 4651 non
2230 4600 2279 4650 iu
2323 4599 2453 4665 ipsis
2483 4607 2628 4649 sunt.
2658 4597 2866 4649 Animal
2909 4595 3049 4647 enim
3087 4594 3153 4645 de
3188 4592 3416 4658 quodam
3461 4589 3680 4643 nomine

408 4680 629 4731 stantias
666 4680 874 4749 species
903 4692 956 4734 et
994 4696 1191 4750 genera
1222 4684 1484 4736 secundas
1512 4684 1838 4738 substantias
1868 4700 1987 4739 esse
2093 4702 2294 4745 tantum
2325 4691 2539 4754 dicitur,
2560 4704 2665 4741 non
2695 4688 2852 4740 etiam
2878 4686 2928 4738 itt
2955 4684 3140 4755 aliq‘uo
3161 4684 3377 4737 homine
3404 4682 3675 4745 consistit,

409 4770 700 4838 proposuit.
2090 4803 2099 4836 ι

2090 4795 2143 4838 ιιι
2177 4785 2225 4837 iu
2258 4784 2517 4851 subjecto.
2552 4783 2660 4835 lluc
2692 4791 2867 4834 autem
2907 4781 2996 4833 illa
3040 4795 3126 4834 res
3157 4779 3364 4847 trubal,
3389 4776 3527 4847 quod
3558 4793 3676 4829 om-

476 4858 751 4915 Commune
773 4872 848 4914 est
866 4871 1037 4915 autent
1067 4864 1207 4916 omni
1234 4863 1530 4917 substantia:
1554 4865 1607 4917 in
1633 4866 1859 4934 subiecto
1888 4882 1992 4919 non
2094 4878 2166 4930 ui;

1990 4906 1992 4911 ν
2094 4878 2181 4930 nia
2214 4890 2544 4943 lilIiBCllIIQllt'.
2581 4876 2633 4927 in
2672 4871 2915 4941 subjecto
2957 4882 3101 4935 sunt,
3133 4887 3319 4925 eorum
3350 4884 3562 4939 quoque
3594 4870 3680 4920 in-

406 4969 532 5015 me,
551 4955 846 5021 principalis
865 4956 999 5013 enim
1021 4958 1303 5010 substantia
1326 4974 1483 5027 neque
1497 4960 1560 5011 de
1575 4959 1799 5028 subjecto
1816 4962 1990 5028 aliquo
2094 4970 2313 5020 dividua
2346 4968 2401 5020 in
2431 4967 2673 5035 subjecto
2705 4975 2861 5029 sunt,
2896 4965 3047 5018 color
3074 4965 3324 5033 quoniam
3356 4963 3407 5015 in
3438 4961 3683 5027 subjecto

407 5044 614 5111 dicitur,
632 5040 790 5115 neque
815 5048 869 5099 in
895 5048 1125 5117 subjecto
1147 5059 1245 5103 est.
1271 5050 1526 5105 Secunda:
1553 5068 1670 5104 vero
1694 5052 1992 5105 substantia:
2093 5075 2316 5126 corpore
2341 5070 2446 5123 est,
2466 5070 2521 5113 et
2544 5058 2759 5126 quidam
2784 5058 2935 5110 «olor
2962 5056 3204 5124 subjecto
3225 5068 3449 5117 corpore
3472 5054 3679 5112 nititur,

405 5153 430 5190 s
453 5153 483 5189 c
509 5138 659 5189 etiam
697 5148 958 5204 constant,
985 5142 1107 5208 quia
1140 5141 1293 5195 nulla
1322 5153 1393 5196 est
1422 5144 1473 5196 in
1499 5144 1749 5213 subjecto.
1789 5142 1992 5198 Etenim
2096 5149 2148 5199 in
2180 5149 2281 5202 ltoc
2312 5164 2438 5201 veru
2469 5144 2718 5216 quoniam
2762 5146 2946 5212 prima:
2975 5146 3308 5204 substantias,
3337 5142 3385 5193 id
3428 5150 3511 5194 est
3540 5140 3680 5192 indi-

405 5228 565 5282 Iwmo
603 5229 667 5282 de
707 5233 932 5302 subjecto
975 5234 1144 5303 aliqua
1192 5236 1394 5287 homine
1433 5238 1637 5303 dicitur,
1666 5237 1720 5288 in
1767 5236 1995 5307 subjerto
2098 5241 2252 5292 vidua
2279 5240 2331 5292 itt
2358 5239 2600 5306 subjecto
2630 5253 2735 5290 non
2771 5246 2925 5301 sunt,
2959 5251 3059 5288 nec
3102 5249 3287 5287 eorum
3336 5230 3679 5295 universalia,

402 5329 576 5372 autem
625 5321 766 5372 nullo
805 5333 899 5387 est,
932 5340 1092 5391 neque
1129 5327 1264 5378 enim
1304 5326 1358 5379 in
1388 5325 1572 5394 aliqua.
1603 5328 1803 5379 homins
1842 5327 1992 5380 homo
2101 5331 2154 5383 id
2197 5341 2279 5385 est
2325 5330 2576 5383 secundat
2620 5329 2956 5387 substantim,
2985 5341 3102 5393 qua:
3147 5340 3341 5393 genera
3374 5322 3689 5392 speciesque

402 5418 498 5463 cst.
527 5409 779 5463 Similiter
806 5414 1003 5467 animal
1031 5417 1093 5469 de
1121 5418 1349 5483 subjecto
1374 5419 1576 5486 quidem
1612 5420 1798 5471 dicitur
1822 5419 2000 5488 aliqua.
2103 5431 2245 5481 sunt,
2274 5430 2494 5486 possunt
2540 5422 2719 5487 aliquo
2758 5419 2851 5489 niti
2896 5417 3160 5483 subjecto.
3211 5415 3386 5480 Quare
3436 5414 3687 5470 secunda:

402 5501 634 5567 homine,
663 5516 763 5554 non
788 5511 861 5559 est
890 5518 1061 5559 autem
1088 5510 1283 5561 animal
1306 5510 1358 5562 in
1388 5512 1561 5576 a'tquo
1594 5509 1817 5562 homine.
2105 5511 2417 5565 substantim
2443 5512 2638 5575 primas
2660 5509 2987 5562 substantias
3016 5510 3081 5560 ad
3118 5508 3549 5575 praedicationem
3583 5515 3687 5559 tunc

484 5589 615 5644 Post
641 5594 1103 5651 enumerationem
1143 5600 1565 5658 substantiarutn
1607 5608 1659 5652 et
1687 5598 1999 5655 divisionem
2110 5613 2217 5655 tum
2268 5601 2535 5668 subjectus
2591 5599 2807 5663 habent,
2838 5616 2941 5652 Itttn
2996 5600 3157 5653 etiam
3217 5608 3273 5651 ut
3322 5598 3450 5665 ipsa:
3507 5596 3697 5664 primis

409 5680 467 5740 Ῐυ
495 5697 596 5756 ⁸1⁸³³
629 5682 761 5737 ""35
795 5683 1027 5765 υτίίηδερ.
1050 5688 1184 5743 aliis
1231 5691 1493 5746 secundas
1542 5704 1662 5746 esse
1707 5691 2007 5761 prﬂposuil,
2111 5695 2421 5750 substantiis
2462 5693 2731 5749 accidant.
2771 5692 2901 5748 Illud
2950 5708 3167 5764 quoque
3214 5692 3509 5747 maximum
3533 5705 3675 5759 argis
