4280 6268
597 337 689 389 m
1836 336 1953 390 ax.
1989 292 2190 390 nam.
2234 333 2382 389 sev.
2427 331 2655 389 nomn

3750 331 3846 393 i512

594 455 839 502 mentum
872 456 954 500 est
989 445 1250 501 secunda;
1290 446 1613 501 substantias
1653 462 1756 500 non
1785 462 1905 501 esse
1939 449 1989 501 in
2032 450 2160 502 sub-
2200 454 2237 506 Α
2270 454 2351 498 est
2380 446 2536 497 unius
2566 454 2787 511 possunt
2819 453 2873 497 et
2913 445 3142 497 nominis
3168 447 3596 515 nuncupatione,
3629 458 3679 502 et
3709 450 3847 503 diﬂi-

597 539 756 606 iectu,
810 538 1061 604 quoniam
1100 552 1257 591 omne
1304 539 1443 606 quod
1486 538 1535 591 in
1581 537 1823 605 subjecto
1870 550 1953 592 est
1998 550 2170 607 potest

594 628 817 693 mutari,
842 626 927 678 illa
971 627 1352 694 quaitsubjccta
1394 636 1477 681 est
1516 644 1620 681 non
1653 636 1905 694 mutatur,
1935 641 1988 681 ιιι
2019 631 2171 685 color

593 716 685 785 qui
730 725 811 769 est
857 717 913 769 in
947 732 1202 784 torpore,
1230 718 1417 771 eodem
1446 734 1671 787 corpore
1714 732 1961 773 manente
1999 731 2170 789 potest

598 810 815 872 mutari,
846 819 901 862 ut
928 811 1076 877 niger
1101 811 1190 862 ﬁat
1210 827 1273 865 ex
1296 811 1438 864 albo.
1472 812 1806 865 Manentibus
1837 823 2012 866 autem
2044 816 2169 866 sub-

598 902 807 954 stantiis
850 902 1055 969 primis.
1081 903 1343 955 secundm
1374 905 1685 957 substantia:
1730 921 1834 957 non
1876 916 2165 960 mutantur.

597 991 767 1057 Quam
810 1005 938 1044 vero
972 991 1086 1058 ipse
1115 991 1429 1047 Aristoteles
1458 995 1633 1061 posuit
1663 995 2049 1062 probationem,
2086 1012 2172 1049 sc-

596 1081 795 1134 (undas
834 1066 1159 1135 substantias
1199 1098 1300 1134 non
1332 1098 1458 1137 esse
1486 1085 1538 1137 in
1585 1085 1843 1152 subjecto,
1871 1086 2168 1154 lmjnsmndi

597 1178 697 1232 est,
722 1169 1009 1237 praeducuit
1037 1172 1178 1223 enim
1202 1173 1548 1238 quorumdam
1575 1189 1691 1241 qum
1714 1187 1831 1225 sunt
1858 1176 1906 1227 in
1933 1176 2172 1243 subjecto

544 1332 547 1337 _
598 1275 787 1311 nomen
819 1260 887 1312 de
914 1260 1167 1327 subjectis
1209 1276 1365 1327 posse
1415 1265 1712 1330 pra'dicari,
1743 1266 2000 1318 rationem
2046 1281 2173 1320 vero

599 1366 884 1417 nunquam.
919 1354 1108 1409 Album
1145 1355 1285 1406 enim
1332 1371 1461 1408 cum-
1502 1357 1572 1408 sit
1610 1360 1660 1409 in
1704 1372 1948 1424 corpore,
1980 1360 2172 1412 dicitur

596 1456 790 1508 corpus
820 1444 1022 1506 album,
1052 1454 1104 1496 et
1133 1445 1451 1511 praedicatur
1491 1448 1684 1501 albedo
1713 1448 1780 1501 de
1808 1462 2052 1515 corpore,
2079 1452 2169 1503 sed

595 1533 705 1584 alia.
744 1544 822 1586 est
871 1536 1117 1589 tlit'linitiu
1158 1538 1441 1605 albetlinis,
1473 1540 1576 1591 alia
1615 1542 1877 1607 corporis.
1916 1543 2173 1596 Secunda:

596 1639 721 1677 vero
743 1626 1050 1681 substan'im
1073 1628 1137 1681 de
1161 1629 1343 1696 primis
1367 1630 1673 1685 substantiis
1717 1641 1773 1687 et
1799 1634 2013 1687 nomine
2040 1650 2174 1701 prae-

567 1702 873 1779 dicantur,
926 1730 978 1772 et
1022 1720 1343 1774 diiflnitione
1390 1721 1705 1789 junguntur.
1764 1724 1893 1776 Nam
1956 1726 2170 1793 quidam

2275 537 2493 590 nitionis
2521 537 2973 591 detetminatione
3002 538 3273 607 conjungi.
3297 539 3444 603 Quod
3473 542 3515 592 si
3540 540 3591 594 in
3612 540 3849 608 subjecto

2272 640 2418 682 esset
2447 628 2771 691 differentia,
2795 643 3125 697 nequaquam
3145 628 3213 682 de
3234 630 3477 698 subjecto
3500 631 3599 683 sibi
3629 630 3851 686 univoce

2275 720 2683 786 pra-dicaretur.
2716 720 2891 784 Quare
2932 736 3035 772 non
3088 723 3359 788 proprium
3404 732 3485 775 est
3537 721 3849 776 substantia:

2271 814 2409 879 quod
2464 813 2658 863 retinet
2703 811 2863 863 etiam
2915 812 3243 871 differentia,
3284 811 3581 865 tliﬂ’crentia
3624 829 3848 881 namque

2272 900 2562 953 substantia
2596 914 2703 951 non
2727 910 2830 952 est.
2884 900 3040 954 Esset
3068 901 3208 954 enim
3236 901 3504 968 prolirium
3536 901 3849 954 substantia:

2275 989 2326 1040 in
2357 987 2597 1055 subjecto
2626 1002 2727 1040 non
2752 1002 2891 1040 esse.
2921 987 3032 1040 Non
3062 999 3150 1041 est
3170 998 3345 1041 autem
3380 988 3680 1042 differentia
3710 992 3848 1042 acci-

2274 1082 2428 1144 dens,
2482 1091 2626 1135 esset
2655 1082 2796 1134 enim
2832 1083 2880 1134 in
2907 1081 3168 1149 subjecto.
3223 1082 3409 1135 Omnis
3437 1091 3613 1135 autem
3646 1096 3734 1135 res
3758 1093 3849 1134 aut

2273 1172 2522 1226 accidens
2557 1181 2672 1234 est,
2707 1181 2799 1225 aut
2836 1172 3152 1237 substantia,
3206 1172 3256 1225 id
3302 1181 3384 1225 est
3412 1183 3497 1225 aut
3529 1173 3581 1225 in
3607 1173 3847 1241 subjecto

2274 1272 2375 1327 est,
2400 1275 2490 1315 aut
2517 1262 2568 1314 in
2596 1263 2835 1327 subjecto
2858 1277 2961 1315 non
3003 1271 3087 1315 cst
3105 1304 3121 1328 ,
3153 1272 3205 1316 et
3231 1273 3355 1316 sunt
3384 1263 3677 1317 accidentia
3701 1279 3845 1332 qua:-

2275 1368 2489 1421 cunqne
2530 1354 2582 1405 in
2614 1354 2967 1406 substantiam
3023 1354 3247 1421 subjecti
3294 1369 3397 1406 non
3429 1354 3670 1419 veniunt,
3701 1369 3846 1423 qua:-

2275 1461 2377 1514 que
2394 1455 2687 1512 permutata
2712 1456 2952 1498 naturam
2980 1447 3291 1499 substantia:
3320 1462 3427 1513 noq
3452 1449 3737 1514 perimunt.
3790 1448 3845 1502 Si

2275 1534 2466 1598 quibus
2497 1547 2623 1587 vero
2662 1536 2952 1601 peremptis
2998 1534 3238 1601 subjecta
3292 1535 3701 1600 interimantur,
3761 1537 3844 1590 illa

2279 1624 2489 1692 preprie
2514 1625 2736 1679 acciden
2768 1625 2814 1677 ia
2845 1640 2947 1678 non
2975 1641 3257 1689 vocamus,
3277 1626 3574 1680 differentia
3598 1643 3725 1680 vero
3767 1640 3849 1682 est

2278 1731 2395 1783 qua:
2417 1718 2484 1770 de
2517 1717 2755 1783 pluribus
2778 1718 2955 1784 specie
2973 1717 3335 1772 differentibus
3363 1720 3414 1772 in
3444 1734 3509 1773 eo
3539 1720 3675 1787 quod
3693 1721 3849 1788 quale

598 1806 757 1860 ltomo
782 1807 1086 1875 animalest
1113 1821 1166 1864 et
1198 1811 1377 1874 homo,
1411 1812 1504 1864 sed
1535 1812 1748 1880 quidam
1783 1812 1962 1879 humo,
1996 1825 2048 1866 et
2078 1815 2174 1866 lto-
2208 1802 2251 1857 Β
2279 1806 2346 1859 Si‘
2378 1808 2719 1872 [πειτάίοῖιῑιινο
2770 1808 2873 1861 39d
2925 1808 3223 1862 ἀίπθΐεηίίει
3275 1809 3572 1863 ευδειθηιίθ
3604 1825 3709 1863 1³οη
3742 1821 3843 1874 εει.

597 1898 773 1961 minis,
794 1909 845 1951 et
865 1901 1108 1954 animalis
1133 1903 1337 1956 ratione
1357 1903 1633 1957 diftinitur.
1666 1904 1731 1955 Et
1752 1914 1810 1956 ut
1834 1906 2173 1958 veracissime

597 1991 854 2043 sententia
900 1993 1267 2057 con-ludatur,
1296 2010 1458 2048 omne
1494 1996 1635 2062 quod
1680 2004 1766 2047 est
1808 1997 1857 2047 in
1908 1995 2177 2059 subjecto,

597 2081 864 2146 arqnivocc
889 2081 957 2135 de
987 2083 1225 2150 subjecto
1246 2084 1459 2137 dicitur.
1489 2084 1750 2138 Secunda:
1780 2100 1907 2138 vero
1930 2087 2172 2138 substan-

598 2173 684 2226 tia:
710 2172 777 2224 de
806 2174 988 2239 primis
1034 2190 1146 2227 non.
1168 2176 1458 2244 arquivoce,
1493 2178 1586 2228 sed
1616 2176 1837 2229 univoce
1866 2193 2174 2244 nuncupan-

599 2273 700 2324 tur,
727 2261 925 2315 idcit'co
950 2264 1092 2332 quod
1133 2272 1212 2330 (ut
1242 2266 1442 2319 dictum
1471 2268 1577 2332 est)
1604 2276 1657 2319 et
1704 2269 1920 2321 nomine
1947 2280 2000 2321 et
2027 2269 2171 2322 diffi-

598 2350 798 2403 nitione
853 2352 1212 2407 consentiunt.
1264 2354 1441 2418 Quire
1491 2356 1937 2419 quemadmodum
1991 2358 2175 2423 prima:

599 2441 904 2496 substantia:
926 2444 978 2496 in
1002 2443 1241 2512 subjecto
1267 2462 1370 2498 non
1396 2454 1540 2511 sunt,
1561 2449 1636 2499 sic
1658 2448 1909 2501 secunda:
1933 2448 2183 2516 subjecto

598 2534 873 2591 carebunt.
902 2535 1199 2589 Commune
1245 2550 1323 2589 est
1357 2539 1513 2604 igitur
1552 2538 1799 2590 omnibus
1841 2538 2172 2602 substantiis,

599 2633 654 2697 et
682 2624 929 2677 secundis
956 2637 1009 2677 et
1041 2626 1226 2693 primis
1256 2625 1307 2679 in
1339 2628 1581 2693 subjetto
1612 2643 1884 2691 non.esse,
1909 2640 1962 2682 et
2000 2631 2173 2697 quod-

597 2728 808 2780 cunque
835 2714 1129 2768 substantia
1178 2717 1355 2777 fuerit,
1390 2732 1723 2787 consequens
1752 2730 1835 2771 est
1861 2728 1918 2772 ut
1948 2722 1999 2772 in
2030 2722 2174 2773 nullo

599 2803 839 2872 subjecto
869 2805 953 2858 sit.
984 2805 1088 2860 Sed
1120 2809 1375 2875 quaeritur
1401 2818 1573 2861 utrum
1607 2810 1705 2862 lioc
1730 2809 1828 2862 soli
1862 2811 2173 2865 substantia:

600 2895 727 2947 insit
748 2913 811 2946 :tn
842 2896 998 2949 etiam
1024 2897 1161 2957 alis,
1182 2914 1303 2950 nam
1331 2899 1503 2952 si-soli
1525 2901 1837 2954 substantia:
1860 2901 2017 2967 inest,
2041 2917 2173 2970 quo-

602 2988 739 3039 niam
764 2990 905 3040 omni
929 2988 1235 3042 subs:antiai
1258 2989 1355 3043 boc
1379 2991 1553 3044 inesse.
1574 2993 2012 3057 monstravimus,
2030 2993 2177 3062 quod

601 3076 653 3131 in
698 3079 936 3145 subjecto
986 3095 1087 3131 non
1134 3082 1229 3145 sit,
1266 3096 1446 3134 verum
1499 3084 1766 3151 proprium
1815 3084 2009 3136 dicitur
2052 3098 2172 3138 esse

2280 1897 2480 1950 ideirco
2498 1897 2639 1965 quod
2662 1899 2705 1950 si
2735 1907 2875 1951 esset
2903 1898 3198 1952 substantia
3235 1914 3339 1951 non
3372 1898 3423 1952 in
3447 1914 3512 1953 eo
3533 1900 3669 1967 quod
3693 1901 3847 1968 quale

2276 1988 2344 2038 sit
2371 1987 2438 2040 de
2460 1986 2721 2053 subjecto,
2752 1987 2846 2039 sed
2878 1989 2929 2039 in
2956 2002 3019 2041 eo
3035 1988 3175 2053 quod
3199 1988 3322 2055 quid
3345 1989 3414 2041 sit
3446 1989 3844 2056 prazdicaretur.

2276 2076 2515 2141 Qualitas
2539 2078 2668 2129 vero
2699 2077 2869 2130 solum
2898 2091 3000 2130 non
3026 2086 3129 2142 est,
3172 2086 3314 2131 esset
3342 2079 3483 2131 enim
3526 2078 3771 2130 accidens
3795 2087 3849 2130 et

2278 2170 2327 2223 in
2350 2170 2610 2237 subjecto.
2647 2173 2727 2224 An
2762 2171 2928 2238 magis
2956 2187 3020 2224 ex
3063 2170 3357 2223 substantia
3384 2180 3438 2224 et
3465 2172 3720 2239 qualitate
3748 2169 3850 2222 dit-

2278 2262 2502 2315 ferentia
2534 2263 2645 2329 ipsa
2677 2262 2993 2327 coniicitur,
3026 2263 3095 2314 ita
3127 2272 3178 2314 ut
3209 2261 3334 2314 illud
3361 2262 3428 2314 de
3456 2277 3562 2328 quo
3594 2261 3849 2330 prtedica-

2278 2359 2381 2416 tur,
2411 2362 2681 2418 perempta
2718 2353 3012 2406 differentia
3039 2352 3197 2407 simul
3225 2353 3592 2415 interimatur.
3648 2361 3707 2405 ut
3752 2368 3846 2407 ca-

2279 2442 2503 2510 lor,cum
2529 2454 2609 2497 est
2637 2444 2687 2496 in
2711 2458 2867 2512 aqua,
2898 2454 3170 2512 perempto
3197 2445 3396 2509 calore,
3429 2453 3602 2511 potest
3625 2459 3757 2513 aqua
3788 2446 3840 2499 in

2279 2549 2372 2585 sua
2416 2536 2710 2610 substantia
2746 2549 3091 2600 permanere,
3149 2545 3203 2588 et
3231 2544 3315 2588 est
3344 2535 3491 2588 calor
3516 2536 3566 2587 in
3611 2535 3847 2601 subjecta

2277 2642 2437 2690 aqua,
2461 2643 2565 2694 quo
2597 2628 2935 2694 interempto,
2957 2640 3089 2694 aqua
3135 2641 3236 2679 non
3264 2625 3473 2692 peribit.
3500 2626 3640 2679 Idem
3668 2639 3842 2680 tamen

2278 2719 2427 2769 calor
2452 2727 2534 2769 cst
2555 2708 2607 2768 i'n
2636 2717 2776 2784 igne,
2800 2717 2891 2769 sed
2922 2704 3193 2783 perempto
3209 2715 3408 2782 calore,
3427 2716 3600 2784 ignem
3630 2717 3848 2770 interire

2279 2822 2505 2861 necesse
2525 2816 2628 2860 est.
2653 2808 2826 2872 Quare
2845 2807 2957 2859 lucc
2980 2807 3206 2873 qualitas
3226 2806 3419 2858 caloris
3433 2805 3851 2859 substantialter

2278 2899 2416 2951 inest
2444 2898 2573 2965 igni,
2604 2907 2761 2951 etest
2804 2898 3017 2965 propria
3045 2898 3345 2951 differentia
3365 2937 3380 2961 ,
3413 2896 3463 2950 id
3493 2906 3575 2950 est
3600 2896 3850 2950 substan-

2280 2988 2441 3041 tialis.
2467 2987 2905 3041 Concludendum
2948 2997 3029 3040 est
3064 2989 3223 3056 igitur
3250 2986 3601 3040 differentiam
3624 3030 3639 3051 ,
3676 3002 3851 3056 neque
3914 3010 3915 3013 η

2281 3082 2451 3134 Solum
2487 3081 2837 3135 substantiam
2882 3095 3035 3143 esse,
3096 3095 3269 3147 neque
3308 3078 3479 3132 solum
3512 3079 3846 3147 qualitatem,

602 3166 819 3221 substan
848 3168 939 3227 im.
972 3186 1073 3221 nun
1105 3187 1221 3225 t'sse
1262 3172 1311 3223 in
1354 3172 1613 3240 subjecto.
1665 3175 1775 3226 lloc
1803 3174 1943 3226 enim
1974 3174 2171 3228 dictum
2205 3163 2249 3224 C
2285 3173 2378 3226 sed
2412 3172 2551 3241 quod
2577 3188 2639 3254 ex
2675 3174 2912 3240 utrisque
2944 3170 3221 3225 conficitur
3243 3170 3641 3223 snbstantialem
3674 3172 3851 3239 quali-

601 3269 681 3311 εει
710 3274 825 3312 esse
856 3262 1085 3317 niaxime
1130 3264 1429 3329 proprium,
1458 3265 1597 3333 quod
1628 3265 1870 3318 omnibus
1900 3266 2096 3320 inesset
2124 3276 2179 3320 et

604 3348 750 3409 solis,
781 3350 871 3402 sed
917 3350 1015 3403 hoc
1056 3367 1160 3404 non
1205 3368 1325 3406 esse
1367 3354 1677 3407 suhsmntia»
1710 3356 1980 3421 proprium
2009 3356 2177 3409 veris-

603 3438 735 3491 sima
766 3439 1077 3495 Aristoteles
1109 3444 1417 3510 probatione
1445 3444 1728 3498 confirmat
1755 3446 1940 3499 dicens
1966 3464 1978 3499 :

670 3528 901 3595 Amplius
929 3547 1100 3583 eorum
1121 3549 1236 3600 qua:
1254 3543 1371 3586 sunt
1410 3536 1462 3587 in
1497 3539 1722 3607 subjecto
1759 3552 1944 3589 nomen
1971 3537 2175 3605 quidem

606 3618 667 3670 de
690 3619 912 3689 subjecto
958 3621 1236 3691 aliquando
1266 3625 1394 3678 nihil
1423 3626 1649 3694 prohibet
1681 3628 1951 3697 praedicari
1970 3668 1984 3691 ,
2015 3632 2177 3681 ratio-

602 3728 714 3764 nem
738 3727 852 3766 vero
879 3716 1187 3777 intpo.~sibile
1217 3729 1308 3771 est.
1334 3718 1691 3773 Secundarum
1721 3736 1833 3773 vero
1862 3720 2175 3775 substantia-

601 3816 715 3853 rum
741 3808 996 3857 et'nomeu
1047 3808 1109 3858 de
1155 3809 1392 3876 subjectis
1419 3819 1465 3862 et
1496 3810 1630 3862 ratio
1658 3809 2050 3880 pradicabitur,
2084 3828 2174 3863 ra-

602 3890 787 3942 tionem
832 3895 963 3945 enim
1012 3893 1233 3949 hominis
1277 3905 1322 3949 et
1367 3898 1607 3952 animalis
1658 3902 1719 3952 de
1758 3899 1929 3965 aliqua
1976 3899 2177 3955 homine

603 3980 926 4046 prtedimbis.
974 3984 1143 4046 Quare
1168 4002 1268 4038 non
1298 3987 1391 4039 erit
1421 3989 1697 4042 substantia
1725 4002 1894 4043 eorum
1925 4007 2039 4059 qua:
2058 4003 2176 4047 sunt

602 4073 656 4124 in
686 4073 801 4142 subj
832 4085 929 4128 cto.
983 4076 1102 4129 Non
1129 4087 1203 4130 est
1239 4090 1409 4133 autem
1440 4080 1535 4133 hoc
1564 4088 1832 4151 praprium
1862 4087 2172 4155 substantite,

603 4180 821 4233 namque
850 4176 894 4217 et
925 4166 1212 4233 ili/ferentia
1241 4186 1415 4221 eorum
1455 4181 1549 4233 est,
1584 4189 1703 4241 qua:
1731 4176 1782 4227 in
1807 4175 2033 4246 subjecto
2075 4193 2177 4231 non

605 4265 745 4321 sunt,
775 4256 913 4323 bipes
944 4259 1074 4309 enim
1101 4268 1148 4311 et
1186 4260 1447 4328 gressibile
1494 4263 1558 4314 de
1583 4264 1813 4333 subjecto
1856 4268 2059 4334 quidem
2085 4266 2178 4319 ho-

602 4349 737 4401 mine
761 4350 969 4412 dicitur,
1004 4352 1054 4402 in
1077 4350 1304 4421 subjecto
1330 4362 1496 4405 autem
1523 4353 1665 4407 nullo
1688 4365 1792 4417 est,
1843 4373 1943 4408 non
1968 4357 2100 4409 enim
2124 4359 2175 4410 in

603 4441 806 4495 homine
831 4452 902 4494 est
925 4442 1091 4509 bipes.
1117 4460 1276 4512 neque
1297 4444 1575 4513 gressibile.
1613 4446 1762 4499 [latio
1798 4464 1998 4515 quoque
2027 4449 2178 4512 di/Te-

2285 3275 2476 3325 tatem,
2504 3278 2623 3332 qua:
2652 3271 2927 3329 permanet
2959 3262 3011 3314 in
3049 3273 3235 3314 natura
3262 3261 3523 3326 subjecti,
3549 3269 3708 3329 atque
3732 3261 3852 3314 ideo

2279 3354 2528 3424 quoniam
2574 3351 2871 3406 substantia
2918 3351 3232 3419 participat,
3299 3350 3546 3403 accidens
3590 3365 3694 3402 non
3744 3359 3848 3415 est,

2278 3446 2527 3516 quoniam
2561 3442 2787 3510 qualitas
2809 3452 2912 3506 est,
2957 3441 3307 3495 asubstantia
3355 3441 3693 3509 relinquitur.
3741 3441 3848 3495 Sed

2270 3535 2548 3605 quoddam
2565 3533 2795 3586 medium
2823 3542 2905 3587 est
2926 3533 3061 3586 inter
3081 3533 3427 3585 substantiam
3446 3542 3498 3585 et
3523 3532 3847 3601 qualitatem,

2278 3645 2394 3698 qua:
2421 3626 2670 3697 quoniam
2699 3626 2750 3678 in
2781 3626 3023 3692 subjecto
3058 3640 3162 3678 non
3195 3636 3277 3679 est
3332 3626 3712 3679 et-substantia
3744 3641 3849 3678 non

2278 3730 2383 3784 est,
2417 3717 2689 3788 proprium
2730 3716 3043 3769 substantia:
3069 3732 3175 3769 non
3224 3724 3307 3769 est
3345 3732 3448 3770 non
3492 3731 3613 3769 esse
3643 3716 3693 3768 in
3727 3716 3851 3769 sub-

2277 3813 2439 3880 jecto.
2490 3811 2616 3865 Post
2660 3809 2762 3863 hoc
2811 3807 2934 3860 illuc
2976 3821 3187 3874 quoque
3214 3805 3344 3858 dicit
3370 3820 3474 3859 non
3516 3804 3714 3858 debere
3754 3819 3852 3857 nos

2279 3902 2624 3965 conturbari,
2662 3914 2734 3958 ne
2766 3899 2901 3952 forte
2929 3896 3347 3951 substantiarum
3398 3906 3609 3963 partes,
3630 3909 3748 3962 qua:
3780 3894 3849 3947 ita

2280 3995 2476 4047 suntin
2510 4002 2619 4046 toto
2636 3991 2785 4061 quasi
2818 3990 2870 4043 in
2898 3990 3077 4056 aliquo
3123 3986 3394 4051 subjecto,
3435 3986 3722 4054 aliquando
3764 4000 3853 4039 cos

2280 4100 2466 4151 gamur
2499 4099 2607 4135 non
2642 4081 2969 4134 substantias
2992 4076 3695 4131 confiteri.SubsIantiarum
3727 4091 3846 4142 par-

2283 4185 2361 4227 tes
2387 4175 2441 4228 in
2472 4173 2717 4239 subjecto
2740 4178 2887 4234 sunt,
2917 4167 3011 4223 sed
3037 4182 3141 4221 non
3169 4178 3225 4219 ut
3260 4166 3576 4230 accidentia,
3610 4165 3848 4218 videmus

2279 4264 2419 4317 enim
2452 4262 2708 4330 quasdam
2745 4268 2919 4328 partes
2955 4258 3371 4313 substantiarum
3414 4257 3485 4309 ita
3517 4271 3637 4310 esse
3665 4257 3715 4310 in
3735 4264 3847 4310 toto

2280 4354 2429 4423 quasi
2453 4353 2561 4407 sint
2598 4354 2647 4405 in
2676 4352 2941 4421 subjecto,
2990 4362 3047 4405 ut
3086 4361 3244 4419 caput
3269 4351 3319 4403 in
3349 4360 3457 4403 toto
3494 4363 3719 4418 corpore
3742 4357 3846 4414 est,

2280 4456 2333 4497 et
2360 4458 2550 4497 manus
2586 4443 2637 4496 in
2666 4452 2775 4495 toto
2796 4456 3022 4509 corpore
3045 4451 3147 4504 est,
3187 4442 3354 4494 forma
3382 4455 3593 4509 quoque
3612 4449 3665 4493 et
3686 4448 3852 4493 mate-

604 4532 784 4583 rentia:
808 4533 869 4583 de
915 4533 1008 4586 illo
1040 4534 1227 4586 dicitur
1260 4535 1322 4587 de
1347 4552 1446 4603 quo
1475 4536 1586 4602 ipsa
1617 4537 1903 4605 di/ferentia
1928 4540 2179 4609 prwdica-
2206 4534 2259 4591 D
2286 4539 2361 4600 ria
2386 4552 2502 4603 qua:
2552 4543 2679 4588 sunt
2721 4543 2901 4602 partes
2946 4532 3258 4601 composita:
3302 4532 3613 4585 substantia:
3657 4529 3712 4583 in
3742 4531 3852 4599 ipsa

605 4632 713 4685 tur,
742 4633 794 4675 ut
816 4624 859 4677 si
881 4625 1142 4692 gressibile
1168 4626 1230 4679 de
1253 4627 1456 4679 homine
1485 4628 1703 4687 dicitur,
1751 4639 1798 4684 et
1833 4633 1966 4684 ratio
1987 4634 2176 4703 gressi-

603 4710 718 4762 bilis
741 4713 803 4763 de
823 4714 1027 4767 homine
1049 4717 1406 4783 prtedicabitur
1421 4758 1436 4784 ,
1460 4729 1533 4771 est
1556 4720 1686 4772 enim
1709 4721 1857 4773 homo
1878 4723 2176 4790 gressibilis.

676 4799 794 4851 Non
825 4818 946 4854 esse
988 4808 1261 4874 proprium
1307 4808 1407 4861 hoc
1437 4811 1751 4865 substantia!
1798 4813 1948 4877 dicit,
1982 4815 2179 4871 idcirco

603 4888 744 4955 quod
779 4890 826 4939 in
856 4891 1176 4945 differentiis
1201 4897 1339 4947 idem
1386 4899 1477 4961 sit,
1506 4898 1559 4951 in
1584 4902 1730 4953 nullo
1758 4902 1897 4953 enim
1929 4904 2176 4959 differen-

608 4982 677 5031 tia
708 4978 950 5047 Snbjecto
970 4990 1070 5043 est,
1107 4986 1169 5034 ad
1197 4984 1324 5035 illttd
1357 4999 1589 5053 namque
1620 4992 1932 5044 recurritut.
1991 4994 2045 5045 Si
2079 4980 2178 5046 diii-

609 5071 830 5123 l'erentia
866 5073 914 5121 in
945 5069 1188 5138 subjecto
1210 5082 1388 5137 esset,
1429 5077 1640 5129 nomine
1672 5088 1872 5131 tantum
1906 5081 1972 5133 de
2001 5083 2180 5151 sume-

606 5171 693 5214 cto
719 5162 1113 5229 prazdicaretur,
1140 5179 1243 5215 non
1269 5162 1428 5216 etiam
1454 5167 1681 5220 ratione.
1715 5167 2020 5223 Differcntia
2050 5188 2180 5226 vero

608 5255 675 5305 de
699 5269 763 5305 eo
794 5254 859 5308 de
888 5270 991 5324 quo
1038 5254 1230 5307 dicitur
1270 5255 1493 5310 univoce
1525 5260 1870 5325 praedicatur,
1916 5264 2033 5315 utsi
2062 5265 2180 5332 quis

607 5342 750 5395 dicat
773 5332 1102 5412 gressibilem
1131 5347 1482 5401 differentiam
1515 5350 1580 5403 de
1617 5352 1829 5406 ltomine
1849 5392 1863 5416 ,
1893 5354 2056 5421 ipsius
2082 5357 2183 5410 dii-

611 5431 849 5487 ferentia:
880 5436 1127 5489 dilfinitio
1151 5454 1360 5506 quaque
1386 5439 1584 5492 homini
1613 5444 2000 5498 convenienter
2027 5455 2179 5513 apta-

612 5524 770 5577 bitur.
808 5526 1094 5582 Gressibile
1123 5546 1350 5600 namque
1381 5543 1460 5586 est
1486 5534 1624 5602 quod
1681 5551 1775 5602 per
1807 5546 2003 5591 terram
2035 5540 2181 5608 pedi-

614 5616 709 5667 Ims
738 5619 989 5682 ambulat,
1021 5631 1074 5675 et
1107 5622 1225 5677 bum
1252 5645 1265 5672 ι
1306 5635 1387 5678 est
1416 5628 1555 5693 quod
1607 5644 1699 5696 per
1725 5637 1921 5683 terram
1960 5634 2180 5700 pedibus

608 5705 868 5773 ambulat,
902 5711 970 5763 ita
1004 5713 1318 5768 dtherct.ti;e
1364 5729 1418 5769 et
1465 5717 1583 5787 ejus
1627 5719 1692 5773 de
1719 5736 1825 5789 quo
1869 5722 1980 5790 ipsa
2029 5722 2179 5776 diﬁc-

609 5788 777 5852 rentia
814 5790 1006 5857 dicitur
1057 5820 1154 5859 una
1193 5807 1383 5875 potetit
1438 5823 1556 5864 esse
1593 5788 2088 5882 ratiosubstantiar,
2122 5813 2172 5870 id

2286 4627 2584 4695 composita
2611 4624 2903 4678 sub-tentia
2948 4633 3090 4676 sunt.
3147 4622 3223 4675 Ne
3266 4621 3404 4675 forte
3441 4636 3569 4688 ergo
3601 4636 3854 4688 cogamur

2286 4719 2574 4788 aliquando
2616 4726 2790 4786 partes
2829 4716 3280 4778 substantiarum,
3326 4715 3577 4782 quoniam
3636 4722 3762 4766 sunt
3801 4714 3853 4765 in

2285 4812 2549 4880 subjecto,
2572 4810 2831 4878 suspicari
2863 4824 2965 4862 non
2988 4822 3110 4863 esse
3132 4806 3473 4870 substantias,
3493 4807 3585 4861 sed
3607 4806 3855 4861 acciden-

2289 4904 2390 4968 tia,
2416 4910 2709 4968 prarmonet
2736 4901 2919 4954 dicens
2943 4917 2958 4953 :

2365 4993 2484 5044 Non
2505 4994 2801 5043 conturbent
2824 5001 2993 5043 autem
3038 5008 3128 5045 nos
3158 4992 3550 5045 substantiarum
3580 4999 3768 5057 partes,
3802 4996 3855 5039 ut
3888 5034 3893 5045 λ

2289 5100 2400 5151 quae
2420 5084 2490 5135 ita
2518 5084 2619 5135 sint
2650 5084 2700 5134 in
2723 5093 2847 5147 toto,
2875 5086 3020 5151 quasi
3041 5085 3092 5136 in
3116 5085 3357 5154 subjecto,
3383 5098 3444 5133 ne
3463 5083 3592 5149 forte
3613 5095 3849 5147 cogantur

2287 5173 2520 5241 conﬁteri
2543 5190 2626 5225 eos
2658 5190 2758 5225 non
2784 5191 2889 5227 esse
2908 5175 3232 5237 substantias,
3259 5189 3359 5225 non
3388 5173 3524 5223 enim
3550 5170 3623 5222 sic
3655 5170 3855 5223 diceba—

2286 5280 2399 5317 mus
2430 5279 2487 5317 ea
2515 5280 2623 5317 esse
2646 5280 2761 5333 qua:
2797 5276 2913 5319 sunt
2954 5268 3004 5319 in
3031 5268 3255 5337 subjecto
3276 5302 3292 5327 ,
3322 5271 3376 5315 ιιι
3403 5263 3550 5331 quasi
3579 5272 3748 5331 partes
3779 5280 3852 5315 es-

2288 5364 2395 5407 sent
2423 5354 2473 5406 in
2496 5355 2691 5421 aliquo.

2360 5444 2468 5496 Hoc
2495 5445 2635 5496 enim
2665 5445 2886 5497 rationis
2942 5443 3095 5497 all'ert
3143 5457 3237 5497 cur
3278 5444 3381 5497 ista
3412 5442 3709 5496 accidentia
3735 5458 3857 5495 esse

2287 5534 2478 5603 aliquis
2507 5536 2761 5603 suspicari
2806 5554 2911 5590 non
2953 5536 3168 5590 debeat.
3220 5537 3315 5591 Illa
3367 5538 3509 5591 enim
3565 5537 3861 5591 accidentia

2285 5628 2667 5689 essediftinita
2689 5639 2816 5683 sunt
2850 5629 2899 5683 in
2932 5628 3197 5698 subjecto,
3245 5646 3364 5700 quae
3413 5646 3519 5684 non
3572 5638 3750 5684 es~ent
3805 5638 3861 5679 nt

2283 5722 2526 5788 qutudam
2559 5736 2705 5789 pars,
2736 5721 2833 5775 boc
2866 5722 3007 5775 enim
3040 5703 3282 5792 superius
3311 5723 3403 5775 ait.
3425 5722 3479 5775 ln
3506 5721 3748 5788 subjecto
3769 5734 3863 5796 an-

2286 5823 2388 5868 tem
2413 5813 2680 5883 essedici»,
2708 5813 2846 5884 quod
2871 5830 2988 5870 cum
3018 5814 3070 5870 in
3101 5816 3277 5885 aliquo
3307 5816 3517 5883 sit,non
3550 5816 3684 5869 scut
3717 5828 3785 5881 qu
3806 5830 3863 5865 c-
