4280 6268
388 289 487 347 19.5

1377 287 1438 341 IN
1470 284 1903 340 (lATECORlAS
1941 282 2387 341 AliTSTOTElJS
2428 290 2551 341 LII).
2600 295 2634 341 l.

3476 250 3483 258 ’
3557 287 3657 343 tos

385 406 505 456 dam
538 415 664 472 pars
700 410 755 456 et
783 398 1112 467 impossibile
1142 412 1221 452 εει
1249 414 1371 452 esse
1417 401 1531 461 sine
1562 416 1626 451 eo
1656 402 1705 452 in
1735 414 1841 467 quo
1863 408 1965 451 est.
2001 405 2043 461 Α
2080 401 2265 466 possit.
2301 398 2361 449 Et
2396 397 2497 450 hoc
2530 399 2669 451 idem
2714 401 2889 453 evenit
2927 398 2992 451 de
3030 398 3208 463 specie
3241 396 3517 465 cuju~dam
3556 400 3658 451 bo;-

394 494 658 560 Quocivca
704 493 953 562 quoniam
991 490 1288 543 accidentia
1330 490 1399 543 ita
1446 499 1572 543 sunt
1604 493 1652 541 in
1704 490 1968 556 subjecto,

390 595 451 638 ut
474 584 700 652 subjecti
731 593 903 652 partes
933 597 1036 635 non
1051 584 1177 647 sint,
1200 583 1623 635 substantiarum
1641 596 1769 633 vero
1793 589 1971 648 partes

393 674 449 728 in
482 684 593 727 toto
621 675 687 727 ita
719 683 860 735 sunt,
883 682 937 726 ut
968 673 1018 726 in
1052 674 1296 739 subjecto
1328 688 1431 726 non
1460 673 1603 735 sint,
1640 681 1819 739 partes
1843 670 1973 723 sub-

395 767 735 827 stantriarum,
767 774 943 833 partes
971 765 1324 819 accidentium
1349 780 1469 821 esse
1513 765 1689 818 nullus
1709 775 1852 819 recte
1878 779 1973 816 su-

392 859 586 926 spicari
616 866 806 924 potest.

467 946 602 1000 Inest
631 956 798 999 autem
827 948 1119 1001 substantiis
1162 957 1206 999 et
1236 947 1548 1011 differentiis
1592 963 1655 999 ea:
1687 946 1766 999 his
1806 947 1978 997 omnia

394 1039 599 1090 univoce
630 1039 922 1099 praedicari“.
974 1040 1161 1090 Omnia
1190 1042 1323 1091 enim
1354 1055 1469 1107 qua,
1497 1038 1558 1091 ab
1588 1041 1666 1089 his
1700 1039 1978 1103 prtedicata

394 1138 528 1193 sunt,
558 1140 645 1181 aut
676 1131 737 1183 de
768 1131 1050 1183 individuis
1081 1131 1466 1200 prtedicantur,
1490 1140 1578 1183 aut
1603 1130 1667 1185 de
1686 1130 1978 1198 speciebus;

397 1237 426 1271 a
450 1221 615 1289 prima
634 1237 848 1290 namque
864 1224 1149 1274 substantia
1170 1221 1315 1274 nulla
1330 1232 1400 1274 est
1420 1214 1736 1291 pra’dicatio,
1757 1223 1818 1272 de
1838 1221 1981 1271 nullo

397 1313 530 1364 enim
563 1312 790 1383 subjecto
813 1314 1022 1365 dicitur.
1048 1310 1405 1366 Secundarum
1433 1328 1547 1364 vero
1572 1311 1980 1364 substantiarum
2002 1300 2009 1303 ’

396 1407 592 1472 species
616 1406 820 1472 quidem
844 1407 906 1456 de
929 1406 1189 1456 indiuiduo
1217 1405 1544 1474 pmdicatur,
1571 1419 1728 1472 genus
1748 1408 1918 1453 autem
1939 1410 1983 1452 et

399 1497 464 1549 de
488 1497 658 1563 specie
688 1505 732 1548 et
755 1496 817 1548 de
847 1496 1128 1548 individuo.
1158 1494 1404 1548 Similiter
1427 1503 1597 1546 autem
1624 1503 1669 1545 et
1687 1491 1985 1556 diﬂ’ercntia:

401 1594 467 1643 de
488 1591 769 1657 speciebus,
801 1601 845 1641 ct
878 1590 940 1641 de
985 1588 1262 1641 individuis
1313 1588 1674 1655 prtcdicantur.
1718 1583 1981 1637 Rationem

406 1682 564 1732 etiam
600 1681 884 1745 suscipiunt
922 1680 1101 1748 prima
1127 1678 1421 1731 substantia:
1450 1678 1731 1744 specierum
1761 1685 1807 1728 et
1836 1690 1985 1747 gene-

2079 490 2257 552 minis,
2297 489 2346 541 id
2377 498 2459 542 est
2490 489 2555 542 de
2588 490 2838 543 homine:
2871 490 3031 579 hom‘o
3065 506 3314 558 namque,
3359 490 3409 542 id
3436 501 3515 544 est
3547 491 3657 558 ipsa

2079 580 2310 649 species,
2342 596 2462 634 cum
2494 581 2563 633 sit
2592 581 3099 649 gressiliilis,potoSt
3122 584 3361 647 dit'liniri,
3387 583 3556 635 llomo
3579 593 3662 637 cst

2078 671 2218 739 quod
2253 686 2349 738 per
2392 681 2589 724 terram
2626 672 2847 738 pedibus
2878 672 3153 724 ambulare
3194 673 3382 739 pos.~it.
3446 675 3581 742 l'lrgo
3609 687 3665 727 et

2081 761 2397 815 differentia:
2421 762 2488 815 de
2513 761 2600 816 his
2632 762 2699 815 de
2724 764 2917 830 quibus
2933 762 3307 829 pra-dicantur,
3335 764 3560 818 unimce
3584 765 3666 817 di-

2085 864 2300 907 cuntur.
2325 853 2584 919 Quocirca
2610 856 2860 923 quoniam
2889 864 2943 906 et
2977 855 3227 907 secunda!
3250 846 3568 910 substantia
3596 858 3666 911 de

2091 944 2175 997 his
2199 945 2264 997 de
2281 946 2475 1011 quibus
2508 944 2867 1011 prmdicantur
2896 943 3125 997 univoce
3153 944 3426 1007 dicuntur,
3466 957 3520 999 et
3567 948 3669 1000 dif-

2090 1038 2330 1091 ferentia:
2359 1038 2548 1090 eodem
2596 1037 2778 1101 modo,
2818 1053 3151 1106 quzecunqne
3178 1053 3206 1089 a
3245 1039 3556 1092 substantiis
3584 1041 3667 1093 vel

2088 1128 2404 1181 differentiis
2436 1130 2841 1196 prmdicationes
2874 1129 3106 1193 fuerint,
3135 1130 3217 1183 ha:
3240 1141 3293 1185 et
3320 1130 3386 1185 de
3416 1132 3671 1200 subjectis

2092 1219 2314 1271 univoce
2348 1218 2794 1285 praedicabuntur.
2828 1222 2957 1283 Qua!
2988 1229 3165 1272 autem
3192 1234 3348 1272 causa
3379 1222 3446 1273 sit
3507 1233 3561 1273 ut
3589 1234 3673 1275 sc.-

2090 1309 2281 1362 cundm
2305 1309 2624 1363 substantiae
2652 1310 2718 1363 de
2748 1311 2933 1377 primis
2965 1310 3277 1364 substantiis
3293 1312 3515 1364 univoce
3540 1327 3648 1380 pra:
3671 1314 3676 1355 ὲ

2091 1396 2359 1463 dicentur,
2392 1399 2479 1451 illa
2510 1414 2667 1467 quam
2698 1414 2854 1465 supra
2883 1401 3063 1455 docuit
3100 1402 3416 1456 Aristoteles
3455 1416 3553 1456 nos
3579 1403 3674 1455 ad-

2094 1504 2316 1543 monens
2344 1490 2512 1556 dixit,
2543 1492 2719 1543 omnia
2753 1492 2895 1544 enim
2927 1508 3260 1561 quacunque
3292 1494 3358 1548 de
3385 1496 3674 1562 prasdicato

2092 1582 2361 1641 dicuntur.
2391 1583 2575 1636 eadem
2598 1583 2757 1637 etiam
2788 1584 3035 1638 dicentur
3065 1586 3133 1639 de
3158 1587 3422 1654 subjecto.
3473 1588 3673 1644 Omnes

2094 1674 2236 1728 enim
2267 1674 2583 1731 differentia:
2612 1692 2730 1743 qua:
2765 1685 2891 1729 sunt
2927 1678 3195 1743 specitica:
3236 1680 3449 1746 gem-ris
3483 1680 3674 1748 praedi-

399 1786 536 1833 rum,
562 1780 609 1823 et
632 1772 826 1838 species
856 1770 1050 1835 generis
1072 1812 1086 1831 ,
1115 1786 1429 1838 quiscunque
1464 1770 1596 1822 enim
1619 1769 1683 1820 de
1708 1767 1985 1836 prtvdicato
2025 1768 2065 1824 Β
2094 1773 2284 1815 cantur
2311 1766 2452 1819 etde
2481 1767 2659 1830 specie
2682 1774 2737 1820 et
2763 1766 2832 1819 de
2862 1767 3158 1833 individuo,
3194 1778 3250 1822 u-t
3280 1770 3531 1837 quoniam
3563 1770 3675 1822 ani.

402 1863 655 1923 dicuntur,
678 1862 857 1914 eadem
887 1872 934 1913 et
962 1862 1024 1914 de
1054 1863 1282 1932 subjecto
1304 1862 1565 1913 dicuntur.
1609 1858 1864 1914 Similiter
1886 1875 1984 1909 au—

406 1962 505 2005 tem
532 1962 576 2005 et
603 1952 1001 2019 dilfzrentiarum
1040 1954 1288 2004 rationem
1318 1953 1602 2018 suscipiunt
1634 1961 1679 2003 et
1705 1950 1914 2019 species,
1940 1959 1986 2001 et

406 2043 698 2105 individua,
729 2045 944 2095 univoca
1002 2054 1169 2095 autent
1214 2052 1392 2105 erant,
1440 2058 1675 2111 quorum,
1718 2050 1765 2093 et
1803 2055 1985 2092 nomen

409 2150 672 2185 commune
698 2142 741 2188 et
768 2137 900 2186 ratio
929 2134 1105 2187 eadem
1133 2144 1228 2188 est.
1285 2135 1458 2200 Quare
1487 2133 1659 2185 omnia
1680 2146 1797 2201 qua:
1815 2148 1845 2182 a
1866 2131 1985 2183 sub-

405 2227 606 2279 stantiis
634 2237 681 2279 et
705 2226 1006 2294 differentiis
1032 2238 1172 2291 sunt,
1197 2230 1408 2281 univoce
1437 2229 1697 2280 dicuntur.

480 2319 740 2385 Quoniam
774 2321 824 2373 in
854 2320 1096 2387 subjecto
1130 2335 1233 2372 non
1274 2335 1395 2373 esse
1429 2318 1748 2372 differentiis
1779 2327 1832 2370 et
1861 2315 1987 2369 sub-

407 2411 616 2463 stantiis
640 2425 927 2463 commune
952 2410 1312 2475 monstravit,
1346 2409 1502 2462 aliam
1535 2424 1717 2463 rursus
1744 2424 1985 2461 commu-

408 2498 623 2553 nitatem
651 2500 1068 2553 subslantiarum
1106 2499 1633 2567 differentiarumque
1685 2500 1980 2566 proposuit.

409 2590 537 2644 Nam
566 2606 687 2644 cum
718 2592 1133 2645 substantiarum
1184 2592 1302 2644 alia:
1344 2592 1451 2643 sint
1492 2593 1698 2658 primm,
1745 2590 1862 2642 alia;
1901 2605 1987 2643 se-

410 2682 611 2747 cundae,
640 2690 695 2735 et
716 2682 900 2751 primm
922 2682 1233 2736 substantia:
1255 2681 1361 2735 sint
1393 2681 1710 2744 individuze,
1736 2681 1983 2749 quoniam

412 2774 535 2826 nihil
565 2772 839 2826 individua
864 2785 1084 2840 possunt
1110 2773 1310 2827 habere
1342 2773 1473 2841 subji
1496 2783 1637 2826 ctum
1660 2814 1673 2837 ,
1701 2772 1770 2826 ab
1792 2772 1983 2826 indivi-

411 2863 527 2916 duis
553 2864 694 2915 nulla
728 2863 1037 2930 prazdicatio
1066 2872 1171 2916 est.
1204 2862 1466 2917 Secundae
1495 2878 1626 2918 vero
1669 2863 1985 2917 substantia:

412 2954 476 3007 de
515 2954 832 3017 individuis,
867 2955 917 3007 id
950 2954 1121 3008 estde
1166 2954 1355 3020 primis
1407 2954 1751 3021 substantiis,
1788 2953 1986 3023 praedi-

414 3056 620 3109 cantur,
672 3054 724 3100 et
776 3045 842 3099 de
900 3045 980 3098 his
1032 3046 1262 3099 univoce
1303 3046 1575 3100 dicuntur.
1619 3046 1986 3101 Secundarum

2094 1856 2194 1906 mal
2220 1854 2462 1908 efliciunt
2502 1856 2818 1911 differentia:
2860 1857 3151 1911 auimatmn
3188 1870 3349 1927 atque
3384 1874 3444 1912 se
3484 1860 3674 1923 sibile,

2091 1946 2277 1999 eadem
2306 1958 2361 2000 et
2386 1948 2453 2002 de
2483 1949 2682 2016 specie,
2720 1951 2771 2003 id
2800 1937 3160 2018 est—homine,
3195 1961 3250 2006 et
3282 1954 3347 2006 de
3377 1952 3674 2015 individuo,

2094 2038 2143 2089 id
2173 2046 2256 2091 est
2284 2039 2464 2106 aliquo
2494 2041 2730 2103 homine,
2765 2042 3196 2108 pradicabuntur
3221 2058 3235 2105 ;
3270 2044 3410 2109 quod
3443 2058 3562 2095 cum
3591 2058 3676 2095 su-

2096 2130 2273 2196 perius
2302 2130 2502 2183 dictum
2542 2143 2645 2194 eSl,
2671 2147 2812 2185 nunc
2840 2142 3095 2198 quantum
3149 2133 3500 2200 expositionis
3554 2134 3676 2186 bre-

2096 2222 2229 2272 vitas
2257 2224 2510 2289 poStulat,
2537 2222 2737 2276 dixisse
2765 2223 3016 2277 sufficiat.
3132 2252 3137 2255 ~
3296 2246 3299 2247 ν
3504 2230 3507 2235 ‘

2164 2314 2345 2367 Omnis
2374 2326 2544 2367 autent
2575 2316 2860 2368 substantia
2886 2317 3087 2369 videtur
3124 2317 3219 2369 hoc
3247 2318 3445 2385 aliquid
3475 2320 3675 2390 signiﬁ-

2091 2420 2228 2467 care,
2262 2416 2412 2473 atque
2441 2408 2493 2458 in
2522 2407 2699 2473 prauis
2715 2405 2919 2471 quidem
2944 2409 3243 2461 substantiis
3264 2410 3598 2463 indubitabile
3626 2421 3675 2463 et

2093 2513 2267 2549 verum
2294 2506 2387 2561 est,
2411 2499 2646 2565 quoniam
2676 2498 2769 2551 hoc
2790 2498 2842 2550 al
2863 2500 2985 2567 quid
3007 2500 3314 2570 signiﬁcant.
3342 2500 3675 2556 Individuum

2093 2595 2227 2645 enim
2264 2603 2311 2646 et
2335 2610 2492 2646 unum
2518 2610 2729 2647 numero
2758 2605 2829 2648 est
2856 2598 2993 2665 quod
3020 2597 3362 2667 signiﬁcatur.
3400 2596 3467 2651 In
3496 2616 3676 2652 secun-

2094 2687 2171 2738 dis
2194 2702 2308 2739 vcro
2327 2687 2642 2752 substantiis,
2663 2690 2859 2741 videtur
2880 2690 3083 2756 quidem
3111 2691 3345 2742 similiter
3372 2692 3676 2761 appellatio-

2091 2778 2167 2827 nis
2200 2776 2368 2844 ﬁgura
2407 2779 2501 2829 hoc
2530 2778 2730 2846 aliquid
2764 2780 3088 2849 signiﬁcare,
3120 2782 3329 2848 quando
3355 2785 3467 2850 quis
3487 2784 3676 2835 dixerit

2089 2866 2165 2919 vel
2206 2867 2489 2931 hominem,
2543 2869 2622 2920 vel
2648 2870 2875 2933 animal,
2932 2886 3032 2921 non
3065 2880 3228 2921 tamen
3259 2887 3430 2922 rerum
3459 2882 3551 2934 est,
3584 2875 3674 2925 sed

2090 2959 2253 3029 magis
2276 2959 2427 3027 quale
2453 2957 2648 3026 aliquid
2697 2959 2950 3029 signiﬁca!
2979 2974 2997 3024 ;
3044 2974 3205 3029 neque
3234 2960 3366 3013 enim
3401 2971 3475 3013 est
3516 2974 3675 3013 unum

2096 3050 2231 3119 quod
2260 3050 2544 3118 subjectum
2577 3060 2674 3114 est,
2700 3050 3133 3119 quemadmodum
3170 3052 3335 3118 prima
3364 3052 3673 3117 substantia,

416 3135 555 3188 enim
583 3135 999 3189 substantiarum
1026 3150 1220 3190 nomen
1254 3135 1319 3189 de
1347 3136 1634 3190 individuis
1664 3136 1987 3204 prmdicatur
2020 3127 2061 3187 C
2096 3141 2185 3193 sed
2228 3142 2291 3193 de
2316 3141 2543 3207 pluribus
2587 3141 2738 3193 homo
2784 3142 2974 3195 dicitur
2995 3152 3041 3194 et
3086 3143 3298 3196 animal.
3345 3142 3467 3195 Non
3510 3154 3679 3195 autem

417 3236 469 3280 et
493 3227 650 3280 ratio.
696 3229 770 3282 Ac
796 3227 865 3281 de
905 3226 1180 3281 individuo
1211 3227 1425 3296 quidem
1473 3238 1525 3281 et
1571 3230 1779 3296 Species
1799 3230 1987 3298 praedi-

415 3328 562 3372 catur
588 3328 641 3373 et
668 3333 866 3388 genus,
899 3330 958 3373 ut
986 3319 1053 3373 de
1082 3317 1302 3374 Platone
1326 3365 1339 3387 ,
1386 3320 1437 3374 id
1466 3330 1550 3375 est
1574 3321 1641 3375 de
1672 3323 1856 3390 aliquo
1879 3323 1991 3375 ho-

416 3412 576 3467 mine.
607 3422 661 3465 et
683 3412 840 3466 homo
870 3412 1086 3473 dicitur,
1120 3421 1175 3466 et
1196 3412 1415 3476 animal,
1443 3402 1634 3482 aliquis
1662 3416 1801 3468 enim
1829 3416 1991 3471 homo

415 3512 517 3567 est,
541 3516 593 3557 et
619 3502 837 3567 ammal,
863 3511 916 3556 i-t
941 3504 1219 3569 utriusque
1249 3502 1317 3556 de
1347 3502 1623 3557 individuo
1670 3505 1993 3573 prmtliCatnr

420 3600 573 3654 ratio.
608 3599 847 3653 Dicimus
875 3600 1016 3652 enim
1055 3599 1285 3666 aliquem
1321 3599 1593 3652 hominem
1639 3599 1779 3652 anim
1802 3600 1833 3652 ιι
1876 3614 1995 3654 εεεε

420 3677 680 3745 rationale
727 3694 967 3754 mortale,
1002 3708 1119 3759 qum
1146 3701 1228 3744 est
1260 3692 1453 3759 speciei
1494 3692 1741 3745 diflinitio
1764 3734 1779 3756 ,
1809 3693 1859 3746 id
1915 3702 1998 3746 est

423 3783 680 3836 hominis.
716 3783 779 3834 Et
820 3798 1003 3834 rursus
1041 3783 1268 3849 aliquem
1302 3782 1571 3836 hominem
1614 3784 1842 3836 dicimus
1880 3798 2000 3837 esse

426 3872 782 3926 Substautiam
805 3874 1087 3925 animatam
1115 3883 1270 3939 atque
1298 3873 1626 3937 sensibiiem,
1651 3889 1768 3942 qum
1791 3876 2002 3942 generis

427 3973 511 4017 est
555 3963 821 4025 dflinitio,
880 3963 928 4015 id
953 3973 1032 4016 est
1057 3966 1317 4018 animalis.
1382 3965 1603 4031 Species
1631 3980 1759 4017 vero
1788 3968 2001 4034 generis

424 4056 505 4108 sui
530 4063 585 4107 et
613 4053 979 4108 diflinitionezu
1009 4056 1230 4124 suscipit
1258 4065 1311 4109 et
1334 4056 1670 4120 vocabulum,
1720 4056 1786 4109 de
1821 4057 1994 4109 homi-

425 4163 492 4199 ne
525 4146 667 4200 enim
691 4147 883 4199 animal
916 4149 1251 4213 praedicatur,
1295 4146 1492 4200 dicitur
1525 4148 1665 4199 enim
1698 4151 1859 4200 homo
1886 4164 1951 4201 an
1977 4178 2002 4189 ο

426 4237 527 4290 mal
559 4245 662 4299 est,
685 4247 739 4289 ct
766 4237 903 4290 idem
937 4238 1049 4303 ipse
1078 4253 1262 4290 rursus
1290 4238 1449 4289 homo
1479 4238 1739 4292 rationem
1780 4242 2004 4306 suscipit

440 4329 705 4380 animalis.
745 4328 975 4381 Dicimus
1006 4330 1149 4383 enim
1173 4344 1292 4383 e~se
1336 4329 1601 4383 hominem
1651 4330 2001 4384 substantiam

431 4417 717 4470 animatam
754 4427 915 4485 atque
953 4420 1281 4471 sensibilem.
1314 4419 1535 4473 Constat
1584 4436 1715 4489 ergo
1753 4422 2005 4489 quoniam

2091 3232 2391 3301 simpliciter
2405 3232 2557 3301 quale
2578 3231 2702 3300 quid
2724 3232 3003 3301 signiﬁcat,
3032 3234 3462 3303 quemadmodum
3484 3233 3678 3298 album,

2095 3324 2224 3375 nihil
2249 3325 2382 3375 enim
2406 3325 2577 3376 albunt
2611 3324 2756 3376 aliud
2784 3324 3039 3393 signiﬁcat
3063 3339 3217 3393 quam
3242 3324 3571 3393 qualitatem,
3596 3343 3681 3396 ge—

2096 3428 2191 3466 nus
2205 3423 2371 3465 autem
2394 3423 2441 3467 et
2465 3414 2656 3482 species
2678 3416 2813 3467 circa
2834 3415 3170 3469 substantiam
3189 3418 3485 3484 qualitatem
3512 3419 3685 3471 deter-

2102 3506 2318 3570 minant,
2332 3507 2534 3575 qualem
2563 3507 2697 3559 enim
2718 3508 2991 3575 quamdam
3022 3508 3352 3561 substantiam
3372 3511 3501 3578 signi
3506 3512 3683 3577 ﬁcant,

2101 3604 2217 3668 plus
2262 3612 2431 3653 autem
2460 3602 2510 3653 in
2559 3617 2741 3671 genere
2766 3618 2920 3671 quant
2944 3602 2994 3653 in
3022 3603 3188 3669 specie
3218 3604 3578 3656 determinatio
3606 3603 3685 3671 ﬁt,

2107 3690 2277 3742 dicens
2307 3694 2437 3743 enim
2465 3694 2657 3744 animal
2675 3694 2786 3761 plus
2805 3695 3151 3763 complectitur
3178 3709 3331 3757 quam
3373 3696 3649 3749 hominem.

2183 3780 2470 3848 Postquam
2497 3787 2743 3851 superius
2776 3787 3017 3853 geminas
3044 3786 3180 3837 dixit
3215 3787 3529 3841 substantizc
3558 3804 3688 3843 con-

2106 3886 2305 3930 senium
2337 3874 2413 3925 ias
2438 3912 2454 3939 ,
2482 3874 2532 3926 id
2568 3885 2649 3926 est
2672 3874 2721 3926 iu
2751 3875 2989 3941 subjecto
3017 3889 3121 3927 mn
3148 3890 3288 3941 esse,
3316 3886 3370 3929 et
3410 3889 3597 3930 cuncta
3628 3879 3695 3930 ab

2111 3964 2193 4016 liis
2218 3964 2446 4016 univuce
2477 3964 2776 4031 pricdicari,
2817 3972 2871 4016 ct
2894 3979 2985 4017 eas
3007 3979 3033 4015 a
3056 3966 3299 4017 maxima:
3327 3968 3541 4030 preprio
3571 3967 3695 4019 sub-

2109 4055 2319 4107 siautiie
2349 4056 2640 4121 separavit,
2675 4054 2874 4108 idcirco
2914 4056 3053 4123 quod
3088 4056 3402 4109 differentiis
3427 4057 3587 4111 etiam
3621 4060 3697 4110 vi-

2113 4145 2307 4198 dentur
2337 4161 2459 4199 e~>e
2505 4161 2856 4211 communes,
2906 4148 3049 4201 aliud
3087 4147 3268 4216 adjicit
3308 4150 3449 4218 quod
3500 4149 3698 4202 idcirco

2113 4237 2425 4304 Substautim
2457 4240 2731 4305 proprium
2768 4255 2870 4291 non
2901 4238 3005 4302 sit,
3039 4241 3178 4308 quod
3215 4256 3316 4293 non
3352 4242 3431 4294 sit:
3474 4241 3525 4294 in
3554 4247 3698 4296 omni

2115 4335 2413 4389 substantia
2434 4376 2447 4389 .
2480 4338 2611 4390 Nam
2641 4339 3093 4406 quemadmodum
3118 4342 3383 4407 quantitas
3404 4380 3416 4399 ,
3444 4353 3699 4409 quantum

2121 4427 2409 4495 signiﬁcat,
2443 4438 2495 4481 ct
2520 4429 2750 4497 qualitas
2772 4432 2958 4496 quale,
2985 4432 3062 4483 sic
3101 4433 3260 4483 etiam
3305 4431 3595 4486 substantia
3626 4436 3701 4487 vi-

430 4517 485 4562 et
510 4524 702 4576 genera
736 4519 787 4561 et
819 4510 1026 4576 Species
1056 4510 1123 4562 de
1160 4510 1475 4572 individuis,
1500 4522 1548 4564 et
1578 4526 1772 4579 genera
1796 4512 1863 4564 de
1889 4526 2008 4577 spe-

2119 4529 2273 4582 detur
2303 4531 2403 4581 hoc
2433 4530 2631 4598 aliquid
2673 4531 3002 4597 signiﬁcare.
3044 4530 3174 4583 Nam
3207 4548 3325 4584 cum
3357 4532 3479 4586 d.co
3510 4535 3701 4587 Socra-

432 4598 611 4652 ciebus
637 4602 859 4652 univoce
892 4601 1279 4668 priedicantur,
1330 4602 1379 4654 id
1423 4614 1504 4655 est
1536 4602 1586 4655 in
1612 4604 1758 4657 omni
1812 4603 2001 4669 pra-di-

431 4692 639 4743 catione
669 4692 916 4745 secunda:
947 4692 1260 4745 substantiae
1292 4694 1513 4747 univoca
1548 4696 1909 4763 app-'llatiooe
1939 4695 2008 4749 de

433 4781 684 4850 subjectis
706 4783 975 4845 dicuntur,
1003 4783 1143 4850 quod
1177 4784 1257 4836 liis
1285 4799 1403 4837 cum
1435 4784 1733 4839 dill'erentia
1760 4801 2005 4839 commu-

436 4893 504 4931 ne
526 4889 627 4931 est.
668 4878 970 4933 Dichrentia
1004 4896 1233 4947 namque
1262 4881 1326 4933 de
1359 4883 1539 4949 spvcie
1566 4884 1629 4936 de
1668 4900 1770 4951 qua
1795 4886 2009 4948 dicitur,

438 4978 489 5020 et
513 4971 579 5022 de
603 4970 721 5037 ejus
748 4970 1018 5023 indvidito
1046 4970 1155 5038 ipsa
1183 4988 1393 5041 quoque
1427 4976 1650 5028 univoce
1671 4977 2011 5042 prasdicatur.

438 5058 567 5111 Nam
599 5076 719 5113 cum
751 5062 820 5114 sit
842 5062 1139 5128 gressihilis
1166 5063 1469 5117 ditferentia
1494 5066 1561 5119 de
1585 5066 1765 5135 aliquo
1799 5066 2013 5119 homine

438 5160 776 5226 prmdicatur,
814 5160 1009 5214 dicitur
1034 5163 1174 5216 enim
1226 5164 1438 5231 quidam
1486 5166 1644 5216 homo
1695 5165 2011 5233 gressibilis,

438 5260 493 5303 ut
540 5252 689 5304 Plato
710 5259 764 5304 et
791 5249 1008 5316 Cicero,
1051 5254 1147 5306 sed
1183 5264 1237 5306 et
1275 5254 1649 5309 dilfiuitionem
1694 5254 2014 5309 differentiae

435 5343 733 5411 suscipiunt
763 5345 1065 5409 individua,
1111 5347 1177 5400 de
1216 5348 1408 5415 quibus
1441 5349 1527 5400 illa
1552 5347 1849 5401 differentia
1879 5364 2015 5416 pran-

436 5434 665 5488 dicalur.
698 5435 989 5490 Gressibile
1032 5453 1264 5507 namque
1304 5448 1387 5492 est
1414 5439 1550 5506 quod
1584 5455 1675 5501 per
1704 5450 1896 5491 terram
1922 5454 2015 5507 pe-

437 5523 594 5576 dibus
616 5525 893 5580 ambulare
928 5536 1119 5592 potest.
1156 5529 1518 5594 thucmdam
1550 5528 1820 5582 hominem
1845 5529 2016 5597 possis

438 5616 505 5664 ita
535 5615 827 5667 secundum
861 5632 1055 5673 nomen
1111 5618 1430 5675 dilicreutim
1468 5618 1723 5681 ditliuire,
1786 5628 1843 5671 ut
1873 5620 2017 5672 dicas

440 5704 714 5759 Plulmlt‘lll
746 5722 865 5761 csse
896 5708 1037 5776 quod
1093 5725 1187 5778 per
1218 5718 1413 5766 terram
1471 5710 1695 5780 pedibus
1727 5710 2015 5772 ,ambulare

2119 4630 2196 4673 tes
2224 4621 2305 4672 Vt'l
2340 4620 2488 4672 Plato
2522 4622 2599 4672 vel
2624 4621 2858 4688 aliquam
2885 4620 3208 4673 individuam
3235 4623 3586 4676 substantiam
3610 4644 3703 4675 uo-

2117 4711 2262 4762 mino
2285 4750 2300 4773 ,
2332 4708 2431 4762 hoc
2460 4710 2657 4778 aliquid
2709 4701 2984 4777 signiﬁco,
3034 4713 3126 4764 sed
3156 4712 3409 4767 Omnibus
3452 4713 3553 4770 hoc
3577 4716 3703 4770 sub-

2117 4801 2327 4854 stantiis
2361 4816 2464 4854 non
2511 4805 2667 4855 inest.
2702 4801 2995 4856 lndividuis
3037 4817 3263 4872 namque
3294 4792 3546 4872 quoniam
3580 4824 3704 4875 par-
3738 4792 3743 4799 ’

2124 4891 2363 4945 ticularia
2392 4902 2515 4945 sunt
2547 4904 2599 4945 et
2652 4909 2875 4947 numero
2909 4895 3234 4963 singularia,
3275 4910 3459 4950 verum
3493 4908 3574 4951 est
3606 4899 3705 4950 hoc

2120 4982 2392 5050 aliquid‘a
2424 4984 2741 5037 substantiis
2801 4985 3092 5051 signiﬁcari
3174 4986 3226 5039 ln
3281 4989 3531 5040 secundis
3577 4996 3704 5039 Vero

2121 5073 2433 5125 substantiis
2460 5090 2563 5126 non
2598 5074 2735 5127 idem
2769 5083 2869 5128 est.
2899 5075 3139 5144 Namque
3169 5078 3417 5129 secunda:
3454 5078 3704 5129 substan-
3794 5138 3795 5141 η

2124 5166 2209 5219 tite
2232 5180 2335 5217 non
2376 5176 2499 5218 sunt
2532 5162 2648 5219 unzc
2670 5207 2684 5231 ,
2719 5181 2815 5219 nec
2845 5167 3425 5234 numero’singu'ares,
3456 5169 3547 5221 sed
3581 5184 3703 5237 spe.

2122 5257 2232 5310 cies
2258 5260 2393 5309 intra
2441 5271 2497 5309 se
2523 5257 2744 5323 plurima
2787 5258 2925 5309 indiv
2950 5258 3051 5310 dua
3095 5258 3390 5320 Continent,
3425 5267 3477 5311 et
3507 5261 3702 5314 multas

2125 5346 2258 5400 intra
2293 5361 2349 5399 se
2376 5348 2584 5413 species
2628 5362 2794 5414 genus
2848 5347 3104 5413 includit,
3135 5347 3386 5413 quocirca
3429 5364 3547 5402 cum
3580 5350 3703 5405 diro

2125 5441 2303 5501 homo,
2354 5454 2456 5491 non
2488 5439 2587 5491 hoc
2618 5438 2812 5506 aliquid
2867 5439 3186 5508 signiﬁcavi,
3216 5453 3387 5510 neque
3416 5441 3559 5495 enim
3594 5459 3619 5497 s
3645 5463 3703 5498 n-

2122 5532 2307 5599 gulare
2337 5538 2418 5582 est
2448 5528 2678 5581 hominis
2710 5544 2927 5593 ηοιιιε-ι,
2957 5528 3155 5584 idcirco
3183 5530 3323 5601 quod
3353 5533 3420 5587 de
3457 5535 3696 5600 pluribus

2123 5619 2406 5674 individuis
2455 5619 2792 5689 praedicatur,
2838 5619 2929 5675 sed
2980 5622 3156 5688 potius
3192 5622 3347 5693 quale
3400 5627 3701 5695 quiddam;

2121 5712 2292 5781 qualis
2321 5713 2462 5769 enim
2484 5710 2776 5770 substantia
2805 5714 2873 5770 sit
2902 5711 3326 5787 demonstratur,
3361 5732 3481 5791 cuin
3507 5720 3703 5775 dicitur
