4280 6268
592 349 688 405 t95
777 336 783 341 ’

1817 347 1925 400 AN.
1968 349 2172 403 MANL.
2215 351 2366 407 SEV.
2410 352 2633 405 BOETII

3749 358 3849 412 I96

590 468 766 514 nomo.
793 456 1027 525 Qualitas
1055 463 1234 509 autem
1266 455 1379 510 haec
1412 456 1553 531 circa
1584 458 1933 511 substantiam
1969 470 2152 513 ternu-
2186 476 2233 529 Α
2260 462 2583 515 contrarius.
2612 464 2717 516 Sed
2743 463 2923 531 siquis
2950 463 3172 519 forsitan
3187 465 3348 531 dicat,
3378 480 3500 521 cum
3529 466 3663 536 ignis
3689 478 3849 537 atque

591 564 766 613 natur,
802 562 921 602 nam
945 548 1083 600 sicut
1104 546 1370 600 individua
1399 548 1625 615 qualitas
1648 552 1854 617 species
1880 564 1930 603 et
1965 567 2160 620 genera

592 639 860 713 qualitatis
913 638 1093 703 habet,
1123 649 1175 693 et
1206 638 1345 693 sicut
1386 641 1623 707 singulas
1649 642 1971 711 quantitates
1996 659 2165 711 quat.-

590 736 711 788 titas
737 732 1018 800 speciebus
1040 741 1096 784 et
1120 731 1404 798 generibus
1428 732 1654 796 claudit,
1688 734 1758 787 ita
1788 750 2001 803 qunque
2024 737 2162 789 indi-

591 826 863 879 viduarum
909 822 1327 876 subSIantiarutn
1357 810 1565 890 species
1595 834 1650 878 et
1686 841 1879 894 genera
1914 829 2164 882 secunda:

590 915 905 977 substantia:
936 922 1080 967 sunt.
1129 912 1268 981 Ergo
1288 902 1410 967 cuni
1442 913 1564 968 dico
1598 916 1759 969 homo
1783 958 1797 982 ,
1858 897 2019 973 talem
2042 919 2167 971 sul)-

593 1008 841 1062 stantiam
875 1004 1156 1072 signiﬁco,
1206 1019 1323 1071 qua:
1372 1004 1439 1058 de
1467 1007 1710 1073 pluribus
1765 1024 1989 1062 numero
2017 1009 2169 1063 dill'c~

591 1098 827 1153 rentibus
860 1097 990 1149 ineo
1012 1095 1154 1164 quod
1177 1096 1300 1164 quid
1330 1097 1399 1149 sit
1428 1098 1768 1165 praedicatur,
1799 1101 2010 1168 qualem
2034 1116 2166 1168 ergo

592 1188 867 1258 quamdam
898 1186 1252 1240 substantiam
1286 1186 1551 1255 signiﬁco,
1584 1204 1703 1242 cum
1730 1190 1998 1243 hominem
2030 1190 2162 1254 dixi,

591 1280 746 1333 talem
778 1279 983 1332 sciliCet
1035 1294 1155 1347 qua:
1186 1278 1474 1332 individuis
1502 1281 1827 1343 nominetur,
1862 1261 2164 1351 idemque-

591 1389 692 1442 quc
716 1372 993 1441 degenere
1023 1380 1125 1425 est.
1151 1370 1280 1424 Nam
1310 1387 1431 1424 eum
1466 1372 1587 1425 dico
1614 1373 1830 1437 animal,
1856 1375 2015 1429 talem
2043 1376 2168 1429 sub—

592 1471 835 1524 stantiam
897 1466 1140 1535 signiﬁco
1191 1481 1308 1520 unae
1338 1465 1403 1519 de
1432 1467 1668 1533 pluribus
1693 1468 1970 1536 speciebus
2022 1468 2168 1523 dica-

592 1571 694 1616 tur.
726 1562 816 1615 Est
848 1561 1008 1628 igitur
1037 1560 1288 1627 qualitas,
1314 1569 1373 1613 ut
1396 1560 1596 1623 album,
1621 1576 1741 1629 qua:
1778 1576 1991 1629 semper
2012 1563 2083 1615 sit
2113 1565 2163 1616 in

591 1652 881 1706 substantia
900 1692 913 1707 .
940 1651 1032 1702 sed
1062 1665 1167 1702 non
1198 1660 1256 1701 ut
1284 1650 1451 1716 ipsam
1491 1650 1841 1703 substantiam
1868 1652 2164 1713 interimat,

592 1745 789 1797 ideirco
838 1742 978 1810 quod
1036 1742 1415 1810 proprietatem
1463 1741 1778 1795 substantia:
1826 1742 2020 1795 albedo
2059 1758 2162 1795 non

2278 565 2412 617 aqua
2445 550 2761 604 substantia
2793 552 2932 615 sint,
2966 553 3138 621 ignem
3168 569 3321 622 aqua:
3350 570 3469 610 esse
3496 558 3845 621 contrarium,

2270 641 2578 694 mentietur.
2608 642 2722 695 Non
2753 643 2895 696 enim
2931 644 3066 712 ignis
3090 660 3244 711 aqua:
3284 649 3587 701 contrarius
3610 658 3691 703 est
3710 690 3724 713 ,
3752 653 3846 704 sed

2268 731 2552 798 qualitates
2574 732 2709 798 ignis
2738 732 3081 798 qualitatibus
3111 748 3265 802 aqua:
3295 746 3660 802 opponuntur.
3690 738 3853 791 Calor

2268 821 2410 875 enim
2438 832 2495 875 et
2522 822 2690 889 frigus
2729 824 2992 875 contraria
3022 833 3177 887 sunt,
3223 835 3277 877 et
3305 825 3497 878 humor
3520 836 3574 879 et
3616 827 3848 890 siccitas,

2268 928 2388 979 qua:
2406 913 2690 980 qualitates
2716 929 2836 966 cum
2876 915 2994 967 alia:
3024 916 3130 967 sint
3162 916 3213 968 in
3246 917 3366 984 igne
3389 957 3403 977 ,
3444 917 3565 971 alia:
3593 920 3644 971 in
3688 934 3846 989 aqua,

2272 1008 2413 1073 ipsas
2442 1005 2764 1058 substantias
2791 1007 3087 1060 Contrarias
3110 1008 3287 1062 facere
3314 1008 3581 1072 videntur,
3616 1013 3711 1064 sed
3738 1026 3845 1064 non

2269 1108 2393 1151 sunt
2420 1113 2434 1160 ;
2468 1098 2567 1151 hoc
2592 1106 2767 1151 autem
2798 1114 2862 1151 ex
2888 1100 3137 1153 omnibus
3164 1101 3282 1154 aliis
3324 1102 3639 1155 substantiis
3672 1114 3851 1170 potest

2272 1187 2516 1255 probari,
2561 1187 2831 1255 inquibus
2875 1188 3005 1240 nihil
3054 1189 3333 1258 quisquam
3368 1192 3563 1255 poterit
3604 1193 3848 1246 invenire

2268 1282 2619 1334 contrarium.
2644 1279 2747 1334 Sed
2780 1280 2882 1331 hoc
2902 1279 3067 1332 solius
3093 1281 3404 1332 substantia:
3436 1284 3709 1348 proprium
3732 1298 3837 1333 non

2271 1382 2386 1439 est,
2421 1388 2648 1437 namque
2688 1383 2745 1425 et
2791 1374 3056 1438 quantitas
3095 1372 3309 1425 delinita
3362 1374 3644 1426 contrariis
3673 1384 3839 1427 caret.

2272 1465 2402 1518 Nam
2434 1480 2607 1533 neque
2634 1463 2743 1518 duo
2787 1465 2957 1517 tribus
2999 1465 3264 1517 contraria
3300 1473 3421 1516 sunt
3451 1508 3465 1528 ,
3512 1480 3609 1517 nec
3639 1465 3847 1517 duobus

2270 1568 2521 1628 quatuor,
2572 1573 2669 1611 uec
2715 1558 2912 1627 aliquid
2958 1558 3261 1623 huiusmodi
3306 1574 3475 1611 :nam
3520 1560 3564 1612 si
3608 1561 3847 1613 dicamus

2272 1661 2380 1705 tres
2409 1650 2615 1703 duobus
2628 1664 2747 1703 esse
2764 1649 3079 1712 contrarios,
3098 1664 3192 1702 cur
3207 1664 3310 1702 non
3339 1652 3424 1703 his
3447 1650 3659 1704 duobus
3685 1650 3849 1704 etiam

2271 1754 2500 1811 quatuor
2530 1746 2609 1796 ve!
2641 1744 2876 1812 quinque
2901 1743 3201 1796 contrarios
3229 1757 3349 1796 esse
3371 1742 3673 1809 ponamus?
3702 1742 3848 1796 nulla

593 1836 769 1890 habet.
802 1836 1194 1902 Qualitas.vero
1217 1833 1331 1887 lucc
1360 1849 1479 1901 qua:
1506 1833 1575 1887 de
1604 1835 1918 1888 substantiis
1946 1834 2163 1898 dicitur,
2200 1834 2242 1887 Β
2271 1834 2413 1887 enim
2440 1832 2617 1885 aﬁ‘erri
2647 1833 2781 1886 ratio
2830 1842 3021 1898 potest,
3050 1847 3170 1885 cum
3217 1842 3327 1885 tres
3358 1831 3563 1885 duobus
3588 1831 3846 1887 contrarii

594 1928 739 1981 circa
766 1926 1119 1981 substantiam
1159 1925 1466 1994 qualitatem
1501 1925 1854 1990 determinat,
1895 1927 2070 1995 qualis
2099 1926 2168 1979 sit

595 2020 737 2072 enim
789 2017 876 2070 illa
904 2016 1198 2068 substantia
1229 2017 1581 2070 demonstrat.
1644 2016 1773 2070 Nam
1803 2018 1847 2070 si
1886 2017 2044 2071 homo
2087 2028 2168 2070 est

595 2110 895 2170 rationalis,
920 2118 974 2160 et
1003 2108 1297 2161 substantia
1320 2108 1422 2162 erit
1453 2108 1752 2171 rationalis,
1776 2108 1869 2161 sed
1898 2110 2169 2161 rationalis

595 2198 821 2267 qualitas
849 2206 950 2250 est.
974 2198 1194 2262 Qualem
1215 2212 1345 2265 ergo
1374 2198 1723 2252 substantiam
1766 2209 2063 2252 monstrant
2094 2216 2172 2253 se-

595 2289 781 2344 cunda:
816 2288 1150 2341 substantiae.
1191 2282 1454 2352 Quocirca
1500 2304 1604 2340 non
1644 2297 1728 2341 est
1770 2288 1870 2342 hoc
1898 2292 2167 2358 proprium

598 2380 928 2442 Sttbslattiizl',
984 2377 1086 2431 hoc
1127 2377 1323 2447 aliquid
1370 2378 1693 2446 signiﬁcare.
1742 2379 2004 2432 Secunda:
2027 2381 2169 2433 enim

601 2470 914 2525 substantia:
964 2484 1067 2520 non
1095 2467 1196 2521 hoc
1236 2467 1433 2536 aliquid
1460 2508 1475 2531 ,
1529 2467 1623 2521 sed
1667 2468 1823 2536 quale
1859 2468 2054 2536 aliquid
2085 2468 2175 2538 (ut

604 2564 803 2616 dictum
828 2572 903 2614 est
932 2561 948 2627 )
982 2569 1301 2620 monstrant,
1338 2561 1405 2611 ita
1428 2569 1603 2614 tamen
1626 2560 1784 2627 quale
1806 2560 2003 2628 aliquid
2026 2575 2175 2612 mon-

602 2662 790 2709 sttant.
825 2659 883 2703 ut
921 2652 1089 2718 ipsam
1135 2649 1445 2716 qualitatem
1474 2653 1615 2703 circa
1644 2650 1969 2704 substantias
2000 2651 2178 2703 deter-

604 2747 826 2800 mincut.
854 2742 1091 2808 Qualitas
1116 2741 1259 2795 enim
1287 2740 1648 2794 secundarum
1678 2740 2099 2794 substantiarnm
2124 2746 2174 2792 iu

602 2834 889 2892 individuis
915 2842 1026 2898 est,
1060 2832 1128 2886 de
1159 2832 1289 2900 ipsis
1319 2830 1464 2886 enim
1493 2833 1806 2884 naturaliter
1860 2830 2178 2899 prtcdicatur

603 2944 721 2998 qua:
750 2928 859 2995 ipsa
899 2924 1185 2980 individua:
1219 2924 1533 2977 subslantim
1565 2934 1711 2977 sunt.
1758 2923 1995 2990 Qualitas
2021 2924 2177 2991 igitur

604 3019 959 3075 secundarum
1018 3017 1439 3070 substantiarnm
1478 3016 1617 3069 circa
1659 3014 1966 3078 individua,
2019 3014 2069 3067 id
2096 3026 2175 3068 est

603 3128 722 3180 qua:
754 3110 921 3179 prima
951 3118 1076 3163 sunt
1107 3109 1447 3163 terminatur.
1482 3107 1866 3161 Detertninatio
1893 3122 2021 3161 vero
2048 3123 2180 3174 quo-

2271 1922 2398 1985 sint,
2425 1938 2524 1977 cur
2552 1934 2777 1991 quatuor
2820 1924 2903 1977 vel
2936 1925 3172 1991 quinque
3216 1923 3425 1976 duobus
3450 1925 3707 1977 contrarii
3739 1939 3846 1977 non

2271 2016 2398 2069 sint.
2422 2015 2573 2081 Quod
2604 2017 2647 2068 si
2670 2015 2768 2067 hoc
2796 2024 2898 2079 est,
2924 2015 3005 2067 vel
3035 2024 3281 2081 quatuor.
3316 2014 3399 2068 vel
3432 2024 3563 2081 tre:,
3587 2015 3667 2069 vel
3691 2015 3849 2083 quin-

2272 2124 2397 2176 que,
2426 2110 2510 2161 vel
2532 2107 2833 2175 quicunque
2862 2122 2891 2160 a
2922 2106 3127 2159 duobus
3152 2106 3349 2159 distant
3379 2109 3608 2166 numeri,
3636 2114 3849 2158 contra-

2276 2199 2339 2252 rii
2371 2199 2496 2249 ﬁant
2544 2196 2786 2258 duobus,
2818 2204 2874 2248 et
2912 2204 3069 2249 erunt
3096 2195 3186 2248 uni
3232 2196 3308 2247 rei
3354 2194 3517 2247 multa
3556 2196 3845 2263 contraria,

2273 2286 2415 2356 quod
2446 2286 2558 2339 ﬁeri
2592 2302 2697 2339 non
2731 2294 2925 2352 potest.
2970 2285 3085 2337 Non
3109 2296 3192 2338 est
3218 2284 3376 2353 igitur
3402 2286 3727 2337 contrarium
3752 2285 3853 2338 ali-

2281 2378 2405 2445 quid
2436 2380 2738 2447 quantitati.
2761 2378 2863 2431 Sed
2896 2378 2937 2430 si
2969 2378 3087 2444 quis
3117 2377 3258 2430 dicat
3298 2392 3548 2445 magnum
3578 2392 3740 2444 parvo
3767 2379 3852 2431 vel

2278 2472 2456 2523 multa:
2500 2471 2683 2539 paucis
2712 2486 2831 2523 esse
2856 2471 3121 2523 contraria
3152 2509 3169 2531 ,
3223 2468 3337 2522 ha:c
3378 2469 3590 2537 quidem
3640 2470 3853 2523 etiamsi

2281 2562 2401 2628 quis
2422 2561 2744 2628 quantitates
2762 2574 2881 2613 esse
2905 2559 3206 2619 conﬁrmat,
3229 2568 3405 2613 tamen
3433 2558 3671 2611 dilﬁuita:
3691 2573 3853 2627 quan-

2284 2654 2461 2704 titates
2488 2667 2591 2703 non
2621 2659 3031 2715 sunt.quantum
3054 2651 3194 2704 enim
3224 2650 3294 2703 sit
3314 2665 3559 2719 magnum
3576 2649 3657 2703 vel
3683 2664 3853 2718 quan-

2286 2751 2393 2793 tum
2419 2756 2659 2809 parvum,
2690 2756 2795 2793 non
2826 2740 3013 2792 deﬁnit
3038 2739 3126 2807 qui
3163 2739 3413 2808 loquitur,
3446 2738 3635 2792 eodem
3669 2740 3847 2802 modo,

2282 2834 2441 2885 etiam
2473 2831 2541 2884 de
2588 2831 2769 2885 multis
2812 2839 2972 2899 atque
3022 2831 3221 2898 paucis.
3268 2830 3443 2896 Quare
3488 2832 3531 2884 si
3574 2832 3691 2899 quis
3737 2831 3852 2884 hzcc

2281 2924 2603 2991 quantitates
2634 2938 2753 2976 esse
2780 2923 2945 2987 dicat,
2978 2922 3413 2977 indeterminatas
3445 2924 3855 2992 iudeﬁuitasque

2283 3027 2403 3067 csse
2430 3014 2791 3068 conﬁtebitur.
2837 3014 2970 3067 Dicit
2996 3023 3170 3069 autem
3205 3016 3519 3069 Aristoteles
3557 3016 3856 3069 terminata:

2282 3104 2561 3172 quantitati
2596 3104 2724 3158 nihil
2744 3118 2867 3159 esse
2890 3106 3241 3166 contrarium,
3266 3116 3319 3160 ut
3337 3106 3544 3159 duobus
3565 3109 3644 3160 vel
3662 3107 3854 3169 tribus,

604 3206 705 3255 tias
746 3201 856 3270 ipse
887 3200 1148 3253 terminus
1200 3198 1685 3272 multa'concludit
1706 3238 1724 3261 ,
1772 3199 1942 3266 major
1970 3208 2072 3265 est,
2122 3209 2178 3253 et
2206 3194 2251 3254 C
2283 3196 2361 3250 vel
2384 3196 2539 3250 linea:
2556 3196 2636 3249 vel
2653 3196 3147 3263 superﬁciei.Quod
3167 3198 3208 3250 si
3224 3198 3382 3251 etiam
3397 3198 3514 3251 alia:
3535 3199 3857 3267 quantitates

602 3292 779 3345 minor
808 3289 1015 3359 qunties
1044 3290 1313 3356 pauciora,
1344 3288 1593 3357 quocirca
1624 3302 1791 3355 genus
1825 3289 2048 3355 plurima
2070 3290 2180 3344 col-

602 3386 742 3451 ligit,
771 3382 977 3452 species
1008 3396 1135 3435 vero
1178 3397 1283 3434 non
1321 3392 1424 3433 tam
1458 3381 1705 3448 plurima.
1748 3380 1876 3434 Nam
1894 3397 2027 3435 eum
2058 3382 2179 3435 dico

600 3474 832 3539 animal,
860 3472 1017 3525 etiam
1048 3471 1317 3525 hominem
1357 3472 1688 3542 bovemque,
1752 3483 1807 3525 et
1842 3474 1942 3525 alia
1987 3484 2179 3528 cuncta

602 3564 845 3619 animalia
872 3562 972 3616 hoc
1002 3577 1108 3616 uno
1137 3562 1350 3615 nomine
1378 3562 1563 3617 clausi.
1627 3563 1760 3616 Cum
1791 3577 1916 3617 vero
1939 3563 2060 3617 dico
2084 3564 2182 3617 h0-

602 3673 711 3720 mo,
737 3656 882 3710 solos
913 3655 1159 3709 homines
1188 3654 1489 3707 ittdtvitlttus
1521 3657 1618 3708 hac
1644 3655 1877 3709 nominis
1908 3656 2176 3724 signiﬁca-

601 3750 744 3801 tione
764 3746 1027 3809 conclusi,
1048 3744 1291 3812 quocirca
1316 3745 1485 3814 major
1511 3745 1568 3798 ﬁt
1587 3745 1964 3799 determinatio
1990 3761 2081 3814 per
2095 3762 2180 3815 ge-

604 3852 709 3889 nus
730 3853 884 3906 qnam
920 3853 1010 3905 per
1051 3838 1309 3905 speciem,
1340 3850 1389 3891 et
1416 3838 1472 3891 ﬁt
1492 3838 1863 3891 determinatio
1889 3840 2029 3892 circa
2050 3839 2179 3892 suh-

606 3928 854 3981 s'antiam
884 3927 1155 3996 qualitatis
1178 3967 1192 3988 ,
1245 3928 1328 3981 vel
1380 3929 1517 3996 quod
1552 3928 1923 3983 substantialis
1951 3929 2180 3999 qualitas

600 4018 656 4070 itt
682 4032 877 4083 genere
916 4026 969 4070 et
1004 4017 1183 4085 specie
1223 4030 1324 4079 est,
1360 4020 1443 4072 vel
1475 4018 1616 4085 quod
1664 4019 1957 4073 secundum
1988 4035 2178 4087 quam-

598 4109 724 4163 dam
752 4109 1181 4162 communionem
1214 4109 1578 4175 snbjectornm
1609 4110 1824 4163 dicitur.
1869 4111 1972 4165 Sed
2002 4125 2096 4178 per
2118 4124 2180 4165 se

597 4201 850 4269 qualitas,
869 4211 919 4251 nt
941 4200 1328 4268 albnm,neqne
1350 4201 1508 4255 ullius
1529 4201 2174 4270 sttbstatttiamsiguilicat,

602 4305 777 4359 neque
801 4290 960 4353 ullam
997 4290 1460 4355 communionem,
1495 4291 1633 4345 sicut
1661 4307 1832 4358 genus
1875 4294 2175 4359 specierum

595 4395 839 4440 suarum,
867 4391 918 4431 et
944 4378 1335 4432 individuorum
1362 4382 1591 4449 species,
1620 4382 1876 4437 ostendit.
1916 4384 2174 4447 Quocirca

596 4470 741 4523 aliud
770 4470 1081 4524 substantia:
1112 4472 1382 4539 proprium
1427 4474 1805 4541 requirendum
1836 4482 1939 4528 est.

2286 3287 2487 3340 habent
2514 3289 2799 3351 contraria,
2826 3289 2946 3341 alia:
2975 3304 3104 3341 vero
3133 3304 3237 3342 non
3268 3290 3486 3353 habent,
3521 3290 3649 3343 nihil
3681 3291 3855 3343 omni-

2284 3392 2352 3430 no
2380 3379 2599 3444 impedit
2627 3381 2691 3432 ad
2736 3383 2835 3433 hoc
2864 3381 3004 3448 quod
3036 3380 3251 3443 dicitur,
3288 3383 3558 3451 proprium
3589 3398 3692 3437 non
3734 3397 3855 3437 esse

2283 3470 2617 3536 sultstantim,
2640 3469 2785 3524 idcirt
2805 3485 2840 3522 ο
2857 3470 2996 3539 quod
3021 3472 3501 3540 constatquasdam
3529 3474 3857 3540 quantitates

2284 3575 2388 3615 non
2424 3562 2617 3615 habere
2640 3563 2925 3616 contraria.
2956 3563 3109 3629 Quod
3158 3564 3204 3617 si
3236 3563 3335 3617 hoc
3365 3574 3417 3618 et
3450 3565 3501 3618 in
3549 3567 3858 3634 quantitati~

2285 3651 2383 3706 bus
2413 3652 2593 3706 evenit
2618 3668 2723 3706 non
2748 3668 2869 3708 esse
2898 3654 3223 3707 contrarium
3240 3695 3256 3717 ,
3278 3656 3696 3710 substantiarum
3728 3674 3856 3725 pro-

2290 3745 2459 3811 prinnt
2490 3760 2595 3797 non
2641 3755 2744 3798 est.
2782 3749 2954 3813 Atque
2985 3746 3097 3800 haec
3121 3748 3337 3815 quidem
3369 3749 3413 3801 si
3444 3751 3563 3817 quis
3607 3765 3854 3817 magnum

2286 3832 2609 3902 vel’parvum
2635 3835 2685 3887 in
2708 3836 3088 3903 quantitatibus
3106 3847 3285 3905 ponat,
3310 3838 3641 3892 manilestutu
3674 3850 3754 3893 est
3778 3841 3858 3909 (nt

2284 3926 2399 3994 ipse
2421 3932 2507 3981 est
2529 3928 2792 3993 posterius
2815 3930 3237 3998 monstraturus)
3262 3931 3375 3984 lucc
3413 3948 3516 3983 non
3546 3946 3669 3986 esse
3691 3948 3860 4002 quan-

2286 4020 2485 4083 titates,
2518 4019 2609 4074 sed
2638 4020 2704 4073 ad
2727 4020 2944 4088 aliquid,
2980 4037 3229 4089 magnum
3256 4024 3398 4075 enim
3429 4024 3494 4076 ad
3528 4037 3745 4091 parvum
3771 4024 3857 4078 di-

2281 4109 2439 4173 citur;
2470 4110 2564 4164 sed
2592 4124 2713 4163 cum
2744 4110 2809 4163 ad
2838 4125 2900 4165 ea
2928 4112 3040 4165 loca
3066 4113 3391 4177 venerimus,
3427 4114 3682 4182 propositi
3704 4115 3843 4167 ordia

2285 4222 2405 4260 Item
2430 4208 2529 4261 loci
2558 4207 2866 4276 diligentius
2902 4224 3278 4279 exsequemur.
3321 4212 3469 4265 Nune
3488 4215 3737 4281 quoniam
3759 4213 3856 4268 de-

2283 4300 2538 4353 claratum
2563 4309 2651 4355 est
2675 4310 2728 4353 et
2755 4304 3066 4355 substantia:
3097 4304 3227 4357 nihil
3270 4319 3391 4358 esse
3418 4308 3769 4368 contrarium,
3802 4320 3858 4361 et

2284 4390 2386 4442 hoc
2426 4390 2477 4443 ei
2511 4392 2782 4458 proprium
2840 4408 2943 4445 non
2973 4409 3124 4458 esse,
3166 4397 3415 4463 quoniam
3445 4396 3583 4449 idem
3610 4397 3771 4450 etiam
3803 4398 3855 4451 in

2285 4482 2684 4553 quantitatihus,
2697 4484 3090 4549 consideratur,
3118 4487 3183 4541 ad
3213 4474 3444 4559 sequens
3469 4490 3739 4558 proprium
3763 4504 3859 4544 ex-

671 4558 813 4613 Inest
839 4571 1007 4613 autem
1034 4561 1327 4614 substantiis
1348 4564 1504 4615 etiam
1528 4563 1658 4615 nihil
1688 4565 1814 4633 ipsis
1840 4581 1947 4620 esse
1967 4574 2176 4619 contra-
2214 4552 2262 4610 Ῐ)
2291 4552 2571 4643 positionis
2598 4575 2842 4629 semitam
2865 4587 3264 4633 converujnug,

601 4652 762 4714 rium,
818 4653 996 4720 prima:
1042 4654 1174 4705 enim
1223 4654 1518 4707 substantia:
1550 4655 1673 4724 quid
1714 4656 1810 4707 erit
1840 4658 2171 4722 contrarium,

596 4752 653 4794 ut
683 4743 839 4795 alicui
870 4744 1060 4795 homini
1083 4744 1157 4797 vel
1176 4746 1335 4797 alicui
1359 4746 1602 4811 animali,
1632 4764 1665 4801 ιι
1688 4745 1763 4799 hil
1790 4748 1925 4800 enim
1955 4758 2027 4801 est
2054 4765 2171 4802 con-

600 4831 819 4883 trarium
841 4869 857 4894 ,
913 4842 965 4883 at
1009 4848 1123 4885 vero
1163 4850 1256 4885 uec
1292 4837 1485 4888 homini
1515 4853 1606 4889 uec
1632 4838 1846 4890 animali
1871 4840 2066 4907 aliquid
2106 4850 2178 4892 est

591 4921 942 4983 contrarium;
976 4938 1075 4973 non
1111 4932 1183 4974 est
1232 4935 1401 4977 autem
1426 4928 1519 4978 hoc
1552 4928 1853 4982 substantic
1884 4932 2172 4999 proprium,

592 5015 683 5070 sed
708 5014 861 5066 etiam
885 5012 1160 5064 multorum
1198 5014 1420 5067 aliorum
1443 5054 1456 5075 .
1506 5026 1559 5066 ut
1584 5020 1895 5081 quantitatis
1917 5034 1935 5071 :
1958 5020 2178 5075 bicubito

595 5106 731 5159 enim
755 5104 833 5157 vel
852 5104 1088 5157 tricubito
1118 5103 1245 5157 nihil
1273 5117 1348 5158 est
1372 5108 1710 5171 contrarium,
1755 5120 1806 5161 at
1832 5126 1945 5163 vero
1972 5127 2062 5164 nec
2088 5114 2175 5164 de-

507 5222 514 5235 ι
598 5214 706 5251 rein
731 5213 822 5250 nec
838 5196 999 5250 alicui
1030 5196 1228 5251 talium.
1262 5197 1377 5250 Nisi
1407 5200 1520 5267 quis
1549 5202 1678 5266 {orte
1708 5205 1869 5255 multa
1899 5204 2077 5272 paucis
2096 5204 2177 5256 di-

598 5302 679 5343 cat
715 5308 821 5344 esse
841 5291 1125 5355 contraria,
1149 5292 1226 5343 vel
1256 5308 1497 5360 magnum
1523 5310 1698 5362 parvo,
1726 5296 2175 5352 determinatarum

598 5394 714 5435 νει-ο
731 5386 1072 5450 quantitatem
1104 5383 1304 5437 nullum
1331 5384 1425 5437 ulli
1456 5396 1525 5438 est
1555 5389 1895 5447 con'rariunt.

671 5473 882 5541 Adjeth
911 5492 1120 5546 quoque
1164 5478 1303 5531 aliud
1344 5479 1653 5532 substantiae
1685 5484 1957 5549 proprium
1989 5483 2175 5539 dicens

598 5566 917 5619 substantia:
961 5568 1089 5621 nihil
1121 5584 1241 5622 esse
1283 5571 1632 5633 contrarium,
1680 5572 1785 5639 hoc
1818 5585 1991 5628 autem
2021 5591 2083 5629 ex
2111 5591 2175 5629 ea

594 5669 720 5722 qua:
761 5657 1027 5725 sigillatim
1058 5660 1113 5710 ﬁt
1144 5661 1447 5714 inductione
1483 5663 1784 5717 Conﬁrmat.
1839 5664 2007 5718 llonto
2035 5665 2173 5719 cuitu

597 5744 801 5797 homini
837 5747 917 5799 vc!
942 5760 1080 5815 equo
1102 5790 1116 5813 ,
1170 5751 1252 5804 vel
1283 5752 1438 5805 alicui
1483 5752 1574 5808 alii
1619 5755 1928 5811 animalium
1961 5772 2065 5811 non
2095 5768 2175 5811 est

2364 4667 2576 4723 Videtur
2595 4678 2763 4721 autem
2786 4670 3070 4723 substantia
3090 4688 3192 4724 non
3220 4675 3475 4742 suscipere
3495 4676 3659 4742 magis
3684 4683 3732 4727 et
3771 4674 3861 4725 nti-

2281 4778 2377 4815 nus
2396 4802 2410 4825 ,
2433 4762 2549 4815 dico
2572 4772 2747 4815 autent
2770 4766 2865 4814 hoc
2903 4778 3003 4815 non
3025 4765 3164 4832 quod
3192 4767 3477 4819 substantia
3510 4784 3539 4819 α
3576 4768 3860 4821 substantia

2284 4870 2384 4907 non
2405 4855 2468 4906 sit
2491 4855 2653 4924 magis
2671 4864 2717 4907 et
2741 4856 2907 4909 minus
2933 4856 3237 4919 substantia,
3262 4856 3358 4910 hoc
3380 4861 3513 4913 enim
3544 4858 3739 4913 dictum
3754 4872 3860 4929 est.

2281 4949 2400 5007 quia
2422 4955 2514 5008 est,
2540 4946 2626 4999 sed
2638 4948 2875 5009 quoniam
2899 4965 3207 5017 unaqureque
3250 4951 3552 5017 substantia,
3574 4952 3671 5003 hoc
3692 4953 3862 5019 ipsum

2284 5035 2419 5103 quod
2452 5046 2523 5089 est
2545 5078 2559 5096 ,
2585 5054 2685 5090 non
2706 5038 2893 5090 dicitur
2914 5042 3073 5109 magis
3095 5052 3140 5092 et
3164 5042 3348 5104 minus,
3376 5051 3431 5091 ut
3454 5042 3497 5092 si
3518 5051 3591 5092 cst
3616 5042 3721 5093 hac
3741 5042 3862 5092 sub-

2284 5127 2491 5188 stantia,
2517 5128 2687 5193 Itomo,
2710 5145 2811 5181 non
2835 5138 2907 5181 est
2932 5132 3091 5199 magis
3112 5139 3200 5183 aut
3226 5132 3395 5183 minus
3416 5130 3567 5182 homo
3585 5172 3599 5193 ,
3643 5146 3734 5183 nec
3754 5132 3862 5201 ipsc

2285 5217 2472 5283 seipse,
2497 5235 2586 5271 nec
2610 5220 2740 5273 alter
2761 5223 2923 5273 altera
2941 5262 2955 5281 ,
2985 5238 3085 5274 non
3109 5231 3181 5274 est
3200 5223 3334 5273 enim
3359 5223 3486 5273 alter
3506 5223 3669 5275 altera
3696 5226 3862 5293 magis

2287 5306 2470 5368 homo,
2494 5310 2624 5362 sicut
2658 5320 2732 5364 est
2762 5310 2939 5363 album
2968 5312 3180 5363 alterum
3202 5311 3364 5364 altera
3386 5314 3549 5380 magis
3580 5314 3753 5366 album
3774 5354 3788 5376 ,
3815 5325 3869 5366 et

2285 5399 2473 5451 bonum
2516 5403 2735 5454 alterum
2780 5402 2943 5456 altera
2970 5403 3132 5471 magis
3160 5403 3367 5458 bonum.
3411 5406 3516 5459 Sed
3537 5417 3583 5457 et
3624 5408 3789 5475 ipsum
3811 5423 3865 5457 se

2290 5492 2450 5556 magis
2472 5501 2518 5544 et
2542 5493 2704 5545 minus
2726 5493 2912 5546 diriiur
2942 5504 3031 5545 :ut
3052 5509 3237 5564 corpus
3258 5512 3373 5547 cum
3398 5498 3461 5548 sit
3482 5498 3678 5559 album,
3702 5500 3863 5565 ntagis

2288 5579 2461 5631 album
2498 5598 2604 5633 esse
2636 5582 2824 5633 dicitur
2865 5599 2995 5637 nunc
3021 5602 3174 5651 quam
3216 5587 3402 5654 prius;
3432 5596 3477 5639 et
3501 5604 3615 5639 cum
3637 5590 3859 5640 calidum
3902 5575 3909 5597 ³

2286 5669 2381 5731 sit,
2408 5671 2566 5738 magis
2592 5680 2639 5721 et
2671 5671 2837 5724 minus
2883 5673 3108 5728 calidum
3151 5678 3358 5731 dicitur.
3406 5678 3702 5732 Sttbstautia
3744 5694 3859 5730 t‘ero

2287 5776 2385 5814 non
2404 5760 2591 5814 dicitur
2612 5764 2770 5832 magis
2791 5774 2879 5817 aut
2908 5767 3073 5822 minus
3089 5770 3395 5835 substantia,
3423 5787 3523 5824 non
3549 5773 3682 5823 enim
3706 5770 3861 5822 homo
