4280 6268
362 306 452 360 19Ἰ
1359 303 1424 357 ΙΝ
1461 304 1897 361 (ΣᾹΤΕΟΟΒΙᾹΞ
1937 308 1957 360 Α

2033 306 2374 365 lSTOTi-ZLiS
2414 313 2538 369 Llll.
2585 316 2619 371 i.

3524 331 3625 386 {98

357 418 517 487 ntagis
538 432 671 469 nunc
695 417 847 469 homo
866 431 1012 483 quant
1034 414 1176 484 prius
1196 415 1404 475 dicitur,
1430 430 1518 467 nec
1539 416 1931 483 aliorumquid-
1964 426 2008 479 Α
2045 422 2096 470 in
2126 422 2443 473 substantiis
2486 426 2767 487 omnibus,
2818 431 3034 495 prOpria
3087 438 3263 486 tamen
3301 434 3623 493 sttbstantiat

359 526 506 575 quam
545 526 664 575 qua:
694 507 994 561 substantia:
1030 515 1188 567 sunt,
1233 522 1336 575 qua
1383 513 1590 576 prapter
1620 522 1713 559 nec
1753 508 1931 576 recipit

362 600 635 655 substantia
661 599 821 667 magis
854 608 897 649 et
924 598 1112 649 minus.

428 689 542 745 Hoc
590 692 859 759 proprium
893 704 996 742 non
1052 687 1369 753 simpliciter
1417 686 1634 751 dicitur,
1681 687 1775 741 sed
1808 703 1927 740 cum

357 782 532 851 aliqua
558 780 900 834 distinctione
926 796 939 832 :
962 779 1036 831 ait
1058 780 1202 832 enim
1235 777 1585 830 substantiam
1618 793 1789 845 neque
1816 794 1927 830 ma-

356 871 717 939 gisrecipere.
752 884 924 938 neque
960 868 1157 930 minus,
1188 883 1293 921 non
1318 867 1417 921 hoc
1442 869 1647 936 dicens,
1677 870 1928 937 quoniam

358 960 643 1013 substantia
663 975 767 1012 non
800 968 882 1013 est
907 958 1077 1027 magis
1103 959 1171 1011 ab
1197 958 1299 1011 alia
1330 959 1650 1012 substantia.
1684 958 1929 1028 Namque

356 1049 566 1116 quidam
596 1049 756 1101 homo
787 1063 907 1102 cum
930 1048 1000 1101 sit
1027 1048 1347 1110 substantia,
1380 1050 1545 1116 magis
1566 1057 1647 1101 est
1667 1051 1929 1102 substan-

357 1141 421 1192 tia
448 1140 514 1192 ab
538 1140 781 1203 homine,
816 1140 868 1192 id
892 1148 978 1193 est
1000 1140 1069 1193 ab
1090 1141 1301 1207 specie,
1334 1150 1388 1193 et
1417 1140 1574 1193 homo
1600 1140 1667 1193 ab
1687 1141 1926 1202 animali,

354 1231 403 1282 id
426 1239 507 1283 est
531 1246 560 1282 a
608 1244 829 1297 genere.
862 1231 1000 1297 Ergo
1030 1244 1135 1283 non
1187 1233 1285 1283 hoc
1330 1230 1492 1296 dicit,
1538 1234 1789 1299 quoniam
1821 1247 1927 1284 non

355 1319 697 1373 inveniuntur
726 1320 1036 1373 substantia:
1065 1333 1184 1386 quae
1209 1335 1237 1371 a
1267 1319 1581 1389 substantiis
1610 1322 1779 1391 magis
1802 1322 1927 1375 sub-

349 1408 563 1462 stantia:
585 1409 693 1461 siut
712 1448 728 1474 ,
764 1409 869 1461 hoc
893 1408 1036 1461 enim
1062 1409 1263 1461 dictum
1290 1419 1392 1472 est,
1423 1410 1673 1479 quoniam
1718 1421 1805 1465 est
1832 1452 1847 1475 ,
1878 1414 1926 1464 id
1954 1466 1957 1467 ν

347 1511 429 1551 est
460 1498 715 1567 quoniam
747 1497 1112 1551 inveniuntur.
1141 1499 1228 1551 Ait
1273 1498 1414 1557 enim
1441 1500 1684 1567 superius
1728 1501 1927 1568 primas

347 1590 707 1653 substantias,
732 1588 781 1641 id
805 1598 887 1643 est
909 1588 1235 1652 individuas,
1267 1590 1496 1645 maxime
1526 1606 1643 1645 esse
1676 1592 1925 1645 substan-

348 1683 459 1733 tias
481 1720 498 1742 .
540 1681 593 1734 in
639 1679 889 1734 secundis
917 1695 1042 1733 vero
1067 1679 1401 1743 substantiis,
1433 1684 1600 1751 magis
1628 1698 1746 1736 esse
1791 1684 1919 1736 sub-

2038 523 2143 561 non
2174 520 2318 577 sunt,
2353 528 2418 565 eo
2462 516 2603 582 quod
2632 516 2792 569 etiam
2822 519 2872 572 in
2897 521 3016 574 aliis
3042 525 3149 575 siut
3175 564 3193 588 ,
3239 532 3621 597 consequentia

2035 600 2347 653 substantia:
2372 606 2740 669 appellantur.
2768 607 2892 661 llaec
2922 612 3063 664 enim
3088 615 3264 667 omnia
3291 620 3619 675 substantias

2037 700 2477 756 consequuntur,
2511 703 2566 745 ιιι
2614 694 2918 765 ubiCuuque
2970 700 3128 755 fuerit
3170 704 3506 769 substantia,
3550 726 3613 763 ea

2033 790 2153 844 qua:
2176 778 2326 832 dicta
2354 792 2480 835 sunt
2507 783 2844 839 inveniantur
2869 834 2883 856 ,
2941 788 2992 841 id
3035 801 3117 845 est
3162 792 3212 846 in
3237 796 3476 865 subjecto
3508 815 3611 852 nou

2036 882 2178 932 esse,
2219 879 2273 923 et
2301 872 2711 934 praedicationes
2748 878 2816 929 ab
2846 880 2926 931 liis
2957 882 3184 937 univoce
3217 885 3359 952 ﬁeri,
3390 898 3442 943 et
3466 893 3607 959 quod

2037 957 2139 1011 Itoc
2162 960 2359 1028 aliquid
2393 965 2693 1032 signiticet,
2732 977 2785 1019 et
2815 970 2955 1034 quod
2989 970 3119 1023 nihil
3150 972 3219 1025 sit
3272 975 3377 1029 illis
3404 957 3618 1032 contra-

2036 1047 2196 1116 rium,
2232 1060 2287 1104 et
2323 1054 2464 1121 quod
2519 1071 2625 1108 non
2671 1059 2962 1127 suscipiant
2994 1064 3158 1132 magis
3190 1074 3244 1118 et
3270 1069 3444 1121 minus
3478 1086 3494 1125 :
3531 1073 3617 1127 illa

2034 1155 2163 1191 vero
2191 1156 2313 1207 qua:
2345 1160 2449 1196 tton
2477 1147 2728 1201 omnibus
2754 1152 3067 1208 substantiis
3099 1156 3277 1210 insunt
3317 1160 3613 1215 accidentia

2032 1237 2163 1282 sunt
2187 1232 2524 1300 substantiis,
2557 1242 2803 1304 quocirca
2835 1246 3047 1312 propria
3078 1260 3182 1299 non
3214 1258 3357 1301 sunt.
3387 1249 3540 1315 Quod
3570 1256 3615 1307 si

2034 1323 2247 1389 pr0pria
2279 1339 2382 1376 non
2425 1335 2585 1390 sunt,
2638 1333 2873 1383 nonduin
2898 1336 3055 1401 quate
3086 1336 3154 1390 sit
3195 1339 3495 1395 substantia
3523 1342 3615 1397 (1ο-

2033 1423 2355 1467 monstrant.
2406 1415 2583 1480 Quare
2617 1430 2672 1471 tit
2710 1422 3023 1476 substantiae.
3054 1427 3362 1494 qualitatem
3405 1433 3614 1500 proprie

2032 1516 2450 1569 cognoscamus,
2500 1509 2619 1560 talis
2652 1520 2733 1563 est
2763 1512 2882 1566 huic
2934 1516 3255 1585 requirenda
3287 1512 3625 1590 proprietas,

2030 1605 2149 1658 qua:
2168 1602 2222 1645 et
2242 1594 2374 1646 solis
2404 1595 2721 1653 substantiis
2748 1600 2873 1655 insit
2904 1614 2958 1656 et
2982 1608 3229 1661 munitius
3249 1651 3263 1672 ,
3299 1611 3411 1663 ltzec
3433 1626 3610 1669 autem

2032 1678 2327 1761 ltujustttodi
2352 1692 2455 1745 cst,
2486 1701 2648 1753 quam
2684 1689 2797 1756 ipse
2829 1695 3124 1760 proposuit.

344 1770 573 1824 stantias
596 1769 804 1836 Species
828 1785 985 1836 quam
1015 1784 1231 1835 genera.
1281 1771 1420 1838 Ergo
1445 1785 1549 1825 nou
1578 1772 1735 1834 dicit,
1787 1788 1921 1841 qtto-
1959 1780 2002 1837 Β
2100 1776 2326 1831 Maxime
2356 1796 2471 1833 vero
2498 1783 2796 1839 substantire
2822 1792 3086 1859 prOpriunt
3111 1811 3215 1847 esse
3244 1798 3462 1862 videtur,
3485 1817 3601 1853 cum

347 1863 488 1914 niam
518 1860 661 1912 nulla
691 1859 987 1913 substantia
1027 1862 1095 1914 ab
1142 1861 1240 1914 alia
1280 1862 1575 1915 substantia
1605 1863 1769 1931 magis
1799 1864 1922 1918 sub-

346 1954 541 2005 stantia
567 1960 683 2015 est,
737 1952 829 2003 sed
867 1951 969 2005 hoc
1007 1952 1178 2020 ipsum
1218 1953 1359 2018 quod
1389 1962 1495 2016 est,
1546 1955 1795 2022 quaelibet
1835 1956 1945 2027 illa

346 2045 643 2097 substantia
666 2058 768 2095 non
796 2042 991 2096 dicitur
1015 2043 1183 2110 magis
1212 2054 1267 2096 et
1301 2043 1477 2096 minus
1507 2044 1800 2096 substantia
1820 2085 1836 2108 ,
1865 2056 1923 2096 ιιι

347 2134 390 2187 si
422 2142 506 2187 est
533 2134 819 2186 substantia
842 2134 1022 2197 homo,
1050 2148 1155 2187 non
1188 2133 1319 2188 dicit
1344 2136 1598 2200 quoniam
1638 2137 1799 2190 homo
1821 2152 1923 2190 non

346 2232 429 2277 est
462 2223 628 2291 magis
653 2231 705 2276 et
729 2224 900 2275 minus
915 2225 1212 2278 substantia
1231 2266 1246 2287 ,
1276 2226 1578 2279 individuus
1604 2229 1745 2281 enim
1768 2228 1926 2281 homo

354 2314 527 2382 magis
552 2322 636 2366 est
680 2314 1001 2375 substantia,
1038 2316 1245 2382 species
1269 2332 1399 2370 vero
1428 2318 1604 2371 minus
1645 2320 1689 2371 si
1723 2318 1788 2371 ad
1818 2320 1927 2386 pri—

346 2421 512 2470 mam,
542 2405 591 2457 id
622 2414 705 2459 est
731 2403 1077 2468 individuam,
1109 2406 1460 2460 substantiam
1494 2410 1779 2462 referatur.
1821 2410 1925 2465 Sed

349 2494 453 2547 hoc
474 2494 623 2557 dicit,
659 2494 759 2547 hoc
789 2496 957 2561 ipsum
985 2496 1124 2565 quod
1149 2506 1250 2558 est,
1279 2498 1328 2551 id
1356 2507 1471 2560 est,
1506 2499 1663 2552 ltomo
1689 2515 1792 2553 non
1823 2501 1927 2554 erit

345 2596 515 2661 magis
557 2592 719 2645 homo
758 2593 840 2645 vel
872 2592 1046 2647 minus
1090 2595 1282 2658 homo;
1326 2603 1577 2663 quocirca
1638 2614 1742 2651 nou
1790 2598 1921 2652 dicit

348 2688 599 2753 quoniam
635 2686 795 2737 homo
823 2701 926 2738 non
953 2694 1038 2739 est
1067 2687 1232 2755 magis
1267 2688 1565 2741 substantia
1608 2690 1692 2742 vel
1725 2690 1922 2751 minus,

347 2788 437 2841 sed
469 2789 721 2854 quoniam
748 2788 931 2853 homo,
958 2790 1058 2842 hoc
1089 2790 1258 2856 ipsum
1281 2790 1424 2859 quod
1447 2800 1548 2853 est,
1584 2806 1688 2844 non
1710 2801 1792 2845 est
1815 2807 1927 2849 ma.-

347 2877 423 2945 εἰς
452 2880 534 2933 vel
567 2879 743 2931 minus
761 2879 946 2945 homo,
974 2894 1080 2931 non
1109 2888 1192 2932 est
1221 2880 1361 2932 enim
1394 2879 1588 2950 aliquis
1620 2883 1778 2935 homo
1810 2898 1923 2935 ma-

345 2950 429 3034 gis
452 2977 509 3020 et
536 2967 713 3020 minus
742 2967 929 3032 homo;
962 2978 1017 3021 et
1043 2968 1143 3021 hoc
1177 2967 1316 3022 idem
1350 2969 1401 3021 in
1439 2970 1678 3038 ejusdem
1707 2987 1925 3040 compa-

347 3056 556 3109 ratione
581 3057 829 3110 convenit
853 3056 1137 3124 speculari.
1187 3058 1314 3109 Nam
1349 3058 1462 3125 ipse
1502 3058 1663 3112 homo
1684 3077 1711 3112 a
1744 3062 1923 3127 seipso

2028 1883 2184 1921 unum
2210 1880 2256 1921 et
2282 1872 2414 1923 idem
2455 1890 2662 1928 numero
2702 1879 2794 1943 sit,
2836 1885 3211 1937 contrariorum
3241 1891 3609 1958 susceptibilem

2027 1976 2154 2024 esse,
2182 1972 2225 2013 et
2248 1963 2301 2015 in
2330 1965 2448 2017 aliis
2468 1969 2671 2035 quidem
2698 1985 2800 2022 non
2828 1970 3029 2026 habebit
3053 1976 3315 2045 quisquam
3337 1982 3460 2048 quid
3489 1999 3609 2050 pro-

2028 2056 2156 2119 ferat
2185 2069 2499 2122 qua'cunque
2538 2075 2637 2110 non
2675 2070 2793 2111 sunt
2836 2063 3162 2130 substantiae,
3209 2070 3343 2134 quod
3385 2086 3500 2122 cum
3542 2074 3608 2125 sit

2030 2158 2184 2194 unum
2208 2161 2440 2208 numero,
2489 2150 2813 2215 susceptibile
2838 2157 3213 2209 contrariorum
3236 2161 3321 2225 sit,
3367 2164 3497 2214 velut
3517 2177 3605 2214 co-

2028 2231 2106 2283 lor
2128 2235 2265 2301 quod
2288 2246 2358 2287 est
2395 2252 2552 2288 unum
2593 2250 2638 2292 et
2670 2240 2806 2293 idem
2843 2260 3084 2309 numero,
3118 2264 3218 2300 non
3253 2251 3343 2302 erit
3366 2251 3533 2303 album
3557 2263 3604 2304 et

2029 2322 2250 2391 nigrum,
2276 2341 2435 2393 neque
2468 2327 2648 2380 eadem
2678 2332 2813 2383 actio
2842 2343 2888 2385 et
2924 2351 3024 2387 una
3049 2353 3261 2390 numero
3306 2343 3401 2392 erit
3456 2359 3606 2409 praua

2027 2421 2076 2464 et
2094 2416 2344 2470 studiosa.
2369 2416 2619 2472 Similiter
2647 2432 2816 2474 autent
2864 2436 2909 2476 et
2937 2427 2986 2479 in
3020 2429 3134 2480 aliis
3168 2447 3280 2497 qua:
3316 2432 3606 2486 substantin'

2029 2520 2129 2555 non
2143 2521 2218 2556 sui
2241 2517 2279 2558 t.
2302 2506 2597 2562 Substantia
2620 2514 2883 2567 enimsunt
2910 2534 3060 2570 unum
3082 2521 3273 2573 (tidem
3288 2540 3496 2577 numero
3520 2527 3606 2594 sit,

2028 2610 2191 2658 rapax
2211 2600 2581 2651 contrariorum
2611 2614 2680 2654 es'
2700 2642 2715 2665 ,
2742 2613 2794 2655 ut
2817 2605 3003 2674 aliquis
3054 2608 3206 2661 ltomo
3234 2627 3348 2664 eum
3394 2630 3525 2667 unus
3562 2626 3606 2667 et

2028 2684 2162 2735 idem
2201 2702 2410 2740 numero
2435 2690 2497 2740 sit
2573 2693 2850 2759 aliquando
2887 2698 3091 2762 quidem
3118 2699 3260 2769 niger
3280 2742 3293 2764 ,
3326 2701 3606 2771 aliquando

2028 2783 2199 2827 autem
2220 2778 2277 2843 ﬁt
2298 2777 2525 2851 albus,et
2545 2781 2741 2833 calidus
2767 2794 2812 2835 et
2828 2786 3069 2855 frigidus,
3090 2798 3133 2840 et
3150 2806 3331 2853 pravus
3354 2794 3606 2846 etstudic-

2028 2882 2135 2920 sus.
2167 2866 2234 2920 In
2263 2871 2419 2921 nullis
2442 2881 2609 2924 autem
2636 2875 2753 2925 aliis
2784 2876 2979 2945 aliquid
3003 2880 3101 2930 tale
3123 2880 3340 2942 videtur,
3372 2885 3469 2935 nisi
3496 2888 3606 2952 quis

2031 2958 2247 3023 forsitan
2279 2960 2450 3023 instet,
2468 2962 2638 3015 dicens
2658 2965 2938 3019 orationem
2954 2976 3000 3018 et
3022 2970 3307 3036 Opinionem
3330 2974 3605 3025 contrario-

2029 3062 2143 3098 runt
2172 3064 2278 3099 esse
2302 3051 2650 3119 susceptibilia
2670 3094 2682 3115 ,
2708 3056 2883 3107 eadem
2911 3060 3042 3109 enim
3069 3062 3230 3112 oratio
3258 3078 3373 3114 vera
3399 3073 3447 3115 et
3474 3066 3605 3132 falsa

348 3160 458 3199 neu
489 3155 570 3199 est
593 3147 709 3214 plus
739 3148 923 3210 homo,
948 3155 1003 3200 at
1025 3162 1151 3199 vero
1192 3162 1289 3200 nec
1324 3148 1369 3202 si
1387 3148 1452 3201 ad
1479 3151 1705 3204 alterum
1737 3151 1923 3204 conle-
1956 3162 1957 3175 ‘

2031 3154 2137 3190 esse
2153 3138 2346 3192 videtur
2364 3181 2379 3204 ,
2411 3142 2565 3195 veluti
2590 3146 2633 3196 si
2655 3162 2768 3199 vera
2799 3149 2860 3201 sit
2887 3152 3053 3201 oratio
3110 3152 3285 3204 sedere
3312 3156 3603 3223 quemdam,

347 3253 524 3310 ratur,
542 3244 605 3297 ad
634 3245 857 3298 alterum
881 3260 1008 3298 vero
1034 3244 1198 3307 ita,ut
1227 3247 1327 3299 sub
1340 3247 1525 3300 eadem
1548 3249 1927 3314 conjunctione

345 3341 477 3406 sint,
509 3352 564 3395 ut
593 3343 807 3410 quidam
834 3343 995 3395 homo
1026 3328 1331 3396 individuus
1358 3344 1424 3397 ad
1459 3345 1686 3414 aliquem
1722 3347 1919 3401 indivi-

346 3433 511 3487 duum
530 3434 801 3488 hominem
816 3446 1175 3501 comparatus,
1204 3449 1306 3487 non
1337 3436 1440 3488 erit
1468 3437 1635 3504 magis
1660 3447 1713 3489 et
1746 3440 1924 3491 minus

346 3526 531 3587 homo,
564 3536 620 3580 et
644 3529 756 3595 ipsa
786 3527 991 3595 species
1020 3526 1193 3593 seipsa
1224 3542 1325 3579 non
1347 3527 1449 3580 erit
1474 3530 1640 3596 magis
1666 3539 1718 3582 et
1750 3532 1926 3584 minus

348 3619 539 3685 homo;
571 3622 663 3674 sed
690 3621 793 3674 hoc
818 3622 990 3689 palam
1012 3628 1097 3673 est
1125 3621 1175 3672 iit
1207 3620 1554 3684 substantiis,
1582 3623 1631 3674 in
1656 3624 1927 3691 qualitati-

347 3719 453 3773 bus
481 3736 606 3773 vero
636 3728 810 3787 potest
854 3734 976 3772 esse
1025 3719 1192 3787 magis
1220 3729 1274 3772 et
1300 3718 1509 3783 minus,
1568 3721 1743 3773 album
1782 3724 1924 3775 enim

344 3828 529 3886 potest
558 3818 669 3870 tieri
703 3816 872 3884 magis
900 3816 1077 3869 albqu
1107 3817 1317 3887 seipso,
1365 3825 1419 3870 et
1456 3818 1730 3883 suscipere
1759 3820 1925 3887 magis

349 3917 415 3961 et
437 3908 637 3969 minus,
663 3917 719 3958 ut
740 3908 807 3959 sit
833 3905 998 3973 magis
1028 3905 1206 3958 album
1232 3917 1286 3960 et
1308 3906 1481 3959 minus
1510 3908 1718 3970 album;
1753 3918 1924 3972 potest

342 4005 406 4050 et
433 3997 541 4049 alio
569 3997 688 4050 albo
716 3997 830 4064 plus
853 4011 968 4049 esse
1001 3996 1201 4056 album,
1235 4005 1292 4048 ut
1339 3996 1505 4049 Ilium
1548 3997 1694 4060 lana;
1720 4006 1773 4051 et
1802 3999 1907 4051 alio

339 4088 477 4141 albo
507 4088 681 4140 minus
706 4101 824 4141 esse
840 4087 1038 4149 album,
1071 4096 1129 4138 ut
1162 4086 1277 4139 lana
1306 4086 1440 4149 lilio,
1467 4096 1523 4140 et
1550 4102 1756 4157 cygnus
1775 4090 1916 4152 nive,

341 4188 510 4247 atque
543 4179 679 4231 idem
710 4178 761 4231 in
790 4178 910 4233 aliis
932 4177 1278 4245 qualitatibus
1298 4218 1313 4240 ,
1367 4186 1426 4229 ut
1461 4178 1601 4230 bono
1644 4193 1697 4233 et
1726 4180 1920 4233 calido.

339 4270 590 4340 Namque
635 4272 749 4324 litec
803 4279 1027 4337 possunt
1060 4269 1387 4337 temporibus
1418 4272 1735 4338 perntutari,
1788 4274 1919 4325 etin

342 4360 467 4427 plus
490 4362 732 4413 minusve
764 4360 1055 4423 trausduci,
1084 4358 1139 4410 lit
1169 4360 1311 4411 enim
1334 4358 1616 4428 aliquoties
1643 4361 1785 4415 bono
1815 4379 1925 4417 nte-

341 4447 447 4501 lius
478 4457 536 4503 et
562 4451 823 4511 deterius,
847 4458 901 4501 et
928 4449 1103 4502 calido
1133 4448 1428 4502 ferventius
1454 4461 1507 4504 et
1545 4452 1803 4517 tepidius;
1830 4453 1919 4506 ho-

339 4554 430 4592 mo
461 4556 598 4594 vero
622 4541 763 4609 quod
792 4549 878 4594 est
921 4541 1248 4605 substantia,
1301 4556 1472 4610 neque
1503 4559 1643 4598 nunc
1674 4546 1790 4611 plus
1821 4549 1923 4600 erit

335 4636 508 4690 homo
533 4651 692 4704 quam
722 4635 818 4689 luit
845 4646 1021 4698 antea,
1061 4652 1232 4704 neque
1262 4646 1384 4705 post
1427 4640 1593 4707 magis
1620 4649 1714 4692 aut
1746 4640 1922 4693 minus

332 4729 440 4781 erit
463 4728 631 4784 homo
657 4742 813 4795 quam
864 4742 1005 4781 nunc
1034 4739 1133 4781 est.
1172 4729 1430 4795 Quocirca
1465 4746 1585 4784 cum
1625 4733 1922 4787 substantia

330 4834 437 4873 non
469 4820 733 4886 suscipiat
761 4820 928 4888 magis
964 4828 1017 4873 et
1040 4820 1215 4873 minus
1239 4860 1255 4885 ,
1293 4829 1469 4874 tamen
1498 4826 1770 4890 proprium
1802 4826 1919 4892 ejus

330 4910 432 4965 hoc
464 4927 578 4965 non
609 4913 730 4980 erit.
764 4911 871 4965 Sed
895 4926 991 4965 cur
1019 4927 1126 4964 non
1162 4912 1232 4964 sit
1265 4915 1538 4980 proprium
1576 4916 1691 4981 ipse
1714 4914 1920 4970 Aristo-

328 5004 466 5057 teles
512 5004 666 5056 velut
717 5012 897 5058 notum
939 5004 1230 5067 conticuit;
1288 5020 1386 5057 nos
1424 5018 1599 5059 autem
1648 5008 1914 5072 addimus,

326 5096 588 5160 quoniam
625 5108 729 5146 non
767 5094 939 5147 solum
967 5095 1278 5149 substantiae
1317 5112 1420 5150 non
1465 5099 1766 5166 suscipiunt
1804 5117 1916 5153 nia.

322 5183 405 5252 gis
434 5195 493 5237 et
522 5183 725 5247 minus,
778 5184 872 5238 sed
903 5194 955 5238 et
988 5186 1089 5238 alia
1115 5188 1314 5251 multa;
1365 5190 1598 5254 circulus
1624 5192 1767 5245 enim
1812 5194 1916 5246 aiio

321 5275 532 5328 circulo
581 5288 684 5325 non
716 5274 819 5327 erit
867 5276 1036 5343 magis
1064 5277 1297 5330 circulus
1326 5286 1417 5331 aut
1444 5281 1644 5340 minus.
1687 5297 1785 5335 uec
1818 5283 1916 5336 du-

323 5366 472 5434 plum
525 5366 701 5428 magis
722 5366 940 5434 duplum
968 5368 1049 5421 vel
1079 5370 1253 5421 minus
1279 5386 1294 5433 ;
1325 5371 1599 5437 mqualiter
1629 5373 1769 5425 enim
1811 5374 1912 5427 du-

317 5458 444 5524 plus
471 5466 569 5512 est
596 5458 968 5525 quaternarius
996 5477 1007 5511 :
1034 5459 1099 5513 ad
1140 5459 1428 5521 binarium,
1457 5472 1506 5514 et
1557 5462 1804 5516 denarius
1850 5466 1914 5517 ad

314 5536 639 5610 quinariuni
666 5558 1029 5613 comparatus,
1077 5551 1326 5617 quocirca
1359 5551 1613 5619 quoniitn
1646 5552 1807 5605 etiam
1861 5554 1912 5605 itt

312 5637 439 5690 aliis
477 5637 627 5690 idem
652 5648 760 5701 est,
789 5638 889 5692 hoc
912 5640 1223 5695 substantia:
1247 5641 1516 5710 proprium
1548 5658 1651 5696 non
1677 5658 1795 5698 esse
1817 5660 1913 5712 pu-

316 5728 556 5781 tandum
580 5736 679 5783 est.
705 5730 810 5783 Sed
837 5732 948 5785 haec
975 5731 1185 5801 quidem
1216 5736 1393 5789 omu'a
1423 5750 1755 5804 qurecuuque
1784 5747 1912 5792 sunt

2032 3239 2267 3300 surgente
2288 3248 2345 3284 eo
2365 3274 2379 3297 ,
2434 3236 2524 3286 illa
2547 3238 2721 3289 eadem
2750 3241 2914 3293 oratio
2944 3242 3076 3309 falsa
3100 3245 3218 3307 erit,
3249 3247 3480 3299 simiz‘iter
3508 3266 3605 3299 au-

2033 3334 2127 3373 tem
2160 3330 2207 3374 et
2258 3325 2320 3376 tle
2361 3326 2675 3393 opinatione.
2720 3329 2780 3383 Si
2806 3333 2920 3401 quis
2950 3334 3085 3385 enim
3114 3351 3225 3387 vere
3263 3347 3407 3404 putat
3438 3340 3604 3391 sedere

2030 3412 2269 3476 aliquem,
2299 3425 2533 3484 surgente
2563 3436 2639 3483 eo,
2675 3421 2764 3472 ille
2796 3424 2929 3476 idem
2970 3424 3101 3493 falso
3128 3430 3343 3493 putabit,
3377 3432 3607 3483 eamdem

2031 3511 2217 3565 habens
2245 3516 2308 3566 de
2323 3519 2494 3568 eodem
2527 3520 2844 3586 opinionem.
2890 3524 2996 3578 Sed
3018 3538 3063 3579 et
3089 3529 3133 3579 si
3159 3530 3271 3597 quis
3312 3530 3407 3584 Itoc
3448 3534 3605 3586 susci-

2030 3604 2160 3668 piat,
2189 3616 2352 3659 tamen
2395 3612 2544 3663 modo
2583 3612 2753 3681 (li/fert
2785 3658 2797 3672 .
2838 3634 2955 3670 nam
3002 3637 3059 3673 ea
3090 3639 3203 3691 qua:
3232 3626 3283 3676 in
3313 3628 3604 3680 substantiis

2027 3706 2178 3763 sunt,
2207 3700 2318 3764 ipsa
2346 3713 2539 3755 mutata
2562 3710 2907 3774 susceptiliilia
2932 3722 3050 3765 sunt
3076 3718 3447 3772 contrariarum
3468 3736 3485 3784 ;
3512 3723 3605 3789 fri-

2029 3787 2206 3853 gidum
2233 3792 2363 3841 enim
2395 3794 2455 3844 de
2478 3793 2647 3846 calido
2694 3798 2887 3864 factum
2916 3814 3168 3855 mutatum
3207 3816 3309 3870 est,
3339 3787 3604 3863 alterairun

2028 3877 2159 3928 enim
2177 3888 2268 3942 est,
2299 3889 2345 3931 et
2372 3883 2569 3952 nigrum
2588 3902 2650 3937 ex
2674 3888 2809 3951 albo,
2840 3900 2886 3940 et
2911 3894 3198 3946 studiosum
3227 3912 3290 3949 ex
3318 3915 3494 3965 prato.
3523 3902 3603 3954 Si-

2029 3968 2117 4019 ntil
2139 3977 2209 4019 ter
2230 3982 2396 4021 autem
2437 3985 2483 4025 et
2527 3974 2579 4025 in
2606 3977 2723 4027 aliis
2745 4017 2760 4040 ,
2795 3984 3188 4049 unumquodque
3219 3985 3448 4052 ipsorum
3490 4007 3602 4041 ntu-

2028 4068 2267 4119 tationem
2288 4070 2587 4136 suscipiens,
2614 4087 2684 4125 est
2712 4078 3030 4143 suseeptibile
3054 4084 3447 4139 contrariorum.
3478 4087 3603 4139 Ura-

2028 4164 2098 4215 tio
2121 4174 2291 4217 autem
2322 4176 2368 4218 et
2399 4160 2571 4247 opinio
2602 4171 2713 4238 ipsa
2732 4174 2939 4240 quidem
2968 4177 3246 4233 immobilia
3265 4186 3470 4237 omnino
3492 4202 3603 4254 per-
3644 4252 3645 4255 η

2027 4276 2274 4328 severam,
2290 4282 2406 4319 cum
2432 4284 2548 4321 vero
2578 4286 2657 4323 res
2677 4283 2923 4338 movetur,
2947 4284 3262 4334 contrarium
3285 4283 3419 4338 circa
3445 4302 3504 4338 ea
3526 4288 3602 4351 lit,

2027 4356 2190 4407 oratio
2220 4373 2436 4425 namque
2461 4374 2719 4428 permanet
2745 4367 2941 4430 eadem,
2972 4370 3146 4423 sedere
3183 4373 3437 4440 aliquem,
3489 4390 3602 4428 cum

2029 4460 2145 4498 vero
2174 4463 2253 4499 res
2284 4458 2423 4501 mota
2470 4454 2556 4514 sit,
2600 4454 2881 4523 aliquando
2912 4463 3113 4526 quidem
3152 4479 3301 4525 tera,
3332 4466 3603 4534 aliquando

2032 4546 2199 4588 autem
2227 4538 2361 4604 falsa
2388 4541 2447 4606 ﬁt
2468 4582 2479 4598 ,
2511 4542 2744 4596 similiter
2774 4557 2944 4598 autent
2985 4562 3030 4601 et
3071 4553 3123 4603 in
3167 4553 3422 4621 opinione.
3459 4555 3603 4620 Qua-

2033 4637 2238 4696 propter
2261 4645 2361 4696 quo
2383 4632 2660 4685 admodum
2689 4638 2864 4689 saltem
2890 4640 3186 4694 substantia:
3223 4645 3489 4710 proprium
3509 4656 3601 4707 est,

2027 4734 2087 4770 eo
2113 4724 2248 4783 quod
2278 4722 2553 4773 secundum
2576 4726 2907 4779 mutationem
2925 4746 3069 4781 suam
3093 4732 3357 4795 (optabilis
3386 4744 3460 4787 est
3476 4751 3601 4789 con-

2030 4809 2321 4872 trariorum,
2350 4810 2395 4863 si
2422 4812 2533 4876 quis
2558 4815 2770 4882 recipiat
2794 4818 3041 4884 placitum
3056 4832 3101 4876 et
3123 4825 3403 4879 orationem
3430 4842 3603 4881 susce-

2025 4902 2225 4971 ptibilia
2257 4920 2361 4957 esse
2389 4907 2782 4961 contrariorum.

2095 5010 2183 5064 Ait
2214 5010 2441 5065 maxime
2470 5014 2738 5081 proprium
2761 5030 2879 5071 esse
2904 5018 3389 5091 substantire,quod
3414 5024 3599 5077 eadem

2021 5111 2075 5154 et
2125 5118 2225 5155 una
2275 5118 2494 5157 ttttmcro
2542 5109 2929 5161 Contrariorum
2980 5114 3275 5180 susceptiva
3331 5115 3420 5177 sit,
3473 5115 3599 5169 nihil

2022 5195 2344 5248 contrarium
2388 5199 2757 5263 superioribus
2798 5202 3001 5256 dicetis.
3060 5205 3169 5257 Illic
3208 5206 3351 5258 cnim
3396 5207 3599 5262 diserat
3660 5226 3671 5239 ι

2020 5287 2346 5341 substantias
2375 5290 2682 5343 substantiis
2709 5307 2813 5344 non
2854 5308 2974 5347 esse
2999 5296 3293 5349 contrarias
3313 5336 3328 5358 ,
3362 5296 3447 5349 hic
3474 5313 3600 5351 vero

2022 5376 2152 5429 dicit
2182 5394 2284 5430 non
2309 5378 2635 5433 substantias
2665 5380 2976 5435 substantiis
3001 5399 3122 5439 esse
3162 5388 3475 5449 contrarias,
3509 5391 3600 5441 sed

2023 5481 2108 5521 res
2146 5468 2197 5520 in
2238 5481 2298 5520 se
2339 5470 2633 5522 contrarias
2662 5485 2821 5536 posse
2858 5474 3149 5540 Suscipere,
3185 5486 3240 5527 ιιι
3280 5492 3414 5530 unus
3444 5489 3601 5545 atquo

2026 5558 2162 5611 idem
2189 5556 2366 5618 homo,
2396 5572 2532 5609 nunc
2557 5560 2770 5625 quidem
2796 5561 2863 5613 sit
2883 5577 3063 5625 sanus,
3082 5566 3187 5618 alio
3215 5582 3341 5620 vero
3363 5578 3599 5635 tempora

2023 5648 2089 5700 sit
2119 5661 2279 5716 περι,
2312 5646 2570 5713 :egt-itudo
2611 5659 2789 5703 autem
2832 5662 2883 5705 et
2923 5654 3123 5707 sanitas
3162 5661 3426 5712 contraria
3456 5676 3597 5716 sunt.

2025 5737 2165 5808 Ergo
2225 5737 2472 5807 quoniant
2519 5738 2846 5799 declaratum
2901 5756 2982 5799 est
3032 5748 3385 5805 substituti-tm
3446 5769 3599 5824 posse
