4280 6268
622 358 724 413 499

1848 342 1955 397 ΑΝ.
1999 342 2206 399 MANL.
2247 339 2394 395 SEV'
2436 336 2661 392 BOETII

3785 333 3892 385 ‘200

619 466 884 523 contraria
913 462 1207 532 susipere,
1234 456 1707 514 demonstrandum
1728 464 1812 509 est
1857 456 2204 523 quemadmo~
2234 461 2278 514 Α
2314 454 2424 522 ipsa
2454 453 2516 504 sit
2547 450 2883 521 susteptibilis
2912 449 3303 503 contrariorum.
3351 446 3662 516 Simpliciter
3698 447 3828 498 enim
3857 464 3889 501 α

620 561 743 614 dum
797 558 896 610 hoc
936 554 1064 609 solis
1094 551 1404 606 substantiis
1448 548 1572 603 insit
1602 564 1615 611 ;
1643 548 1742 601 ltoc
1769 547 1909 600 enim
1939 546 1994 599 in
2037 547 2124 599 nul
2145 546 2194 599 is

616 648 735 702 aliis
767 646 1051 709 invenitur,
1083 656 1306 711 namque
1337 641 1387 694 in
1416 639 1667 707 qualitate
1707 638 1931 704 qualitas
1960 652 2063 689 non
2095 638 2191 689 erit

615 740 827 799 cadum,
857 752 921 789 te
945 752 1026 801 ,ue
1054 751 1153 787 una
1184 748 1407 786 numero
1448 731 1837 784 contrariorum
1866 728 2189 797 suscepIiVn,

617 831 757 883 idem
796 829 936 882 enim
978 837 1030 881 et
1076 840 1237 877 unum
1270 838 1495 877 numero
1531 820 1782 875 nonert
1818 821 1997 873 album
2036 831 2195 887 atque

614 921 847 988 nigrum,
876 933 992 969 cum
1018 916 1194 968 album
1227 914 1389 967 fuerit
1417 922 1471 966 et
1494 922 1611 979 pn~t
1635 911 1689 964 in
1718 911 1924 979 nigrum
1949 908 2190 969 vertitur,

615 1021 724 1064 tota
760 1009 1028 1078 qualitatis
1056 1006 1263 1074 Speiies
1293 1013 1641 1073 permutatnr,
1670 1013 1725 1056 et
1755 1018 1859 1055 non
1890 1002 1992 1055 erit
2030 1016 2193 1053 unum

612 1114 771 1171 atque
796 1102 932 1155 idem
961 1115 1183 1153 numi-ro
1210 1097 1350 1167 quod
1377 1097 1704 1150 contrarium
1735 1105 1838 1159 est,
1881 1096 1971 1149 sed
2013 1095 2192 1149 diver-

612 1206 753 1246 sum.
776 1192 845 1243 At
865 1204 992 1243 vero
1018 1199 1072 1243 et
1099 1189 1237 1241 actio
1263 1188 1448 1240 eadem
1482 1195 1536 1239 et
1564 1201 1663 1238 una
1697 1199 1920 1237 numero
1958 1200 2061 1236 non
2090 1184 2192 1237 erit

612 1284 749 1337 bona
780 1289 941 1349 atque
982 1281 1149 1343 mala,
1185 1279 1278 1333 sed
1312 1278 1540 1331 fortasse
1567 1290 1667 1328 una
1698 1278 1857 1337 bona,
1898 1275 1998 1328 alit
2031 1274 2189 1335 mala,

610 1375 684 1427 ita
714 1382 771 1426 ut
796 1374 1021 1426 diversa:
1050 1372 1178 1435 sint,
1220 1385 1324 1423 non
1366 1368 1567 1423 eadem
1609 1382 1857 1425 numero,
1893 1366 1991 1417 ltoc
2030 1364 2191 1418 etiam

612 1468 666 1519 in
694 1466 810 1519 aliis
836 1464 1123 1534 reperitur.
1150 1462 1265 1530 Ipsa
1296 1474 1425 1512 vero
1452 1459 1670 1513 subsmn
1702 1458 1747 1510 ia
1778 1472 1899 1510 cum
1926 1470 2030 1508 una
2053 1458 2121 1508 sit
2144 1464 2197 1507 ct

614 1570 838 1609 numero
875 1553 1193 1623 singularis,
1221 1550 1484 1605 contraria
1517 1550 1757 1616 suscipit,
1790 1557 1845 1601 ut
1873 1548 2012 1602 idem
2043 1556 2200 1616 atque

612 1661 751 1699 unus
792 1644 953 1697 homo
993 1657 1113 1695 cum
1154 1641 1313 1694 fuerit
1345 1639 1607 1694 candidus
1634 1648 1794 1707 atque
1825 1638 2045 1691 albus'a
2085 1636 2199 1689 sole

613 1745 785 1790 tactus
811 1733 1088 1804 nigrescit,
1135 1742 1189 1787 et
1220 1733 1396 1785 album
1427 1731 1480 1783 in
1512 1732 1721 1798 nigrum
1754 1729 2104 1789 convertitur.
2147 1736 2201 1779 et

612 1828 665 1881 in
694 1826 1018 1880 contrarium
1050 1831 1398 1893 permutatur,
1430 1830 1682 1888 utrasque
1709 1836 1792 1874 res
1818 1819 1871 1871 in
1900 1833 1959 1873 se
1981 1829 2197 1872 contra-

613 1920 723 1973 rias
753 1918 1072 1985 suscipiens.
1112 1915 1255 1969 Nulli
1299 1913 1460 1985 igitur
1484 1914 1570 1966 alii
1604 1914 1781 1967 inesse
1811 1913 1911 1965 hoc
1943 1911 2044 1964 nisi
2075 1911 2200 1962 solis

613 2009 945 2073 substantiis,
961 2008 1091 2062 satis
1110 2006 1385 2075 superiora
1405 2008 1793 2058 demonstrant.
1811 2004 1868 2059 Si
1886 2005 2006 2073 quis
2024 2012 2199 2056 autem

614 2108 851 2168 opponat
880 2100 1178 2152 orationem
1218 2106 1276 2151 et
1315 2096 1619 2163 opinionem
1651 2110 1807 2146 unam
1852 2106 2012 2163 atque
2059 2110 2203 2147 eam-

615 2193 737 2245 dt-m
767 2191 1157 2243 contrariorum
1186 2184 1305 2242 es'se
1332 2186 1751 2254 susceplibtlem,
1777 2185 1896 2238 ideo
1917 2186 2055 2253 quod
2079 2200 2198 2238 cum

616 2286 735 2337 tlico
758 2282 946 2336 Cicero
970 2282 1153 2342 sedet,
1187 2280 1267 2333 vel
1301 2294 1422 2333 eum
1451 2278 1639 2332 sede:e
1668 2278 1878 2345 Opinor,
1925 2292 2046 2329 cum
2078 2291 2203 2329 vere

616 2377 790 2437 sedet,
825 2389 945 2425 wra
979 2383 1061 2425 est
1105 2382 1157 2424 ct
1195 2371 1363 2424 oratio
1402 2370 1470 2423 de
1511 2368 1697 2422 endem
1737 2377 1791 2421 et
1828 2366 2009 2436 opinio
2056 2367 2198 2433 quod

616 2470 788 2528 scdt-t;
820 2483 937 2519 cum
963 2480 1090 2517 vero
1113 2465 1345 2517 surrexit
1373 2463 1485 2525 ille,
1510 2462 1696 2516 eadem
1723 2476 1993 2530 permanet
2024 2460 2203 2525 opinio

617 2564 696 2613 νεῖ
721 2560 892 2612 oratio
923 2574 1041 2626 qua:
1062 2557 1191 2608 dicit
1224 2556 1308 2607 vel
1340 2554 1629 2607 arbitratur
1674 2552 1865 2607 Cicero
1896 2552 2073 2615 sedet,
2108 2552 2200 2605 Sed

619 2653 750 2705 falsa
780 2660 883 2717 est,
908 2650 1046 2717 quod
1080 2662 1182 2700 non
1211 2646 1620 2700 sedetzvidetur
1646 2645 1828 2711 opinio
1851 2655 2010 2711 atque
2032 2652 2203 2695 oratio

619 2746 805 2798 eadem
834 2752 889 2795 et
915 2757 1014 2794 ttna
1043 2754 1266 2793 numero
1295 2753 1433 2790 nunc
1462 2736 1675 2806 quidem
1705 2751 1825 2789 esse
1865 2750 1990 2789 vera
2012 2776 2027 2797 ,
2063 2750 2204 2787 nunc

620 2844 794 2887 autem
823 2831 973 2894 falsa,
1003 2838 1056 2883 et
1087 2828 1354 2883 contraria
1388 2828 1503 2897 ipsa
1532 2826 1825 2894 suscipere,
1854 2824 1946 2877 sed
1980 2825 2080 2877 ltnc
2110 2824 2205 2875 fat-

548 2932 551 2935 ’
620 2939 737 2979 sum
755 2934 855 2989 est,
873 2923 1010 2993 quod
1038 2922 1208 2976 oratio
1221 2934 1270 2976 et
1291 2920 1471 2989 opinio
1489 2917 1754 2972 contraria
1777 2934 1879 2970 non
1906 2916 2199 2985 recipiunt:

620 3033 741 3070 nam
770 3015 816 3068 si
843 3015 961 3083 quis
984 3014 1083 3067 hoc
1114 3012 1337 3080 recipiat
1358 3010 1497 3080 quod
1525 3010 1683 3064 etiam
1711 3012 1883 3063 oratio
1906 3019 2065 3077 atque
2091 3008 2206 3074 Opi-

621 3108 711 3162 nio
738 3106 1131 3159 contrariorum
1170 3104 1475 3173 susceptiva
1501 3103 1628 3168 sint,
1662 3119 1767 3156 non
1800 3111 1977 3155 tamen
2008 3101 2196 3155 eodem

624 3197 784 3252 modo
817 3212 922 3266 quo
950 3196 1266 3250 substantia.
1299 3195 1429 3249 Nam
1461 3193 1753 3249 substantia
1793 3195 1905 3260 ipsa
1936 3192 2203 3245 contraria

621 3288 919 3358 suscipiens
965 3295 1327 3357 pcrmutatur,
1377 3286 1566 3340 Cicero
1615 3301 1843 3354 namque
1889 3285 2002 3353 ipse
2043 3285 2096 3338 in
2147 3301 2204 3338 se

622 3382 987 3451 aegritudinem
1029 3379 1328 3447 suscipiens
1365 3394 1431 3431 ex
1475 3392 1606 3432 sano
1649 3378 1817 3431 iactus
1848 3388 1930 3431 est
1958 3392 2120 3446 aeger,
2152 3388 2206 3431 ct

613 3458 855 3527 ‘mutatus
878 3472 991 3539 ipsc
1014 3469 1277 3523 contraria
1302 3469 1545 3537 suscipit;
1564 3482 1740 3521 sermo
1764 3484 1889 3521 vero
1919 3469 1999 3521 vel
2024 3467 2204 3535 opinio

622 3564 733 3633 ipsi
766 3562 980 3631 quidem
1011 3543 1282 3613 immutata
1316 3568 1650 3626 permanent,
1681 3556 1773 3610 sed
1802 3573 1920 3611 cum
1952 3559 2113 3611 rebus
2136 3559 2203 3610 de

621 3655 816 3723 quibus
856 3653 1103 3705 dicuntur
1144 3649 1457 3718 permutatis
1507 3649 1635 3716 ipsa:
1677 3646 2021 3699 inveniuntur
2052 3646 2202 3699 falsae

621 3761 743 3799 esse
772 3744 855 3797 vel
887 3758 1047 3796 vera'.
1076 3742 1139 3794 Et
1165 3739 1457 3793 subsmntia
1482 3738 1694 3807 quidem
1720 3739 1827 3803 ipsa
1856 3752 1973 3790 cum
1999 3736 2062 3789 iis
2083 3752 2203 3805 qum

622 3835 844 3903 sust‘ipil
873 3830 1155 3888 contrariis
1185 3839 1541 3898 permutatur;
1571 3828 1744 3881 oratio
1775 3844 1900 3881 vero
1923 3838 1976 3879 et
1998 3828 2200 3896 opinio,

621 3944 687 3982 eo
714 3926 853 3996 quod
883 3941 968 3979 res
995 3928 1063 3978 de
1090 3924 1283 3992 quibus
1312 3922 1560 3975 dicuntur
1591 3921 1669 3974 vel
1700 3920 2029 3973 arbitrantur
2085 3935 2206 3987 per-

624 4028 914 4079 mutentur,
944 4019 1072 4084 ἱρείη
1100 4015 1347 4069 videntur
1384 4014 1531 4066 falsae
1570 4027 1690 4066 esse
1735 4013 1817 4066 vel
1864 4028 2023 4065 verte.
2072 4011 2203 4064 Nam

623 4126 742 4164 cum
774 4109 891 4162 dico
915 4108 1101 4161 Cicero
1129 4108 1297 4170 sedet,
1324 4105 1367 4158 si
1392 4105 1479 4157 ille
1505 4103 1763 4168 surrexit,
1792 4105 1962 4156 oratio
1992 4102 2203 4173 quidem

624 4201 735 4269 ipsa
779 4200 906 4252 nihil
942 4212 1095 4264 passa
1125 4208 1227 4261 est,
1253 4198 1345 4249 sed
1378 4212 1464 4249 res
1506 4196 1570 4248 de
1599 4210 1699 4260 qua
1736 4196 1833 4248 fuit
1864 4196 1975 4263 ipsa
2031 4197 2203 4249 oratio

625 4303 766 4346 tnota
793 4301 893 4346 est.
924 4292 1024 4355 Qui
1049 4291 1190 4343 enim
1218 4289 1442 4342 sedebat
1467 4289 1724 4353 sum-sit,
1754 4288 1823 4341 idt
1843 4288 1954 4341 irco
1986 4305 2051 4341 ex
2080 4304 2203 4342 vera

624 4385 864 4438 oratione
892 4382 1025 4436 facta
1053 4390 1136 4435 est
1162 4381 1312 4433 falsa.
1338 4380 1598 4444 Quocirca
1624 4379 1916 4431 substantia
1945 4380 2053 4444 ipsa
2086 4392 2206 4431 sus-

2304 543 2447 596 rmllo
2487 558 2575 594 nec
2608 542 2773 594 oratio
2816 550 3062 603 movetur,
3088 555 3177 591 nec
3205 539 3402 609 Opinio.
3436 538 3758 605 Quapropter
3787 552 3887 587 non

2302 644 2449 686 erunt
2478 632 2822 699 susceptibilia
2846 630 3235 691 contrariorum,
3267 643 3383 680 cum
3415 627 3557 678 nulla
3589 628 3639 678 iu
3670 627 3741 684 eis
3767 642 3889 677 con-

2304 726 2575 778 trariorum
2612 724 2780 792 passio
2813 728 2952 793 facta
2991 725 3076 774 sit.
3119 722 3182 772 At
3221 719 3504 772 substantia
3534 734 3590 768 eo
3616 718 3887 793 quodipsa

2303 818 2562 870 contraria
2588 816 2816 881 recipiat,
2833 815 2926 866 Itoc
2942 810 3281 879 susceptibiiis
3302 810 3487 860 dicitur
3508 792 3885 860 contrariorum

2301 925 2427 962 esse.
2461 907 2781 976 Languor-rm
2821 907 2952 957 enim
2982 915 3027 957 et
3056 906 3321 955 sanitatem
3349 901 3580 967 suscipit,
3610 898 3886 950 candorem

2300 1012 2346 1055 et
2366 1002 2697 1071 uigredincm,
2722 1008 2768 1052 et
2794 996 3184 1065 unumquodque
3206 994 3382 1047 talium
3407 993 3520 1059 ipsa
3539 990 3879 1059 suscipiendo,

2300 1092 2673 1145 contrariorum
2695 1104 2800 1140 esse
2821 1085 3158 1155 susceptibitis
3185 1084 3393 1136 dicitur.
3423 1083 3593 1146 Quare
3618 1082 3883 1149 praprium

2299 1183 2393 1235 erit
2419 1181 2729 1245 substantia;
2762 1194 2875 1230 cum
2904 1178 3036 1229 idem
3065 1185 3111 1228 et
3140 1191 3295 1226 unum
3325 1175 3389 1227 sit
3417 1188 3648 1237 numero,
3669 1180 3881 1222 contra-

2299 1272 2490 1325 riorum
2513 1287 2623 1323 esse
2649 1268 3017 1333 susceptibilem
3039 1283 3153 1318 cum
3186 1266 3559 1332 permutatione
3588 1276 3668 1315 sut
3698 1263 3859 1329 ipsius

2302 1360 2373 1412 Ac
2400 1360 2462 1412 de
2486 1360 2766 1412 substantia
2792 1358 2997 1427 quidam
3026 1357 3161 1408 dicta
3183 1355 3453 1423 suﬁiriant.

2372 1451 2462 1505 Ait
2489 1452 2631 1505 enim
2672 1450 2967 1502 orationem
3001 1458 3159 1516 atque
3191 1447 3496 1513 opinionem
3527 1445 3638 1509 ipsa
3668 1443 3882 1512 quidem

2302 1543 2555 1595 contrarii
2585 1541 2784 1593 nullius
2806 1554 2927 1593 esse
2946 1536 3339 1604 susceptibitia,
3366 1551 3539 1604 neque
3567 1535 3707 1586 enim
3739 1533 3883 1586 falsi-

2306 1645 2386 1687 tas
2418 1634 2725 1700 veritasque
2750 1630 2801 1683 in
2830 1631 3072 1684 oratione
3092 1628 3179 1681 vel
3206 1627 3456 1696 opinione
3481 1625 3636 1679 insita
3665 1636 3765 1689 est,
3794 1624 3888 1677 scd

2305 1726 2508 1778 idcirco
2530 1725 2777 1777 videntur
2793 1723 3184 1776 contrariorum
3208 1734 3327 1773 esse
3348 1718 3731 1786 susceptibi'ia,
3748 1717 3886 1785 quod

2308 1817 2387 1885 (ut
2416 1817 2531 1884 ipse
2561 1817 2658 1883 ait)
2690 1817 2830 1869 circa
2860 1816 3082 1868 alteram
3114 1812 3397 1880 quamdam
3432 1811 3732 1879 passionem
3758 1810 3887 1871 sint,

2308 1910 2408 1962 boc
2433 1916 2514 1961 est
2541 1908 2680 1960 circa
2709 1907 2809 1959 ltoc
2835 1920 2953 1959 esse
2978 1905 3285 1971 opinionem
3311 1902 3392 1956 vel
3422 1899 3888 1955 orationem.l\'am

2301 2001 2443 2053 circa
2482 1999 2673 2053 sedere
2711 2007 2763 2051 et
2792 2011 2894 2050 non
2937 1996 3147 2059 sedi-re,
3171 2010 3289 2062 quae
3328 2002 3452 2047 sunt
3483 1991 3769 2050 contraria,
3808 1997 3891 2043 est

2306 2088 2526 2143 sedendi
2566 2088 2793 2155 aliquem
2840 2098 2894 2140 et
2936 2101 3040 2138 non
3084 2084 3307 2138 sedendi
3352 2083 3533 2152 opinio
3562 2082 3648 2135 'vel
3694 2082 3891 2140 oratio,

2308 2194 2466 2253 atque
2505 2184 2626 2236 ideo
2666 2180 2916 2249 quoniam
2957 2179 3101 2233 circa
3140 2178 3270 2230 alias
3314 2192 3398 2230 tes
3462 2186 3585 2230 sunt
3631 2188 3750 2242 quin
3790 2172 3894 2226 sibi

2308 2285 2431 2327 sunt
2462 2272 2765 2337 contraria),
2806 2272 2912 2325 illis
2954 2269 3287 2338 permutatis,
3336 2270 3437 2321 i~ta
3485 2267 3729 2319 videntur
3774 2279 3895 2317 esse

2308 2374 2597 2428 co;ttrarta,
2647 2379 2751 2416 non
2796 2362 2933 2430 quod
2981 2364 3094 2428 ipsa
3142 2359 3435 2427 suscipiant
3477 2358 3765 2421 contraria,
3799 2355 3895 2408 sed

2307 2456 2447 2523 quod
2497 2456 2640 2508 circa
2683 2452 2979 2508 contrarias
3031 2453 3307 2519 passiones
3354 2466 3531 2503 rerum
3583 2450 3710 2501 sint.
3761 2448 3893 2501 Nam

2310 2562 2479 2615 neque
2508 2547 2872 2613 orationeque
2896 2544 3078 2607 opinio
3112 2549 3461 2610 permutatur,
3495 2541 3589 2594 sed
3622 2540 3735 2593 sola
3769 2551 3886 2592 tan-

2310 2648 2420 2691 tum
2443 2636 2510 2691 de
2532 2638 2723 2705 quibus
2754 2646 2836 2690 cst
2862 2635 3031 2688 ora'io
3056 2643 3215 2701 atque
3258 2632 3460 2701 opinio,
3490 2631 3542 2683 id
3584 2641 3665 2684 est
3705 2630 3895 2683 sedi-ra

2309 2741 2363 2783 et
2395 2746 2498 2783 non
2530 2730 2741 2785 sedere.
2772 2729 3035 2794 Quocirca
3061 2727 3311 2797 quoniam
3345 2727 3542 2780 nullam
3574 2727 3686 2793 ipsa
3718 2725 3894 2779 oratio

2311 2827 2393 2878 vel
2423 2824 2926 2893 Opinio‘suscipiunt
2954 2822 3279 2891 passionem,
3304 2836 3401 2876 nec
3422 2822 3709 2891 quidquam
3733 2821 3785 2874 in
3816 2824 3895 2875 eis

2312 2916 2390 2979 lit,
2441 2926 2601 2983 atque
2632 2915 2812 2968 evenit
2838 2917 3189 2979 contrarium,
3212 2916 3608 2969 contrariorum
3638 2930 3759 2969 esse
3798 2930 3889 2967 sn-

2310 3006 2610 3073 sceptibilia
2643 3020 2747 3058 non
2778 3005 3047 3060 videntur.
3097 3009 3167 3058 At
3196 3008 3488 3059 substantia
3518 3022 3581 3060 eo
3611 3009 3751 3074 quod
3779 3009 3894 3075 ipsa

2308 3097 2561 3166 suscipiat
2581 3099 3336 3163 contrarium,contrariorum
3359 3098 3552 3152 dicitur
3566 3114 3686 3153 esse
3711 3115 3892 3155 susce-

2317 3192 2533 3257 ptibilis.
2574 3191 2762 3246 Cicero
2792 3193 2934 3246 enim
2964 3192 3261 3261 suscipiens
3291 3192 3572 3247 sanitatem
3616 3208 3779 3247 sanus
3815 3196 3847 3247 li
3877 3232 3893 3254 .

2315 3296 2368 3339 et
2390 3285 2689 3353 suscipiens
2710 3285 3075 3355 mgtitudiuem
3103 3288 3163 3340 fit
3185 3302 3350 3355 aeger.
3375 3286 3560 3341 Oratio
3588 3303 3716 3341 vero
3737 3299 3894 3356 atque

2313 3377 2496 3444 Opinio
2517 3381 2602 3441 (ut
2627 3377 2829 3433 dictum
2852 3377 2955 3449 est)
2975 3381 3242 3433 contraria
3269 3394 3372 3433 non
3396 3380 3894 3448 SuscipiuntQunre

2312 3470 2415 3523 erit
2445 3470 2545 3523 hoc
2585 3471 2852 3538 proprium
2881 3472 3191 3525 substantiae
3218 3472 3611 3524 contrariorum
3654 3486 3776 3525 esse
3804 3487 3895 3525 sn-

2312 3561 2669 3628 scc-ptibilem.
2706 3562 2809 3615 Sed
2840 3563 2883 3615 si
2913 3563 3034 3629 quis
3066 3560 3283 3614 forsitan
3310 3561 3453 3615 dicat
3479 3577 3574 3615 cur
3603 3578 3721 3615 eum
3755 3564 3892 3632 ignis

2308 3652 2511 3705 calidus
2559 3653 2629 3705 sit
2658 3668 2923 3722 nunquam
2953 3655 3114 3721 frigus
3136 3654 3475 3721 suscipiat,et
3495 3670 3588 3707 cur
3610 3671 3727 3707 cum
3750 3670 3886 3724 aqua

2309 3744 2378 3797 sit
2428 3744 2643 3796 humida
2686 3760 2951 3812 nunquam
2979 3745 3230 3812 suscipiat
3262 3746 3579 3799 siccitatem.
3628 3747 3720 3799 ilts
3747 3748 3890 3799 enim

2310 3834 2590 3901 oppositis,
2620 3834 2828 3887 videtur
2850 3850 2952 3903 non
2977 3835 3149 3888 ontnis
3176 3837 3470 3890 substantia
3498 3838 3889 3889 Contrariorum

2315 3945 2435 3985 esse
2459 3930 2850 3998 susceptibilts,
2890 3939 2944 3984 et
2969 3930 3278 3983 sobstantizn
3312 3934 3410 3984 hoc
3441 3932 3713 3998 proprium
3747 3932 3893 3984 infir-

2318 4022 2567 4086 mabitur,
2596 4037 2716 4074 cum
2748 4036 2851 4074 non
2883 4022 2953 4075 sit
2980 4021 3031 4075 in
3063 4023 3310 4077 omnibus
3332 4023 3781 4078 substantiis.Sed
3807 4025 3891 4075 tli-

2317 4113 2540 4167 condum
2578 4125 2659 4167 est
2686 4117 2934 4180 quoniam
2975 4131 3033 4168 ea
3075 4118 3339 4168 contraria
3381 4118 3659 4182 suscipere
3704 4118 3889 4170 tideu-

2315 4212 2402 4254 tntr
2454 4205 2765 4255 substantia:
2809 4219 2927 4271 qua:
2971 4214 3095 4256 sunt
3126 4206 3176 4257 in
3209 4206 3539 4271 ejusnatura
3572 4224 3674 4258 non
3706 4208 3886 4272 insita,

2313 4294 2361 4344 al
2386 4295 2506 4359 oqui
2529 4308 2631 4346 non
2656 4295 2876 4359 SttScipit
2902 4295 3153 4364 quidquid
3180 4297 3250 4349 il‘i
3273 4299 3695 4351 substantialiter
3714 4298 3887 4351 adest.

2312 4382 2594 4450 Suscipere
2623 4387 2762 4437 enim
2787 4386 3013 4441 dicimus
3041 4388 3240 4453 aliquid
3268 4388 3334 4443 de
3365 4389 3525 4453 rebus
3551 4390 3890 4445 extrinsecus

623 4476 728 4542 cipi
754 4491 827 4533 qns
882 4475 963 4543 (ut
984 4473 1183 4526 dictum
1217 4474 1320 4539 est)
1353 4471 1622 4524 contraria
1651 4479 2003 4538 permutatttr,
2031 4470 2204 4520 oratio
2240 4497 2282 4553 υ
2314 4476 2500 4543 positis
2521 4486 2572 4529 et
2590 4492 2699 4545 pta:
2724 4493 2783 4530 er
2804 4479 3154 4533 substantiam
3174 4483 3475 4536 constitutis
3494 4500 3505 4534 :
3524 4483 3773 4551 quoniam
3795 4484 3893 4551 igi-

624 4583 749 4620 vcro
781 4568 860 4619 vel
889 4565 1069 4634 opinio
1108 4580 1211 4617 non
1257 4572 1509 4623 mutatur,
1549 4562 1640 4615 sed
1670 4576 1729 4615 re
1769 4562 1908 4614 circa
1941 4575 2034 4614 eas
2064 4576 2203 4614 moa

624 4661 751 4727 ipsa:
781 4674 919 4713 verte
950 4660 1029 4713 vel
1056 4659 1204 4711 falsae
1230 4666 1371 4711 sunt.
1395 4660 1571 4721 Quare
1600 4656 1869 4723 proprium
1895 4655 2205 4707 substantia:

624 4760 691 4802 tta
719 4766 841 4803 esse
872 4750 1141 4816 pulabitur
1169 4748 1559 4801 contrariorum
1591 4746 1936 4813 susceptibilo
1955 4786 1971 4809 ,
2002 4752 2061 4798 ut
2091 4745 2205 4812 ipsa

625 4849 917 4905 permutata
966 4839 1229 4890 contraria
1273 4838 1564 4904 susripiat,
1600 4853 1703 4890 non
1750 4847 1831 4901 ut,
1872 4853 1929 4889 re
1965 4847 2199 4899 mutata,

619 4930 735 4997 ipsa
777 4927 1147 4991 impermntata
1186 4929 1637 4993 iumtutabilisque
1669 4938 1993 4994 permaneat.
2028 4929 2202 4994 Atque

622 5024 721 5074 bne
762 5020 961 5072 dictum
995 5024 1096 5081 cst,
1140 5018 1182 5069 si
1222 5018 1340 5085 quis
1372 5018 1669 5069 orationem
1705 5029 1862 5085 atque
1892 5018 2199 5079 opinionem

619 5111 1011 5166 contrariorum
1059 5107 1433 5171 susceptibilus
1482 5118 1652 5174 putet,
1702 5123 1805 5159 non
1856 5118 2032 5161 autem
2082 5123 2203 5163 esse

620 5206 922 5257 arationem
968 5213 1124 5270 atque
1161 5202 1467 5265 Opinionem
1510 5204 1902 5255 contrar‘Orum
1944 5205 2201 5269 suscepti-

622 5292 776 5349 bilcs.
812 5296 927 5363 Ipse
959 5310 1048 5347 rur
1083 5310 1141 5343 ns
1168 5292 1381 5359 adjecit.

696 5394 816 5447 Non
840 5404 909 5447 est
935 5406 1105 5445 autem
1144 5384 1235 5445 Itoc
1266 5408 1459 5455 ttcrum,
1496 5394 1657 5444 oratio
1688 5409 1903 5463 namque
1935 5403 1978 5445 et
2036 5395 2207 5463 opinio

623 5499 724 5536 non
769 5486 824 5537 in
863 5501 918 5536 eo
957 5486 1091 5550 quod
1133 5484 1240 5551 ipsa
1277 5486 1473 5549 aliquid
1518 5484 1763 5550 recipiant
1827 5485 2203 5539 contrariorum

623 5578 963 5641 susceptibilia
994 5593 1099 5630 esse
1120 5578 1378 5641 dicitntur,
1404 5577 1491 5631 sed
1514 5578 1565 5630 in
1595 5596 1655 5631 co
1676 5582 1810 5649 quod
1834 5581 1967 5632 circa
1991 5581 2204 5634 alterum

625 5663 793 5729 aliqua
821 5664 990 5732 passio
1022 5670 1157 5732 facta
1184 5668 1280 5731 sit;
1312 5685 1428 5719 naut
1461 5685 1558 5738 quo
1586 5686 1665 5722 res
1694 5679 1769 5722 est
1800 5669 1874 5722 t'el
1898 5686 1996 5722 non
2029 5679 2120 5730 est,
2145 5686 2202 5723 eo

624 5749 775 5800 ctiam
816 5754 975 5805 oratio
1012 5767 1128 5804 vera
1167 5764 1253 5805 aut
1295 5759 1427 5825 [nisa
1464 5774 1569 5811 esse
1607 5762 1814 5828 dicitur,
1849 5777 1945 5814 non
1974 5776 2034 5815 eo
2063 5763 2202 5831 quid

2313 4574 2397 4619 tur
2422 4566 2474 4618 in
2506 4567 2799 4621 substantia
2830 4569 2966 4638 ignis
2990 4570 3127 4625 inest
3150 4572 3383 4626 calidum
3415 4588 3557 4633 esse.
3583 4574 3721 4642 ignis
3750 4576 3893 4626 calo-

2314 4671 2425 4709 rem
2475 4673 2581 4710 non
2624 4659 2883 4726 suscipit;
2918 4662 3165 4728 quocirca
3198 4678 3370 4725 neque
3412 4673 3496 4717 est
3523 4665 3659 4733 ignis
3698 4666 3891 4719 Culmis

2312 4751 2688 4819 susceptibilis,
2737 4767 2911 4821 neque
2958 4752 3192 4820 frigoris.
3235 4753 3480 4808 Calorem
3524 4757 3737 4825 quidem
3785 4772 3891 4809 non

2310 4842 2552 4909 suscipit.
2584 4842 2781 4896 idcirco
2808 4842 2947 4911 quod
2976 4844 3094 4910 ejus
3116 4853 3317 4899 natura:
3348 4847 3765 4917 substantimque
3789 4849 3891 4901 im-

2314 4934 2635 4985 mntabilitcr
2657 4934 2899 4989 adhaesit.
2932 4934 3117 5003 Frigus
3158 4942 3299 4990 enim
3336 4955 3441 4992 non
3471 4941 3717 5007 suscipit,
3752 4955 3890 5007 quo-

2313 5024 2690 5077 niamcaloris
2725 5036 2912 5079 natura
2960 5027 3125 5093 ipsius
3168 5030 3301 5096 ignis
3343 5032 3671 5084 contrarium
3701 5041 3895 5095 sponte

2314 5113 2575 5179 repudiat.
2616 5116 2875 5180 Quocirca
2905 5120 2949 5173 si
2982 5122 3106 5184 quid
3138 5131 3219 5175 est
3256 5122 3397 5190 qttod
3440 5123 3693 5189 suscipiat
3735 5123 3893 5187 ignis,

2312 5205 2360 5256 id
2387 5215 2466 5257 cst
2496 5206 2835 5260 extrinsecus
2869 5212 3118 5278 positum,
3162 5213 3387 5279 accipiat
3414 5227 3636 5265 necesse
3666 5222 3751 5267 est
3780 5215 3898 5280 eius

2311 5314 2521 5368 quoque
2564 5303 2915 5366 contrarium,
2962 5305 3076 5374 ipse
3107 5320 3243 5358 unus
3276 5320 3593 5372 permanens
3617 5322 3680 5359 ac
3710 5310 3896 5375 singu-

2318 5394 2463 5449 laris.
2497 5393 2636 5446 ldem
2670 5410 2880 5463 quoque
2904 5395 2971 5449 de
2998 5401 3131 5465 aqua
3156 5396 3441 5450 dicendum
3471 5407 3552 5448 est
3586 5414 3599 5449 :
3634 5398 3724 5450 illa
3752 5412 3818 5451 cn
3847 5413 3897 5448 tn

2312 5485 2449 5538 sicut
2493 5484 2629 5553 ignis
2678 5487 2931 5548 calorem,
2964 5488 3042 5540 sic
3089 5504 3192 5541 non
3245 5487 3467 5555 suscipit
3504 5488 3894 5548 ltumiditatem.

2312 5576 2404 5629 sed
2442 5585 2524 5630 est
2562 5577 2961 5644 quodammodo
3006 5589 3061 5632 et
3106 5580 3205 5645 ipsi
3250 5580 3535 5633 luuniditas
3586 5559 3897 5633 naturalitrr

2311 5670 2506 5734 insita;
2551 5683 2707 5739 atque
2755 5671 2874 5724 ideo
2916 5673 3063 5726 calor
3096 5674 3250 5743 ignis,
3285 5678 3367 5731 vel
3412 5676 3703 5731 humiditas
3742 5692 3897 5744 aqu-8

2315 5778 2416 5817 non
2458 5764 2629 5819 solum
2669 5764 2952 5833 qualitates
2995 5766 3269 5837 dicun'ur,
3302 5770 3393 5825 sed
3439 5772 3599 5826 etiam
3643 5772 3893 5826 sztbstan-
