4280 6268
307 361 393 418 201
1295 360 1358 415 ΙΝ
1396 353 1829 416 CATEGORIAS
1868 355 2316 415 ARISTOTELIS
2353 344 2479 410 LIB.
2529 346 2590 409 ll.

3475 358 3581 415 2οΞ

308 474 460 530 tiales
488 473 601 545 igni
630 482 687 530 et
710 486 862 545 aqua
885 470 1192 543 qualitates;
1224 485 1454 543 namque
1477 487 1610 543 aqua
1638 473 1889 544 quoniam
1917 475 1970 535 Α
1994 471 2063 528 de
2086 470 2329 541 pluribus
2357 471 2734 542 praedicentur,
2749 469 2923 528 altero
2944 471 3087 543 quod
3109 472 3421 530 substantia:
3444 477 3574 544 sint,

310 564 361 620 in
410 579 471 621 se
516 581 689 637 neque
733 565 897 636 frigus
956 578 1132 636 neque
1179 564 1416 621 calorem
1473 565 1889 623 substantialiter

311 656 495 726 habet,
520 656 878 729 susceptihilis
905 657 959 713 et
984 657 1201 730 frigoris
1227 667 1283 715 et
1301 657 1497 713 caloris
1527 671 1649 715 esse
1668 658 1885 715 dicitur.

312 750 571 816 Quocirca
594 767 698 807 non
718 751 786 807 de
814 750 899 806 his
917 746 1205 807 contrariis
1230 750 1463 822 loquitur
1492 767 1609 823 qua
1643 752 1894 809 substan-

312 840 510 897 tialiter
538 841 737 908 insunt,
762 849 859 897 sed
884 842 952 897 de
986 842 1069 898 his
1095 857 1217 913 qua:
1244 852 1422 914 potest
1445 846 1722 914 suscipere
1749 860 1886 901 una-

310 949 532 1005 quaeque
576 934 892 1000 substantia,
924 933 977 989 id
1018 946 1100 990 est
1142 934 1284 1005 quod
1335 945 1510 1005 potest
1548 936 1891 993 extrinsecus

311 1024 585 1082 adhiberi:
613 1025 717 1081 hoc
742 1036 922 1081 autem
952 1027 1006 1080 in
1030 1026 1279 1082 omnibus
1298 1041 1417 1083 esse
1441 1027 1754 1084 substantiis
1778 1044 1891 1084 ma-

310 1116 559 1173 nifestum
602 1126 687 1174 est
719 1135 732 1171 :
766 1133 889 1172 nam
930 1118 1184 1187 quoniam
1225 1116 1413 1173 Cicero
1453 1133 1613 1174 sanus
1654 1130 1708 1173 et
1743 1134 1887 1188 aeger

306 1219 411 1274 est,
428 1208 591 1265 homo
606 1224 773 1265 sanus
792 1218 847 1263 et
868 1224 1011 1279 aeger
1031 1218 1147 1273 est;
1165 1209 1284 1263 etsi
1307 1210 1466 1265 homo
1488 1225 1651 1265 sanus
1670 1221 1722 1266 et
1745 1226 1886 1282 aeger

307 1310 410 1369 est,
432 1300 633 1357 animal
663 1310 853 1358 Sanum
878 1309 1039 1370 atque
1061 1308 1321 1370 aegrotum
1348 1310 1449 1356 est.
1482 1301 1589 1357 Sed
1612 1318 1732 1357 cum
1760 1302 1890 1357 duo-

308 1392 407 1448 bus
433 1392 614 1449 modis
643 1391 843 1447 animal
870 1399 1031 1461 atque
1065 1391 1227 1447 homo
1257 1401 1584 1460 spectentur,
1615 1409 1722 1449 uno
1752 1394 1889 1464 quod

1992 564 2047 620 in
2086 578 2153 620 eo
2190 564 2330 636 quod
2394 563 2463 619 de
2504 562 2744 633 pluribus
2787 563 3148 634 praedicantur
3184 567 3580 623 contrariorum

1991 657 2294 726 susceptiva
2334 670 2442 710 non
2478 664 2606 710 sunt
2638 674 2650 707 :
2680 662 2739 710 ut
2765 655 2967 712 animal
2997 656 3051 712 in
3080 673 3147 714 eo
3170 659 3315 730 quod
3352 658 3421 715 de
3451 674 3579 731 spe-

1994 745 2179 801 ciebus
2206 745 2425 812 dicitur,
2455 760 2631 817 neque
2651 745 2868 817 sapiens
2890 756 2993 814 est,
3022 763 3196 819 neque
3220 750 3501 819 insipiens,
3525 760 3583 806 et

1995 835 2156 892 homo
2196 836 2248 891 in
2281 852 2347 893 eo
2375 838 2516 907 quod
2546 836 2614 893 de
2642 836 2933 894 individuis
2959 838 3173 907 dicitur,
3208 856 3384 913 neque
3412 858 3580 899 sanus

1993 938 2096 993 est,
2131 945 2304 1001 neque
2331 945 2511 1000 aeger;
2540 931 2591 986 in
2614 946 2680 986 eo
2708 946 2843 988 vero
2866 932 3009 1004 quod
3028 933 3343 990 substantia:
3364 946 3582 1002 sunt,“

1992 1023 2136 1095 quod
2187 1022 2474 1077 individuis
2514 1022 2829 1079 substantiis
2874 1034 3133 1093 praesunt,
3184 1028 3579 1083 contrariorum

1993 1112 2368 1184 susceptibiles
2398 1124 2541 1169 sunt.
2574 1115 2836 1181 Quocirca
2862 1116 2966 1171 erit
2989 1116 3091 1172 hoc
3115 1116 3285 1173 solius
3306 1118 3579 1188 proprium

1990 1205 2342 1271 substantim,
2392 1209 2789 1263 contrariorum
2835 1223 2956 1265 esse
2991 1210 3416 1281 susceptibilem.
3453 1210 3583 1265 Haec

1990 1300 2059 1356 de
2079 1299 2375 1355 substantia
2396 1299 2540 1355 dicta
2568 1300 2855 1357 sufﬁciant.
2879 1303 3112 1360 Secundi
3140 1319 3266 1361 vero
3293 1305 3581 1361 voluminis

1991 1394 2159 1451 series
2189 1395 2256 1450 ab
2284 1395 2620 1465 expositione
2651 1396 2990 1454 inchoabitur
3018 1401 3361 1469 quantitatis}.

356 1527 3547 1559 “mw

1366 1657 1742 1763 LIBER
1824 1607 2533 1770 SECUNDUS.

382 2003 449 2059 ει
490 2001 559 2067 si-
582 2012 679 2056 ,ιοε
718 2010 855 2055 cum
892 1993 1057 2052 ofﬁcii
1079 1992 1403 2068 Iconsularis
1437 1995 1736 2071 impediunt
1776 2007 1886 2066 quo
1915 1991 1962 2051 Β
1990 1993 2331 2061 qualitatem,
2357 1994 2471 2065 ipsa
2497 1998 2637 2054 enim
2666 2001 2886 2058 materia
2907 2002 3009 2059 sub
3031 2006 3342 2070 quantitatis
3364 2002 3573 2079 quidem

309 2096 483 2152 minus
508 2094 562 2149 in
585 2093 669 2149 his
697 2090 884 2147 studiis
913 2103 1074 2145 omne
1119 2088 1288 2144 otium
1316 2089 1639 2163 plenamque
1668 2103 1888 2162 operam

305 2184 693 2249 consumimus,
720 2183 990 2254 pertinere
1012 2189 1194 2237 tamen
1216 2180 1425 2238 videtur
1448 2183 1551 2240 hoc
1572 2184 1637 2238 ad
1659 2183 1890 2254 aliquam

304 2278 613 2350 reipublicae
638 2290 846 2342 curam,
879 2272 1209 2330 elucubratas
1247 2274 1324 2330 rei
1355 2275 1599 2331 doctrina
1626 2276 1776 2349 cives
1804 2274 1891 2329 in-

305 2380 532 2427 struere.
569 2368 679 2423 Nec
709 2366 850 2423 male
891 2366 960 2423 de
997 2365 1204 2450 civibus
1240 2365 1377 2422 meis
1411 2382 1642 2435 merear,
1684 2368 1728 2423 si
1767 2384 1889 2423 cum

307 2464 481 2535 prisca
523 2460 800 2516 hominum
841 2458 1014 2515 virtus
1051 2456 1268 2513 urbium
1304 2467 1623 2514 cmterarum
1655 2457 1720 2513 ad
1751 2458 1891 2513 hanc

304 2570 462 2610 unam
509 2551 935 2623 rempublicam,
978 2548 1439 2616 dominationem,
1496 2550 1890 2622 imperiumque

305 2645 662 2713 transtulerit,
687 2660 789 2715 ego
808 2643 861 2699 id
884 2643 1073 2699 saltem
1097 2644 1241 2714 quod
1270 2643 1536 2715 reliquum
1569 2643 1890 2711 est,Gra‘:ca:

304 2736 581 2810 sapientiae
621 2736 829 2792 artibus
857 2748 1038 2791 mores
1065 2743 1266 2791 nostra:
1295 2734 1528 2791 civitatis
1557 2735 1887 2792 instruxero.

305 2831 478 2900 Quare
511 2845 579 2887 ne
618 2829 721 2886 hoc
749 2828 965 2900 quidem
1006 2828 1181 2899 ipsum
1219 2827 1455 2883 consulis
1488 2836 1646 2884 vacat
1685 2827 1884 2895 officio,

305 2943 422 2985 cum
462 2923 689 2982 Romani
733 2938 947 2993 semper
983 2921 1148 2978 fuerit
1186 2922 1354 2978 moris
1403 2920 1545 2992 quod
1590 2921 1888 2992 ubicunque

306 3018 539 3090 gentium
567 3016 849 3089 pulchrum
876 3022 1023 3072 esset
1050 3022 1209 3087 atque
1238 3012 1528 3079 laudabile,
1554 3014 1605 3069 id
1630 3013 1800 3085 magis
1824 3027 1889 3069 ac

308 3113 477 3182 magis
504 3111 796 3167 imitatione
826 3110 1132 3165 honestare.
1159 3104 1455 3178 Aggrediar
1486 3106 1647 3177 igitur
1672 3114 1725 3163 et
1755 3120 1885 3176 pro-

307 3202 469 3274 positi
501 3203 818 3261 sententiam
849 3202 1029 3273 operis
1055 3199 1409 3270 ordinemque
1438 3208 1740 3255 contexam.

803 3316 891 3370 DE
930 3312 1392 3382 QUANTITATE.

375 3418 683 3485 Quantitatis
704 3425 896 3481 autent,
926 3413 1071 3469 aliud
1089 3413 1293 3484 quidem
1316 3422 1389 3467 est
1413 3412 1712 3481 discretum,

304 3517 466 3563 autem
494 3509 814 3572 continuum,
845 3514 891 3560 et
920 3504 1065 3558 aliud
1090 3503 1296 3574 quidem
1318 3518 1383 3557 ea:
1422 3503 1719 3559 habentibus
1750 3504 1889 3573 posi-

306 3600 492 3656 tionem
518 3602 585 3655 ad
605 3616 659 3655 se
682 3601 895 3654 invicem
913 3598 1020 3652 suis
1041 3595 1269 3666 partibus
1289 3602 1485 3649 constat
1509 3610 1527 3648 :
1547 3593 1692 3649 aliud
1720 3604 1887 3649 autem

302 3706 367 3744 ea
385 3707 485 3745 non
510 3690 807 3746 habentibus
831 3688 1151 3758 positionem.
1179 3684 1269 3739 Est
1290 3693 1462 3739 autem
1482 3684 1703 3740 discreta
1722 3701 1884 3755 quan-

300 3782 440 3846 titas,
482 3792 537 3836 ut
564 3797 803 3836 numerus
839 3789 887 3834 et
916 3778 1100 3833 oratio.
1150 3776 1405 3832 Continua
1447 3791 1585 3839 vero,
1626 3783 1693 3844 ut.
1723 3774 1881 3839 linea,

214 3907 227 3913 -
299 3874 621 3942 superﬁcies,
655 3888 855 3944 corpus.
901 3871 1132 3941 Amplius
1161 3879 1331 3924 autem
1374 3875 1419 3922 et
1462 3876 1649 3936 prater
1678 3869 1787 3920 htec
1810 3874 1886 3921 est

298 3975 507 4036 tempus
528 3976 577 4021 et
602 3966 757 4021 locus.
774 3962 1001 4019 Portium
1022 3963 1202 4018 etenim
1224 3959 1418 4015 numeri
1440 3958 1615 4013 nullus
1642 3966 1714 4011 est
1743 3972 1883 4011 com-

296 4061 471 4115 munis
497 4060 763 4125 terminus,
780 4059 847 4112 ad
867 4073 1010 4128 quem
1034 4054 1332 4127 copulentur
1358 4050 1623 4122 particulre
1651 4052 1762 4122 ejus
1787 4064 1804 4102 :
1832 4059 1883 4102 ut

293 4153 515 4222 quinque
553 4152 599 4204 si
635 4150 704 4204 ad
744 4151 913 4204 decem
939 4157 1059 4203 sunt
1090 4143 1380 4214 particulte,
1411 4142 1479 4195 ad
1517 4139 1717 4194 nullum
1743 4153 1882 4192 com-

295 4258 498 4296 inanem
536 4240 805 4295 terminum
838 4238 1141 4310 copulantur
1174 4234 1394 4305 quinque
1433 4240 1478 4285 et
1513 4228 1755 4305 quinque,
1790 4227 1880 4281 sed

294 4347 492 4400 semper
513 4331 733 4385 discreta
759 4338 878 4384 sunt
915 4335 961 4381 et
986 4333 1244 4397 separata.
1279 4322 1369 4378 Sic
1405 4330 1451 4375 et
1488 4320 1584 4373 tria
1612 4328 1659 4373 et
1692 4327 1882 4387 septem

295 4423 367 4476 ad
398 4423 592 4477 nullum
616 4436 932 4476 communem
956 4417 1226 4473 terminum
1247 4414 1647 4483 conjunguntur,
1678 4409 1879 4463 omnino

294 4523 462 4567 autem
487 4529 588 4567 non
617 4512 801 4566 habeas
846 4512 900 4564 in
938 4523 1149 4564 numero
1179 4505 1405 4576 accipere
1430 4516 1748 4555 communem
1778 4506 1878 4552 tero

294 4604 491 4657 minam
515 4603 755 4673 partium,
783 4601 872 4655 sed
902 4614 1099 4669 semper
1125 4596 1356 4651 discretw
1382 4602 1428 4647 et
1457 4600 1711 4662 separatas
1737 4598 1874 4643 sunt.

297 4682 631 4765 Quapmpter'
657 4708 896 4746 numerus
924 4689 1129 4759 quidem
1164 4687 1498 4741 discretorum
1522 4694 1616 4749 est,
1642 4680 1878 4736 similiter

292 4745 462 4840 autem
509 4795 553 4838 et
596 4785 761 4839 oratio
791 4783 1123 4836 discretorum
1157 4786 1251 4833 est.
1308 4776 1462 4845 Quod
1505 4782 1673 4828 autem
1715 4770 1876 4826 oratio
1906 4745 1959 4808 υ

292 4879 554 4948 quantitas
579 4879 645 4931 sit
683 4876 1011 4945 manifestum
1038 4883 1130 4937 est,
1168 4880 1493 4926 mensuratur
1522 4868 1654 4922 enim
1682 4866 1760 4937 syl
1783 4865 1881 4919 aba

293 4970 430 5025 brevi
451 4982 498 5026 et
528 4972 698 5043 longa.
732 4954 860 5023 Dico
884 4979 1054 5022 autem
1082 4965 1360 5019 orationem
1390 4977 1503 5015 cum
1528 4975 1643 5016 voce.
1667 4959 1878 5029 factum,

292 5064 362 5116 ad
388 5064 590 5117 nullum
630 5063 763 5116 enim
795 5075 1109 5114 communem
1149 5057 1415 5111 terminum
1454 5053 1723 5124 particulte
1767 5052 1878 5121 ejus

289 5156 619 5224 copulantur.
656 5151 776 5207 Non
801 5154 933 5207 enim
959 5159 1034 5205 est
1056 5148 1337 5204 communis
1364 5145 1606 5200 terminus
1636 5142 1703 5195 ad
1724 5156 1875 5212 quem

284 5247 503 5317 syllaba:
546 5246 866 5319 copulentur,
912 5243 1001 5298 sed
1050 5254 1363 5311 nunquamne
1410 5237 1572 5291 divisa
1618 5244 1710 5303 est,
1760 5233 1878 5303 ipsa

285 5338 572 5394 secundum
600 5338 839 5407 seipsam.
1344 5324 1360 5343 ’

268 5473 276 5504 Δ.
354 5430 491 5485 Post
522 5429 835 5485 substantiae
859 5434 1139 5482 tractatum
1170 5438 1266 5479 cur
1289 5419 1358 5477 de
1381 5417 1677 5490 quantitate
1699 5415 1876 5486 potius

279 5537 343 5582 ac
370 5537 487 5580 non
516 5520 582 5576 de
605 5520 863 5591 qualitate
893 5516 1235 5591 proposuerit
1272 5514 1386 5568 haec
1416 5524 1578 5567 causa
1605 5517 1707 5574 est,
1735 5507 1876 5578 quod

280 5614 467 5673 omnia
513 5623 847 5685 quaecunque
881 5620 1028 5677 sunt,
1064 5608 1224 5665 simul
1261 5614 1424 5675 atque
1447 5610 1573 5657 sunt
1602 5602 1651 5655 iu
1686 5614 1873 5654 nume-

280 5727 397 5772 rum
431 5709 665 5768 cadunt.
693 5707 882 5766 Omnis
900 5706 1044 5762 enim
1070 5718 1156 5760 res
1176 5708 1270 5756 aut
1289 5709 1369 5756 est
1396 5710 1523 5761 una,
1551 5702 1643 5750 aut
1664 5693 1872 5763 plures:

282 5825 447 5865 unum
474 5818 611 5861 vero
642 5802 726 5859 uel
756 5802 935 5874 plures
956 5795 1267 5869 quantitatis
1291 5790 1511 5848 scientia
1534 5785 1875 5856 colliguntur.

280 5899 315 5958 S
336 5901 381 5957 ‘d
415 5916 530 5959 non
561 5896 738 5953 onmis
778 5908 865 5949 res
892 5892 1047 5947 simul
1078 5898 1239 5960 atque
1269 5896 1353 5943 est
1403 5884 1630 5955 aliquam
1687 5876 1878 5948 accipit

738 5985 1007 6047 Panos.
1042 5978 1257 6041 LXIV.

1998 2082 2315 2153 principium
2347 2086 2511 2155 cadit,
2542 2090 2684 2160 quod
2713 2107 2817 2146 una
2842 2102 2943 2158 est,
2976 2094 3077 2150 sub
3105 2096 3417 2165 qualitatem
3447 2117 3580 2159 vero

1994 2174 2243 2241 minime;
2289 2176 2401 2246 ipsa
2432 2176 2576 2233 enim
2606 2182 2817 2237 cunctis
2856 2192 2940 2238 est
2980 2182 3194 2239 interim
3238 2188 3581 2254 qualitatibus

1991 2266 2258 2333 absoluta,
2305 2270 2648 2339 superaddita
2687 2288 2819 2329 vero
2864 2273 3032 2329 forma
3073 2275 3300 2344 quadam
3344 2278 3582 2336 afﬁcitur

1991 2358 2247 2429 qualitate
2273 2378 2283 2413 :
2315 2376 2412 2431 per
2437 2375 2498 2419 se
2520 2372 2698 2419 autem
2718 2380 2939 2421 numero
2957 2365 3170 2435 quidem
3195 2382 3298 2422 una
3320 2379 3425 2437 est,
3448 2386 3581 2441 qua-

1991 2454 2139 2510 litate
2172 2469 2299 2511 vero
2326 2456 2507 2523 nulla;
2536 2458 2788 2526 quocirca
2818 2455 2866 2513 si
2902 2472 2989 2515 res
3019 2457 3194 2512 omnis
3224 2459 3383 2514 simul
3414 2469 3581 2532 atque

1990 2557 2075 2604 est
2111 2548 2253 2604 cadit
2292 2549 2345 2604 in
2388 2560 2693 2619 numerum,
2734 2564 2842 2606 non
2890 2558 3067 2607 autem
3108 2552 3284 2607 omnis
3325 2568 3413 2609 res
3452 2570 3579 2611 mox

1993 2654 2050 2701 ut
2090 2654 2174 2702 est
2227 2647 2406 2701 statim
2460 2645 2685 2715 suscipit
2734 2646 3071 2717 qualitatem,
3108 2642 3268 2703 recte
3316 2647 3463 2718 prius
3510 2647 3582 2703 da

1990 2736 2287 2807 quantitate
2316 2738 2611 2807 proposuit.
2640 2737 2736 2791 Est
2757 2752 2968 2807 quoque
2998 2738 3100 2792 alia
3129 2753 3287 2794 causa
3314 2754 3407 2793 cur
3432 2739 3580 2809 prius

1990 2827 2056 2883 de
2087 2826 2400 2898 quantitatis
2430 2824 2640 2882 ratione
2667 2834 2976 2896 pertractat.
3010 2826 3181 2882 Omne
3206 2828 3350 2883 enim
3379 2843 3577 2899 corpus

1989 2928 2049 2973 ut
2068 2920 2158 2986 sit,
2187 2920 2357 2974 tribus
2377 2917 2804 2973 dimensionibus
2824 2924 3056 2981 constat,
3084 2917 3434 2988 longitudine,
3458 2920 3578 2975 lati~

1991 3008 2195 3076 tudine,
2225 3008 2508 3064 altitudine
2536 3022 2552 3062 :
2584 3016 2643 3063 ut
2671 3021 2801 3063 vero
2823 3008 2893 3063 sit
2921 3022 3118 3078 corpus
3143 3023 3261 3063 cum
3296 3009 3573 3079 qualitate,

1992 3114 2117 3158 tunc
2143 3102 2245 3158 erit
2272 3109 2366 3157 aut
2386 3103 2587 3168 album,
2610 3111 2700 3157 aut
2729 3102 2960 3173 nigrum,
2984 3110 3074 3156 aut
3104 3102 3375 3173 quodlibet
3397 3103 3575 3168 aliud;

1988 3205 2045 3253 et
2068 3196 2320 3265 quoniam
2348 3194 2497 3265 prius
2526 3204 2607 3249 est
2630 3208 2749 3250 esse
2774 3209 2990 3265 corpus,
3015 3204 3136 3266 post
3164 3210 3292 3251 vero
3313 3210 3432 3252 esse
3457 3211 3576 3252 cor-

1990 3303 2089 3360 pus
2120 3290 2318 3354 album,
2353 3289 2501 3358 prius
2527 3287 2629 3342 erit
2649 3288 2859 3356 corpori
2894 3288 3062 3342 tribus
3084 3297 3332 3344 constare
3360 3287 3575 3345 dimen-

1741 3413 1885 3468 amd
1921 3374 1972 3436 B
1997 3380 2237 3438 sionihus
2278 3395 2437 3451 quam
2470 3394 2589 3435 esse
2618 3380 2819 3435 album.
2849 3379 2953 3435 Sed
2994 3388 3105 3434 tres
3135 3379 3495 3436 dimensiones
3522 3390 3577 3436 et

1989 3488 2215 3531 numero
2242 3482 2297 3529 et
2320 3473 2723 3530 continuatione
2744 3472 2900 3541 spatii
2923 3473 3247 3542 quantitates
3270 3481 3415 3529 sunt.
3435 3470 3576 3533 Lon-

1987 3567 2171 3637 gitudo
2193 3567 2335 3623 enim
2360 3565 2650 3622 etlatitudo
2669 3562 2963 3619 etaltitudo
2994 3563 3048 3619 in
3073 3564 3457 3634 quantitatibus
3477 3578 3575 3618 nu-

1989 3666 2284 3724 merantur,
2331 3657 2508 3713 album
2550 3669 2677 3711 vero
2729 3653 3004 3725 qualitatis
3046 3664 3130 3710 est
3175 3672 3187 3709 :
3228 3655 3478 3725 quocirca
3526 3656 3577 3710 si

1988 3753 2135 3823 prius
2164 3761 2248 3807 est
2278 3767 2342 3806 ex
2367 3750 2537 3805 tribus
2558 3756 2806 3805 constare
2827 3746 3253 3803 dimensionibus
3273 3762 3434 3814 quam
3454 3758 3575 3803 esse

1986 3842 2187 3905 aibum,
2220 3841 2366 3911 prior
2392 3841 2495 3896 erit
2524 3841 2793 3909 quantitas
2835 3837 3112 3908 qualitate,
3146 3840 3395 3908 quocirca
3423 3846 3575 3894 recte

1985 3945 2066 3992 est
2123 3944 2377 3990 tractatus
2426 3933 2494 3987 de
2551 3932 2846 4002 quantitate
2898 3933 3225 3998 propositus.
3286 3929 3414 3984 Item
3466 3930 3571 3984 alia

1985 4041 2165 4096 causa,
2190 4026 2331 4097 quod
2360 4025 2629 4096 quantitas
2671 4022 2823 4092 plura
2852 4021 3011 4076 habet
3046 4019 3359 4075 substantiae
3388 4021 3570 4077 consi-

1966 4120 2128 4175 milia
2159 4137 2171 4171 :
2206 4132 2326 4172 nam
2358 4114 2807 4187 quemadmodum
2836 4113 3148 4168 substantiae
3172 4112 3303 4167 nihil
3333 4120 3413 4167 cst
3441 4126 3570 4169 con-

1985 4213 2228 4279 trarium,
2253 4220 2308 4266 et
2332 4207 2631 4267 substantia
2655 4223 2758 4262 non
2790 4205 2977 4276 recipit
3004 4205 3173 4276 magis
3195 4215 3247 4261 et
3268 4204 3465 4272 minus,
3490 4205 3569 4261 sic

1983 4308 2143 4363 etiam
2174 4305 2469 4377 quantitas:
2487 4301 2767 4373 quantitati
2790 4302 2932 4356 enim
2957 4298 3091 4354 nihil
3113 4308 3194 4355 est
3213 4298 3565 4366 contrarium,

1985 4414 2083 4455 nec
2110 4398 2383 4470 quantitas
2425 4396 2615 4465 recipit
2656 4394 2823 4465 magis
2855 4400 2910 4449 et
2937 4392 3133 4457 minus,
3167 4401 3223 4447 ut
3248 4391 3405 4461 paulo
3448 4400 3569 4461 posr

1983 4488 2333 4551 docebimus;
2366 4485 2591 4555 qualitas
2638 4499 2766 4540 vero
2811 4492 2864 4538 et
2912 4482 3177 4538 contraria
3218 4481 3461 4551 suscipit.
3510 4492 3571 4535 ut

1982 4581 2163 4636 album
2194 4590 2247 4635 et
2277 4577 2506 4647 nigrum,
2540 4586 2593 4630 et
2622 4574 2789 4644 magis
2818 4582 2873 4628 et
2900 4572 3098 4638 minus,
3129 4581 3186 4625 ut
3210 4570 3488 4626 candidius
3512 4578 3570 4625 et

1982 4670 2206 4743 nigrius,
2248 4678 2302 4725 et
2339 4666 2777 4724 candidissimum
2818 4672 2873 4719 et
2912 4662 3257 4733 nigerrimum
3288 4679 3304 4730 ;
3340 4660 3393 4717 id
3421 4661 3569 4719 enim

1984 4766 2146 4822 sumit
2167 4762 2517 4820 intentionem
2542 4759 2681 4831 quod
2706 4765 2879 4828 potest
2897 4769 3110 4811 sumere
3131 4753 3563 4813 diminutionem.

1982 4859 2136 4927 Quod
2163 4860 2206 4914 si
2233 4854 2545 4914 substantia:
2574 4852 2800 4909 similior
2840 4850 3108 4922 quantitas
3137 4858 3240 4917 est,
3274 4858 3418 4906 recte
3449 4858 3569 4919 post

1983 4952 2336 5011 substantiam
2369 4950 2438 5006 de
2460 4951 2756 5021 quantitate
2792 4943 3087 5016 proposuit.
3120 4943 3439 5011 Quantitatis
3465 4955 3534 4996 au
3566 4971 3571 4979 -

1985 5056 2092 5104 tem
2140 5046 2269 5102 dicit
2292 5059 2413 5101 esse
2441 5040 2772 5099 differentias
2802 5038 2975 5094 duas:
3003 5037 3312 5108 quantitatis
3338 5048 3567 5103 namque

1984 5139 2085 5195 alia
2125 5138 2355 5194 discreta
2395 5144 2477 5191 est
2518 5143 2572 5189 et
2611 5122 2931 5201 disgregata,
2975 5128 3077 5183 alia
3121 5143 3251 5183 vero
3290 5126 3562 5182 continua.

1985 5232 2113 5288 Post
2144 5232 2281 5287 hanc
2319 5241 2506 5284 rursus
2546 5225 2863 5281 divisionem
2908 5221 3013 5275 alio
3039 5220 3199 5276 modo
3228 5217 3451 5288 partitus
3479 5228 3565 5273 est

1984 5319 2332 5390 quantitatem
2363 5332 2377 5369 :
2409 5314 2539 5369 dicit
2580 5312 2721 5367 enim
2765 5305 3076 5377 quantitatis
3102 5304 3258 5360 aliam
3286 5318 3403 5373 quae
3432 5316 3561 5359 con-

1982 5420 2093 5466 stat
2130 5425 2196 5465 ex
2240 5405 2561 5462 habentibus
2610 5401 2931 5472 positionem
2970 5395 3036 5450 ad
3081 5410 3141 5452 se
3185 5394 3413 5451 invicem
3453 5396 3565 5451 suis

1982 5501 2219 5575 panibus
2243 5515 2259 5565 ;
2284 5498 2442 5551 aliam
2468 5508 2597 5549 vero
2626 5506 2697 5547 ex
2726 5505 2833 5546 non
2856 5486 3176 5543 habentibus
3219 5485 3560 5555 positionem.

1985 5600 2152 5655 Unam
2175 5609 2301 5650 vero
2328 5606 2440 5646 rem
2471 5587 2683 5643 diverse
2710 5596 2868 5655 posse
2895 5579 3062 5635 dividi
3089 5577 3428 5635 manifestum
3457 5589 3561 5648 est,

1984 5690 2087 5744 hoc
2109 5685 2289 5753 modo,
2322 5691 2379 5738 ut
2417 5680 2461 5736 si
2491 5678 2609 5749 quis
2636 5674 2844 5733 dividat
2863 5671 3056 5729 animal
3082 5670 3268 5728 dicens
3296 5685 3311 5725 :
3345 5670 3564 5727 Anima-

1988 5781 2115 5836 lium
2142 5780 2241 5836 alia
2266 5786 2391 5836 sunt
2424 5772 2779 5837 rationabilia,
2804 5770 2906 5826 alia
2937 5766 3321 5824 irrationabilia
3342 5775 3423 5835 ;et
3447 5780 3562 5821 rur-

1988 5888 2078 5928 sus
2099 5874 2342 5931 eamdem
2366 5870 2534 5943 ipsam
2557 5880 2672 5923 rem
2701 5865 2802 5922 alia
2832 5861 2989 5920 modo
3017 5863 3330 5930 partiamur,
3355 5869 3413 5913 ut
3440 5864 3561 5911 est:
