4280 6268
666 466 776 538 205

1932 477 2019 532 ΑΝ
2058 464 2218 533 ΜΑι.
2261 454 2413 533 sev.
2457 460 2680 533 suam

3828 474 3934 536 2οι

666 566 989 650 Ᾱηῑιηέίἰυήῐι
1017 590 1118 645 alia
1151 584 1273 646 sunt
1301 588 1613 659 greSsibilia,
1647 588 1744 642 alia
1778 601 1880 642 non
1912 578 2238 656 greSSilnli'a,
2272 588 2327 649 Α
2352 584 2570 655 gniilcet
2601 582 2821 651 nonien,
2845 582 3023 655 partes
3048 582 3167 656 ejus
3196 566 3445 644 8ῐέἃὲιῶ
3474 582 3636 659 atque
3653 580 3935 659 disiuncta:

665 678 960 754 eoihmque
989 672 1297 737 iniiiialiu'iii
1341 684 1545 744 rursus,
1573 678 1673 733 alla
1706 676 1829 734 suiit
1859 676 2113 739 carnibus
2153 674 2245 733 vd-

667 765 889 838 scentia,
939 758 1040 827 alia
1081 761 1282 839 herbis,
1327 758 1427 825 alia
1475 770 1788 825 seminibus;
1833 768 1928 826 llic
1971 766 2100 840 ergo
2141 764 2247 825 iina

666 855 963 936 eademque
991 854 1076 919 res
1099 858 1309 918 dliers'o
1336 860 1524 917 ordine
1554 861 1818 930 modoque
1842 854 2012 917 divisa
2040 866 2151 917 εει.
2172 859 2248 916 Ita

665 952 827 1028 l‘gitiir
864 942 1177 1011 Aliisloteliés
1216 948 1378 1009 uniiiit
1421 952 1666 1023 idemque
1700 948 2247 1023 quantitatisnomen

665 1044 873 1104 diverse
895 1040 1115 1116 partitus
1136 1044 1238 1113 est,
1255 1044 1305 1100 in
1328 1044 1388 1101 ea
1412 1042 1618 1100 scilicet
1639 1056 1757 1115 quae
1780 1042 2013 1100 discreta
2035 1040 2245 1111 essent,

666 1138 720 1197 et
745 1134 865 1209 ii‘u’ai
904 1132 1176 1203 cdﬁtinua,
1209 1129 1263 1193 ei
1294 1130 1344 1192 lii
1375 1136 1436 1191 ea
1468 1134 1587 1207 quae
1630 1127 1888 1192 haberent
1929 1130 2245 1204 positionem

666 1220 917 1301 partiurii,
950 1236 1005 1285 et
1034 1222 1151 1299 dum
1176 1224 1279 1283 non
1311 1220 1591 1283 haberent.
1617 1227 1720 1283 Sed
1751 1227 1817 1281 de
1843 1224 2076 1282 secunda
2108 1222 2248 1280 divi-

666 1322 819 1377 sione
854 1318 1117 1396 posterius
1156 1316 1438 1375 dicendum
1477 1324 1581 1383 est,
1608 1318 1747 1373 nunc
1771 1314 1941 1387 piima
1971 1308 2245 1371 tractetur.

664 1408 757 1471 A'it
784 1412 926 1471 enim
952 1412 1020 1471 de
1049 1414 1218 1483 prima
1242 1411 1515 1482 {divisione
1554 1412 1654 1466 hoc
1688 1408 1848 1466 modo
1876 1422 1892 1465 :
1924 1404 2249 1476 Qdantitatis

664 1507 810 1563 aliud
832 1510 915 1562 est
941 1504 1276 1572 continuum,
1302 1502 1445 1558 aliud
1471 1504 1854 1573 disgregatum.
1876 1497 2245 1572 Disgregatum

664 1608 749 1656 est
764 1599 920 1668 cujus
937 1607 1115 1667 partes
1133 1598 1280 1653 nullo
1294 1596 1566 1651 communi
1581 1597 1815 1651 termino
1831 1594 2246 1664 conjunguntur.

667 1687 989 1745 Continuum
1013 1703 1140 1742 vero
1161 1686 1314 1756 cujus
1335 1694 1512 1755 partes
1535 1684 1731 1739 habent
1753 1685 1986 1753 aliquem
2009 1698 2250 1738 commu-

665 1794 791 1836 nem
822 1780 1105 1835 terminum
1130 1818 1146 1843 ,
1184 1777 1252 1833 ad
1281 1791 1438 1847 quem
1470 1775 1750 1847 videantur
1776 1786 1899 1829 esse
1923 1772 2245 1845 conjuncue.

662 1872 1029 1929 Discretarum
1054 1885 1284 1939 namque
1313 1869 1668 1938 quantitatum
1692 1865 1806 1935 ipse
1832 1866 2075 1935 exempla
2101 1864 2251 1933 ponit

2350 678 2494 746 sunt,
2526 676 2580 735 et
2611 678 2757 736 milio
2784 677 3054 737 communi
3088 676 3316 749 téi‘liilno
3346 674 3768 755 donjhnﬁlintur;
3799 692 3934 753 quo-

2349 767 2493 827 iiiani
2528 768 2656 827 vero
2698 767 2882 828 Gitera
2913 770 3155 839 oratione
3188 772 3334 848 1516:
3359 766 3556 829 dicit!“
3581 766 3740 830 eiiam
3772 776 3934 831 animi

2348 859 2623 931 cngltatio,
2672 864 2725 919 et
2766 860 2905 929 intra
2946 868 3006 920 se
3043 860 3402 931 ratiocinatio,
3441 863 3587 939 λὸγός
3626 864 3838 937 quoque
3884 858 3938 925 et
3995 859 3997 861 ’

2349 954 2524 1010 oratio
2551 951 2767 1021 dicitur,
2795 953 2981 1026 nequis
3004 944 3347 1013 RriStbtel‘tilh
3375 952 3497 1011 ciim
3528 950 3734 1012 ilicei-et
3759 957 3929 1029 iam,

2348 1042 2402 1099 id
2429 1048 2511 1099 est
2539 1040 2873 1112 elationem,
2903 1046 3256 1115 quantitatem
3282 1060 3404 1102 esse
3433 1044 3741 1112 discretam,
3776 1047 3843 1104 de
3870 1054 3937 1105 eo

2353 1143 2566 1207 putaret
2592 1136 2774 1191 dicere
2802 1138 2961 1207 quem
2991 1138 3215 1208 quisque
3245 1138 3409 1210 λόγον,
3453 1136 3504 1192 id
3534 1134 3618 1193 eat
3645 1135 3933 1210 rationem,

2352 1228 2405 1283 in
2455 1228 2670 1297 prapria
2712 1227 3035 1297 cogitatione
3081 1228 3409 1299 disponeret,
3449 1228 3549 1283 hoc
3577 1227 3775 1286 addidi.
3804 1222 3936 1288 Dico

2352 1327 2529 1373 autem
2562 1317 2707 1373 illam
2739 1333 2858 1388 qure
2887 1318 2946 1374 iit
2973 1333 3093 1374 cum
3122 1326 3253 1375 voce
3285 1318 3600 1375 orationem.
3646 1318 3798 1392 Apud
3828 1320 3935 1377 lid-

2354 1423 2564 1464 manam
2586 1423 2819 1480 namque
2850 1408 3085 1479 linguam
3113 1408 3343 1465 discreta
3372 1416 3498 1464 sunt
3524 1411 3781 1467 vocabula
3808 1409 3933 1467 ora-

2355 1502 2513 1557 tionis
2557 1508 2716 1573 atqd‘e
2765 1502 3008 1557 rationis.
3054 1500 3237 1558 δῆεέ
3278 1508 3407 1557 vero
3450 1502 3624 1559 Oratio
3663 1500 3937 1574 utriusque

2354 1593 2671 1649 vocabulum
2715 1602 2771 1650 et
2809 1592 3035 1648 rationis
3073 1603 3127 1649 et
3171 1593 3433 1648 orationis
3488 1594 3638 1668 λὸτσν
3685 1596 3933 1664 appellat.

2355 1686 2534 1753 Quare
2565 1700 2633 1740 ne
2660 1685 2785 1755 quid
2817 1683 3048 1740 mendax
3078 1683 3354 1739 translatio
3380 1684 3709 1753 culparetur,
3738 1684 3936 1740 idcirco

2353 1776 2457 1832 lioc
2486 1770 2697 1848 haeque
2724 1764 2902 1831 addidi
2925 1776 3083 1830 :Dico
3110 1790 3239 1830 vero
3265 1776 3410 1831 illam
3434 1791 3555 1845 quas
3580 1774 3639 1829 ﬁt
3659 1790 3781 1830 cum
3805 1790 3935 1833 voce

2354 1871 2671 1933 orationem,
2713 1867 2857 1938 apud
2892 1867 3111 1923 Latinos
3146 1867 3288 1923 enim
3326 1868 3468 1923 nulla
3506 1868 3609 1922 alia
3649 1870 3819 1923 oratio
3852 1883 3935 1923 es:

664 1972 721 2020 et
744 1964 974 2034 species.
1001 1963 1184 2018 Oratio
1210 1961 1353 2016 enim
1375 1960 1601 2014 discreta
1629 1955 2250 2027 est‘quantitas,eodent-
2279 1952 2328 2022 Β
2354 1954 2549 2032 praete}
2575 1960 2712 2015 hane
2738 1961 2909 2015 solam
2930 1975 3052 2029 quas
3072 1961 3130 2014 ﬁt
3148 1975 3270 2015 cum
3294 1974 3424 2015 voce
3445 1960 3761 2015 orationem.
3780 1959 3934 2029 Apud

647 2072 770 2128 (quo
800 2054 961 2110 modo
987 2062 1043 2109 et
1072 2066 1346 2117 numerus,
1370 2061 1427 2106 et
1447 2063 1726 2105 numerum
1751 2062 1872 2102 esse
1899 2047 2248 2116 quantitatem

666 2162 827 2203 nemo
851 2146 1079 2200 dubitat.
1128 2128 1365 2197 Discreta
1393 2155 1522 2195 vero
1554 2148 1658 2203 est,
1704 2138 1956 2209 quoniam
1995 2138 2249 2193 denarius

665 2250 924 2293 numerus
960 2248 1080 2288 cum
1124 2220 1334 2287 constet
1367 2245 1434 2284 ex
1472 2222 1709 2300 quinque
1749 2236 1804 2283 et
1831 2218 2100 2299 quinque,
2130 2244 2250 2297 quae

663 2342 755 2386 res
792 2325 1093 2400 quinarium
1128 2322 1197 2378 ad
1225 2322 1529 2392 quinarium
1563 2320 1754 2397 jungat
1778 2329 1835 2374 ut
1864 2320 2020 2374 faciat
2043 2317 2250 2376 denarii

663 2435 878 2488 corpus,
922 2432 1029 2473 non
1075 2423 1248 2486 potest
1287 2412 1542 2470 inveniri.
1577 2410 1710 2467 Nam
1748 2414 1793 2468 si
1833 2420 1941 2467 tres
1969 2421 2020 2466 et
2047 2420 2250 2480 septem

664 2512 787 2585 quis
823 2510 1039 2575 dixerit,
1080 2523 1188 2579 quo
1219 2506 1493 2564 communi
1535 2505 1765 2587 termino
1804 2515 1912 2560 tres
1950 2512 2004 2560 et
2044 2512 2248 2574 septem

664 2600 1080 2670 coniungantur,
1136 2604 1195 2651 ut
1232 2593 1442 2650 denarii
1487 2593 1742 2649 reddatur
1781 2608 1944 2648 unum
1982 2592 2245 2662 integrum

664 2704 898 2760 corpus,
928 2685 1106 2742 nullus
1140 2682 1411 2749 inveniet,
1451 2691 1613 2751 atque
1645 2682 1746 2737 hoc
1773 2682 1985 2751 quidem
2019 2683 2069 2735 in
2102 2681 2248 2737 omni

662 2794 892 2839 numero
938 2774 1205 2847 speculari
1253 2772 1399 2830 licet.
1452 2771 1641 2828 Nullus
1689 2773 1832 2826 enim
1880 2770 2132 2826 numerus
2177 2774 2245 2825 ita

661 2880 844 2946 partes
873 2858 1051 2934 habet,
1084 2876 1142 2925 ut
1164 2882 1257 2925 eas
1286 2865 1482 2937 aliquis
1513 2863 1813 2921 communis
1843 2861 2101 2919 terminus
2123 2862 2249 2951 jun-

662 2976 775 3036 gat,
800 2963 897 3021 sed
926 2977 1140 3033 semper
1163 2967 1344 3033 partes
1364 2958 1495 3030 ipsa:
1516 2954 1800 3027 disiuncta:
1825 2965 1984 3033 atque
2004 2953 2247 3009 discreta:

663 3066 811 3128 sunt,
855 3065 910 3113 et
953 3053 1257 3127 hujusmodi
1300 3059 1523 3107 vocatur
1559 3049 1829 3121 quantitas
1861 3045 2111 3103 discreta.
2138 3044 2250 3101 Nu-

596 3174 605 3184 ν
659 3162 848 3207 merus
888 3161 1018 3218 ergo
1054 3146 1289 3202 discreta
1329 3141 1602 3214 quantitas
1642 3151 1745 3207 est,
1773 3130 2070 3219 orationem
2120 3150 2249 3193 vero

661 3239 1014 3312 quantitatem
1043 3250 1165 3293 esse
1193 3235 1345 3301 dicit,
1375 3232 1576 3289 idcirco
1608 3230 1748 3300 quod
1775 3229 1951 3285 omnis
1979 3230 2154 3285 oratio
2179 3243 2247 3283 ex

2357 2046 2573 2109 Graecos
2602 2066 2729 2107 vero
2767 2061 2851 2106 est
2888 2051 3208 2129 θιίυενλόγος
3245 2051 3337 2121 qui
3378 2051 3435 2105 fit
3466 2052 3517 2105 in
3548 2051 3712 2106 animi
3736 2052 3935 2121 cogita-

2358 2144 2519 2199 tione.
2555 2143 2815 2212 Quocirca
2859 2142 3050 2214 nequid
3082 2143 3320 2205 deesset,
3348 2141 3511 2197 etiam
3538 2141 3639 2197 hoc
3664 2136 3809 2212 quod
3836 2140 3936 2196 La-

2355 2235 2521 2289 tinam
2551 2235 2847 2288 orationem
2890 2232 3064 2288 minus
3093 2224 3236 2313 esset
3277 2228 3632 2303 conveniens,
3665 2222 3929 2305 transtuli.

2355 2325 2505 2393 Quod
2547 2341 2710 2394 quare
2746 2324 2817 2378 ita
2855 2324 3106 2387 fecerim,
3154 2324 3253 2380 hac
3297 2322 3633 2394 expositione
3678 2322 3936 2396 patefeci,

2354 2427 2515 2489 atque
2545 2413 2662 2470 haec
2690 2416 2903 2485 quidem
2944 2414 3012 2470 de
3048 2414 3277 2470 discreta
3317 2406 3611 2485 quantitate
3648 2404 3936 2473 suillciant.

2354 2496 2615 2560 Continua
2654 2520 2781 2559 vero
2820 2510 3085 2575 quantitas
3127 2498 3217 2581 est
3252 2502 3340 2576 (ut
3385 2500 3587 2583 dictum
3628 2507 3746 2576 est)
3787 2506 3935 2582 cujus

2354 2596 2664 2668 quantitatis
2696 2598 2926 2671 partium
2959 2588 3254 2654 communis
3285 2592 3546 2655 terminus
3578 2594 3865 2667 invenitur,
3882 2600 3935 2662 nt

2354 2695 2437 2740 est
2467 2686 2624 2750 linea,
2658 2685 2988 2758 superﬁcies,
3010 2678 3223 2767 corpus.
3255 2684 3317 2769 et}
3339 2680 3532 2759 praeter
3562 2673 3674 2745 hac
3702 2699 3934 2767 tempus,

2355 2786 2408 2831 et
2434 2774 2605 2845 locus,
2633 2778 2774 2847 quod
2799 2778 2916 2849 ipse
2942 2772 3260 2835 Aristoteles
3289 2774 3535 2851 designat
3564 2778 3646 2836 his
3671 2778 3850 2839 verbis
3881 2802 3894 2837 :

2426 2867 2585 2922 Linea
2612 2884 2729 2923 vero
2755 2864 2999 2923 continua
3020 2860 3111 2934 est,
3141 2863 3213 2922 est
3242 2866 3377 2922 enim
3405 2866 3600 2925 sumere
3625 2872 3933 2927 communem

2351 2961 2621 3014 terminum
2648 2960 2717 3015 ad
2736 2976 2887 3031 quem
2907 2954 3171 3039 particula?
3191 2960 3300 3034 ejus
3320 2952 3642 3032 copnlmttur,
3671 2960 3931 3035 punctum,

2353 3048 2401 3105 rt
2451 3049 2775 3122 superﬁciei,
2833 3048 3038 3115 lineam,
3092 3049 3233 3122 plani
3283 3048 3498 3120 namque
3544 3049 3615 3105 ad
3665 3054 3932 3119 quemdam

2351 3142 2666 3198 cominunem
2697 3138 2969 3196 terminum
3002 3138 3266 3209 particulis
3304 3136 3623 3212 copulantur.
3683 3141 3928 3200 Similiter

2350 3232 2519 3291 autem
2550 3246 2600 3290 et
2635 3234 2689 3289 in'
2720 3250 2931 3305 corpore
2958 3232 3147 3304 adieris
3174 3232 3371 3289 sumere
3401 3232 3716 3290 communem
3757 3236 3933 3292 termi-

661 3332 882 3390 nomine
909 3338 1118 3386 constet
1146 3322 1198 3382 ei
1238 3322 1426 3392 verbo,
1466 3322 1561 3379 sed
1596 3322 1711 3377 ilch
1739 3319 1953 3393 syllabis
1981 3312 2245 3376 constant.
2274 3330 2325 3394 ο
2354 3344 2496 3395 nam,
2529 3327 2717 3381 lineam
2745 3328 2823 3381 uel
2850 3324 3190 3396 superﬁciem,
3221 3320 3290 3379 ad
3317 3330 3462 3397 quem
3487 3329 3793 3397 copulantur
3818 3336 3932 3383 ρον.

660 3422 852 3480 Omnis
887 3430 1068 3478 autem
1098 3417 1301 3490 syllaba
1334 3414 1423 3472 vel
1452 3414 1609 3485 longa
1645 3414 1731 3470 vel
1760 3413 1939 3469 brevis
1967 3422 2068 3468 est.
2102 3412 2247 3467 Lon-

662 3530 789 3588 gum
830 3526 960 3569 vero
997 3509 1083 3567 vel
1122 3507 1287 3564 breve
1329 3508 1447 3562 sine
1488 3504 1592 3560 ulla
1625 3502 1957 3559 dubitatione
1984 3498 2249 3574 quantitas

572 3622 575 3623 '
663 3616 769 3673 est,
800 3601 1047 3675 quocirca
1076 3594 1220 3671 quod
1241 3613 1308 3654 ex
1338 3594 1721 3667 quantitatibus
1748 3604 1979 3661 constat,
2004 3592 2053 3649 id
2080 3592 2249 3664 quan-

665 3698 876 3755 titatem
903 3708 1026 3751 esse
1050 3692 1173 3764 quis
1199 3688 1445 3746 dubitet?
1466 3690 1534 3743 At
1553 3703 1683 3745 vero
1697 3687 1867 3743 oratio
1897 3687 2009 3757 ipsa
2036 3701 2157 3767 cum
2180 3684 2251 3741 sit

664 3789 955 3862 quantitas,
989 3785 1080 3840 illa
1118 3797 1329 3854 quoque
1368 3780 1598 3837 discreta
1638 3791 1743 3837 est.
1787 3777 1923 3836 Cum
1960 3781 2102 3855 enim
2127 3776 2250 3834 dico

665 3866 1036 3949 Cicero,quod
1057 3873 1316 3932 orationis
1342 3883 1424 3929 est
1453 3888 1600 3943 pars,
1627 3881 1807 3942 partes
1836 3870 1995 3942 hujus
2019 3867 2247 3927 nominis

664 3975 718 4029 ci
744 3982 799 4029 et
823 3989 877 4028 ce
900 3979 955 4027 et
992 3986 1049 4025 ro
1080 3968 1228 4024 nullo
1263 3965 1533 4022 communi
1563 3965 1791 4021 termino
1830 3964 2249 4035 conjunguntur.

667 4069 785 4127 Non
807 4066 951 4123 enim
976 4062 1306 4135 reperiemus
1328 4076 1435 4133 quo
1455 4059 1724 4118 communi
1748 4059 1975 4115 termino
1997 4056 2251 4130 jungatur

671 4162 720 4217 ei
745 4157 948 4231 syllaba
974 4154 1041 4211 ad
1064 4170 1122 4210 ce
1144 4154 1407 4226 syllabam
1424 4194 1441 4221 ,
1474 4152 1557 4207 vel
1587 4148 1772 4207 rursus
1796 4166 1852 4206 ce
1877 4149 2078 4222 syllaba
2101 4149 2169 4205 ad
2190 4166 2249 4204 ro

668 4253 951 4325 syllabam.
1001 4245 1261 4313 Quocirca
1309 4246 1469 4311 etiam
1508 4244 1682 4299 oratio
1726 4244 1995 4315 quantitas
2041 4244 2251 4300 videtur

671 4361 795 4405 esse
820 4345 1073 4400 discreta.
1105 4338 1213 4396 Sed
1240 4339 1285 4394 si
1315 4338 1435 4409 quis
1464 4335 1693 4393 fortasse
1719 4337 1863 4392 dicat
1884 4336 2025 4392 hunc
2063 4338 2248 4391 eorum

666 4455 791 4499 esse
815 4448 1152 4495 communem
1175 4431 1482 4495 terminum,
1513 4444 1618 4499 quo
1645 4428 1717 4483 ita
1736 4428 2051 4499 junguntur,
2074 4436 2132 4483 ut
2155 4422 2251 4484 all-

668 4531 800 4605 quid
825 4527 1144 4600 significent,
1182 4533 1239 4580 ut
1266 4524 1317 4577 in
1349 4522 1449 4577 hoc
1478 4520 1595 4592 ipso
1629 4520 1845 4577 nomine
1884 4518 2074 4576 Cicero
2101 4522 2249 4605 coni-

664 4623 851 4684 munis
887 4618 1213 4692 syllabarum
1246 4614 1507 4672 terminus
1545 4614 1661 4685 ipsa
1701 4610 2018 4685 significatio
2055 4608 2143 4669 sit.
2190 4613 2249 4672 Si

2353 3418 2490 3486 paris
2535 3414 2817 3487 particulas.
3870 3464 3877 3471 .

2419 3506 2707 3578 Postquam
2730 3506 2798 3562 de
2821 3506 3071 3563 discretis
3096 3507 3373 3577 explicuit,
3399 3508 3608 3565 transiit
3632 3510 3699 3565 ad
3720 3512 3933 3580 species

2351 3596 2617 3653 continua:
2662 3597 2992 3667 quantitatis.
3043 3597 3324 3653 Coruinum
3383 3608 3560 3655 autem
3616 3603 3935 3672 quantitates

2350 3694 2475 3744 sunt
2526 3687 2628 3758 (ut
2659 3686 2861 3743 dictum
2911 3686 3017 3759 est)
3069 3687 3122 3743 in
3163 3702 3386 3759 quarum
3435 3691 3671 3761 partibus
3719 3693 3932 3762 quidam

2350 3777 2649 3835 communis
2677 3785 2759 3833 est
2786 3777 3069 3847 terminus,
3101 3786 3159 3834 ut
3188 3779 3348 3835 linea.
3400 3780 3455 3835 Si
3484 3783 3605 3850 quis
3629 3782 3771 3839 enim
3796 3784 3934 3840 divi-

2352 3874 2439 3928 dat
2474 3872 2702 3937 lineam,
2730 3886 2850 3941 qua:
2878 3878 2962 3925 est
3004 3870 3281 3941 longitudo
3314 3873 3431 3929 sine
3470 3874 3773 3942 latitudine,
3801 3869 3935 3934 dua's

2354 3967 2410 4021 in
2450 3970 2672 4036 utraQue
2710 3962 2978 4019 divisione
3019 3963 3191 4019 lineas
3235 3964 3393 4030 facit;
3446 3975 3502 4020 et
3546 3968 3824 4039 utriusque
3860 3983 3931 4025 ex

2351 4057 2617 4113 divisione
2670 4054 2823 4111 linea:
2876 4055 3085 4126 singula
3145 4055 3202 4111 in
3254 4058 3683 4116 extremitatibus
3738 4068 3934 4129 puncta

2352 4151 2668 4207 redduntur.
2695 4149 2874 4205 Linea:
2895 4150 3036 4204 enim
3057 4150 3267 4204 termini
3290 4160 3482 4221 puncta
3506 4162 3649 4207 sunt.
3672 4152 3935 4219 Quocirca

2354 4242 2473 4297 'cum
2500 4241 2588 4296 illa
2614 4240 2753 4295 linea
2780 4238 2955 4295 divisa
2981 4244 3087 4294 non
3126 4250 3289 4307 esset,
3320 4252 3545 4312 utraque
3581 4252 3775 4313 puncta
3812 4259 3934 4316 quae

2346 4342 2405 4403 in
2431 4340 2672 4410 utriSque
2701 4338 2957 4394 linearum
2988 4337 3250 4410 capitibus
3280 4350 3397 4409 post
3423 4340 3739 4397 divisionem
3770 4350 3933 4413 appa-

2352 4450 2494 4503 rent,
2540 4422 2699 4494 simul
2741 4436 2897 4493 antea
2934 4435 3101 4493 fuisse
3144 4438 3524 4509 intelliguntur,
3565 4451 3684 4512 quae
3710 4444 3834 4498 sunt
3878 4442 3932 4499 in

2354 4530 2615 4587 divisione
2656 4539 2924 4602 separata.
2976 4531 3292 4604 lnteiligltur
3331 4549 3459 4606 ergo
3501 4538 3730 4607 partium
3778 4537 3933 4594 linem

2354 4621 2655 4679 communis
2696 4624 2979 4691 terminus,
3012 4626 3295 4697 punctum,
3332 4627 3384 4681 id
3413 4630 3496 4682 est
3520 4628 3784 4698 quoddam
3815 4626 3934 4697 par-

664 4718 819 4776 enim.
838 4731 894 4793 ce
913 4712 1137 4787 syllaba,
1160 4724 1279 4782 qute
1302 4707 1475 4765 media
1499 4715 1601 4775 est,
1623 4706 1792 4777 prima
1816 4716 2064 4777 ponatur,
2092 4715 2147 4762 et
2167 4706 2249 4775 ro,
2274 4710 2331 4774 Ι)
2355 4714 2630 4770 vissimum
2653 4713 2794 4779 quod
2821 4718 2873 4770 in
2900 4720 3077 4786 partes
3104 4716 3272 4772 dividi
3298 4719 3579 4790 secarique
3612 4735 3716 4775 non
3744 4716 3931 4790 possit.

668 4823 791 4880 quae
817 4806 1003 4861 ultima
1031 4812 1133 4870 est,
1167 4801 1365 4866 media,
1391 4810 1445 4854 et
1470 4800 1537 4868 ci,
1565 4814 1684 4870 quae
1707 4799 1873 4868 prima
1902 4805 2004 4861 est,
2040 4795 2249 4861 ultima,

646 4912 865 4960 nomen
889 4893 1033 4966 quod
1058 4902 1173 4947 erat
1192 4901 1369 4955 antea,
1394 4889 1447 4944 id
1470 4898 1549 4944 est
1573 4888 1782 4953 Cicero,
1811 4889 2131 4944 transversis
2156 4886 2249 4958 per

666 4996 787 5058 loca
815 4993 1037 5067 syllabis
1061 4990 1193 5045 nihil
1224 4988 1565 5061 significabit.
1590 4988 1668 5042 llli
1695 4986 1980 5042 dicendum
2000 4997 2091 5075 est
2114 5004 2249 5059 quo-

608 5108 613 5162 ξ
664 5099 816 5159 niam
857 5104 1191 5166 quacunque
1232 5086 1286 5143 in
1316 5084 1546 5157 quadam
1590 5085 1833 5140 oratione
1882 5084 2249 5155 proferuntur,

667 5200 789 5258 give
820 5191 1152 5266 significent,
1198 5187 1313 5244 sive
1352 5182 1491 5241 nihil
1536 5181 1868 5253 significent,
1920 5183 2246 5256 syllabarum

666 5294 973 5354 communia
1015 5289 1275 5346 terminus
1316 5283 1495 5342 nullus
1537 5292 1641 5339 est.
1675 5283 1805 5338 Nam
1845 5283 1891 5338 si
1927 5284 2047 5355 quis
2081 5285 2245 5355 dicat,

668 5387 988 5460 permutatis
1010 5382 1248 5456 syllabis,
1276 5378 1419 5451 quod
1447 5386 1531 5434 cst
1550 5376 1759 5441 Cicero,
1790 5376 1955 5433 σενπὶ
1983 5377 2250 5449 significa-

668 5483 870 5538 tionem
896 5477 1113 5550 quidem
1135 5472 1336 5537 amisit,
1365 5470 1461 5527 sed
1486 5467 1764 5539 aequaliter
1789 5468 2008 5541 syllaba:
2031 5468 2099 5524 ad
2127 5470 2247 5525 nul-

669 5575 781 5629 lum
825 5582 1161 5626 communem
1213 5563 1497 5621 terminum
1535 5560 1954 5632 conjunguntur.
2011 5561 2162 5631 Quod
2207 5561 2253 5618 si

671 5663 793 5732 quis
813 5662 958 5716 hunc
976 5658 1188 5729 quidem
1211 5657 1384 5726 ipsum
1409 5667 1713 5709 sermonem
1735 5651 1931 5725 aliquid
1950 5653 2253 5723 significare

671 5752 932 5823 posuerit,
959 5757 1016 5801 ut
1041 5748 1142 5800 hoc
1162 5746 1333 5815 ipsum
1354 5744 1542 5801 Cicero
1569 5741 1765 5813 aliquid
1789 5743 2072 5813 significat,
2095 5742 2256 5812 signi-

676 5841 854 5896 ficatio
882 5839 1092 5908 quidem
1123 5836 1300 5891 addita
1324 5845 1427 5902 est,
1458 5836 1634 5891 nullus
1685 5843 1861 5891 tamen
1898 5833 2115 5904 syllabis
2144 5842 2254 5889 ter-

679 5939 856 5997 minus
889 5930 1181 6003 appositus.
1217 5928 1394 5995 Quare
1419 5926 1537 5983 sive
1562 5925 1843 5999 significet,
1876 5926 1989 5984 sive
2019 5925 2149 5981 nihil
2179 5925 2254 5981 si-

2355 4802 2676 4877 Superlicies
2703 4802 2944 4877 quoque,
2975 4810 3095 4878 quae
3123 4816 3206 4863 est
3236 4808 3462 4864 latitudo
3488 4810 3605 4866 sine
3630 4808 3931 4880 altitudine,

2355 4902 2693 4958 communem
2741 4898 3025 4957 terminum
3088 4903 3246 4959 habet
3294 4904 3344 4957 in
3388 4903 3663 4974 partibus,
3718 4904 3931 4971 lineam,

2354 5010 2547 5065 corpus
2573 5010 2699 5049 vero
2722 4992 2970 5061 solidum,
2998 4995 3357 5065 superﬁciem.
3386 4994 3584 5051 Eodem
3608 4996 3749 5049 enim
3774 4986 3936 5051 modo

2357 5085 2525 5141 divisa
2578 5084 2887 5155 superﬁcies
2933 5084 3065 5140 duas
3114 5090 3211 5155 per
3262 5086 3498 5156 singulas
3542 5093 3724 5154 partes
3769 5084 3938 5142 lineas

2357 5164 2573 5244 efﬁciet,
2604 5174 3049 5247 quemadmodum
3080 5184 3135 5232 et
3165 5176 3217 5232 in
3246 5174 3389 5232 linea
3418 5174 3586 5231 divisa
3610 5174 3719 5230 duo
3743 5174 3937 5247 puncia

2358 5269 2678 5324 altrinsecus
2722 5264 3105 5323 reddebantur.
3190 5268 3400 5336 Corpus
3445 5272 3659 5339 quoque
3708 5268 3938 5326 solidum

2332 5354 2480 5418 cum
2519 5360 2796 5426 diviseris,
2836 5357 2969 5417 duas
3012 5356 3067 5413 in
3101 5359 3343 5430 utrisque
3383 5359 3666 5417 divisionis
3701 5358 3941 5432 partibus

2362 5451 2675 5521 superficies
2704 5450 2888 5518 facies,
2919 5466 3039 5521 quae
3066 5466 3187 5506 cum
3217 5450 3501 5522 conjuncta
3530 5453 3640 5508 sint
3661 5452 3819 5525 atque
3850 5452 3937 5509 in-

2362 5544 2551 5611 divisa,
2601 5550 2853 5613 punctum
2893 5542 3107 5613 quidem
3155 5540 3381 5613 partium
3428 5542 3581 5601 linem
3627 5544 3941 5615 intelligitur

2362 5634 2662 5695 communis
2692 5635 2971 5691 terminus.
3003 5633 3171 5692 Linea
3200 5638 3329 5691 vero
3363 5634 3686 5708 super-nent.
3716 5634 3941 5706 stipefli-
4000 5696 4005 5701 ,

2361 5734 2471 5788 cies
2499 5730 2676 5786 autem
2715 5724 2871 5783 solidi
2901 5729 3160 5799 corporis.
3202 5716 3296 5784 Est
3323 5728 3498 5785 autem
3528 5726 3739 5796 signum
3769 5726 3943 5782 conti-

2360 5825 2450 5880 nui
2484 5818 2758 5895 corporii,
2802 5821 2847 5877 si
2888 5836 2991 5876 una
3036 5838 3157 5893 pars
3200 5822 3355 5879 muta
3384 5808 3485 5887 Sit,
3533 5822 3699 5876 totum
3743 5820 3943 5891 corpus

2360 5915 2593 5986 moveri;
2617 5923 2669 5975 et
2693 5917 2738 5974 si
2764 5922 2930 5974 totum
2956 5933 3152 5992 corpus
3176 5912 3441 5985 tiibveiiii‘,
3464 5914 3611 5974 certe
3634 5911 3795 5972 simul
3819 5911 3945 5976 alia
