4280 6268
322 451 428 511 205

1333 442 1397 504 ιΝ
1432 437 1863 502 CATEGORIAS
1890 440 2337 503 ARISTOTELIS
2369 446 2501 504 LIB.
2542 444 2608 503 ll.

3482 446 3588 506 206

324 562 509 640 partes
534 566 726 625 vicina
752 566 1121 635 movebuntur,
1145 574 1207 621 ut
1230 564 1275 621 si
1293 564 1471 635 jaceat
1495 562 1697 635 virgula
1721 559 1805 616 vel
1832 573 1898 615 es
1925 559 1983 621 Δ
2005 557 2073 613 de
2118 560 2387 617 continuis
2441 544 3033 639 loquebatur,vtempus
3074 580 3289 639 quoque
3326 575 3383 624 et
3410 566 3589 625 locum

327 673 457 726 Ire,
485 659 568 715 vel
590 675 654 715 es
677 660 839 729 ligno,
863 658 945 716 vel
968 673 1035 714 ex
1056 655 1294 727 quolibet
1315 655 1423 711 alio
1444 654 1682 720 metallo,
1710 652 1755 707 si
1777 652 1902 722 quis

328 763 493 804 unum
523 749 638 819 ejus
663 760 820 821 caput
848 750 931 804 vel
960 749 1255 820 quamlibet
1283 748 1401 817 ejus
1433 753 1637 815 partem
1664 753 1899 814 moveat,

329 849 440 895 tota
470 856 593 895 mox
632 841 835 911 virgula
876 849 1265 917 commovetur.
1315 826 1427 893 Hoc
1469 845 1649 893 autem
1701 836 1904 891 idcirco

330 932 507 989 evenit
548 935 688 1004 quod
730 935 848 1006 ejus
887 944 1064 1004 partes
1095 920 1326 1006 quodam
1365 931 1635 988 communi
1675 930 1906 987 termino

328 1022 740 1095 conjunguntur,
787 1035 843 1081 et
875 1026 969 1082 ille
998 1027 1299 1083 communis
1328 1024 1588 1080 tertninus
1620 1038 1721 1076 una
1756 1028 1906 1090 parte

327 1124 470 1171 mota
499 1126 722 1174 caeteras
759 1128 958 1175 movet.
989 1119 1100 1175 Hoc
1128 1134 1257 1175 vero
1295 1119 1347 1173 in
1377 1116 1625 1172 discretis
1652 1129 1759 1169 non
1799 1123 1903 1167 est.

327 1207 384 1265 lu
422 1212 644 1268 numero
683 1224 913 1283 namque
950 1228 1072 1267 cum
1111 1214 1222 1269 sint
1255 1211 1465 1278 decem,
1503 1210 1549 1264 si
1589 1222 1753 1264 unum
1792 1220 1908 1261 mo-

326 1314 487 1371 vero;
518 1305 706 1362 caeteri
739 1320 848 1361 non
871 1315 1176 1372 moventur,
1202 1304 1402 1359 immoti
1431 1302 1573 1358 enim
1599 1309 1909 1370 permanent

326 1400 547 1462 novem;
567 1398 687 1451 etsi
717 1398 909 1468 plenus
933 1398 1113 1453 tritico
1140 1397 1212 1453 sit
1235 1395 1466 1462 modius,
1487 1396 1531 1450 si
1561 1408 1722 1449 unum
1750 1380 1908 1446 tritici

282 1522 289 1527 ο
323 1502 558 1557 granum
586 1503 830 1557 movero,
859 1505 971 1545 non
996 1491 1176 1545 omnia
1199 1489 1456 1544 continuo
1485 1501 1647 1563 grana
1673 1497 1911 1539 commo-

324 1578 621 1643 vehuntur,
663 1577 862 1634 idcirco
897 1578 1041 1649 quod
1081 1578 1310 1633 discreta
1351 1584 1431 1651 est
1469 1573 1769 1635 multitudo.
1810 1586 1908 1626 nec

284 1712 285 1717 η
319 1683 556 1737 granum
586 1685 757 1739 grano
785 1669 895 1725 ullo
923 1668 1191 1724 communi
1232 1668 1461 1723 termino
1490 1667 1702 1743 videtur
1732 1656 1907 1733 impli-

321 1760 513 1815 citum.
544 1759 615 1815 Δι
640 1776 767 1816 vero
795 1763 838 1815 si
871 1760 1037 1830 ipsius
1063 1760 1212 1831 grani
1243 1774 1367 1830 pars
1396 1774 1496 1839 una
1527 1757 1607 1839 sit.
1628 1766 1790 1823 mota,
1825 1766 1909 1810 to-

326 1858 441 1904 tum
468 1864 661 1919 corpus
688 1849 838 1920 grani
869 1859 1148 1906 moveatur
1173 1864 1393 1905 necesse
1418 1836 1520 1905 est.
1571 1836 1687 1903 Non
1729 1859 1907 1903 autem

2007 650 2273 706 continuis
2301 650 2507 725 addidit
2530 646 2715 709 dicens
2744 652 2915 710 :Suht
2944 664 3122 713 autem
3153 660 3340 717 talium
3369 671 3426 718 et
3452 671 3589 719 tem-

2006 734 2103 811 pus
2133 750 2187 796 et
2217 741 2386 807 locus,
2416 742 2468 799 id
2506 755 2589 801 est
2623 746 3024 815 cominuorum,
3054 750 3146 806 sed
3172 762 3295 821 post
3321 756 3589 813 continuat

2006 829 2358 913 discretteque
2378 837 2687 907 quantitatis
2706 832 3031 897 divisionem
3058 841 3217 898 aliam
3270 862 3298 898 a
3323 846 3589 919 principio

2008 938 2197 978 rursus
2221 926 2445 982 orditur.

2083 1014 2315 1087 Amplius
2356 1012 2529 1071 autem
2562 1019 2682 1075 alite
2718 1022 2922 1091 quidem
2956 1034 3190 1080 constant
3227 1043 3290 1081 ea:
3328 1030 3590 1100 particulis

2008 1122 2121 1175 quia
2154 1109 2207 1161 in
2242 1111 2313 1163 eis
2347 1104 2487 1178 sunt,
2516 1102 2817 1184 positionem
2852 1118 2923 1191 ad
2952 1134 3003 1171 se
3033 1118 3242 1174 invicem
3270 1118 3586 1191 habentibus,

2008 1197 2128 1252 alia
2169 1196 2336 1254 autem
2384 1219 2446 1254 ea:
2493 1220 2595 1259 non
2634 1186 2935 1261 habentibus
2973 1212 3297 1279 positionem,
3346 1204 3411 1268 ut
3444 1214 3593 1270 linear

2009 1290 2214 1359 quidem
2256 1292 2523 1361 particulae
2570 1297 2874 1364 positionem
2918 1298 3104 1353 habent
3144 1301 3213 1356 ad
3254 1320 3308 1356 se
3350 1303 3589 1359 invicem.

1997 1377 2288 1451 'Singulum
2317 1383 2451 1436 enim
2485 1401 2662 1439 eorum
2690 1388 2846 1442 situm
2872 1400 2944 1443 est
2970 1392 3175 1457 alicubi,
3206 1402 3255 1447 et
3278 1395 3428 1449 habes
3458 1399 3593 1453 unde

2010 1488 2183 1527 sumas
2212 1485 2260 1529 et
2283 1479 2507 1548 designes
2538 1483 2932 1553 unumquodque
2953 1484 3035 1538 ubi
3062 1487 3213 1539 situm
3237 1500 3309 1543 est
3336 1490 3390 1543 in
3414 1492 3589 1561 plano,

2010 1575 2059 1618 et
2086 1576 2151 1619 ad
2180 1582 2332 1635 quam
2356 1568 2657 1638 particulam
2685 1571 2997 1644 reliquarum
3025 1579 3333 1639 copulatur:
3359 1581 3594 1635 similiter

2010 1668 2179 1711 autem
2208 1670 2253 1713 et
2291 1661 2558 1728 particulis
2584 1662 2727 1734 plani
2752 1663 2937 1718 habent
2966 1670 3237 1737 quamdam
3268 1674 3589 1741 positionem,

2010 1746 2241 1801 similiter
2267 1766 2481 1821 namque
2513 1757 2905 1825 unumquodque
2933 1758 3220 1812 ostenditur
3244 1762 3330 1815 ubi
3355 1766 3513 1832 jacet,
3540 1778 3589 1821 et

2011 1855 2124 1906 qua:
2153 1842 2221 1893 ad
2244 1858 2299 1895 se
2324 1844 2536 1897 invicem
2572 1847 2895 1916 copulentur,
2922 1848 3075 1903 solidi
3102 1866 3299 1922 quoque
3327 1864 3373 1907 et
3402 1854 3501 1909 loci
3524 1857 3594 1911 si-

325 1955 473 1997 nunc
497 1941 597 1997 hoc
612 1930 837 2009 dicitur,
871 1943 1014 2011 quod
1046 1943 1184 1997 linea
1213 1952 1421 1998 constet
1451 1958 1517 1997 ex
1552 1942 1782 2012 punctis,
1815 1952 1908 1997 aut
1936 1933 1987 1996 Β
2013 1930 2222 1985 "limer-

324 2033 642 2102 superllcies
669 2048 732 2090 es
766 2034 940 2099 lineis,
971 2044 1062 2089 aut
1097 2034 1326 2090 solidum
1362 2049 1556 2105 corpus
1585 2049 1649 2089 ex
1681 2034 1909 2102 superli-

326 2124 539 2189 ciebus,
578 2106 670 2180 sed
711 2125 849 2195 quod
889 2134 944 2181 et
980 2125 1132 2181 linem
1177 2125 1389 2181 termini
1434 2134 1645 2201 puncta,
1671 2133 1817 2189 sum,
1860 2132 1913 2179 et

324 2216 639 2285 συμποθοίθί
661 2215 835 2282 lineas,
858 2226 913 2272 et
938 2216 1096 2272 solidi
1119 2214 1359 2287 corporis
1384 2215 1716 2284 superﬁcies,
1741 2214 1912 2269 nulla-

324 2322 436 2378 que
459 2322 547 2363 res
573 2309 686 2364 suis
719 2309 960 2366 terminis
991 2318 1219 2365 constat.
1274 2309 1533 2374 Quocirca
1562 2317 1813 2377 punctum
1843 2307 1913 2361 li-

329 2415 446 2456 neas
474 2416 582 2457 non
608 2403 711 2457 erit
736 2416 880 2471 pars,
911 2401 1004 2456 sed
1031 2400 1331 2458 communis
1373 2401 1633 2457 terminus
1660 2399 1909 2468 partium.

329 2491 648 2561 Superliciei
687 2493 847 2559 linea,
890 2502 944 2548 et
981 2492 1294 2563 superﬁcies
1332 2493 1487 2548 solidi
1526 2492 1768 2561 corporis
1806 2506 1912 2545 non

329 2592 490 2651 erunt
519 2582 719 2666 partes,
746 2585 1097 2655 sed'partium
1138 2584 1349 2640 termini
1387 2597 1718 2640 communes.
1767 2580 1913 2637 Con-

333 2683 439 2731 stat
468 2676 648 2746 igitur,
676 2688 730 2732 et
762 2678 956 2733 lineam
986 2688 1040 2733 et
1066 2677 1420 2746 superliciem,
1455 2684 1511 2731 et
1534 2674 1690 2731 solidi
1720 2690 1913 2743 corpo-

332 2768 411 2823 ris
449 2768 857 2824 crassitudinem
900 2782 1020 2826 esse
1057 2768 1363 2825 continuam
1393 2764 1763 2838 quantitatem.
1824 2760 1917 2822 liis

333 2858 438 2914 alia
468 2873 655 2914 rursus
691 2859 929 2930 apponit.

408 2929 615 3006 Tatium
648 2929 916 3007 estiautem
948 2961 999 3008 et
1035 2963 1229 3025 tempus
1266 2961 1312 3006 et
1343 2953 1504 3019 locus,
1536 2946 1755 3025 presens
1784 2944 1916 3004 enim

338 3053 539 3115 tempus
564 3056 610 3100 et
632 3046 941 3113 prateritum
964 3054 1013 3099 et
1040 3046 1275 3115 futurum
1300 3046 1523 3115 capulat.
1552 3032 1751 3098 Rursus
1777 3037 1917 3096 locus

337 3136 699 3190 continuorum
728 3147 820 3201 est,
850 3137 1017 3191 locum
1046 3137 1179 3190 enim
1206 3132 1475 3206 quemdam
1505 3128 1730 3204 corporis
1759 3133 1919 3202 parti-

337 3226 478 3281 cular
506 3227 743 3293 obtinent,
770 3244 884 3296 qua
910 3227 978 3280 ad
1007 3228 1275 3297 quemdam
1306 3241 1620 3280 communem
1649 3224 1919 3279 terminum

2088 2020 2287 2076 Rursus
2327 2024 2519 2093 digerit
2548 2026 2858 2096 quantitatis
2898 2031 3245 2090 dili'erentias.
3286 2036 3422 2093 Sunt
3449 2037 3593 2094 enim

2015 2115 2326 2181 quantitatis
2363 2116 2483 2171 alia:
2521 2119 2738 2186 quidem
2771 2137 2888 2189 qua:
2929 2139 2994 2177 ex
3028 2125 3344 2180 habentibus
3376 2129 3594 2196 positio-

2016 2219 2138 2260 nem
2167 2207 2232 2260 ad
2259 2222 2318 2263 se
2352 2208 2578 2264 invicem
2615 2214 2726 2266 suis
2753 2215 2992 2282 partibus
3027 2228 3293 2285 constant,
3325 2222 3444 2276 alia:
3470 2238 3595 2278 vero

2015 2310 2134 2363 quae
2166 2299 2362 2352 nullam
2395 2300 2622 2368 partium
2654 2302 2851 2359 habent
2882 2308 3218 2375 positionem.
3268 2311 3592 2368 PositiOuem

2019 2398 2145 2441 vero
2179 2390 2406 2457 partium
2452 2392 2683 2449 retinere
2716 2393 2987 2466 dicuntur,
3015 2413 3237 2468 quarum
3270 2403 3461 2468 triplex
3500 2406 3597 2459 ista

2017 2488 2203 2533 natura
2226 2491 2328 2547 est,
2352 2482 2581 2551 primum
2610 2496 2665 2539 ut
2687 2486 2806 2555 ejus
2830 2498 3006 2558 partes
3034 2491 3231 2547 alicubi
3255 2493 3384 2560 sint,
3406 2495 3599 2551 deinde

2018 2586 2087 2627 ne
2112 2585 2349 2640 pereant,
2375 2576 2529 2632 tertio
2552 2594 2679 2634 vero
2700 2589 2759 2636 ut
2780 2596 2901 2638 sese
2927 2593 3111 2653 partes
3127 2587 3253 2656 ipsa:
3272 2588 3600 2659 conjungant

2018 2672 2072 2718 et
2111 2666 2324 2735 propria
2367 2683 2426 2724 se
2467 2670 2805 2727 ordinatione
2839 2677 3176 2742 continuent,
3222 2688 3279 2731 ut
3319 2690 3397 2734 est
3437 2680 3592 2736 linea.

2019 2752 2197 2817 Posita
2237 2759 2380 2812 enim
2413 2758 2551 2815 linea
2583 2760 2635 2815 in
2664 2763 2954 2832 superﬁcie
2981 2768 3157 2834 possis
3190 2781 3483 2836 agnoscere
3511 2764 3599 2826 ubi

2020 2858 2196 2916 partes
2217 2851 2385 2919 ipsius
2408 2854 2537 2917 sint,
2564 2864 2720 2923 caput
2749 2856 2964 2924 quidem
2996 2857 3148 2913 linem
3173 2872 3296 2915 esse
3321 2859 3387 2915 ad
3416 2862 3602 2917 deite-

2020 2957 2155 3006 ratn,
2184 2943 2415 2998 medium
2452 2945 2631 3001 medio
2668 2946 2810 3015 loco,
2841 2951 3231 3005 extremitatem
3260 2967 3387 3006 vero
3421 2954 3488 3009 ad
3530 2955 3604 3010 si-

2020 3034 2264 3103 nistram,
2293 3048 2345 3091 ct
2376 3037 2490 3093 haec
2518 3040 2857 3096 manentibus
2901 3043 3029 3111 ipsis
3067 3044 3303 3112 partibus
3330 3045 3602 3114 dicuntur,

2023 3122 2201 3193 partes
2242 3120 2384 3181 enim
2429 3127 2582 3209 lineae
2622 3124 2726 3185 non
2767 3141 3021 3200 pereunt,
3052 3134 3144 3188 sed
3187 3140 3234 3189 in
3268 3136 3385 3191 loco
3416 3130 3470 3192 in
3496 3154 3605 3209 quo

2021 3216 2143 3271 sont
2176 3216 2509 3287 permanent.
2539 3208 2719 3278 Possis
2744 3239 2956 3294 quoque
2987 3222 3285 3283 monsuare
3335 3246 3453 3299 quae
3484 3208 3605 3301 pars

337 3317 672 3401 copulantur,
715 3294 871 3392 igitur
900 3329 944 3373 et
985 3294 1085 3373 loci
1118 3319 1383 3389 particula:
1419 3318 1535 3390 qua:
1563 3308 1780 3371 obtinent
1822 3314 1926 3371 sin-
1953 3294 1999 3369 (ἶ
2030 3308 2185 3365 linea:
2215 3313 2299 3401 cui
2333 3314 2467 3382 parti
2498 3308 2898 3383 continuentur,
2926 3316 2976 3372 id
3006 3326 3087 3373 est
3114 3318 3180 3374 ad
3212 3294 3370 3390 quam
3403 3294 3607 3392 partem

338 3401 743 3483 gulas'corporis
781 3422 983 3484 partes,
1010 3413 1079 3466 ad
1108 3413 1340 3466 eumdem
1370 3412 1641 3467 terminum
1671 3402 1920 3481 copuldit-

336 3510 447 3569 tur,
475 3504 541 3555 ad
560 3520 706 3573 quem
733 3504 959 3574 corporis
984 3505 1268 3575 particula.
1302 3503 1625 3575 Quapropter
1649 3502 1923 3557 continuus

336 3594 434 3646 erit
469 3594 627 3648 locus.
670 3593 751 3647 Ad
782 3610 937 3648 unum
962 3592 1094 3648 enim
1123 3595 1397 3648 terminum
1425 3590 1741 3648 communem
1770 3594 1926 3661 capu-

335 3683 515 3740 lantur
552 3690 666 3759 ejus
694 3687 978 3755 particulaa.
1786 3756 1791 3761 ι

414 3777 653 3849 Tempus
701 3795 906 3847 quoque
956 3788 1010 3832 et
1065 3778 1238 3833 locum
1296 3777 1561 3833 continuas
1613 3764 1927 3846 quantitatis

334 3886 475 3927 esse
513 3871 842 3940 pronuntiat.
882 3871 1113 3942 Tempus
1152 3887 1383 3942 namque
1420 3885 1539 3926 esse
1577 3858 1927 3939 quantitatem

335 3976 441 4019 res
473 3961 560 4015 illa
589 3962 933 4029 demonstrat,
965 3964 1103 4034 quod
1143 3965 1195 4018 in
1226 3965 1421 4035 spatio,
1454 3962 1506 4018 id
1539 3973 1621 4018 est
1657 3960 1708 4017 in
1752 3959 1927 4030 longi-

333 4052 535 4109 tudine
562 4061 616 4109 et
642 4052 696 4107 in
723 4053 993 4125 brevitate,
1026 4054 1412 4111 consideratur.
1443 4053 1764 4109 Continuum
1802 4065 1931 4107 vero

332 4160 465 4203 esse
506 4159 593 4201 res
632 4145 719 4200 illa
761 4146 1120 4215 demonstrat,
1168 4148 1309 4218 quod
1340 4159 1515 4218 partes
1543 4145 1799 4215 temporis
1838 4132 1933 4199 iia-

333 4240 512 4298 bcant
534 4242 770 4312 aliquem
800 4258 1139 4299 communem
1172 4243 1453 4298 terminum
1484 4257 1547 4298 ac
1582 4240 1836 4305 medium,
1864 4238 1930 4294 ad

331 4353 506 4408 quem
546 4337 938 4408 conjungantur
974 4346 1239 4393 extrema.
1283 4335 1411 4390 Nam
1451 4350 1570 4390 cum
1612 4335 1718 4389 sint
1756 4344 1935 4402 partes

334 4427 606 4498 temporis
642 4428 967 4497 praeteritum
1019 4438 1074 4483 et
1126 4427 1393 4495 futurum,
1447 4424 1637 4481 horum
1690 4420 1933 4495 prmsens

335 4529 563 4589 tempus
609 4520 906 4576 communis
934 4529 1019 4575 est
1048 4520 1327 4584 terminus,
1361 4518 1516 4589 hujus
1547 4514 1775 4587 namque
1808 4515 1934 4571 finis

330 4618 449 4675 est,
489 4610 633 4665 illius
670 4610 903 4666 initium.
946 4609 1121 4666 Locus
1157 4624 1368 4679 quoque
1408 4602 1787 4662 continuorum
1829 4613 1931 4661 est.

2024 3406 2182 3473 caput
2220 3394 2438 3461 alterius
2478 3400 2646 3478 partis
2685 3402 3100 3479 e‘stremllaSque
3130 3404 3498 3483 ‘conjungitur,
3553 3423 3609 3468 ut

2024 3494 2166 3551 dicas
2198 3497 2311 3551 haec
2335 3512 2477 3567 pars,
2507 3493 2654 3554 verlii
2684 3494 2851 3569 giatia
2882 3501 3162 3569 medietas,
3188 3502 3343 3558 linea:
3368 3496 3457 3560 hic
3485 3506 3607 3561 lini-

2026 3580 2134 3654 tur,
2176 3586 2352 3646 locum
2393 3592 2481 3644 ιιιιί
2515 3584 2723 3648 desinat
2762 3588 3089 3662 monstrans,
3122 3595 3225 3651 alia
3269 3612 3452 3654 rursus
3489 3614 3613 3668 pars

2026 3678 2179 3735 linem
2207 3679 2366 3734 totius
2392 3678 2476 3735 hic
2500 3681 2702 3749 incipit.
2730 3684 2868 3753 Ergo
2891 3684 3031 3738 linea
3055 3685 3224 3753 posita
3243 3685 3301 3740 in
3327 3690 3613 3756 superficie

2026 3760 2265 3842 qualibet
2301 3768 2354 3827 et
2395 3774 2568 3828 locum
2606 3774 2833 3845 aliquem
2875 3772 3053 3844 paries
3098 3776 3214 3846 ejus
3262 3780 3517 3847 retinent,
3558 3790 3615 3838 et

2029 3879 2207 3940 partes
2232 3868 2359 3941 ipsa:
2387 3887 2490 3926 non
2520 3882 2765 3941 pereunt,
2788 3866 2844 3927 δι
2872 3882 3049 3939 ιιοέεθι
3075 3870 3300 3942 quilibet
3323 3890 3615 3943 agnoscere

2032 3963 2121 4019 ubi
2174 3965 2484 4019 extremitas
2526 3964 2755 4032 partium
2797 3965 3181 4035 cenjnngatur,
3219 3975 3271 4019 et
3309 3980 3413 4033 quo
3450 3968 3514 4019 ad
3555 3982 3616 4022 se

2031 4056 2259 4113 invicem
2297 4054 2844 4129 loeo‘continuentur.
2884 4054 2998 4110 Hoc
3027 4070 3240 4126 quoque
3269 4056 3408 4111 idem
3441 4054 3492 4111 in
3524 4069 3615 4111 au-

2034 4144 2253 4221 perlicie
2280 4148 2474 4214 evenit,
2500 4158 2678 4218 partes
2702 4148 2845 4204 enim
2866 4143 3172 4220 superliciei
3206 4147 3258 4206 in
3289 4150 3464 4222 aliquo
3494 4152 3613 4208 loco

2035 4242 2178 4311 sunt,
2210 4252 2263 4297 et
2294 4241 2420 4311 ipsae
2448 4256 2658 4313 quoque
2704 4255 2811 4297 non
2842 4254 3084 4313 pereunt,
3118 4248 3169 4298 et
3201 4243 3289 4299 tibi
3330 4244 3448 4314 pars
3478 4246 3614 4315 parti

2036 4332 2388 4406 eonjungatur
2412 4335 2733 4401 ostenditur,
2758 4333 2893 4390 idem
2924 4340 3135 4406 quoque
3164 4336 3405 4392 soliditas
3434 4332 3614 4404 habet,

2038 4436 2093 4484 ct
2134 4429 2235 4482 loci
2279 4443 2490 4498 quoque
2530 4435 2709 4498 partes
2752 4427 3129 4482 continuantur
3166 4408 3255 4483 ad‘
3281 4444 3371 4483 eas
3409 4430 3615 4489 scilicet

2041 4520 2215 4590 partes
2263 4518 2328 4571 ad
2355 4534 2485 4587 quas
2509 4517 2748 4586 corporis
2776 4525 2949 4586 partes
2979 4518 3194 4573 sibimet
3215 4519 3620 4589 continuantur,

2043 4609 2179 4664 sicut
2244 4609 2353 4678 jam
2414 4620 2572 4677 supra
2624 4607 2820 4661 'dicttim
2876 4614 2979 4663 est.
3065 4607 3323 4676 Quocirca
3378 4611 3620 4681 ejusdem

328 4698 549 4756 Locum
568 4698 935 4757 verodicimus
957 4674 1308 4772 quodcunque
1336 4698 1459 4754 illud
1482 4700 1549 4754 sit
1580 4696 1719 4768 quod
1756 4674 2260 4769 partesnnaturze
2315 4700 2418 4756 erit
2472 4674 2525 4756 et
2575 4699 2752 4768 locus,
2808 4699 2963 4771 cujus
3020 4674 3126 4755 tota
3194 4674 3436 4760 soliditas
3497 4708 3624 4764 erit.

328 4794 595 4866 corporis
630 4803 804 4861 tenet,
842 4794 953 4850 sive
989 4808 1170 4865 supra,
1212 4794 1322 4849 sive
1350 4808 1380 4847 a
1408 4790 1594 4859 latere,
1624 4806 1719 4847 seu
1751 4791 1933 4846 subter

328 4882 425 4939 sit.
476 4882 637 4953 Quod
677 4883 722 4939 si
750 4894 953 4941 cuncta:
984 4895 1161 4956 partes
1197 4883 1658 4957 corporis_locutn
1702 4882 1931 4953 aliquem

331 4964 559 5044 tenent,
591 4985 649 5033 et
675 4976 765 5047 qui
794 4982 934 5033 circa
963 4992 1157 5048 corpus
1182 4988 1264 5032 est
1296 4977 1466 5043 locus,
1500 4992 1595 5046 per
1624 4991 1785 5031 omne
1813 4989 1933 5029 cor-

326 5068 490 5138 poris
521 5068 761 5140 spatium
805 5064 1089 5137 partesque
1117 5066 1448 5135 diii‘unditur,
1479 5082 1665 5122 omnes
1691 5065 1935 5136 corporis

324 5160 528 5234 partes
558 5175 589 5213 a
621 5156 725 5214 loci
752 5157 989 5229 partibus
1018 5157 1439 5228 occupabuntur.
1473 5157 1624 5225 Queri
1652 5157 1695 5212 si
1727 5157 1796 5211 ita
1824 5165 1927 5222 est,

324 5254 418 5326 qui
447 5250 763 5307 communis
792 5252 1051 5305 terminus
1080 5248 1435 5319 conjungebat
1464 5247 1703 5317 corporis
1727 5256 1926 5317 partes,

323 5346 448 5417 ejus
479 5340 706 5400 termini
734 5338 879 5396 lucus
905 5341 994 5396 illa
1016 5355 1230 5412 quoque
1250 5340 1367 5394 loca
1393 5355 1511 5411 quae
1542 5348 1664 5393 sunt
1689 5336 1932 5406 corporis

320 5436 577 5508 partium
605 5432 798 5503 jungit,
824 5430 876 5488 et
905 5441 988 5488 est
1015 5433 1203 5487 eodem
1231 5430 1390 5487 modo
1418 5431 1568 5486 locus
1589 5429 1655 5484 de
1677 5428 1930 5483 continua

319 5514 669 5603 quantitate,
695 5520 1140 5601 quemadmodum
1171 5532 1227 5578 et
1254 5536 1470 5592 corpus.
1500 5521 1577 5576 Ita
1606 5518 1750 5575 enim
1781 5533 1932 5575 com-

319 5621 515 5679 munis
582 5608 843 5672 terminus
894 5616 1161 5672 invenitur
1206 5614 1261 5669 in
1304 5615 1422 5669 loco
1471 5610 1698 5681 partium
1752 5624 1937 5681 quem-

320 5704 641 5772 admodum
677 5706 731 5763 et
766 5702 1025 5778 corporis,
1069 5706 1267 5762 idcirco
1306 5704 1445 5775 quod
1486 5703 1727 5772 corporis
1768 5700 1935 5769 locus,

321 5822 419 5874 per
440 5790 671 5870 corpus
690 5798 853 5853 Omne
876 5796 1375 5865 diﬂ'unditur.Quod
1402 5806 1579 5851 autem
1606 5793 1772 5850 dixit:
1801 5794 1940 5850 Sunt

322 5894 516 5957 autem
567 5874 758 5949 talium
788 5897 844 5945 et
876 5888 1025 5945 locus
1051 5899 1105 5945 et
1138 5898 1367 5959 tempus,
1396 5886 1647 5959 quoniam
1687 5886 1937 5955 superius

2042 4778 2183 4863 Ergo
2212 4778 2265 4847 ei
2294 4791 2442 4846 locus
2479 4788 2543 4846 e'x
2580 4782 2767 4847 sudem
2805 4804 3002 4862 genere
3037 4788 3350 4861 quantitatis
3373 4805 3476 4861 est,
3516 4813 3625 4869 quo

2040 4878 2126 4942 Est
2162 4892 2216 4940 et
2252 4878 2516 4951 soliditas,
2539 4881 2594 4938 id
2620 4894 2727 4951 est,
2765 4898 2831 4940 ex
2855 4883 3177 4940 habentibus
3210 4883 3277 4939 ad
3307 4901 3366 4943 se
3395 4889 3623 4945 invicem

2016 4970 2361 5047 positionem
2404 4977 2516 5030 suis
2557 4971 2795 5044 partibus
2830 4984 3103 5032 constans.
3166 4975 3340 5031 Locus
3378 4977 3536 5047 igtur
3571 4987 3628 5033 et

2043 5062 2160 5135 ips‘é
2200 5062 2264 5121 ex'
2300 5063 2620 5122 habentibus
2666 5056 2777 5121 suis
2817 5066 3054 5134 partibus
3102 5066 3422 5136 positionem
3462 5067 3526 5120 ad
3566 5083 3625 5123 se

2043 5152 2271 5212 invicem
2309 5149 2539 5211 conStat.
2586 5154 2724 5227 Ergo
2756 5155 2853 5210 tria
2885 5155 3000 5211 haec
3039 5155 3200 5228 (sicut
3234 5164 3394 5224 supra
3423 5155 3623 5209 dictum

2041 5246 2145 5318 cst)
2176 5240 2565 5303 consideranda
2594 5250 2736 5309 sunt,
2771 5254 2829 5299 ut
2858 5245 2922 5299 ad
2953 5252 3013 5300 se
3041 5244 3271 5299 invicem
3301 5244 3622 5313 positionem

2038 5336 2215 5407 partes
2247 5336 2445 5392 habere
2474 5335 2774 5398 vldeantur,
2801 5333 2852 5386 id
2880 5343 2963 5388 est
2986 5334 3165 5387 locum
3218 5332 3268 5385 in
3302 5344 3408 5400 quo
3438 5343 3621 5403 partes

2038 5427 2168 5501 ipse
2206 5426 2313 5482 Sitit
2353 5426 2570 5495 pusitae,
2604 5433 2661 5478 ut
2695 5431 2873 5493 partes
2909 5423 3012 5477 illa!
3048 5436 3154 5477 non
3191 5433 3430 5493 pereant,
3464 5432 3523 5478 ut
3551 5425 3626 5480 sit

2038 5518 2267 5592 partlul'n
2296 5514 2625 5573 imminentia
2655 5519 2816 5581 atque
2844 5510 3199 5567 continuatio.
3245 5511 3399 5579 Quod
3427 5514 3473 5568 si
3502 5513 3625 5583 quis

2040 5602 2182 5669 ilicet
2209 5610 2344 5665 hanc
2368 5608 2479 5663 rem
2508 5607 2626 5660 loco
2650 5604 2863 5665 deesse;
2897 5617 2961 5659 eo
2986 5602 3127 5673 quod
3161 5604 3214 5657 in
3246 5603 3366 5659 loco
3395 5618 3500 5659 non
3529 5603 3623 5674 sit,

2040 5708 2093 5764 in
2135 5705 2250 5759 loco
2287 5702 2427 5758 enim
2459 5706 2648 5755 cuncta
2690 5704 2837 5765 sunt,
2874 5697 3023 5751 locus
3051 5703 3229 5753 autem
3271 5699 3325 5749 in
3356 5696 3477 5754 luco
3506 5712 3627 5756 ess.

2039 5806 2154 5870 Ipse
2198 5810 2304 5869 non
2329 5794 2541 5867 poterit.
2588 5790 2879 5847 Dicendum
2909 5796 2991 5843 est
3014 5786 3265 5855 quoniam
3297 5786 3496 5843 ideirco
3533 5792 3624 5842 sn.

2040 5888 2287 5957 perllc'es
2314 5895 2363 5940 et
2393 5884 2631 5940 soliditas
2663 5893 2714 5939 et
2749 5883 2885 5939 linea
2917 5878 3117 5933 habere
3160 5881 3475 5949 positionem
3506 5890 3627 5949 par-
