  <div class='ocr_page' id='page_1' title='image "/cluster/home/n/w/nwhite01/storage/ocr_20150623/64/hvd.32044073505265/109.png"; bbox 0 0 4280 6268; ppageno 0'>
   <div class='ocr_carea' id='block_1_1' title="bbox 695 496 795 549">
    <p class='ocr_par' dir='ltr' id='par_1_1' title="bbox 695 496 795 549">
     <span class='ocr_line' id='line_1_1' title="bbox 695 496 795 549; baseline -0.02 0"><span class='ocrx_word' id='word_1_1' title='bbox 695 496 795 549; x_wconf 75' lang='grc'><strong>207</strong></span> 
     </span>
    </p>
   </div>
   <div class='ocr_carea' id='block_1_2' title="bbox 1945 496 2741 557">
    <p class='ocr_par' dir='ltr' id='par_1_2' title="bbox 1945 496 2741 557">
     <span class='ocr_line' id='line_1_2' title="bbox 1945 496 2741 557; baseline 0 -5"><span class='ocrx_word' id='word_1_2' title='bbox 1945 496 2047 552; x_wconf 81' lang='grc' dir='ltr'><strong>ΔΝ.</strong></span> <span class='ocrx_word' id='word_1_3' title='bbox 2080 496 2284 554; x_wconf 79' lang='lat' dir='ltr'><strong>MANL.</strong></span> <span class='ocrx_word' id='word_1_4' title='bbox 2328 498 2479 557; x_wconf 82' lang='lat' dir='ltr'><strong>SEV.</strong></span> <span class='ocrx_word' id='word_1_5' title='bbox 2520 496 2741 555; x_wconf 85' lang='lat' dir='ltr'><strong>BOETII</strong></span> 
     </span>
    </p>
   </div>
   <div class='ocr_carea' id='block_1_3' title="bbox 3856 492 3958 545">
    <p class='ocr_par' dir='ltr' id='par_1_3' title="bbox 3856 492 3958 545">
     <span class='ocr_line' id='line_1_3' title="bbox 3856 492 3958 545; baseline 0.02 -2"><span class='ocrx_word' id='word_1_6' title='bbox 3856 492 3958 545; x_wconf 43' lang='lat' dir='ltr'><strong>ses</strong></span> 
     </span>
    </p>
   </div>
   <div class='ocr_carea' id='block_1_4' title="bbox 695 597 3964 684">
    <p class='ocr_par' dir='ltr' id='par_1_4' title="bbox 695 597 3964 684">
     <span class='ocr_line' id='line_1_4' title="bbox 695 597 3964 684; baseline -0 -21"><span class='ocrx_word' id='word_1_7' title='bbox 695 612 823 664; x_wconf 88' lang='lat' dir='ltr'><strong>tium</strong></span> <span class='ocrx_word' id='word_1_8' title='bbox 864 609 1130 675; x_wconf 87' lang='lat' dir='ltr'><strong>dicuntur,</strong></span> <span class='ocrx_word' id='word_1_9' title='bbox 1172 609 1312 681; x_wconf 88' lang='lat' dir='ltr'><strong>quod</strong></span> <span class='ocrx_word' id='word_1_10' title='bbox 1350 610 1405 666; x_wconf 91' lang='lat' dir='ltr'><strong>in</strong></span> <span class='ocrx_word' id='word_1_11' title='bbox 1445 611 1562 667; x_wconf 91' lang='lat' dir='ltr'><strong>loco</strong></span> <span class='ocrx_word' id='word_1_12' title='bbox 1600 610 1726 677; x_wconf 90' lang='lat' dir='ltr'><strong>sint,</strong></span> <span class='ocrx_word' id='word_1_13' title='bbox 1758 620 1812 667; x_wconf 92' lang='lat' dir='ltr'><strong>et</strong></span> <span class='ocrx_word' id='word_1_14' title='bbox 1845 622 2023 682; x_wconf 90' lang='lat' dir='ltr'><strong>partes</strong></span> <span class='ocrx_word' id='word_1_15' title='bbox 2052 629 2266 684; x_wconf 88' lang='lat' dir='ltr'><strong>perma-</strong></span> <span class='ocrx_word' id='word_1_16' title='bbox 2297 618 2347 677; x_wconf 80' lang='grc' dir='ltr'>Α</span> <span class='ocrx_word' id='word_1_17' title='bbox 2374 615 2523 681; x_wconf 98' lang='lat' dir='ltr'><strong>dicit,</strong></span> <span class='ocrx_word' id='word_1_18' title='bbox 2558 614 2874 684; x_wconf 68' lang='lat' dir='ltr'><strong>positionem</strong></span> <span class='ocrx_word' id='word_1_19' title='bbox 2903 629 3033 671; x_wconf 87' lang='lat' dir='ltr'><strong>vero</strong></span> <span class='ocrx_word' id='word_1_20' title='bbox 3066 628 3170 670; x_wconf 89' lang='lat' dir='ltr'><strong>non</strong></span> <span class='ocrx_word' id='word_1_21' title='bbox 3200 621 3423 671; x_wconf 60' lang='lat' dir='ltr'><strong>multum</strong></span> <span class='ocrx_word' id='word_1_22' title='bbox 3455 611 3714 682; x_wconf 86' lang='lat' dir='ltr'><strong>accipies,</strong></span> <span class='ocrx_word' id='word_1_23' title='bbox 3745 608 3849 665; x_wconf 90' lang='lat' dir='ltr'><strong>tale</strong></span> <span class='ocrx_word' id='word_1_24' title='bbox 3879 597 3964 675; x_wconf 58' lang='lat' dir='ltr'><strong>cs‘</strong></span> 
     </span>
    </p>
   </div>
   <div class='ocr_carea' id='block_1_5' title="bbox 695 700 2267 776">
    <p class='ocr_par' dir='ltr' id='par_1_5' title="bbox 695 700 2267 776">
     <span class='ocr_line' id='line_1_5' title="bbox 695 700 2267 776; baseline 0.005 -22"><span class='ocrx_word' id='word_1_25' title='bbox 695 700 871 764; x_wconf 82' lang='lat' dir='ltr'><strong>neant,</strong></span> <span class='ocrx_word' id='word_1_26' title='bbox 891 710 943 755; x_wconf 92' lang='lat' dir='ltr'><strong>et</strong></span> <span class='ocrx_word' id='word_1_27' title='bbox 963 701 1071 755; x_wconf 92' lang='lat' dir='ltr'><strong>sint</strong></span> <span class='ocrx_word' id='word_1_28' title='bbox 1089 702 1559 769; x_wconf 71' lang='lat' dir='ltr'><strong>contiuure.Quare</strong></span> <span class='ocrx_word' id='word_1_29' title='bbox 1578 702 1746 759; x_wconf 90' lang='lat' dir='ltr'><strong>multo</strong></span> <span class='ocrx_word' id='word_1_30' title='bbox 1770 704 1939 774; x_wconf 91' lang='lat' dir='ltr'><strong>magis</strong></span> <span class='ocrx_word' id='word_1_31' title='bbox 1960 706 2073 776; x_wconf 92' lang='lat' dir='ltr'><strong>ipse</strong></span> <span class='ocrx_word' id='word_1_32' title='bbox 2099 706 2267 774; x_wconf 91' lang='lat' dir='ltr'><strong>locus,</strong></span> 
     </span>
    </p>
   </div>
   <div class='ocr_carea' id='block_1_6' title="bbox 694 797 2270 868">
    <p class='ocr_par' dir='ltr' id='par_1_6' title="bbox 694 797 2270 868">
     <span class='ocr_line' id='line_1_6' title="bbox 694 797 2270 868; baseline 0.004 -19"><span class='ocrx_word' id='word_1_33' title='bbox 694 797 844 866; x_wconf 83' lang='lat' dir='ltr'><strong>cujus</strong></span> <span class='ocrx_word' id='word_1_34' title='bbox 882 812 1054 868; x_wconf 88' lang='lat' dir='ltr'><strong>neque</strong></span> <span class='ocrx_word' id='word_1_35' title='bbox 1091 806 1268 866; x_wconf 86' lang='lat' dir='ltr'><strong>partes</strong></span> <span class='ocrx_word' id='word_1_36' title='bbox 1310 806 1549 868; x_wconf 90' lang='lat' dir='ltr'><strong>pereunt,</strong></span> <span class='ocrx_word' id='word_1_37' title='bbox 1585 807 1638 854; x_wconf 91' lang='lat' dir='ltr'><strong>et</strong></span> <span class='ocrx_word' id='word_1_38' title='bbox 1674 798 1775 853; x_wconf 87' lang='lat' dir='ltr'><strong>sibi</strong></span> <span class='ocrx_word' id='word_1_39' title='bbox 1807 809 2060 868; x_wconf 78' lang='lat' dir='ltr'><strong>perpetuo</strong></span> <span class='ocrx_word' id='word_1_40' title='bbox 2099 801 2270 856; x_wconf 89' lang='lat' dir='ltr'><strong>conti-</strong></span> 
     </span>
    </p>
   </div>
   <div class='ocr_carea' id='block_1_7' title="bbox 694 890 2269 961">
    <p class='ocr_par' dir='ltr' id='par_1_7' title="bbox 694 890 2269 961">
     <span class='ocr_line' id='line_1_7' title="bbox 694 890 2269 961; baseline 0.002 -19"><span class='ocrx_word' id='word_1_41' title='bbox 694 890 1004 960; x_wconf 86' lang='lat' dir='ltr'><strong>nuatimque</strong></span> <span class='ocrx_word' id='word_1_42' title='bbox 1044 890 1341 958; x_wconf 69' lang='lat' dir='ltr'><strong>conjunctre</strong></span> <span class='ocrx_word' id='word_1_43' title='bbox 1378 898 1534 955; x_wconf 87' lang='lat' dir='ltr'><strong>sunt,</strong></span> <span class='ocrx_word' id='word_1_44' title='bbox 1567 890 1764 947; x_wconf 90' lang='lat' dir='ltr'><strong>habere</strong></span> <span class='ocrx_word' id='word_1_45' title='bbox 1792 891 2110 961; x_wconf 71' lang='lat' dir='ltr'><strong>positionem</strong></span> <span class='ocrx_word' id='word_1_46' title='bbox 2143 890 2269 961; x_wconf 57' lang='lat' dir='ltr'><strong>par.</strong></span> 
     </span>
    </p>
   </div>
   <div class='ocr_carea' id='block_1_8' title="bbox 696 982 2272 1055">
    <p class='ocr_par' dir='ltr' id='par_1_8' title="bbox 696 982 2272 1055">
     <span class='ocr_line' id='line_1_8' title="bbox 696 982 2272 1055; baseline 0.003 -19"><span class='ocrx_word' id='word_1_47' title='bbox 696 984 823 1037; x_wconf 87' lang='lat' dir='ltr'><strong>tium</strong></span> <span class='ocrx_word' id='word_1_48' title='bbox 864 983 1071 1038; x_wconf 84' lang='lat' dir='ltr'><strong>dicitur.</strong></span> <span class='ocrx_word' id='word_1_49' title='bbox 1109 982 1173 1038; x_wconf 89' lang='lat' dir='ltr'><strong>Et</strong></span> <span class='ocrx_word' id='word_1_50' title='bbox 1209 983 1277 1038; x_wconf 92' lang='lat' dir='ltr'><strong>de</strong></span> <span class='ocrx_word' id='word_1_51' title='bbox 1316 982 1398 1037; x_wconf 87' lang='lat' dir='ltr'><strong>his</strong></span> <span class='ocrx_word' id='word_1_52' title='bbox 1437 983 1649 1053; x_wconf 85' lang='lat' dir='ltr'><strong>quidem</strong></span> <span class='ocrx_word' id='word_1_53' title='bbox 1689 999 1809 1055; x_wconf 70' lang='lat' dir='ltr'><strong>qua:</strong></span> <span class='ocrx_word' id='word_1_54' title='bbox 1847 999 1911 1040; x_wconf 83' lang='lat' dir='ltr'><strong>ex</strong></span> <span class='ocrx_word' id='word_1_55' title='bbox 1953 984 2272 1041; x_wconf 76' lang='lat' dir='ltr'><strong>habentibus</strong></span> 
     </span>
    </p>
   </div>
   <div class='ocr_carea' id='block_1_9' title="bbox 696 1075 2273 1145">
    <p class='ocr_par' dir='ltr' id='par_1_9' title="bbox 696 1075 2273 1145">
     <span class='ocr_line' id='line_1_9' title="bbox 696 1075 2273 1145; baseline 0.001 -16"><span class='ocrx_word' id='word_1_56' title='bbox 696 1076 1011 1143; x_wconf 84' lang='lat' dir='ltr'><strong>positionem</strong></span> <span class='ocrx_word' id='word_1_57' title='bbox 1062 1075 1128 1130; x_wconf 90' lang='lat' dir='ltr'><strong>ad</strong></span> <span class='ocrx_word' id='word_1_58' title='bbox 1178 1091 1238 1132; x_wconf 89' lang='lat' dir='ltr'><strong>se</strong></span> <span class='ocrx_word' id='word_1_59' title='bbox 1286 1076 1512 1131; x_wconf 78' lang='lat' dir='ltr'><strong>invicem</strong></span> <span class='ocrx_word' id='word_1_60' title='bbox 1579 1077 1688 1131; x_wconf 84' lang='lat' dir='ltr'><strong>suis</strong></span> <span class='ocrx_word' id='word_1_61' title='bbox 1738 1077 1977 1145; x_wconf 89' lang='lat' dir='ltr'><strong>partibus</strong></span> <span class='ocrx_word' id='word_1_62' title='bbox 2025 1085 2273 1133; x_wconf 90' lang='lat' dir='ltr'><strong>constant</strong></span> 
     </span>
    </p>
   </div>
   <div class='ocr_carea' id='block_1_10' title="bbox 695 1164 2245 1238">
    <p class='ocr_par' dir='ltr' id='par_1_10' title="bbox 695 1164 2245 1238">
     <span class='ocr_line' id='line_1_10' title="bbox 695 1164 2245 1238; baseline 0.001 -17"><span class='ocrx_word' id='word_1_63' title='bbox 695 1169 809 1223; x_wconf 68' lang='lat' dir='ltr'><strong>hmc</strong></span> <span class='ocrx_word' id='word_1_64' title='bbox 855 1167 993 1223; x_wconf 86' lang='lat' dir='ltr'><strong>dicta</strong></span> <span class='ocrx_word' id='word_1_65' title='bbox 1034 1167 1175 1233; x_wconf 89' lang='lat' dir='ltr'><strong>sint;</strong></span> <span class='ocrx_word' id='word_1_66' title='bbox 1216 1183 1334 1238; x_wconf 80' lang='lat' dir='ltr'><strong>qua:</strong></span> <span class='ocrx_word' id='word_1_67' title='bbox 1374 1182 1501 1224; x_wconf 89' lang='lat' dir='ltr'><strong>vero</strong></span> <span class='ocrx_word' id='word_1_68' title='bbox 1541 1183 1645 1223; x_wconf 92' lang='lat' dir='ltr'><strong>non</strong></span> <span class='ocrx_word' id='word_1_69' title='bbox 1688 1164 1887 1223; x_wconf 83' lang='lat' dir='ltr'><strong>habent</strong></span> <span class='ocrx_word' id='word_1_70' title='bbox 1927 1167 2245 1223; x_wconf 81' lang='lat' dir='ltr'><strong>oositionem</strong></span> 
     </span>
    </p>
   </div>
   <div class='ocr_carea' id='block_1_11' title="bbox 694 1262 1269 1332">
    <p class='ocr_par' dir='ltr' id='par_1_11' title="bbox 694 1262 1269 1332">
     <span class='ocr_line' id='line_1_11' title="bbox 694 1262 1269 1332; baseline -0.003 -15"><span class='ocrx_word' id='word_1_71' title='bbox 694 1268 807 1332; x_wconf 85' lang='lat' dir='ltr'><strong>ipse</strong></span> <span class='ocrx_word' id='word_1_72' title='bbox 838 1276 1023 1318; x_wconf 84' lang='lat' dir='ltr'><strong>rursus</strong></span> <span class='ocrx_word' id='word_1_73' title='bbox 1051 1262 1269 1330; x_wconf 82' lang='lat' dir='ltr'><strong>adjecit.</strong></span> 
     </span>
    </p>
   </div>
   <div class='ocr_carea' id='block_1_12' title="bbox 763 1396 2274 1470">
    <p class='ocr_par' dir='ltr' id='par_1_12' title="bbox 763 1396 2274 1470">
     <span class='ocr_line' id='line_1_12' title="bbox 763 1396 2274 1470; baseline -0.002 -16"><span class='ocrx_word' id='word_1_74' title='bbox 763 1400 828 1456; x_wconf 87' lang='lat' dir='ltr'><strong>In</strong></span> <span class='ocrx_word' id='word_1_75' title='bbox 875 1416 1082 1456; x_wconf 88' lang='lat' dir='ltr'><strong>numero</strong></span> <span class='ocrx_word' id='word_1_76' title='bbox 1125 1408 1295 1454; x_wconf 89' lang='lat' dir='ltr'><strong>autem</strong></span> <span class='ocrx_word' id='word_1_77' title='bbox 1338 1415 1437 1453; x_wconf 84' lang='lat' dir='ltr'><strong>non</strong></span> <span class='ocrx_word' id='word_1_78' title='bbox 1483 1399 1664 1470; x_wconf 89' lang='lat' dir='ltr'><strong>poterit</strong></span> <span class='ocrx_word' id='word_1_79' title='bbox 1708 1400 1971 1470; x_wconf 81' lang='lat' dir='ltr'><strong>quisquam</strong></span> <span class='ocrx_word' id='word_1_80' title='bbox 2014 1396 2274 1452; x_wconf 77' lang='lat' dir='ltr'><strong>ostendere</strong></span> 
     </span>
    </p>
   </div>
   <div class='ocr_carea' id='block_1_13' title="bbox 691 1487 2273 1565">
    <p class='ocr_par' dir='ltr' id='par_1_13' title="bbox 691 1487 2273 1565">
     <span class='ocr_line' id='line_1_13' title="bbox 691 1487 2273 1565; baseline -0.006 -16"><span class='ocrx_word' id='word_1_81' title='bbox 691 1494 1117 1565; x_wconf 78' lang='lat' dir='ltr'><strong>quemadmodum</strong></span> <span class='ocrx_word' id='word_1_82' title='bbox 1152 1492 1422 1565; x_wconf 41' lang='lat' dir='ltr'><strong>particula:</strong></span> <span class='ocrx_word' id='word_1_83' title='bbox 1458 1495 1568 1559; x_wconf 78' lang='lat' dir='ltr'><strong>eius</strong></span> <span class='ocrx_word' id='word_1_84' title='bbox 1604 1491 2167 1560; x_wconf 58' lang='lat' dir='ltr'><strong>positionem‘aliquam</strong></span> <span class='ocrx_word' id='word_1_85' title='bbox 2205 1487 2273 1541; x_wconf 88' lang='lat' dir='ltr'><strong>ad</strong></span> 
     </span>
    </p>
   </div>
   <div class='ocr_carea' id='block_1_14' title="bbox 691 1577 2273 1649">
    <p class='ocr_par' dir='ltr' id='par_1_14' title="bbox 691 1577 2273 1649">
     <span class='ocr_line' id='line_1_14' title="bbox 691 1577 2273 1649; baseline -0.006 -9"><span class='ocrx_word' id='word_1_86' title='bbox 691 1603 744 1640; x_wconf 88' lang='lat' dir='ltr'><strong>se</strong></span> <span class='ocrx_word' id='word_1_87' title='bbox 770 1585 979 1640; x_wconf 75' lang='lat' dir='ltr'><strong>invicem</strong></span> <span class='ocrx_word' id='word_1_88' title='bbox 999 1582 1233 1646; x_wconf 81' lang='lat' dir='ltr'><strong>habeant,</strong></span> <span class='ocrx_word' id='word_1_89' title='bbox 1255 1592 1344 1637; x_wconf 90' lang='lat' dir='ltr'><strong>aut</strong></span> <span class='ocrx_word' id='word_1_90' title='bbox 1364 1582 1447 1635; x_wconf 88' lang='lat' dir='ltr'><strong>ubi</strong></span> <span class='ocrx_word' id='word_1_91' title='bbox 1477 1583 1588 1635; x_wconf 75' lang='lat' dir='ltr'><strong>siue</strong></span> <span class='ocrx_word' id='word_1_92' title='bbox 1612 1581 1732 1643; x_wconf 85' lang='lat' dir='ltr'><strong>sint,</strong></span> <span class='ocrx_word' id='word_1_93' title='bbox 1758 1584 1841 1633; x_wconf 77' lang='lat' dir='ltr'><strong>aui</strong></span> <span class='ocrx_word' id='word_1_94' title='bbox 1868 1595 1977 1649; x_wconf 74' lang='lat' dir='ltr'><strong>qua:</strong></span> <span class='ocrx_word' id='word_1_95' title='bbox 2006 1577 2273 1647; x_wconf 81' lang='lat' dir='ltr'><strong>particqu</strong></span> 
     </span>
    </p>
   </div>
   <div class='ocr_carea' id='block_1_15' title="bbox 690 1671 2271 1749">
    <p class='ocr_par' dir='ltr' id='par_1_15' title="bbox 690 1671 2271 1749">
     <span class='ocr_line' id='line_1_15' title="bbox 690 1671 2271 1749; baseline -0.006 -18"><span class='ocrx_word' id='word_1_96' title='bbox 690 1683 800 1749; x_wconf 86' lang='lat' dir='ltr'><strong>ejus</strong></span> <span class='ocrx_word' id='word_1_97' title='bbox 819 1678 886 1731; x_wconf 88' lang='lat' dir='ltr'><strong>ad</strong></span> <span class='ocrx_word' id='word_1_98' title='bbox 899 1692 953 1732; x_wconf 87' lang='lat' dir='ltr'><strong>se</strong></span> <span class='ocrx_word' id='word_1_99' title='bbox 970 1677 1183 1730; x_wconf 82' lang='lat' dir='ltr'><strong>invicem</strong></span> <span class='ocrx_word' id='word_1_100' title='bbox 1206 1684 1489 1729; x_wconf 87' lang='lat' dir='ltr'><strong>nectantur.</strong></span> <span class='ocrx_word' id='word_1_101' title='bbox 1511 1674 1614 1727; x_wconf 80' lang='lat' dir='ltr'><strong>Sed</strong></span> <span class='ocrx_word' id='word_1_102' title='bbox 1633 1688 1791 1741; x_wconf 86' lang='lat' dir='ltr'><strong>neque</strong></span> <span class='ocrx_word' id='word_1_103' title='bbox 1816 1671 1923 1725; x_wconf 68' lang='lat' dir='ltr'><strong>illa:</strong></span> <span class='ocrx_word' id='word_1_104' title='bbox 1942 1686 2056 1741; x_wconf 70' lang='lat' dir='ltr'><strong>qum</strong></span> <span class='ocrx_word' id='word_1_105' title='bbox 2078 1681 2271 1738; x_wconf 84' lang='lat' dir='ltr'><strong>tempo-</strong></span> 
     </span>
    </p>
   </div>
   <div class='ocr_carea' id='block_1_16' title="bbox 689 1763 2268 1837">
    <p class='ocr_par' dir='ltr' id='par_1_16' title="bbox 689 1763 2268 1837">
     <span class='ocr_line' id='line_1_16' title="bbox 689 1763 2268 1837; baseline -0.006 -12"><span class='ocrx_word' id='word_1_106' title='bbox 689 1772 758 1825; x_wconf 87' lang='lat' dir='ltr'><strong>ris</strong></span> <span class='ocrx_word' id='word_1_107' title='bbox 783 1778 921 1836; x_wconf 88' lang='lat' dir='ltr'><strong>sunt,</strong></span> <span class='ocrx_word' id='word_1_108' title='bbox 946 1782 1045 1823; x_wconf 89' lang='lat' dir='ltr'><strong>non</strong></span> <span class='ocrx_word' id='word_1_109' title='bbox 1073 1769 1209 1824; x_wconf 88' lang='lat' dir='ltr'><strong>enim</strong></span> <span class='ocrx_word' id='word_1_110' title='bbox 1235 1774 1527 1837; x_wconf 78' lang='lat' dir='ltr'><strong>permanent</strong></span> <span class='ocrx_word' id='word_1_111' title='bbox 1556 1763 1822 1835; x_wconf 83' lang='lat' dir='ltr'><strong>particula:</strong></span> <span class='ocrx_word' id='word_1_112' title='bbox 1844 1764 2104 1832; x_wconf 79' lang='lat' dir='ltr'><strong>temporis,</strong></span> <span class='ocrx_word' id='word_1_113' title='bbox 2131 1764 2268 1832; x_wconf 88' lang='lat' dir='ltr'><strong>quod</strong></span> 
     </span>
    </p>
   </div>
   <div class='ocr_carea' id='block_1_17' title="bbox 688 1857 2268 1931">
    <p class='ocr_par' dir='ltr' id='par_1_17' title="bbox 688 1857 2268 1931">
     <span class='ocr_line' id='line_1_17' title="bbox 688 1857 2268 1931; baseline -0.006 -13"><span class='ocrx_word' id='word_1_114' title='bbox 688 1874 854 1918; x_wconf 89' lang='lat' dir='ltr'><strong>autem</strong></span> <span class='ocrx_word' id='word_1_115' title='bbox 875 1880 976 1918; x_wconf 89' lang='lat' dir='ltr'><strong>non</strong></span> <span class='ocrx_word' id='word_1_116' title='bbox 998 1872 1070 1917; x_wconf 80' lang='lat' dir='ltr'><strong>est</strong></span> <span class='ocrx_word' id='word_1_117' title='bbox 1105 1876 1420 1931; x_wconf 76' lang='lat' dir='ltr'><strong>permanens,</strong></span> <span class='ocrx_word' id='word_1_118' title='bbox 1441 1860 1697 1930; x_wconf 88' lang='lat' dir='ltr'><strong>quomodo</strong></span> <span class='ocrx_word' id='word_1_119' title='bbox 1719 1857 2017 1930; x_wconf 79' lang='lat' dir='ltr'><strong>positionem</strong></span> <span class='ocrx_word' id='word_1_120' title='bbox 2040 1858 2268 1927; x_wconf 82' lang='lat' dir='ltr'><strong>aliquam</strong></span> 
     </span>
    </p>
   </div>
   <div class='ocr_carea' id='block_1_18' title="bbox 688 1952 2267 2025">
    <p class='ocr_par' dir='ltr' id='par_1_18' title="bbox 688 1952 2267 2025">
     <span class='ocr_line' id='line_1_18' title="bbox 688 1952 2267 2025; baseline -0.004 -14"><span class='ocrx_word' id='word_1_121' title='bbox 688 1957 917 2021; x_wconf 71' lang='lat' dir='ltr'><strong>habebit,</strong></span> <span class='ocrx_word' id='word_1_122' title='bbox 965 1957 1054 2009; x_wconf 86' lang='lat' dir='ltr'><strong>sed</strong></span> <span class='ocrx_word' id='word_1_123' title='bbox 1094 1955 1253 2025; x_wconf 87' lang='lat' dir='ltr'><strong>magis</strong></span> <span class='ocrx_word' id='word_1_124' title='bbox 1307 1954 1574 2025; x_wconf 85' lang='lat' dir='ltr'><strong>quemdam</strong></span> <span class='ocrx_word' id='word_1_125' title='bbox 1618 1954 1845 2006; x_wconf 85' lang='lat' dir='ltr'><strong>ordinent</strong></span> <span class='ocrx_word' id='word_1_126' title='bbox 1893 1952 2267 2023; x_wconf 88' lang='lat' dir='ltr'><strong>particularum</strong></span> 
     </span>
    </p>
   </div>
   <div class='ocr_carea' id='block_1_19' title="bbox 688 2044 2264 2119">
    <p class='ocr_par' dir='ltr' id='par_1_19' title="bbox 688 2044 2264 2119">
     <span class='ocr_line' id='line_1_19' title="bbox 688 2044 2264 2119; baseline -0.003 -18"><span class='ocrx_word' id='word_1_127' title='bbox 688 2058 882 2119; x_wconf 87' lang='lat' dir='ltr'><strong>tempus</strong></span> <span class='ocrx_word' id='word_1_128' title='bbox 918 2048 1100 2102; x_wconf 89' lang='lat' dir='ltr'><strong>habere</strong></span> <span class='ocrx_word' id='word_1_129' title='bbox 1134 2048 1293 2113; x_wconf 88' lang='lat' dir='ltr'><strong>dices,</strong></span> <span class='ocrx_word' id='word_1_130' title='bbox 1338 2056 1391 2099; x_wconf 89' lang='lat' dir='ltr'><strong>ut</strong></span> <span class='ocrx_word' id='word_1_131' title='bbox 1427 2044 1621 2116; x_wconf 86' lang='lat' dir='ltr'><strong>aliquid</strong></span> <span class='ocrx_word' id='word_1_132' title='bbox 1644 2046 1843 2113; x_wconf 84' lang='lat' dir='ltr'><strong>quidem</strong></span> <span class='ocrx_word' id='word_1_133' title='bbox 1870 2046 2010 2116; x_wconf 88' lang='lat' dir='ltr'><strong>prius</strong></span> <span class='ocrx_word' id='word_1_134' title='bbox 2037 2044 2101 2099; x_wconf 87' lang='lat' dir='ltr'><strong>sit</strong></span> <span class='ocrx_word' id='word_1_135' title='bbox 2142 2054 2264 2099; x_wconf 82' lang='lat' dir='ltr'><strong>tem-</strong></span> 
     </span>
    </p>
   </div>
   <div class='ocr_carea' id='block_1_20' title="bbox 687 2136 2260 2213">
    <p class='ocr_par' dir='ltr' id='par_1_20' title="bbox 687 2136 2260 2213">
     <span class='ocr_line' id='line_1_20' title="bbox 687 2136 2260 2213; baseline -0.004 -18"><span class='ocrx_word' id='word_1_136' title='bbox 687 2142 846 2213; x_wconf 86' lang='lat' dir='ltr'><strong>poris,</strong></span> <span class='ocrx_word' id='word_1_137' title='bbox 877 2141 1020 2194; x_wconf 82' lang='lat' dir='ltr'><strong>aliud</strong></span> <span class='ocrx_word' id='word_1_138' title='bbox 1046 2156 1163 2193; x_wconf 85' lang='lat' dir='ltr'><strong>vero</strong></span> <span class='ocrx_word' id='word_1_139' title='bbox 1189 2138 1460 2211; x_wconf 72' lang='lat' dir='ltr'><strong>posterius.</strong></span> <span class='ocrx_word' id='word_1_140' title='bbox 1482 2138 1585 2191; x_wconf 85' lang='lat' dir='ltr'><strong>Sed</strong></span> <span class='ocrx_word' id='word_1_141' title='bbox 1612 2146 1657 2191; x_wconf 90' lang='lat' dir='ltr'><strong>et</strong></span> <span class='ocrx_word' id='word_1_142' title='bbox 1687 2137 1749 2190; x_wconf 88' lang='lat' dir='ltr'><strong>de</strong></span> <span class='ocrx_word' id='word_1_143' title='bbox 1776 2152 1982 2190; x_wconf 83' lang='lat' dir='ltr'><strong>numero</strong></span> <span class='ocrx_word' id='word_1_144' title='bbox 2011 2136 2260 2205; x_wconf 75' lang='lat' dir='ltr'><strong>similiter,</strong></span> 
     </span>
    </p>
   </div>
   <div class='ocr_carea' id='block_1_21' title="bbox 687 2228 2266 2301">
    <p class='ocr_par' dir='ltr' id='par_1_21' title="bbox 687 2228 2266 2301">
     <span class='ocr_line' id='line_1_21' title="bbox 687 2228 2266 2301; baseline -0.002 -16"><span class='ocrx_word' id='word_1_145' title='bbox 687 2248 745 2286; x_wconf 87' lang='lat' dir='ltr'><strong>eo</strong></span> <span class='ocrx_word' id='word_1_146' title='bbox 770 2232 907 2301; x_wconf 89' lang='lat' dir='ltr'><strong>quod</strong></span> <span class='ocrx_word' id='word_1_147' title='bbox 931 2230 1071 2300; x_wconf 88' lang='lat' dir='ltr'><strong>prius</strong></span> <span class='ocrx_word' id='word_1_148' title='bbox 1098 2239 1395 2283; x_wconf 87' lang='lat' dir='ltr'><strong>numeratur</strong></span> <span class='ocrx_word' id='word_1_149' title='bbox 1421 2244 1575 2282; x_wconf 90' lang='lat' dir='ltr'><strong>unum</strong></span> <span class='ocrx_word' id='word_1_150' title='bbox 1596 2244 1750 2298; x_wconf 88' lang='lat' dir='ltr'><strong>quam</strong></span> <span class='ocrx_word' id='word_1_151' title='bbox 1773 2229 1895 2292; x_wconf 90' lang='lat' dir='ltr'><strong>duo,</strong></span> <span class='ocrx_word' id='word_1_152' title='bbox 1921 2236 1967 2282; x_wconf 85' lang='lat' dir='ltr'><strong>et</strong></span> <span class='ocrx_word' id='word_1_153' title='bbox 1988 2228 2090 2282; x_wconf 88' lang='lat' dir='ltr'><strong>duo</strong></span> <span class='ocrx_word' id='word_1_154' title='bbox 2111 2245 2266 2299; x_wconf 86' lang='lat' dir='ltr'><strong>quant</strong></span> 
     </span>
    </p>
   </div>
   <div class='ocr_carea' id='block_1_22' title="bbox 688 2322 2265 2394">
    <p class='ocr_par' dir='ltr' id='par_1_22' title="bbox 688 2322 2265 2394">
     <span class='ocr_line' id='line_1_22' title="bbox 688 2322 2265 2394; baseline -0.002 -16"><span class='ocrx_word' id='word_1_155' title='bbox 688 2326 806 2392; x_wconf 84' lang='lat' dir='ltr'><strong>tria,</strong></span> <span class='ocrx_word' id='word_1_156' title='bbox 837 2333 885 2379; x_wconf 89' lang='lat' dir='ltr'><strong>et</strong></span> <span class='ocrx_word' id='word_1_157' title='bbox 922 2325 996 2378; x_wconf 86' lang='lat' dir='ltr'><strong>ita</strong></span> <span class='ocrx_word' id='word_1_158' title='bbox 1032 2322 1284 2377; x_wconf 85' lang='lat' dir='ltr'><strong>habebunt</strong></span> <span class='ocrx_word' id='word_1_159' title='bbox 1312 2323 1512 2393; x_wconf 84' lang='lat' dir='ltr'><strong>quidem</strong></span> <span class='ocrx_word' id='word_1_160' title='bbox 1540 2322 1811 2393; x_wconf 85' lang='lat' dir='ltr'><strong>quemdam</strong></span> <span class='ocrx_word' id='word_1_161' title='bbox 1840 2322 2088 2390; x_wconf 84' lang='lat' dir='ltr'><strong>ordinent,</strong></span> <span class='ocrx_word' id='word_1_162' title='bbox 2127 2323 2265 2394; x_wconf 86' lang='lat' dir='ltr'><strong>posi-</strong></span> 
     </span>
    </p>
   </div>
   <div class='ocr_carea' id='block_1_23' title="bbox 688 2414 2264 2481">
    <p class='ocr_par' dir='ltr' id='par_1_23' title="bbox 688 2414 2264 2481">
     <span class='ocr_line' id='line_1_23' title="bbox 688 2414 2264 2481; baseline -0.001 -12"><span class='ocrx_word' id='word_1_163' title='bbox 688 2418 872 2470; x_wconf 85' lang='lat' dir='ltr'><strong>tionem</strong></span> <span class='ocrx_word' id='word_1_164' title='bbox 898 2432 1011 2469; x_wconf 82' lang='lat' dir='ltr'><strong>vero</strong></span> <span class='ocrx_word' id='word_1_165' title='bbox 1041 2432 1141 2469; x_wconf 88' lang='lat' dir='ltr'><strong>non</strong></span> <span class='ocrx_word' id='word_1_166' title='bbox 1165 2416 1379 2468; x_wconf 88' lang='lat' dir='ltr'><strong>multum</strong></span> <span class='ocrx_word' id='word_1_167' title='bbox 1408 2414 1644 2481; x_wconf 77' lang='lat' dir='ltr'><strong>accipies.</strong></span> <span class='ocrx_word' id='word_1_168' title='bbox 1682 2414 1786 2469; x_wconf 88' lang='lat' dir='ltr'><strong>Sed</strong></span> <span class='ocrx_word' id='word_1_169' title='bbox 1812 2424 1856 2468; x_wconf 90' lang='lat' dir='ltr'><strong>et</strong></span> <span class='ocrx_word' id='word_1_170' title='bbox 1887 2416 2047 2469; x_wconf 86' lang='lat' dir='ltr'><strong>oratio</strong></span> <span class='ocrx_word' id='word_1_171' title='bbox 2076 2414 2234 2468; x_wconf 82' lang='lat' dir='ltr'><strong>simili</strong></span> <span class='ocrx_word' id='word_1_172' title='bbox 2244 2442 2264 2455; x_wconf 88' lang='lat'><strong>-</strong></span> 
     </span>
    </p>
   </div>
   <div class='ocr_carea' id='block_1_24' title="bbox 690 2506 2266 2577">
    <p class='ocr_par' dir='ltr' id='par_1_24' title="bbox 690 2506 2266 2577">
     <span class='ocr_line' id='line_1_24' title="bbox 690 2506 2266 2577; baseline -0.001 -16"><span class='ocrx_word' id='word_1_173' title='bbox 690 2517 779 2571; x_wconf 87' lang='lat' dir='ltr'><strong>ter,</strong></span> <span class='ocrx_word' id='word_1_174' title='bbox 813 2523 912 2561; x_wconf 89' lang='lat' dir='ltr'><strong>non</strong></span> <span class='ocrx_word' id='word_1_175' title='bbox 937 2508 1071 2561; x_wconf 88' lang='lat' dir='ltr'><strong>enim</strong></span> <span class='ocrx_word' id='word_1_176' title='bbox 1103 2516 1394 2577; x_wconf 86' lang='lat' dir='ltr'><strong>permanent</strong></span> <span class='ocrx_word' id='word_1_177' title='bbox 1421 2506 1689 2573; x_wconf 70' lang='lat' dir='ltr'><strong>particula:</strong></span> <span class='ocrx_word' id='word_1_178' title='bbox 1720 2509 1849 2577; x_wconf 83' lang='lat' dir='ltr'><strong>ejus,</strong></span> <span class='ocrx_word' id='word_1_179' title='bbox 1883 2507 1970 2559; x_wconf 82' lang='lat' dir='ltr'><strong>sed</strong></span> <span class='ocrx_word' id='word_1_180' title='bbox 1995 2514 2043 2562; x_wconf 87' lang='lat' dir='ltr'><strong>et</strong></span> <span class='ocrx_word' id='word_1_181' title='bbox 2074 2507 2266 2560; x_wconf 88' lang='lat' dir='ltr'><strong>dictum</strong></span> 
     </span>
    </p>
   </div>
   <div class='ocr_carea' id='block_1_25' title="bbox 688 2597 2263 2667">
    <p class='ocr_par' dir='ltr' id='par_1_25' title="bbox 688 2597 2263 2667">
     <span class='ocr_line' id='line_1_25' title="bbox 688 2597 2263 2667; baseline -0.001 -14"><span class='ocrx_word' id='word_1_182' title='bbox 688 2608 759 2654; x_wconf 80' lang='lat' dir='ltr'><strong>est</strong></span> <span class='ocrx_word' id='word_1_183' title='bbox 786 2608 831 2652; x_wconf 87' lang='lat' dir='ltr'><strong>et</strong></span> <span class='ocrx_word' id='word_1_184' title='bbox 860 2614 960 2651; x_wconf 87' lang='lat' dir='ltr'><strong>non</strong></span> <span class='ocrx_word' id='word_1_185' title='bbox 984 2599 1205 2666; x_wconf 84' lang='lat' dir='ltr'><strong>amplius</strong></span> <span class='ocrx_word' id='word_1_186' title='bbox 1234 2597 1367 2650; x_wconf 89' lang='lat' dir='ltr'><strong>sumi</strong></span> <span class='ocrx_word' id='word_1_187' title='bbox 1401 2598 1513 2662; x_wconf 87' lang='lat' dir='ltr'><strong>hoc,</strong></span> <span class='ocrx_word' id='word_1_188' title='bbox 1542 2606 1855 2667; x_wconf 87' lang='lat' dir='ltr'><strong>quapropter</strong></span> <span class='ocrx_word' id='word_1_189' title='bbox 1883 2614 1983 2651; x_wconf 87' lang='lat' dir='ltr'><strong>non</strong></span> <span class='ocrx_word' id='word_1_190' title='bbox 2029 2599 2122 2651; x_wconf 90' lang='lat' dir='ltr'><strong>erit</strong></span> <span class='ocrx_word' id='word_1_191' title='bbox 2170 2613 2263 2666; x_wconf 86' lang='lat' dir='ltr'><strong>po-</strong></span> 
     </span>
    </p>
   </div>
   <div class='ocr_carea' id='block_1_26' title="bbox 689 2686 2266 2761">
    <p class='ocr_par' dir='ltr' id='par_1_26' title="bbox 689 2686 2266 2761">
     <span class='ocr_line' id='line_1_26' title="bbox 689 2686 2266 2761; baseline -0.003 -14"><span class='ocrx_word' id='word_1_192' title='bbox 689 2693 803 2747; x_wconf 83' lang='lat' dir='ltr'><strong>sitio</strong></span> <span class='ocrx_word' id='word_1_193' title='bbox 824 2690 1193 2761; x_wconf 80' lang='lat' dir='ltr'><strong>particularum</strong></span> <span class='ocrx_word' id='word_1_194' title='bbox 1212 2690 1343 2760; x_wconf 87' lang='lat' dir='ltr'><strong>ejus,</strong></span> <span class='ocrx_word' id='word_1_195' title='bbox 1369 2688 1616 2757; x_wconf 84' lang='lat' dir='ltr'><strong>siquidem</strong></span> <span class='ocrx_word' id='word_1_196' title='bbox 1648 2686 1778 2742; x_wconf 80' lang='lat' dir='ltr'><strong>nihil</strong></span> <span class='ocrx_word' id='word_1_197' title='bbox 1801 2698 2115 2759; x_wconf 85' lang='lat' dir='ltr'><strong>permanent.</strong></span> <span class='ocrx_word' id='word_1_198' title='bbox 2147 2690 2266 2743; x_wconf 79' lang='lat' dir='ltr'><strong>Alia</strong></span> 
     </span>
    </p>
   </div>
   <div class='ocr_carea' id='block_1_27' title="bbox 690 2780 2265 2854">
    <p class='ocr_par' dir='ltr' id='par_1_27' title="bbox 690 2780 2265 2854">
     <span class='ocr_line' id='line_1_27' title="bbox 690 2780 2265 2854; baseline -0.002 -15"><span class='ocrx_word' id='word_1_199' title='bbox 690 2787 859 2854; x_wconf 90' lang='lat' dir='ltr'><strong>itaque</strong></span> <span class='ocrx_word' id='word_1_200' title='bbox 886 2792 1116 2837; x_wconf 84' lang='lat' dir='ltr'><strong>constant</strong></span> <span class='ocrx_word' id='word_1_201' title='bbox 1141 2798 1204 2836; x_wconf 82' lang='lat' dir='ltr'><strong>ea:</strong></span> <span class='ocrx_word' id='word_1_202' title='bbox 1226 2780 1488 2852; x_wconf 79' lang='lat' dir='ltr'><strong>particulis</strong></span> <span class='ocrx_word' id='word_1_203' title='bbox 1515 2795 1628 2849; x_wconf 69' lang='lat' dir='ltr'><strong>qua:</strong></span> <span class='ocrx_word' id='word_1_204' title='bbox 1651 2780 1703 2834; x_wconf 89' lang='lat' dir='ltr'><strong>in</strong></span> <span class='ocrx_word' id='word_1_205' title='bbox 1731 2780 1800 2834; x_wconf 85' lang='lat' dir='ltr'><strong>eis</strong></span> <span class='ocrx_word' id='word_1_206' title='bbox 1825 2790 1944 2834; x_wconf 89' lang='lat' dir='ltr'><strong>sunt</strong></span> <span class='ocrx_word' id='word_1_207' title='bbox 1968 2780 2265 2851; x_wconf 88' lang='lat' dir='ltr'><strong>positionem</strong></span> 
     </span>
    </p>
   </div>
   <div class='ocr_carea' id='block_1_28' title="bbox 690 2870 2265 2939">
    <p class='ocr_par' dir='ltr' id='par_1_28' title="bbox 690 2870 2265 2939">
     <span class='ocr_line' id='line_1_28' title="bbox 690 2870 2265 2939; baseline -0.003 -8"><span class='ocrx_word' id='word_1_208' title='bbox 690 2879 760 2931; x_wconf 88' lang='lat' dir='ltr'><strong>ad</strong></span> <span class='ocrx_word' id='word_1_209' title='bbox 786 2893 838 2931; x_wconf 88' lang='lat' dir='ltr'><strong>se</strong></span> <span class='ocrx_word' id='word_1_210' title='bbox 866 2876 1074 2930; x_wconf 88' lang='lat' dir='ltr'><strong>invicem</strong></span> <span class='ocrx_word' id='word_1_211' title='bbox 1102 2872 1416 2939; x_wconf 78' lang='lat' dir='ltr'><strong>habentibus,</strong></span> <span class='ocrx_word' id='word_1_212' title='bbox 1440 2871 1546 2927; x_wconf 88' lang='lat' dir='ltr'><strong>alia</strong></span> <span class='ocrx_word' id='word_1_213' title='bbox 1570 2881 1739 2927; x_wconf 84' lang='lat' dir='ltr'><strong>autem</strong></span> <span class='ocrx_word' id='word_1_214' title='bbox 1767 2888 1830 2927; x_wconf 75' lang='lat' dir='ltr'><strong>ea:</strong></span> <span class='ocrx_word' id='word_1_215' title='bbox 1854 2888 1953 2928; x_wconf 89' lang='lat' dir='ltr'><strong>non</strong></span> <span class='ocrx_word' id='word_1_216' title='bbox 1970 2870 2265 2928; x_wconf 83' lang='lat' dir='ltr'><strong>habentibus</strong></span> 
     </span>
    </p>
   </div>
   <div class='ocr_carea' id='block_1_29' title="bbox 688 2969 1008 3039">
    <p class='ocr_par' dir='ltr' id='par_1_29' title="bbox 688 2969 1008 3039">
     <span class='ocr_line' id='line_1_29' title="bbox 688 2969 1008 3039; baseline -0.016 -15"><span class='ocrx_word' id='word_1_217' title='bbox 688 2969 1008 3039; x_wconf 87' lang='lat' dir='ltr'><strong>positionem.</strong></span> 
     </span>
    </p>
   </div>
   <div class='ocr_carea' id='block_1_30' title="bbox 760 3100 2263 3174">
    <p class='ocr_par' dir='ltr' id='par_1_30' title="bbox 760 3100 2263 3174">
     <span class='ocr_line' id='line_1_30' title="bbox 760 3100 2263 3174; baseline 0 -15"><span class='ocrx_word' id='word_1_218' title='bbox 760 3102 882 3161; x_wconf 71' lang='lat' dir='ltr'><strong>llaec</strong></span> <span class='ocrx_word' id='word_1_219' title='bbox 908 3102 1111 3160; x_wconf 88' lang='lat' dir='ltr'><strong>scilicet</strong></span> <span class='ocrx_word' id='word_1_220' title='bbox 1137 3101 1336 3158; x_wconf 88' lang='lat' dir='ltr'><strong>idcirco</strong></span> <span class='ocrx_word' id='word_1_221' title='bbox 1365 3100 1563 3158; x_wconf 89' lang='lat' dir='ltr'><strong>nullam</strong></span> <span class='ocrx_word' id='word_1_222' title='bbox 1595 3101 1915 3174; x_wconf 84' lang='lat' dir='ltr'><strong>positionem</strong></span> <span class='ocrx_word' id='word_1_223' title='bbox 1947 3103 2011 3159; x_wconf 90' lang='lat' dir='ltr'><strong>ad</strong></span> <span class='ocrx_word' id='word_1_224' title='bbox 2041 3118 2100 3160; x_wconf 90' lang='lat' dir='ltr'><strong>se</strong></span> <span class='ocrx_word' id='word_1_225' title='bbox 2126 3103 2263 3159; x_wconf 88' lang='lat' dir='ltr'><strong>invi-</strong></span> 
     </span>
    </p>
   </div>
   <div class='ocr_carea' id='block_1_31' title="bbox 687 3198 2265 3273">
    <p class='ocr_par' dir='ltr' id='par_1_31' title="bbox 687 3198 2265 3273">
     <span class='ocr_line' id='line_1_31' title="bbox 687 3198 2265 3273; baseline -0.001 -16"><span class='ocrx_word' id='word_1_226' title='bbox 687 3218 800 3260; x_wconf 83' lang='lat' dir='ltr'><strong>cem</strong></span> <span class='ocrx_word' id='word_1_227' title='bbox 823 3202 1050 3272; x_wconf 86' lang='lat' dir='ltr'><strong>partium</strong></span> <span class='ocrx_word' id='word_1_228' title='bbox 1078 3200 1331 3264; x_wconf 87' lang='lat' dir='ltr'><strong>retinent,</strong></span> <span class='ocrx_word' id='word_1_229' title='bbox 1358 3198 1500 3269; x_wconf 90' lang='lat' dir='ltr'><strong>quod</strong></span> <span class='ocrx_word' id='word_1_230' title='bbox 1523 3199 1607 3254; x_wconf 88' lang='lat' dir='ltr'><strong>his</strong></span> <span class='ocrx_word' id='word_1_231' title='bbox 1631 3199 1830 3269; x_wconf 90' lang='lat' dir='ltr'><strong>aliquid</strong></span> <span class='ocrx_word' id='word_1_232' title='bbox 1856 3199 1924 3256; x_wconf 88' lang='lat' dir='ltr'><strong>de</strong></span> <span class='ocrx_word' id='word_1_233' title='bbox 1947 3199 2265 3273; x_wconf 79' lang='lat' dir='ltr'><strong>supradictis</strong></span> 
     </span>
    </p>
   </div>
   <div class='ocr_carea' id='block_1_32' title="bbox 687 3289 2265 3362">
    <p class='ocr_par' dir='ltr' id='par_1_32' title="bbox 687 3289 2265 3362">
     <span class='ocr_line' id='line_1_32' title="bbox 687 3289 2265 3362; baseline -0.001 -13"><span class='ocrx_word' id='word_1_234' title='bbox 687 3292 846 3350; x_wconf 88' lang='lat' dir='ltr'><strong>rebus</strong></span> <span class='ocrx_word' id='word_1_235' title='bbox 883 3292 1073 3349; x_wconf 84' lang='lat' dir='ltr'><strong>deesse</strong></span> <span class='ocrx_word' id='word_1_236' title='bbox 1112 3291 1452 3347; x_wconf 80' lang='lat' dir='ltr'><strong>manifestum</strong></span> <span class='ocrx_word' id='word_1_237' title='bbox 1493 3300 1595 3345; x_wconf 84' lang='lat' dir='ltr'><strong>est.</strong></span> <span class='ocrx_word' id='word_1_238' title='bbox 1662 3289 1929 3347; x_wconf 82' lang='lat' dir='ltr'><strong>Numerus</strong></span> <span class='ocrx_word' id='word_1_239' title='bbox 1966 3290 2109 3347; x_wconf 89' lang='lat' dir='ltr'><strong>enim</strong></span> <span class='ocrx_word' id='word_1_240' title='bbox 2153 3292 2265 3362; x_wconf 88' lang='lat' dir='ltr'><strong>ipse</strong></span> 
     </span>
    </p>
   </div>
   <div class='ocr_carea' id='block_1_33' title="bbox 2375 703 3957 779">
    <p class='ocr_par' dir='ltr' id='par_1_33' title="bbox 2375 703 3957 779">
     <span class='ocr_line' id='line_1_33' title="bbox 2375 703 3957 779; baseline -0.005 -16"><span class='ocrx_word' id='word_1_241' title='bbox 2375 724 2436 763; x_wconf 90' lang='lat' dir='ltr'><strong>ac</strong></span> <span class='ocrx_word' id='word_1_242' title='bbox 2463 709 2505 763; x_wconf 91' lang='lat' dir='ltr'><strong>si</strong></span> <span class='ocrx_word' id='word_1_243' title='bbox 2536 706 2762 776; x_wconf 88' lang='lat' dir='ltr'><strong>diceret,</strong></span> <span class='ocrx_word' id='word_1_244' title='bbox 2794 709 3003 779; x_wconf 86' lang='lat' dir='ltr'><strong>penitus</strong></span> <span class='ocrx_word' id='word_1_245' title='bbox 3029 724 3135 763; x_wconf 92' lang='lat' dir='ltr'><strong>non</strong></span> <span class='ocrx_word' id='word_1_246' title='bbox 3167 706 3418 778; x_wconf 91' lang='lat' dir='ltr'><strong>accipias.</strong></span> <span class='ocrx_word' id='word_1_247' title='bbox 3447 704 3665 760; x_wconf 85' lang='lat' dir='ltr'><strong>Multum</strong></span> <span class='ocrx_word' id='word_1_248' title='bbox 3698 703 3837 758; x_wconf 90' lang='lat' dir='ltr'><strong>enim</strong></span> <span class='ocrx_word' id='word_1_249' title='bbox 3860 715 3957 771; x_wconf 90' lang='lat' dir='ltr'><strong>pro</strong></span> 
     </span>
    </p>
   </div>
   <div class='ocr_carea' id='block_1_34' title="bbox 2374 793 3958 870">
    <p class='ocr_par' dir='ltr' id='par_1_34' title="bbox 2374 793 3958 870">
     <span class='ocr_line' id='line_1_34' title="bbox 2374 793 3958 870; baseline -0.004 -15"><span class='ocrx_word' id='word_1_250' title='bbox 2374 799 2592 855; x_wconf 91' lang='lat' dir='ltr'><strong>omnino</strong></span> <span class='ocrx_word' id='word_1_251' title='bbox 2626 799 2840 855; x_wconf 88' lang='lat' dir='ltr'><strong>videtur</strong></span> <span class='ocrx_word' id='word_1_252' title='bbox 2881 800 3213 870; x_wconf 89' lang='lat' dir='ltr'><strong>adjunctum,</strong></span> <span class='ocrx_word' id='word_1_253' title='bbox 3255 811 3317 853; x_wconf 89' lang='lat' dir='ltr'><strong>ac</strong></span> <span class='ocrx_word' id='word_1_254' title='bbox 3339 798 3384 852; x_wconf 90' lang='lat' dir='ltr'><strong>si</strong></span> <span class='ocrx_word' id='word_1_255' title='bbox 3413 796 3617 852; x_wconf 78' lang='lat' dir='ltr'><strong>diceret</strong></span> <span class='ocrx_word' id='word_1_256' title='bbox 3644 793 3958 866; x_wconf 86' lang='lat' dir='ltr'><strong>positionem</strong></span> 
     </span>
    </p>
   </div>
   <div class='ocr_carea' id='block_1_35' title="bbox 2374 885 3959 964">
    <p class='ocr_par' dir='ltr' id='par_1_35' title="bbox 2374 885 3959 964">
     <span class='ocr_line' id='line_1_35' title="bbox 2374 885 3959 964; baseline -0.004 -18"><span class='ocrx_word' id='word_1_257' title='bbox 2374 907 2502 948; x_wconf 88' lang='lat' dir='ltr'><strong>vero</strong></span> <span class='ocrx_word' id='word_1_258' title='bbox 2536 907 2639 948; x_wconf 93' lang='lat' dir='ltr'><strong>non</strong></span> <span class='ocrx_word' id='word_1_259' title='bbox 2670 892 2887 948; x_wconf 89' lang='lat' dir='ltr'><strong>omnino</strong></span> <span class='ocrx_word' id='word_1_260' title='bbox 2910 893 3173 964; x_wconf 87' lang='lat' dir='ltr'><strong>accipies,</strong></span> <span class='ocrx_word' id='word_1_261' title='bbox 3203 890 3405 946; x_wconf 88' lang='lat' dir='ltr'><strong>idcirco</strong></span> <span class='ocrx_word' id='word_1_262' title='bbox 3431 888 3574 962; x_wconf 88' lang='lat' dir='ltr'><strong>quod</strong></span> <span class='ocrx_word' id='word_1_263' title='bbox 3602 887 3716 958; x_wconf 89' lang='lat' dir='ltr'><strong>ipsa</strong></span> <span class='ocrx_word' id='word_1_264' title='bbox 3746 885 3959 957; x_wconf 83' lang='lat' dir='ltr'><strong>quidem</strong></span> 
     </span>
    </p>
   </div>
   <div class='ocr_carea' id='block_1_36' title="bbox 2374 978 3959 1055">
    <p class='ocr_par' dir='ltr' id='par_1_36' title="bbox 2374 978 3959 1055">
     <span class='ocr_line' id='line_1_36' title="bbox 2374 978 3959 1055; baseline -0.005 -16"><span class='ocrx_word' id='word_1_265' title='bbox 2374 985 2700 1040; x_wconf 85' lang='lat' dir='ltr'><strong>continuatio</strong></span> <span class='ocrx_word' id='word_1_266' title='bbox 2737 984 2828 1039; x_wconf 89' lang='lat' dir='ltr'><strong>dat</strong></span> <span class='ocrx_word' id='word_1_267' title='bbox 2860 985 3090 1055; x_wconf 86' lang='lat' dir='ltr'><strong>aliquam</strong></span> <span class='ocrx_word' id='word_1_268' title='bbox 3136 983 3441 1053; x_wconf 79' lang='lat' dir='ltr'><strong>imaginem,</strong></span> <span class='ocrx_word' id='word_1_269' title='bbox 3478 979 3619 1051; x_wconf 91' lang='lat' dir='ltr'><strong>quod</strong></span> <span class='ocrx_word' id='word_1_270' title='bbox 3661 978 3832 1049; x_wconf 86' lang='lat' dir='ltr'><strong>possit</strong></span> <span class='ocrx_word' id='word_1_271' title='bbox 3866 978 3959 1031; x_wconf 88' lang='lat' dir='ltr'><strong>ha-</strong></span> 
     </span>
    </p>
   </div>
   <div class='ocr_carea' id='block_1_37' title="bbox 2322 1060 4063 1147">
    <p class='ocr_par' dir='ltr' id='par_1_37' title="bbox 2322 1060 4063 1147">
     <span class='ocr_line' id='line_1_37' title="bbox 2322 1060 4063 1147; baseline -0.006 -13"><span class='ocrx_word' id='word_1_272' title='bbox 2322 1094 2330 1105; x_wconf 89' lang='grc'><strong>·</strong></span> <span class='ocrx_word' id='word_1_273' title='bbox 2376 1078 2502 1134; x_wconf 90' lang='lat' dir='ltr'><strong>bere</strong></span> <span class='ocrx_word' id='word_1_274' title='bbox 2575 1078 2802 1146; x_wconf 90' lang='lat' dir='ltr'><strong>aliquam</strong></span> <span class='ocrx_word' id='word_1_275' title='bbox 2842 1077 3069 1147; x_wconf 89' lang='lat' dir='ltr'><strong>partium</strong></span> <span class='ocrx_word' id='word_1_276' title='bbox 3099 1075 3440 1147; x_wconf 86' lang='lat' dir='ltr'><strong>positionem,</strong></span> <span class='ocrx_word' id='word_1_277' title='bbox 3482 1072 3576 1128; x_wconf 90' lang='lat' dir='ltr'><strong>sed</strong></span> <span class='ocrx_word' id='word_1_278' title='bbox 3607 1071 3706 1127; x_wconf 88' lang='lat' dir='ltr'><strong>hoc</strong></span> <span class='ocrx_word' id='word_1_279' title='bbox 3743 1070 3961 1125; x_wconf 92' lang='lat' dir='ltr'><strong>minime</strong></span> <span class='ocrx_word' id='word_1_280' title='bbox 4060 1060 4063 1063; x_wconf 65' lang='grc'><em>’</em></span> 
     </span>
    </p>
   </div>
   <div class='ocr_carea' id='block_1_38' title="bbox 2375 1163 3958 1241">
    <p class='ocr_par' dir='ltr' id='par_1_38' title="bbox 2375 1163 3958 1241">
     <span class='ocr_line' id='line_1_38' title="bbox 2375 1163 3958 1241; baseline -0.006 -16"><span class='ocrx_word' id='word_1_281' title='bbox 2375 1179 2482 1235; x_wconf 89' lang='lat' dir='ltr'><strong>est,</strong></span> <span class='ocrx_word' id='word_1_282' title='bbox 2514 1169 2714 1226; x_wconf 75' lang='lat' dir='ltr'><strong>idcirco</strong></span> <span class='ocrx_word' id='word_1_283' title='bbox 2742 1168 2882 1241; x_wconf 91' lang='lat' dir='ltr'><strong>quod</strong></span> <span class='ocrx_word' id='word_1_284' title='bbox 2913 1168 3160 1240; x_wconf 88' lang='lat' dir='ltr'><strong>quamvis</strong></span> <span class='ocrx_word' id='word_1_285' title='bbox 3186 1168 3293 1223; x_wconf 90' lang='lat' dir='ltr'><strong>sint</strong></span> <span class='ocrx_word' id='word_1_286' title='bbox 3317 1166 3583 1222; x_wconf 72' lang='lat' dir='ltr'><strong>continua</strong></span> <span class='ocrx_word' id='word_1_287' title='bbox 3610 1163 3958 1235; x_wconf 85' lang='lat' dir='ltr'><strong>quantitates,</strong></span> 
     </span>
    </p>
   </div>
   <div class='ocr_carea' id='block_1_39' title="bbox 2376 1255 3959 1329">
    <p class='ocr_par' dir='ltr' id='par_1_39' title="bbox 2376 1255 3959 1329">
     <span class='ocr_line' id='line_1_39' title="bbox 2376 1255 3959 1329; baseline -0.002 -14"><span class='ocrx_word' id='word_1_288' title='bbox 2376 1261 2420 1316; x_wconf 89' lang='lat' dir='ltr'><strong>si</strong></span> <span class='ocrx_word' id='word_1_289' title='bbox 2451 1272 2626 1316; x_wconf 86' lang='lat' dir='ltr'><strong>tamen</strong></span> <span class='ocrx_word' id='word_1_290' title='bbox 2673 1277 2779 1316; x_wconf 90' lang='lat' dir='ltr'><strong>uno</strong></span> <span class='ocrx_word' id='word_1_291' title='bbox 2808 1271 3023 1316; x_wconf 89' lang='lat' dir='ltr'><strong>careant</strong></span> <span class='ocrx_word' id='word_1_292' title='bbox 3050 1275 3114 1315; x_wconf 78' lang='lat' dir='ltr'><strong>ex</strong></span> <span class='ocrx_word' id='word_1_293' title='bbox 3139 1258 3221 1315; x_wconf 88' lang='lat' dir='ltr'><strong>his</strong></span> <span class='ocrx_word' id='word_1_294' title='bbox 3244 1272 3367 1329; x_wconf 70' lang='lat' dir='ltr'><strong>qua:</strong></span> <span class='ocrx_word' id='word_1_295' title='bbox 3385 1255 3629 1326; x_wconf 86' lang='lat' dir='ltr'><strong>superius</strong></span> <span class='ocrx_word' id='word_1_296' title='bbox 3650 1255 3789 1310; x_wconf 86' lang='lat' dir='ltr'><strong>dicta</strong></span> <span class='ocrx_word' id='word_1_297' title='bbox 3814 1264 3959 1316; x_wconf 84' lang='lat' dir='ltr'><strong>sunt.</strong></span> 
     </span>
    </p>
   </div>
   <div class='ocr_carea' id='block_1_40' title="bbox 2378 1346 3957 1424">
    <p class='ocr_par' dir='ltr' id='par_1_40' title="bbox 2378 1346 3957 1424">
     <span class='ocr_line' id='line_1_40' title="bbox 2378 1346 3957 1424; baseline -0.004 -18"><span class='ocrx_word' id='word_1_298' title='bbox 2378 1354 2694 1424; x_wconf 78' lang='lat' dir='ltr'><strong>positionem</strong></span> <span class='ocrx_word' id='word_1_299' title='bbox 2732 1354 2958 1422; x_wconf 88' lang='lat' dir='ltr'><strong>partium</strong></span> <span class='ocrx_word' id='word_1_300' title='bbox 2993 1351 3195 1407; x_wconf 85' lang='lat' dir='ltr'><strong>habere</strong></span> <span class='ocrx_word' id='word_1_301' title='bbox 3232 1365 3339 1405; x_wconf 93' lang='lat' dir='ltr'><strong>non</strong></span> <span class='ocrx_word' id='word_1_302' title='bbox 3373 1357 3614 1419; x_wconf 90' lang='lat' dir='ltr'><strong>possunt.</strong></span> <span class='ocrx_word' id='word_1_303' title='bbox 3659 1346 3791 1403; x_wconf 82' lang='lat' dir='ltr'><strong>Nam</strong></span> <span class='ocrx_word' id='word_1_304' title='bbox 3821 1350 3957 1415; x_wconf 76' lang='lat' dir='ltr'><strong>aqua</strong></span> 
     </span>
    </p>
   </div>
   <div class='ocr_carea' id='block_1_41' title="bbox 2375 1435 3962 1516">
    <p class='ocr_par' dir='ltr' id='par_1_41' title="bbox 2375 1435 3962 1516">
     <span class='ocr_line' id='line_1_41' title="bbox 2375 1435 3962 1516; baseline -0.007 -17"><span class='ocrx_word' id='word_1_305' title='bbox 2375 1460 2535 1516; x_wconf 86' lang='lat' dir='ltr'><strong>quam</strong></span> <span class='ocrx_word' id='word_1_306' title='bbox 2564 1445 2738 1499; x_wconf 87' lang='lat' dir='ltr'><strong>ﬁstula</strong></span> <span class='ocrx_word' id='word_1_307' title='bbox 2765 1443 2989 1512; x_wconf 83' lang='lat' dir='ltr'><strong>evomit,</strong></span> <span class='ocrx_word' id='word_1_308' title='bbox 3019 1443 3144 1496; x_wconf 90' lang='lat' dir='ltr'><strong>dum</strong></span> <span class='ocrx_word' id='word_1_309' title='bbox 3174 1440 3319 1495; x_wconf 89' lang='lat' dir='ltr'><strong>cadit</strong></span> <span class='ocrx_word' id='word_1_310' title='bbox 3348 1439 3561 1510; x_wconf 88' lang='lat' dir='ltr'><strong>quidem</strong></span> <span class='ocrx_word' id='word_1_311' title='bbox 3592 1439 3787 1493; x_wconf 84' lang='lat' dir='ltr'><strong>retinet</strong></span> <span class='ocrx_word' id='word_1_312' title='bbox 3817 1435 3962 1506; x_wconf 85' lang='lat' dir='ltr'><strong>posi-</strong></span> 
     </span>
    </p>
   </div>
   <div class='ocr_carea' id='block_1_42' title="bbox 2377 1526 3983 1604">
    <p class='ocr_par' dir='ltr' id='par_1_42' title="bbox 2377 1526 3983 1604">
     <span class='ocr_line' id='line_1_42' title="bbox 2377 1526 3983 1604; baseline -0.007 -11"><span class='ocrx_word' id='word_1_313' title='bbox 2377 1538 2576 1594; x_wconf 92' lang='lat' dir='ltr'><strong>tionem</strong></span> <span class='ocrx_word' id='word_1_314' title='bbox 2607 1555 2622 1603; x_wconf 93' lang='lat'><strong>;</strong></span> <span class='ocrx_word' id='word_1_315' title='bbox 2652 1551 2775 1592; x_wconf 91' lang='lat' dir='ltr'><strong>eum</strong></span> <span class='ocrx_word' id='word_1_316' title='bbox 2824 1550 2952 1592; x_wconf 88' lang='lat' dir='ltr'><strong>vero</strong></span> <span class='ocrx_word' id='word_1_317' title='bbox 2993 1536 3103 1604; x_wconf 91' lang='lat' dir='ltr'><strong>jam</strong></span> <span class='ocrx_word' id='word_1_318' title='bbox 3152 1533 3333 1589; x_wconf 80' lang='lat' dir='ltr'><strong>eﬁ‘usae</strong></span> <span class='ocrx_word' id='word_1_319' title='bbox 3383 1531 3541 1587; x_wconf 68' lang='lat' dir='ltr'><strong>undae</strong></span> <span class='ocrx_word' id='word_1_320' title='bbox 3580 1545 3639 1586; x_wconf 90' lang='lat' dir='ltr'><strong>se</strong></span> <span class='ocrx_word' id='word_1_321' title='bbox 3667 1526 3983 1595; x_wconf 89' lang='lat' dir='ltr'><strong>miscuerit,-</strong></span> 
     </span>
    </p>
   </div>
   <div class='ocr_carea' id='block_1_43' title="bbox 2378 1624 3964 1704">
    <p class='ocr_par' dir='ltr' id='par_1_43' title="bbox 2378 1624 3964 1704">
     <span class='ocr_line' id='line_1_43' title="bbox 2378 1624 3964 1704; baseline -0.006 -15"><span class='ocrx_word' id='word_1_322' title='bbox 2378 1630 2939 1704; x_wconf 88' lang='lat' dir='ltr'><strong>positionem‘partium</strong></span> <span class='ocrx_word' id='word_1_323' title='bbox 2962 1630 3145 1703; x_wconf 86' lang='lat' dir='ltr'><strong>perdit</strong></span> <span class='ocrx_word' id='word_1_324' title='bbox 3170 1648 3182 1685; x_wconf 92' lang='lat'>:</span> <span class='ocrx_word' id='word_1_325' title='bbox 3209 1641 3268 1685; x_wconf 88' lang='lat' dir='ltr'><strong>et</strong></span> <span class='ocrx_word' id='word_1_326' title='bbox 3295 1628 3487 1685; x_wconf 86' lang='lat' dir='ltr'><strong>ﬂuvius</strong></span> <span class='ocrx_word' id='word_1_327' title='bbox 3512 1641 3727 1699; x_wconf 88' lang='lat' dir='ltr'><strong>quoque</strong></span> <span class='ocrx_word' id='word_1_328' title='bbox 3750 1624 3964 1696; x_wconf 88' lang='lat' dir='ltr'><strong>quando</strong></span> 
     </span>
    </p>
   </div>
   <div class='ocr_carea' id='block_1_44' title="bbox 2375 1717 3981 1797">
    <p class='ocr_par' dir='ltr' id='par_1_44' title="bbox 2375 1717 3981 1797">
     <span class='ocr_line' id='line_1_44' title="bbox 2375 1717 3981 1797; baseline -0.005 -16"><span class='ocrx_word' id='word_1_329' title='bbox 2375 1727 2427 1782; x_wconf 91' lang='lat' dir='ltr'><strong>in</strong></span> <span class='ocrx_word' id='word_1_330' title='bbox 2452 1726 2669 1797; x_wconf 83' lang='lat' dir='ltr'><strong>pelagus</strong></span> <span class='ocrx_word' id='word_1_331' title='bbox 2692 1724 2829 1791; x_wconf 85' lang='lat' dir='ltr'><strong>ﬁuit,</strong></span> <span class='ocrx_word' id='word_1_332' title='bbox 2852 1734 2907 1781; x_wconf 90' lang='lat' dir='ltr'><strong>et</strong></span> <span class='ocrx_word' id='word_1_333' title='bbox 2930 1724 3248 1795; x_wconf 87' lang='lat' dir='ltr'><strong>positionem</strong></span> <span class='ocrx_word' id='word_1_334' title='bbox 3270 1722 3481 1777; x_wconf 89' lang='lat' dir='ltr'><strong>videtur</strong></span> <span class='ocrx_word' id='word_1_335' title='bbox 3508 1721 3707 1775; x_wconf 87' lang='lat' dir='ltr'><strong>habere</strong></span> <span class='ocrx_word' id='word_1_336' title='bbox 3732 1717 3981 1789; x_wconf 82' lang='lat' dir='ltr'><strong>partium-</strong></span> 
     </span>
    </p>
   </div>
   <div class='ocr_carea' id='block_1_45' title="bbox 2375 1806 3963 1885">
    <p class='ocr_par' dir='ltr' id='par_1_45' title="bbox 2375 1806 3963 1885">
     <span class='ocr_line' id='line_1_45' title="bbox 2375 1806 3963 1885; baseline -0.006 -13"><span class='ocrx_word' id='word_1_337' title='bbox 2375 1826 2429 1872; x_wconf 91' lang='lat' dir='ltr'><strong>et</strong></span> <span class='ocrx_word' id='word_1_338' title='bbox 2461 1832 2584 1873; x_wconf 90' lang='lat' dir='ltr'><strong>esse</strong></span> <span class='ocrx_word' id='word_1_339' title='bbox 2614 1818 2919 1885; x_wconf 90' lang='lat' dir='ltr'><strong>continuus,</strong></span> <span class='ocrx_word' id='word_1_340' title='bbox 2960 1829 3080 1869; x_wconf 89' lang='lat' dir='ltr'><strong>eum</strong></span> <span class='ocrx_word' id='word_1_341' title='bbox 3124 1813 3359 1870; x_wconf 90' lang='lat' dir='ltr'><strong>nondum</strong></span> <span class='ocrx_word' id='word_1_342' title='bbox 3399 1811 3617 1866; x_wconf 70' lang='lat' dir='ltr'><strong>marina:</strong></span> <span class='ocrx_word' id='word_1_343' title='bbox 3642 1824 3791 1880; x_wconf 80' lang='lat' dir='ltr'><strong>aquae</strong></span> <span class='ocrx_word' id='word_1_344' title='bbox 3821 1806 3963 1863; x_wconf 91' lang='lat' dir='ltr'><strong>ﬁuvii</strong></span> 
     </span>
    </p>
   </div>
   <div class='ocr_carea' id='block_1_46' title="bbox 2373 1898 3962 1981">
    <p class='ocr_par' dir='ltr' id='par_1_46' title="bbox 2373 1898 3962 1981">
     <span class='ocr_line' id='line_1_46' title="bbox 2373 1898 3962 1981; baseline -0.009 -16"><span class='ocrx_word' id='word_1_345' title='bbox 2373 1909 2683 1981; x_wconf 91' lang='lat' dir='ltr'><strong>superﬁcies</strong></span> <span class='ocrx_word' id='word_1_346' title='bbox 2723 1909 2839 1980; x_wconf 90' lang='lat' dir='ltr'><strong>ipsa</strong></span> <span class='ocrx_word' id='word_1_347' title='bbox 2878 1907 3131 1978; x_wconf 89' lang='lat' dir='ltr'><strong>permista</strong></span> <span class='ocrx_word' id='word_1_348' title='bbox 3169 1912 3283 1970; x_wconf 90' lang='lat' dir='ltr'><strong>est;</strong></span> <span class='ocrx_word' id='word_1_349' title='bbox 3316 1917 3435 1959; x_wconf 92' lang='lat' dir='ltr'><strong>cum</strong></span> <span class='ocrx_word' id='word_1_350' title='bbox 3483 1917 3610 1957; x_wconf 88' lang='lat' dir='ltr'><strong>vero</strong></span> <span class='ocrx_word' id='word_1_351' title='bbox 3650 1898 3962 1956; x_wconf 80' lang='lat' dir='ltr'><strong>extremitas</strong></span> 
     </span>
    </p>
   </div>
   <div class='ocr_carea' id='block_1_47' title="bbox 2297 1989 3960 2066">
    <p class='ocr_par' dir='ltr' id='par_1_47' title="bbox 2297 1989 3960 2066">
     <span class='ocr_line' id='line_1_47' title="bbox 2297 1989 3960 2066; baseline -0.011 -5"><span class='ocrx_word' id='word_1_352' title='bbox 2297 1997 2345 2061; x_wconf 81' lang='grc' dir='ltr'><strong>Β</strong></span> <span class='ocrx_word' id='word_1_353' title='bbox 2371 2004 2547 2059; x_wconf 88' lang='lat' dir='ltr'><strong>amnis</strong></span> <span class='ocrx_word' id='word_1_354' title='bbox 2574 2003 2779 2058; x_wconf 89' lang='lat' dir='ltr'><strong>marina</strong></span> <span class='ocrx_word' id='word_1_355' title='bbox 2800 2000 3069 2056; x_wconf 86' lang='lat' dir='ltr'><strong>alluvione</strong></span> <span class='ocrx_word' id='word_1_356' title='bbox 3096 1995 3441 2066; x_wconf 88' lang='lat' dir='ltr'><strong>contingitur,</strong></span> <span class='ocrx_word' id='word_1_357' title='bbox 3465 2002 3629 2049; x_wconf 89' lang='lat' dir='ltr'><strong>totam</strong></span> <span class='ocrx_word' id='word_1_358' title='bbox 3657 1992 3772 2046; x_wconf 89' lang='lat' dir='ltr'><strong>sine</strong></span> <span class='ocrx_word' id='word_1_359' title='bbox 3793 1989 3960 2045; x_wconf 90' lang='lat' dir='ltr'><strong>dubio</strong></span> 
     </span>
    </p>
   </div>
   <div class='ocr_carea' id='block_1_48' title="bbox 2370 2081 3958 2164">
    <p class='ocr_par' dir='ltr' id='par_1_48' title="bbox 2370 2081 3958 2164">
     <span class='ocr_line' id='line_1_48' title="bbox 2370 2081 3958 2164; baseline -0.007 -17"><span class='ocrx_word' id='word_1_360' title='bbox 2370 2094 2690 2164; x_wconf 85' lang='lat' dir='ltr'><strong>positionem</strong></span> <span class='ocrx_word' id='word_1_361' title='bbox 2723 2093 2931 2148; x_wconf 86' lang='lat' dir='ltr'><strong>videtur</strong></span> <span class='ocrx_word' id='word_1_362' title='bbox 2960 2091 3226 2146; x_wconf 89' lang='lat' dir='ltr'><strong>amittere.</strong></span> <span class='ocrx_word' id='word_1_363' title='bbox 3258 2086 3441 2142; x_wconf 86' lang='lat' dir='ltr'><strong>Oratio</strong></span> <span class='ocrx_word' id='word_1_364' title='bbox 3470 2098 3684 2157; x_wconf 89' lang='lat' dir='ltr'><strong>quoque</strong></span> <span class='ocrx_word' id='word_1_365' title='bbox 3711 2081 3958 2138; x_wconf 84' lang='lat' dir='ltr'><strong>similiter</strong></span> 
     </span>
    </p>
   </div>
   <div class='ocr_carea' id='block_1_49' title="bbox 2369 2175 3960 2259">
    <p class='ocr_par' dir='ltr' id='par_1_49' title="bbox 2369 2175 3960 2259">
     <span class='ocr_line' id='line_1_49' title="bbox 2369 2175 3960 2259; baseline -0.01 -16"><span class='ocrx_word' id='word_1_366' title='bbox 2369 2203 2489 2243; x_wconf 87' lang='lat' dir='ltr'><strong>sese</strong></span> <span class='ocrx_word' id='word_1_367' title='bbox 2532 2187 2874 2253; x_wconf 86' lang='lat' dir='ltr'><strong>habet;nam</strong></span> <span class='ocrx_word' id='word_1_368' title='bbox 2922 2198 3024 2239; x_wconf 89' lang='lat' dir='ltr'><strong>nec</strong></span> <span class='ocrx_word' id='word_1_369' title='bbox 3065 2183 3177 2253; x_wconf 89' lang='lat' dir='ltr'><strong>ipsa</strong></span> <span class='ocrx_word' id='word_1_370' title='bbox 3218 2179 3325 2235; x_wconf 88' lang='lat' dir='ltr'><strong>ullo</strong></span> <span class='ocrx_word' id='word_1_371' title='bbox 3366 2179 3486 2233; x_wconf 81' lang='lat' dir='ltr'><strong>loco</strong></span> <span class='ocrx_word' id='word_1_372' title='bbox 3526 2175 3695 2259; x_wconf 87' lang='lat' dir='ltr'><strong>posita</strong></span> <span class='ocrx_word' id='word_1_373' title='bbox 3730 2182 3833 2236; x_wconf 87' lang='lat' dir='ltr'><strong>est,</strong></span> <span class='ocrx_word' id='word_1_374' title='bbox 3865 2186 3960 2227; x_wconf 83' lang='lat' dir='ltr'><strong>nec</strong></span> 
     </span>
    </p>
   </div>
   <div class='ocr_carea' id='block_1_50' title="bbox 2368 2266 3958 2353">
    <p class='ocr_par' dir='ltr' id='par_1_50' title="bbox 2368 2266 3958 2353">
     <span class='ocr_line' id='line_1_50' title="bbox 2368 2266 3958 2353; baseline -0.011 -16"><span class='ocrx_word' id='word_1_375' title='bbox 2368 2282 2482 2353; x_wconf 88' lang='lat' dir='ltr'><strong>ejus</strong></span> <span class='ocrx_word' id='word_1_376' title='bbox 2514 2288 2693 2349; x_wconf 88' lang='lat' dir='ltr'><strong>partes</strong></span> <span class='ocrx_word' id='word_1_377' title='bbox 2721 2279 2787 2332; x_wconf 90' lang='lat' dir='ltr'><strong>ad</strong></span> <span class='ocrx_word' id='word_1_378' title='bbox 2827 2277 3057 2348; x_wconf 83' lang='lat' dir='ltr'><strong>aliquam</strong></span> <span class='ocrx_word' id='word_1_379' title='bbox 3093 2274 3504 2344; x_wconf 85' lang='lat' dir='ltr'><strong>coniunguntur,</strong></span> <span class='ocrx_word' id='word_1_380' title='bbox 3546 2269 3643 2325; x_wconf 87' lang='lat' dir='ltr'><strong>sed</strong></span> <span class='ocrx_word' id='word_1_381' title='bbox 3668 2283 3697 2322; x_wconf 89' lang='lat' dir='ltr'><strong>a</strong></span> <span class='ocrx_word' id='word_1_382' title='bbox 3728 2282 3788 2323; x_wconf 89' lang='lat' dir='ltr'><strong>se</strong></span> <span class='ocrx_word' id='word_1_383' title='bbox 3815 2266 3958 2321; x_wconf 92' lang='lat' dir='ltr'><strong>invi-</strong></span> 
     </span>
    </p>
   </div>
   <div class='ocr_carea' id='block_1_51' title="bbox 2366 2359 3955 2433">
    <p class='ocr_par' dir='ltr' id='par_1_51' title="bbox 2366 2359 3955 2433">
     <span class='ocr_line' id='line_1_51' title="bbox 2366 2359 3955 2433; baseline -0.011 -4"><span class='ocrx_word' id='word_1_384' title='bbox 2366 2389 2481 2430; x_wconf 89' lang='lat' dir='ltr'><strong>cem</strong></span> <span class='ocrx_word' id='word_1_385' title='bbox 2513 2372 2619 2427; x_wconf 78' lang='lat' dir='ltr'><strong>illa:</strong></span> <span class='ocrx_word' id='word_1_386' title='bbox 2651 2372 2899 2426; x_wconf 64' lang='lat' dir='ltr'><strong>discretae</strong></span> <span class='ocrx_word' id='word_1_387' title='bbox 2944 2376 3089 2433; x_wconf 89' lang='lat' dir='ltr'><strong>sunt,</strong></span> <span class='ocrx_word' id='word_1_388' title='bbox 3122 2380 3221 2422; x_wconf 92' lang='lat' dir='ltr'><strong>nec</strong></span> <span class='ocrx_word' id='word_1_389' title='bbox 3261 2380 3382 2427; x_wconf 91' lang='lat' dir='ltr'><strong>cum</strong></span> <span class='ocrx_word' id='word_1_390' title='bbox 3421 2363 3538 2433; x_wconf 89' lang='lat' dir='ltr'><strong>ejus</strong></span> <span class='ocrx_word' id='word_1_391' title='bbox 3579 2368 3759 2431; x_wconf 87' lang='lat' dir='ltr'><strong>partes</strong></span> <span class='ocrx_word' id='word_1_392' title='bbox 3796 2359 3955 2414; x_wconf 70' lang='lat' dir='ltr'><strong>dictae</strong></span> 
     </span>
    </p>
   </div>
   <div class='ocr_carea' id='block_1_52' title="bbox 2367 2451 3956 2536">
    <p class='ocr_par' dir='ltr' id='par_1_52' title="bbox 2367 2451 3956 2536">
     <span class='ocr_line' id='line_1_52' title="bbox 2367 2451 3956 2536; baseline -0.011 -16"><span class='ocrx_word' id='word_1_393' title='bbox 2367 2474 2513 2533; x_wconf 89' lang='lat' dir='ltr'><strong>sunt,</strong></span> <span class='ocrx_word' id='word_1_394' title='bbox 2544 2472 2877 2536; x_wconf 86' lang='lat' dir='ltr'><strong>permanent,</strong></span> <span class='ocrx_word' id='word_1_395' title='bbox 2910 2471 3069 2532; x_wconf 85' lang='lat' dir='ltr'><strong>atque</strong></span> <span class='ocrx_word' id='word_1_396' title='bbox 3088 2459 3191 2514; x_wconf 91' lang='lat' dir='ltr'><strong>hoc</strong></span> <span class='ocrx_word' id='word_1_397' title='bbox 3218 2467 3299 2513; x_wconf 88' lang='lat' dir='ltr'><strong>est</strong></span> <span class='ocrx_word' id='word_1_398' title='bbox 3323 2455 3465 2528; x_wconf 88' lang='lat' dir='ltr'><strong>quod</strong></span> <span class='ocrx_word' id='word_1_399' title='bbox 3495 2455 3591 2509; x_wconf 89' lang='lat' dir='ltr'><strong>ait.</strong></span> <span class='ocrx_word' id='word_1_400' title='bbox 3624 2452 3731 2510; x_wconf 86' lang='lat' dir='ltr'><strong>Sed</strong></span> <span class='ocrx_word' id='word_1_401' title='bbox 3758 2451 3956 2506; x_wconf 88' lang='lat' dir='ltr'><strong>dictum</strong></span> 
     </span>
    </p>
   </div>
   <div class='ocr_carea' id='block_1_53' title="bbox 2369 2544 3959 2625">
    <p class='ocr_par' dir='ltr' id='par_1_53' title="bbox 2369 2544 3959 2625">
     <span class='ocr_line' id='line_1_53' title="bbox 2369 2544 3959 2625; baseline -0.011 -12"><span class='ocrx_word' id='word_1_402' title='bbox 2369 2567 2472 2625; x_wconf 86' lang='lat' dir='ltr'><strong>est,</strong></span> <span class='ocrx_word' id='word_1_403' title='bbox 2504 2566 2559 2612; x_wconf 89' lang='lat' dir='ltr'><strong>et</strong></span> <span class='ocrx_word' id='word_1_404' title='bbox 2602 2571 2708 2611; x_wconf 93' lang='lat' dir='ltr'><strong>non</strong></span> <span class='ocrx_word' id='word_1_405' title='bbox 2749 2566 2834 2611; x_wconf 90' lang='lat' dir='ltr'><strong>est</strong></span> <span class='ocrx_word' id='word_1_406' title='bbox 2870 2554 3007 2610; x_wconf 89' lang='lat' dir='ltr'><strong>ultra</strong></span> <span class='ocrx_word' id='word_1_407' title='bbox 3056 2552 3157 2607; x_wconf 89' lang='lat' dir='ltr'><strong>hoc</strong></span> <span class='ocrx_word' id='word_1_408' title='bbox 3200 2550 3360 2606; x_wconf 91' lang='lat' dir='ltr'><strong>sumi.</strong></span> <span class='ocrx_word' id='word_1_409' title='bbox 3412 2546 3530 2602; x_wconf 80' lang='lat' dir='ltr'><strong>Mox</strong></span> <span class='ocrx_word' id='word_1_410' title='bbox 3574 2545 3717 2602; x_wconf 89' lang='lat' dir='ltr'><strong>enim</strong></span> <span class='ocrx_word' id='word_1_411' title='bbox 3763 2544 3959 2599; x_wconf 88' lang='lat' dir='ltr'><strong>dicitur</strong></span> 
     </span>
    </p>
   </div>
   <div class='ocr_carea' id='block_1_54' title="bbox 2369 2638 3958 2717">
    <p class='ocr_par' dir='ltr' id='par_1_54' title="bbox 2369 2638 3958 2717">
     <span class='ocr_line' id='line_1_54' title="bbox 2369 2638 3958 2717; baseline -0.006 -12"><span class='ocrx_word' id='word_1_412' title='bbox 2369 2663 2570 2716; x_wconf 89' lang='lat' dir='ltr'><strong>sermo,</strong></span> <span class='ocrx_word' id='word_1_413' title='bbox 2610 2663 2735 2703; x_wconf 79' lang='lat' dir='ltr'><strong>mox</strong></span> <span class='ocrx_word' id='word_1_414' title='bbox 2782 2646 3037 2717; x_wconf 67' lang='lat' dir='ltr'><strong>praeterit,</strong></span> <span class='ocrx_word' id='word_1_415' title='bbox 3077 2659 3177 2700; x_wconf 91' lang='lat' dir='ltr'><strong>nec</strong></span> <span class='ocrx_word' id='word_1_416' title='bbox 3217 2643 3320 2698; x_wconf 83' lang='lat' dir='ltr'><strong>ulla</strong></span> <span class='ocrx_word' id='word_1_417' title='bbox 3360 2639 3571 2698; x_wconf 88' lang='lat' dir='ltr'><strong>ratione</strong></span> <span class='ocrx_word' id='word_1_418' title='bbox 3608 2638 3803 2710; x_wconf 84' lang='lat' dir='ltr'><strong>poterit</strong></span> <span class='ocrx_word' id='word_1_419' title='bbox 3840 2650 3958 2707; x_wconf 87' lang='lat' dir='ltr'><strong>per.</strong></span> 
     </span>
    </p>
   </div>
   <div class='ocr_carea' id='block_1_55' title="bbox 2370 2734 3957 2813">
    <p class='ocr_par' dir='ltr' id='par_1_55' title="bbox 2370 2734 3957 2813">
     <span class='ocr_line' id='line_1_55' title="bbox 2370 2734 3957 2813; baseline -0.005 -16"><span class='ocrx_word' id='word_1_420' title='bbox 2370 2758 2606 2808; x_wconf 83' lang='lat' dir='ltr'><strong>manere,</strong></span> <span class='ocrx_word' id='word_1_421' title='bbox 2635 2756 2802 2813; x_wconf 91' lang='lat' dir='ltr'><strong>quare</strong></span> <span class='ocrx_word' id='word_1_422' title='bbox 2831 2755 2955 2796; x_wconf 85' lang='lat' dir='ltr'><strong>mox</strong></span> <span class='ocrx_word' id='word_1_423' title='bbox 2982 2749 3037 2794; x_wconf 94' lang='lat' dir='ltr'><strong>ut</strong></span> <span class='ocrx_word' id='word_1_424' title='bbox 3067 2736 3265 2809; x_wconf 91' lang='lat' dir='ltr'><strong>aliquid</strong></span> <span class='ocrx_word' id='word_1_425' title='bbox 3292 2738 3492 2793; x_wconf 90' lang='lat' dir='ltr'><strong>dictum</strong></span> <span class='ocrx_word' id='word_1_426' title='bbox 3519 2736 3608 2800; x_wconf 88' lang='lat' dir='ltr'><strong>sit,</strong></span> <span class='ocrx_word' id='word_1_427' title='bbox 3637 2734 3751 2804; x_wconf 85' lang='lat' dir='ltr'><strong>ejus</strong></span> <span class='ocrx_word' id='word_1_428' title='bbox 3781 2743 3957 2804; x_wconf 86' lang='lat' dir='ltr'><strong>partes</strong></span> 
     </span>
    </p>
   </div>
   <div class='ocr_carea' id='block_1_56' title="bbox 2368 2828 3947 2901">
    <p class='ocr_par' dir='ltr' id='par_1_56' title="bbox 2368 2828 3947 2901">
     <span class='ocr_line' id='line_1_56' title="bbox 2368 2828 3947 2901; baseline -0.006 -10"><span class='ocrx_word' id='word_1_429' title='bbox 2368 2835 2579 2891; x_wconf 88' lang='lat' dir='ltr'><strong>ostendi</strong></span> <span class='ocrx_word' id='word_1_430' title='bbox 2608 2844 2662 2890; x_wconf 91' lang='lat' dir='ltr'><strong>et</strong></span> <span class='ocrx_word' id='word_1_431' title='bbox 2688 2834 3149 2891; x_wconf 82' lang='lat' dir='ltr'><strong>demonstratione</strong></span> <span class='ocrx_word' id='word_1_432' title='bbox 3183 2831 3321 2887; x_wconf 91' lang='lat' dir='ltr'><strong>sumi</strong></span> <span class='ocrx_word' id='word_1_433' title='bbox 3352 2846 3457 2887; x_wconf 93' lang='lat' dir='ltr'><strong>non</strong></span> <span class='ocrx_word' id='word_1_434' title='bbox 3517 2841 3759 2901; x_wconf 90' lang='lat' dir='ltr'><strong>possunt.</strong></span> <span class='ocrx_word' id='word_1_435' title='bbox 3816 2828 3947 2884; x_wconf 86' lang='lat' dir='ltr'><strong>Con-</strong></span> 
     </span>
    </p>
   </div>
   <div class='ocr_carea' id='block_1_57' title="bbox 2367 2921 3953 2997">
    <p class='ocr_par' dir='ltr' id='par_1_57' title="bbox 2367 2921 3953 2997">
     <span class='ocr_line' id='line_1_57' title="bbox 2367 2921 3953 2997; baseline -0.003 -16"><span class='ocrx_word' id='word_1_436' title='bbox 2367 2934 2475 2981; x_wconf 84' lang='lat' dir='ltr'><strong>stat</strong></span> <span class='ocrx_word' id='word_1_437' title='bbox 2514 2926 2672 2997; x_wconf 88' lang='lat' dir='ltr'><strong>igitur</strong></span> <span class='ocrx_word' id='word_1_438' title='bbox 2699 2926 2999 2981; x_wconf 89' lang='lat' dir='ltr'><strong>orationem</strong></span> <span class='ocrx_word' id='word_1_439' title='bbox 3028 2938 3241 2994; x_wconf 92' lang='lat' dir='ltr'><strong>quoque</strong></span> <span class='ocrx_word' id='word_1_440' title='bbox 3275 2938 3345 2978; x_wconf 82' lang='lat' dir='ltr'><strong>ex</strong></span> <span class='ocrx_word' id='word_1_441' title='bbox 3385 2923 3467 2977; x_wconf 91' lang='lat' dir='ltr'><strong>his</strong></span> <span class='ocrx_word' id='word_1_442' title='bbox 3503 2937 3623 2979; x_wconf 87' lang='lat' dir='ltr'><strong>esse</strong></span> <span class='ocrx_word' id='word_1_443' title='bbox 3658 2939 3776 2993; x_wconf 81' lang='lat' dir='ltr'><strong>quae</strong></span> <span class='ocrx_word' id='word_1_444' title='bbox 3812 2921 3953 2993; x_wconf 81' lang='lat' dir='ltr'><strong>posi-</strong></span> 
     </span>
    </p>
   </div>
   <div class='ocr_carea' id='block_1_58' title="bbox 2371 3016 3955 3088">
    <p class='ocr_par' dir='ltr' id='par_1_58' title="bbox 2371 3016 3955 3088">
     <span class='ocr_line' id='line_1_58' title="bbox 2371 3016 3955 3088; baseline -0.003 -15"><span class='ocrx_word' id='word_1_445' title='bbox 2371 3018 2566 3074; x_wconf 89' lang='lat' dir='ltr'><strong>tionem</strong></span> <span class='ocrx_word' id='word_1_446' title='bbox 2612 3018 2839 3088; x_wconf 86' lang='lat' dir='ltr'><strong>partium</strong></span> <span class='ocrx_word' id='word_1_447' title='bbox 2871 3033 2978 3073; x_wconf 93' lang='lat' dir='ltr'><strong>non</strong></span> <span class='ocrx_word' id='word_1_448' title='bbox 3009 3016 3228 3081; x_wconf 84' lang='lat' dir='ltr'><strong>habent,</strong></span> <span class='ocrx_word' id='word_1_449' title='bbox 3261 3019 3327 3075; x_wconf 90' lang='lat' dir='ltr'><strong>de</strong></span> <span class='ocrx_word' id='word_1_450' title='bbox 3358 3017 3546 3074; x_wconf 91' lang='lat' dir='ltr'><strong>ordine</strong></span> <span class='ocrx_word' id='word_1_451' title='bbox 3578 3032 3703 3072; x_wconf 89' lang='lat' dir='ltr'><strong>vero</strong></span> <span class='ocrx_word' id='word_1_452' title='bbox 3743 3016 3955 3070; x_wconf 89' lang='lat' dir='ltr'><strong>dubium</strong></span> 
     </span>
    </p>
   </div>
   <div class='ocr_carea' id='block_1_59' title="bbox 2368 3105 3943 3184">
    <p class='ocr_par' dir='ltr' id='par_1_59' title="bbox 2368 3105 3943 3184">
     <span class='ocr_line' id='line_1_59' title="bbox 2368 3105 3943 3184; baseline -0.004 -17"><span class='ocrx_word' id='word_1_453' title='bbox 2368 3121 2471 3167; x_wconf 90' lang='lat' dir='ltr'><strong>est.</strong></span> <span class='ocrx_word' id='word_1_454' title='bbox 2511 3110 2642 3166; x_wconf 87' lang='lat' dir='ltr'><strong>Nam</strong></span> <span class='ocrx_word' id='word_1_455' title='bbox 2672 3113 2716 3167; x_wconf 90' lang='lat' dir='ltr'><strong>si</strong></span> <span class='ocrx_word' id='word_1_456' title='bbox 2756 3112 2877 3183; x_wconf 90' lang='lat' dir='ltr'><strong>quis</strong></span> <span class='ocrx_word' id='word_1_457' title='bbox 2917 3126 3096 3168; x_wconf 90' lang='lat' dir='ltr'><strong>sermo</strong></span> <span class='ocrx_word' id='word_1_458' title='bbox 3127 3113 3329 3184; x_wconf 89' lang='lat' dir='ltr'><strong>aliquid</strong></span> <span class='ocrx_word' id='word_1_459' title='bbox 3365 3112 3648 3183; x_wconf 86' lang='lat' dir='ltr'><strong>signiﬁcet,</strong></span> <span class='ocrx_word' id='word_1_460' title='bbox 3679 3118 3738 3164; x_wconf 94' lang='lat' dir='ltr'><strong>ut</strong></span> <span class='ocrx_word' id='word_1_461' title='bbox 3767 3118 3849 3164; x_wconf 89' lang='lat' dir='ltr'><strong>est</strong></span> <span class='ocrx_word' id='word_1_462' title='bbox 3877 3105 3943 3162; x_wconf 77' lang='lat' dir='ltr'><strong>Ci-</strong></span> 
     </span>
    </p>
   </div>
   <div class='ocr_carea' id='block_1_60' title="bbox 2370 3201 3953 3277">
    <p class='ocr_par' dir='ltr' id='par_1_60' title="bbox 2370 3201 3953 3277">
     <span class='ocr_line' id='line_1_60' title="bbox 2370 3201 3953 3277; baseline -0.004 -18"><span class='ocrx_word' id='word_1_463' title='bbox 2370 3218 2521 3271; x_wconf 90' lang='lat' dir='ltr'><strong>cero,</strong></span> <span class='ocrx_word' id='word_1_464' title='bbox 2552 3211 2635 3259; x_wconf 91' lang='lat' dir='ltr'><strong>est</strong></span> <span class='ocrx_word' id='word_1_465' title='bbox 2663 3204 2716 3258; x_wconf 91' lang='lat' dir='ltr'><strong>in</strong></span> <span class='ocrx_word' id='word_1_466' title='bbox 2742 3218 2807 3259; x_wconf 92' lang='lat' dir='ltr'><strong>eo</strong></span> <span class='ocrx_word' id='word_1_467' title='bbox 2837 3204 3052 3275; x_wconf 87' lang='lat' dir='ltr'><strong>quidam</strong></span> <span class='ocrx_word' id='word_1_468' title='bbox 3082 3205 3212 3261; x_wconf 91' lang='lat' dir='ltr'><strong>ordo</strong></span> <span class='ocrx_word' id='word_1_469' title='bbox 3245 3204 3386 3277; x_wconf 90' lang='lat' dir='ltr'><strong>quod</strong></span> <span class='ocrx_word' id='word_1_470' title='bbox 3417 3204 3463 3258; x_wconf 85' lang='lat' dir='ltr'><strong>ci</strong></span> <span class='ocrx_word' id='word_1_471' title='bbox 3492 3202 3699 3275; x_wconf 86' lang='lat' dir='ltr'><strong>syllaba</strong></span> <span class='ocrx_word' id='word_1_472' title='bbox 3731 3201 3953 3272; x_wconf 89' lang='lat' dir='ltr'><strong>primum</strong></span> 
     </span>
    </p>
   </div>
   <div class='ocr_carea' id='block_1_61' title="bbox 2372 3294 3948 3367">
    <p class='ocr_par' dir='ltr' id='par_1_61' title="bbox 2372 3294 3948 3367">
     <span class='ocr_line' id='line_1_61' title="bbox 2372 3294 3948 3367; baseline -0.002 -15"><span class='ocrx_word' id='word_1_473' title='bbox 2372 3297 2585 3365; x_wconf 89' lang='lat' dir='ltr'><strong>dicitur,</strong></span> <span class='ocrx_word' id='word_1_474' title='bbox 2617 3298 2851 3354; x_wconf 85' lang='lat' dir='ltr'><strong>secunda</strong></span> <span class='ocrx_word' id='word_1_475' title='bbox 2882 3314 3006 3354; x_wconf 90' lang='lat' dir='ltr'><strong>vero</strong></span> <span class='ocrx_word' id='word_1_476' title='bbox 3033 3315 3105 3367; x_wconf 90' lang='lat' dir='ltr'><strong>ce,</strong></span> <span class='ocrx_word' id='word_1_477' title='bbox 3140 3300 3297 3355; x_wconf 85' lang='lat' dir='ltr'><strong>tertia</strong></span> <span class='ocrx_word' id='word_1_478' title='bbox 3324 3316 3402 3365; x_wconf 91' lang='lat' dir='ltr'><strong>ro,</strong></span> <span class='ocrx_word' id='word_1_479' title='bbox 3426 3306 3479 3353; x_wconf 90' lang='lat' dir='ltr'><strong>et</strong></span> <span class='ocrx_word' id='word_1_480' title='bbox 3504 3298 3677 3367; x_wconf 92' lang='lat' dir='ltr'><strong>potius</strong></span> <span class='ocrx_word' id='word_1_481' title='bbox 3704 3311 3765 3350; x_wconf 80' lang='lat' dir='ltr'><strong>ex</strong></span> <span class='ocrx_word' id='word_1_482' title='bbox 3798 3294 3948 3364; x_wconf 88' lang='lat' dir='ltr'><strong>signi-</strong></span> 
     </span>
    </p>
   </div>
   <div class='ocr_carea' id='block_1_62' title="bbox 686 3378 3953 3460">
    <p class='ocr_par' dir='ltr' id='par_1_62' title="bbox 686 3378 3953 3460">
     <span class='ocr_line' id='line_1_62' title="bbox 686 3378 3953 3460; baseline 0 -18"><span class='ocrx_word' id='word_1_483' title='bbox 686 3388 949 3443; x_wconf 90' lang='lat' dir='ltr'><strong>discretus</strong></span> <span class='ocrx_word' id='word_1_484' title='bbox 977 3394 1081 3452; x_wconf 88' lang='lat' dir='ltr'><strong>est,</strong></span> <span class='ocrx_word' id='word_1_485' title='bbox 1110 3400 1209 3442; x_wconf 90' lang='lat' dir='ltr'><strong>nec</strong></span> <span class='ocrx_word' id='word_1_486' title='bbox 1237 3394 1413 3456; x_wconf 90' lang='lat' dir='ltr'><strong>partes</strong></span> <span class='ocrx_word' id='word_1_487' title='bbox 1440 3384 1556 3455; x_wconf 86' lang='lat' dir='ltr'><strong>ejus</strong></span> <span class='ocrx_word' id='word_1_488' title='bbox 1583 3384 1651 3441; x_wconf 91' lang='lat' dir='ltr'><strong>ad</strong></span> <span class='ocrx_word' id='word_1_489' title='bbox 1682 3400 1743 3442; x_wconf 91' lang='lat' dir='ltr'><strong>se</strong></span> <span class='ocrx_word' id='word_1_490' title='bbox 1775 3386 2005 3443; x_wconf 90' lang='lat' dir='ltr'><strong>invicem</strong></span> <span class='ocrx_word' id='word_1_491' title='bbox 2035 3386 2264 3458; x_wconf 87' lang='lat' dir='ltr'><strong>conjuu-</strong></span> <span class='ocrx_word' id='word_1_492' title='bbox 2293 3378 2340 3443; x_wconf 84' lang='lat' dir='ltr'><strong><em>C</em></strong></span> <span class='ocrx_word' id='word_1_493' title='bbox 2371 3389 2620 3447; x_wconf 83' lang='lat' dir='ltr'><strong>ﬁeatione</strong></span> <span class='ocrx_word' id='word_1_494' title='bbox 2648 3390 2891 3449; x_wconf 86' lang='lat' dir='ltr'><strong>ordinem</strong></span> <span class='ocrx_word' id='word_1_495' title='bbox 2923 3393 3119 3457; x_wconf 90' lang='lat' dir='ltr'><strong>sumit;</strong></span> <span class='ocrx_word' id='word_1_496' title='bbox 3155 3392 3199 3447; x_wconf 88' lang='lat' dir='ltr'><strong>si</strong></span> <span class='ocrx_word' id='word_1_497' title='bbox 3227 3406 3355 3446; x_wconf 87' lang='lat' dir='ltr'><strong>vero</strong></span> <span class='ocrx_word' id='word_1_498' title='bbox 3383 3390 3515 3445; x_wconf 69' lang='lat' dir='ltr'><strong>nihil</strong></span> <span class='ocrx_word' id='word_1_499' title='bbox 3546 3387 3823 3460; x_wconf 85' lang='lat' dir='ltr'><strong>signiﬁcet,</strong></span> <span class='ocrx_word' id='word_1_500' title='bbox 3856 3401 3953 3442; x_wconf 88' lang='lat' dir='ltr'><strong>nec</strong></span> 
     </span>
    </p>
   </div>
   <div class='ocr_carea' id='block_1_63' title="bbox 685 3474 2267 3552">
    <p class='ocr_par' dir='ltr' id='par_1_63' title="bbox 685 3474 2267 3552">
     <span class='ocr_line' id='line_1_63' title="bbox 685 3474 2267 3552; baseline 0.003 -17"><span class='ocrx_word' id='word_1_501' title='bbox 685 3490 899 3551; x_wconf 89' lang='lat' dir='ltr'><strong>guntur,</strong></span> <span class='ocrx_word' id='word_1_502' title='bbox 929 3479 1021 3536; x_wconf 89' lang='lat' dir='ltr'><strong>sed</strong></span> <span class='ocrx_word' id='word_1_503' title='bbox 1048 3479 1264 3536; x_wconf 92' lang='lat' dir='ltr'><strong>omnino</strong></span> <span class='ocrx_word' id='word_1_504' title='bbox 1286 3480 1534 3535; x_wconf 65' lang='lat' dir='ltr'><strong>discreta:</strong></span> <span class='ocrx_word' id='word_1_505' title='bbox 1560 3488 1705 3535; x_wconf 92' lang='lat' dir='ltr'><strong>sunt.</strong></span> <span class='ocrx_word' id='word_1_506' title='bbox 1733 3480 1906 3552; x_wconf 84' lang='lat' dir='ltr'><strong>Atque</strong></span> <span class='ocrx_word' id='word_1_507' title='bbox 1935 3481 2132 3537; x_wconf 92' lang='lat' dir='ltr'><strong>ideirco</strong></span> <span class='ocrx_word' id='word_1_508' title='bbox 2160 3474 2267 3539; x_wconf 85' lang='lat' dir='ltr'><strong>non</strong></span> 
     </span>
    </p>
   </div>
   <div class='ocr_carea' id='block_1_64' title="bbox 685 3570 2266 3645">
    <p class='ocr_par' dir='ltr' id='par_1_64' title="bbox 685 3570 2266 3645">
     <span class='ocr_line' id='line_1_64' title="bbox 685 3570 2266 3645; baseline 0.001 -17"><span class='ocrx_word' id='word_1_509' title='bbox 685 3582 767 3629; x_wconf 89' lang='lat' dir='ltr'><strong>est</strong></span> <span class='ocrx_word' id='word_1_510' title='bbox 791 3587 857 3628; x_wconf 84' lang='lat' dir='ltr'><strong>ex</strong></span> <span class='ocrx_word' id='word_1_511' title='bbox 891 3572 956 3628; x_wconf 90' lang='lat' dir='ltr'><strong>iis</strong></span> <span class='ocrx_word' id='word_1_512' title='bbox 980 3587 1097 3642; x_wconf 75' lang='lat' dir='ltr'><strong>qua:</strong></span> <span class='ocrx_word' id='word_1_513' title='bbox 1118 3571 1314 3628; x_wconf 85' lang='lat' dir='ltr'><strong>habent</strong></span> <span class='ocrx_word' id='word_1_514' title='bbox 1339 3570 1407 3628; x_wconf 87' lang='lat' dir='ltr'><strong>&#39;ad</strong></span> <span class='ocrx_word' id='word_1_515' title='bbox 1435 3586 1495 3627; x_wconf 88' lang='lat' dir='ltr'><strong>se</strong></span> <span class='ocrx_word' id='word_1_516' title='bbox 1520 3571 1747 3629; x_wconf 83' lang='lat' dir='ltr'><strong>invicem</strong></span> <span class='ocrx_word' id='word_1_517' title='bbox 1776 3573 2005 3643; x_wconf 89' lang='lat' dir='ltr'><strong>aliquam</strong></span> <span class='ocrx_word' id='word_1_518' title='bbox 2036 3571 2266 3645; x_wconf 86' lang='lat' dir='ltr'><strong>partium</strong></span> 
     </span>
    </p>
   </div>
   <div class='ocr_carea' id='block_1_65' title="bbox 692 3663 2269 3735">
    <p class='ocr_par' dir='ltr' id='par_1_65' title="bbox 692 3663 2269 3735">
     <span class='ocr_line' id='line_1_65' title="bbox 692 3663 2269 3735; baseline 0.001 -15"><span class='ocrx_word' id='word_1_519' title='bbox 692 3664 1032 3734; x_wconf 89' lang='lat' dir='ltr'><strong>positionem,</strong></span> <span class='ocrx_word' id='word_1_520' title='bbox 1065 3679 1165 3720; x_wconf 89' lang='lat' dir='ltr'><strong>nec</strong></span> <span class='ocrx_word' id='word_1_521' title='bbox 1194 3679 1320 3720; x_wconf 89' lang='lat' dir='ltr'><strong>vero</strong></span> <span class='ocrx_word' id='word_1_522' title='bbox 1351 3664 1525 3733; x_wconf 90' lang='lat' dir='ltr'><strong>possis</strong></span> <span class='ocrx_word' id='word_1_523' title='bbox 1562 3663 1843 3721; x_wconf 89' lang='lat' dir='ltr'><strong>ostendere</strong></span> <span class='ocrx_word' id='word_1_524' title='bbox 1882 3665 1973 3735; x_wconf 88' lang='lat' dir='ltr'><strong>qui</strong></span> <span class='ocrx_word' id='word_1_525' title='bbox 2014 3680 2269 3722; x_wconf 90' lang='lat' dir='ltr'><strong>numerus</strong></span> 
     </span>
    </p>
   </div>
   <div class='ocr_carea' id='block_1_66' title="bbox 685 3755 2265 3826">
    <p class='ocr_par' dir='ltr' id='par_1_66' title="bbox 685 3755 2265 3826">
     <span class='ocr_line' id='line_1_66' title="bbox 685 3755 2265 3826; baseline 0.003 -17"><span class='ocrx_word' id='word_1_526' title='bbox 685 3771 791 3825; x_wconf 88' lang='lat' dir='ltr'><strong>quo</strong></span> <span class='ocrx_word' id='word_1_527' title='bbox 835 3755 954 3812; x_wconf 88' lang='lat' dir='ltr'><strong>loco</strong></span> <span class='ocrx_word' id='word_1_528' title='bbox 986 3756 1162 3826; x_wconf 88' lang='lat' dir='ltr'><strong>jaceat</strong></span> <span class='ocrx_word' id='word_1_529' title='bbox 1192 3772 1205 3812; x_wconf 85' lang='lat'><strong>:</strong></span> <span class='ocrx_word' id='word_1_530' title='bbox 1231 3755 1432 3812; x_wconf 89' lang='lat' dir='ltr'><strong>habere</strong></span> <span class='ocrx_word' id='word_1_531' title='bbox 1478 3764 1656 3813; x_wconf 90' lang='lat' dir='ltr'><strong>autem</strong></span> <span class='ocrx_word' id='word_1_532' title='bbox 1697 3755 2012 3825; x_wconf 89' lang='lat' dir='ltr'><strong>positionem</strong></span> <span class='ocrx_word' id='word_1_533' title='bbox 2050 3756 2265 3825; x_wconf 88' lang='lat' dir='ltr'><strong>dicitur,</strong></span> 
     </span>
    </p>
   </div>
   <div class='ocr_carea' id='block_1_67' title="bbox 685 3844 2269 3920">
    <p class='ocr_par' dir='ltr' id='par_1_67' title="bbox 685 3844 2269 3920">
     <span class='ocr_line' id='line_1_67' title="bbox 685 3844 2269 3920; baseline 0.002 -18"><span class='ocrx_word' id='word_1_534' title='bbox 685 3844 826 3918; x_wconf 87' lang='lat' dir='ltr'><strong>quod</strong></span> <span class='ocrx_word' id='word_1_535' title='bbox 856 3849 937 3918; x_wconf 88' lang='lat' dir='ltr'><strong>(ut</strong></span> <span class='ocrx_word' id='word_1_536' title='bbox 959 3848 1158 3904; x_wconf 87' lang='lat' dir='ltr'><strong>dictum</strong></span> <span class='ocrx_word' id='word_1_537' title='bbox 1186 3846 1290 3919; x_wconf 89' lang='lat' dir='ltr'><strong>est)</strong></span> <span class='ocrx_word' id='word_1_538' title='bbox 1314 3857 1369 3904; x_wconf 92' lang='lat' dir='ltr'><strong>et</strong></span> <span class='ocrx_word' id='word_1_539' title='bbox 1394 3848 1448 3904; x_wconf 90' lang='lat' dir='ltr'><strong>in</strong></span> <span class='ocrx_word' id='word_1_540' title='bbox 1475 3848 1595 3904; x_wconf 92' lang='lat' dir='ltr'><strong>loco</strong></span> <span class='ocrx_word' id='word_1_541' title='bbox 1618 3848 1796 3920; x_wconf 86' lang='lat' dir='ltr'><strong>aliquo</strong></span> <span class='ocrx_word' id='word_1_542' title='bbox 1823 3849 2054 3919; x_wconf 89' lang='lat' dir='ltr'><strong>positum</strong></span> <span class='ocrx_word' id='word_1_543' title='bbox 2082 3858 2185 3917; x_wconf 86' lang='lat' dir='ltr'><strong>est,</strong></span> <span class='ocrx_word' id='word_1_544' title='bbox 2213 3857 2269 3905; x_wconf 93' lang='lat' dir='ltr'><strong>et</strong></span> 
     </span>
    </p>
   </div>
   <div class='ocr_carea' id='block_1_68' title="bbox 686 3939 2268 4011">
    <p class='ocr_par' dir='ltr' id='par_1_68' title="bbox 686 3939 2268 4011">
     <span class='ocr_line' id='line_1_68' title="bbox 686 3939 2268 4011; baseline 0 -16"><span class='ocrx_word' id='word_1_545' title='bbox 686 3941 797 4010; x_wconf 84' lang='lat' dir='ltr'><strong>ipsa</strong></span> <span class='ocrx_word' id='word_1_546' title='bbox 822 3940 1014 4011; x_wconf 90' lang='lat' dir='ltr'><strong>positio</strong></span> <span class='ocrx_word' id='word_1_547' title='bbox 1038 3941 1376 3998; x_wconf 88' lang='lat' dir='ltr'><strong>manentibus</strong></span> <span class='ocrx_word' id='word_1_548' title='bbox 1402 3941 1640 4011; x_wconf 86' lang='lat' dir='ltr'><strong>partibus</strong></span> <span class='ocrx_word' id='word_1_549' title='bbox 1665 3949 1898 4007; x_wconf 89' lang='lat' dir='ltr'><strong>constat,</strong></span> <span class='ocrx_word' id='word_1_550' title='bbox 1926 3948 1981 3996; x_wconf 90' lang='lat' dir='ltr'><strong>et</strong></span> <span class='ocrx_word' id='word_1_551' title='bbox 2008 3940 2075 3997; x_wconf 90' lang='lat' dir='ltr'><strong>ad</strong></span> <span class='ocrx_word' id='word_1_552' title='bbox 2100 3954 2159 3997; x_wconf 87' lang='lat' dir='ltr'><strong>se</strong></span> <span class='ocrx_word' id='word_1_553' title='bbox 2187 3939 2268 3996; x_wconf 91' lang='lat' dir='ltr'><strong>in-</strong></span> 
     </span>
    </p>
   </div>
   <div class='ocr_carea' id='block_1_69' title="bbox 686 4033 2270 4106">
    <p class='ocr_par' dir='ltr' id='par_1_69' title="bbox 686 4033 2270 4106">
     <span class='ocr_line' id='line_1_69' title="bbox 686 4033 2270 4106; baseline 0.002 -21"><span class='ocrx_word' id='word_1_554' title='bbox 686 4035 852 4091; x_wconf 87' lang='lat' dir='ltr'><strong>vicem</strong></span> <span class='ocrx_word' id='word_1_555' title='bbox 894 4034 1191 4105; x_wconf 88' lang='lat' dir='ltr'><strong>conjunctis</strong></span> <span class='ocrx_word' id='word_1_556' title='bbox 1240 4034 1703 4105; x_wconf 85' lang='lat' dir='ltr'><strong>continuatisque,</strong></span> <span class='ocrx_word' id='word_1_557' title='bbox 1735 4043 1792 4091; x_wconf 90' lang='lat' dir='ltr'><strong>ut</strong></span> <span class='ocrx_word' id='word_1_558' title='bbox 1818 4034 1907 4089; x_wconf 89' lang='lat' dir='ltr'><strong>ubi</strong></span> <span class='ocrx_word' id='word_1_559' title='bbox 1936 4048 2161 4106; x_wconf 65' lang='lat' dir='ltr'><strong>quasque</strong></span> <span class='ocrx_word' id='word_1_560' title='bbox 2185 4033 2270 4102; x_wconf 85' lang='lat' dir='ltr'><strong>ja-</strong></span> 
     </span>
    </p>
   </div>
   <div class='ocr_carea' id='block_1_70' title="bbox 683 4125 2265 4196">
    <p class='ocr_par' dir='ltr' id='par_1_70' title="bbox 683 4125 2265 4196">
     <span class='ocr_line' id='line_1_70' title="bbox 683 4125 2265 4196; baseline 0 -15"><span class='ocrx_word' id='word_1_561' title='bbox 683 4136 820 4192; x_wconf 86' lang='lat' dir='ltr'><strong>ceat,</strong></span> <span class='ocrx_word' id='word_1_562' title='bbox 848 4133 902 4180; x_wconf 86' lang='lat' dir='ltr'><strong>et</strong></span> <span class='ocrx_word' id='word_1_563' title='bbox 926 4140 1046 4196; x_wconf 84' lang='lat' dir='ltr'><strong>quae</strong></span> <span class='ocrx_word' id='word_1_564' title='bbox 1081 4126 1148 4181; x_wconf 86' lang='lat' dir='ltr'><strong>ad</strong></span> <span class='ocrx_word' id='word_1_565' title='bbox 1177 4142 1335 4195; x_wconf 88' lang='lat' dir='ltr'><strong>quam</strong></span> <span class='ocrx_word' id='word_1_566' title='bbox 1369 4126 1711 4182; x_wconf 89' lang='lat' dir='ltr'><strong>continuetur</strong></span> <span class='ocrx_word' id='word_1_567' title='bbox 1742 4127 1909 4196; x_wconf 89' lang='lat' dir='ltr'><strong>possit</strong></span> <span class='ocrx_word' id='word_1_568' title='bbox 1936 4125 2179 4192; x_wconf 87' lang='lat' dir='ltr'><strong>ostendi;</strong></span> <span class='ocrx_word' id='word_1_569' title='bbox 2213 4125 2265 4181; x_wconf 91' lang='lat' dir='ltr'><strong>in</strong></span> 
     </span>
    </p>
   </div>
   <div class='ocr_carea' id='block_1_71' title="bbox 683 4212 2265 4289">
    <p class='ocr_par' dir='ltr' id='par_1_71' title="bbox 683 4212 2265 4289">
     <span class='ocr_line' id='line_1_71' title="bbox 683 4212 2265 4289; baseline 0 -16"><span class='ocrx_word' id='word_1_570' title='bbox 683 4232 905 4273; x_wconf 89' lang='lat' dir='ltr'><strong>numero</strong></span> <span class='ocrx_word' id='word_1_571' title='bbox 934 4231 1061 4272; x_wconf 88' lang='lat' dir='ltr'><strong>vero</strong></span> <span class='ocrx_word' id='word_1_572' title='bbox 1086 4216 1218 4272; x_wconf 89' lang='lat' dir='ltr'><strong>nihil</strong></span> <span class='ocrx_word' id='word_1_573' title='bbox 1248 4212 1439 4272; x_wconf 84' lang='lat' dir='ltr'><strong>horum</strong></span> <span class='ocrx_word' id='word_1_574' title='bbox 1474 4228 1578 4273; x_wconf 92' lang='lat' dir='ltr'><strong>est.</strong></span> <span class='ocrx_word' id='word_1_575' title='bbox 1632 4218 1762 4273; x_wconf 82' lang='lat' dir='ltr'><strong>Nam</strong></span> <span class='ocrx_word' id='word_1_576' title='bbox 1791 4233 1967 4289; x_wconf 90' lang='lat' dir='ltr'><strong>neque</strong></span> <span class='ocrx_word' id='word_1_577' title='bbox 2006 4218 2061 4272; x_wconf 92' lang='lat' dir='ltr'><strong>in</strong></span> <span class='ocrx_word' id='word_1_578' title='bbox 2088 4218 2265 4288; x_wconf 89' lang='lat' dir='ltr'><strong>aliquo</strong></span> 
     </span>
    </p>
   </div>
   <div class='ocr_carea' id='block_1_72' title="bbox 683 4311 2263 4382">
    <p class='ocr_par' dir='ltr' id='par_1_72' title="bbox 683 4311 2263 4382">
     <span class='ocr_line' id='line_1_72' title="bbox 683 4311 2263 4382; baseline -0.001 -15"><span class='ocrx_word' id='word_1_579' title='bbox 683 4313 799 4369; x_wconf 91' lang='lat' dir='ltr'><strong>loco</strong></span> <span class='ocrx_word' id='word_1_580' title='bbox 823 4327 943 4368; x_wconf 88' lang='lat' dir='ltr'><strong>esse</strong></span> <span class='ocrx_word' id='word_1_581' title='bbox 973 4312 1173 4382; x_wconf 90' lang='lat' dir='ltr'><strong>positus</strong></span> <span class='ocrx_word' id='word_1_582' title='bbox 1201 4311 1619 4375; x_wconf 90' lang='lat' dir='ltr'><strong>demonstratur,</strong></span> <span class='ocrx_word' id='word_1_583' title='bbox 1644 4326 1746 4367; x_wconf 90' lang='lat' dir='ltr'><strong>nec</strong></span> <span class='ocrx_word' id='word_1_584' title='bbox 1774 4312 1893 4380; x_wconf 88' lang='lat' dir='ltr'><strong>ejus</strong></span> <span class='ocrx_word' id='word_1_585' title='bbox 1924 4319 2104 4380; x_wconf 90' lang='lat' dir='ltr'><strong>partes</strong></span> <span class='ocrx_word' id='word_1_586' title='bbox 2131 4325 2263 4367; x_wconf 91' lang='lat' dir='ltr'><strong>con-</strong></span> 
     </span>
    </p>
   </div>
   <div class='ocr_carea' id='block_1_73' title="bbox 683 4400 2267 4473">
    <p class='ocr_par' dir='ltr' id='par_1_73' title="bbox 683 4400 2267 4473">
     <span class='ocr_line' id='line_1_73' title="bbox 683 4400 2267 4473; baseline -0.002 -15"><span class='ocrx_word' id='word_1_587' title='bbox 683 4406 874 4473; x_wconf 76' lang='lat' dir='ltr'><strong>junctae</strong></span> <span class='ocrx_word' id='word_1_588' title='bbox 903 4409 1044 4458; x_wconf 86' lang='lat' dir='ltr'><strong>sunt.</strong></span> <span class='ocrx_word' id='word_1_589' title='bbox 1078 4402 1335 4470; x_wconf 86' lang='lat' dir='ltr'><strong>Quocirca</strong></span> <span class='ocrx_word' id='word_1_590' title='bbox 1368 4416 1603 4465; x_wconf 29' lang='lat' dir='ltr'><strong>numero,</strong></span> <span class='ocrx_word' id='word_1_591' title='bbox 1627 4416 1691 4456; x_wconf 75' lang='lat' dir='ltr'><strong>ex</strong></span> <span class='ocrx_word' id='word_1_592' title='bbox 1721 4402 1889 4457; x_wconf 90' lang='lat' dir='ltr'><strong>tribus</strong></span> <span class='ocrx_word' id='word_1_593' title='bbox 1922 4401 2005 4455; x_wconf 85' lang='lat' dir='ltr'><strong>his</strong></span> <span class='ocrx_word' id='word_1_594' title='bbox 2033 4416 2154 4472; x_wconf 64' lang='lat' dir='ltr'><strong>qua:</strong></span> <span class='ocrx_word' id='word_1_595' title='bbox 2180 4400 2267 4455; x_wconf 84' lang='lat' dir='ltr'><strong>di-</strong></span> 
     </span>
    </p>
   </div>
   <div class='ocr_carea' id='block_1_74' title="bbox 683 4493 2270 4564">
    <p class='ocr_par' dir='ltr' id='par_1_74' title="bbox 683 4493 2270 4564">
     <span class='ocr_line' id='line_1_74' title="bbox 683 4493 2270 4564; baseline -0.001 -15"><span class='ocrx_word' id='word_1_596' title='bbox 683 4496 856 4551; x_wconf 85' lang='lat' dir='ltr'><strong>ximus</strong></span> <span class='ocrx_word' id='word_1_597' title='bbox 881 4495 1000 4551; x_wconf 76' lang='lat' dir='ltr'><strong>dtne</strong></span> <span class='ocrx_word' id='word_1_598' title='bbox 1031 4510 1117 4551; x_wconf 89' lang='lat' dir='ltr'><strong>res</strong></span> <span class='ocrx_word' id='word_1_599' title='bbox 1146 4494 1360 4560; x_wconf 89' lang='lat' dir='ltr'><strong>desunt,</strong></span> <span class='ocrx_word' id='word_1_600' title='bbox 1391 4494 1492 4549; x_wconf 92' lang='lat' dir='ltr'><strong>loci</strong></span> <span class='ocrx_word' id='word_1_601' title='bbox 1525 4493 1718 4563; x_wconf 83' lang='lat' dir='ltr'><strong>positio</strong></span> <span class='ocrx_word' id='word_1_602' title='bbox 1746 4502 1801 4550; x_wconf 89' lang='lat' dir='ltr'><strong>et</strong></span> <span class='ocrx_word' id='word_1_603' title='bbox 1833 4496 2061 4564; x_wconf 90' lang='lat' dir='ltr'><strong>partium</strong></span> <span class='ocrx_word' id='word_1_604' title='bbox 2098 4493 2270 4548; x_wconf 87' lang='lat' dir='ltr'><strong>conti-</strong></span> 
     </span>
    </p>
   </div>
   <div class='ocr_carea' id='block_1_75' title="bbox 681 4584 2305 4665">
    <p class='ocr_par' dir='ltr' id='par_1_75' title="bbox 681 4584 2305 4665">
     <span class='ocr_line' id='line_1_75' title="bbox 681 4584 2305 4665; baseline -0.001 -24"><span class='ocrx_word' id='word_1_605' title='bbox 681 4589 879 4656; x_wconf 85' lang='lat' dir='ltr'><strong>nuatio,</strong></span> <span class='ocrx_word' id='word_1_606' title='bbox 937 4598 1144 4665; x_wconf 86' lang='lat' dir='ltr'><strong>tempus</strong></span> <span class='ocrx_word' id='word_1_607' title='bbox 1193 4586 1353 4642; x_wconf 87' lang='lat' dir='ltr'><strong>etiam</strong></span> <span class='ocrx_word' id='word_1_608' title='bbox 1408 4601 1713 4658; x_wconf 83' lang='lat' dir='ltr'><strong>quanquam</strong></span> <span class='ocrx_word' id='word_1_609' title='bbox 1761 4587 1868 4641; x_wconf 91' lang='lat' dir='ltr'><strong>sint</strong></span> <span class='ocrx_word' id='word_1_610' title='bbox 1920 4584 2035 4656; x_wconf 89' lang='lat' dir='ltr'><strong>ejus</strong></span> <span class='ocrx_word' id='word_1_611' title='bbox 2090 4584 2305 4656; x_wconf 71' lang='lat' dir='ltr'><strong>partes</strong></span> 
     </span>
    </p>
   </div>
   <div class='ocr_carea' id='block_1_76' title="bbox 681 4677 2267 4750">
    <p class='ocr_par' dir='ltr' id='par_1_76' title="bbox 681 4677 2267 4750">
     <span class='ocr_line' id='line_1_76' title="bbox 681 4677 2267 4750; baseline 0 -17"><span class='ocrx_word' id='word_1_612' title='bbox 681 4681 965 4745; x_wconf 66' lang='lat' dir='ltr'><strong>continuae,</strong></span> <span class='ocrx_word' id='word_1_613' title='bbox 992 4689 1167 4735; x_wconf 84' lang='lat' dir='ltr'><strong>tamen</strong></span> <span class='ocrx_word' id='word_1_614' title='bbox 1198 4679 1450 4750; x_wconf 88' lang='lat' dir='ltr'><strong>quoniam</strong></span> <span class='ocrx_word' id='word_1_615' title='bbox 1479 4694 1587 4735; x_wconf 89' lang='lat' dir='ltr'><strong>non</strong></span> <span class='ocrx_word' id='word_1_616' title='bbox 1621 4690 1959 4749; x_wconf 80' lang='lat' dir='ltr'><strong>Permauent,</strong></span> <span class='ocrx_word' id='word_1_617' title='bbox 1994 4677 2089 4734; x_wconf 89' lang='lat' dir='ltr'><strong>sed</strong></span> <span class='ocrx_word' id='word_1_618' title='bbox 2121 4692 2267 4733; x_wconf 81' lang='lat' dir='ltr'><strong>sem-</strong></span> 
     </span>
    </p>
   </div>
   <div class='ocr_carea' id='block_1_77' title="bbox 2375 3479 3953 3553">
    <p class='ocr_par' dir='ltr' id='par_1_77' title="bbox 2375 3479 3953 3553">
     <span class='ocr_line' id='line_1_77' title="bbox 2375 3479 3953 3553; baseline -0.001 -18"><span class='ocrx_word' id='word_1_619' title='bbox 2375 3480 2617 3537; x_wconf 89' lang='lat' dir='ltr'><strong>ordinem</strong></span> <span class='ocrx_word' id='word_1_620' title='bbox 2646 3479 2841 3537; x_wconf 88' lang='lat' dir='ltr'><strong>dicitur</strong></span> <span class='ocrx_word' id='word_1_621' title='bbox 2873 3482 3103 3553; x_wconf 89' lang='lat' dir='ltr'><strong>habere,</strong></span> <span class='ocrx_word' id='word_1_622' title='bbox 3136 3492 3192 3539; x_wconf 92' lang='lat' dir='ltr'><strong>ut</strong></span> <span class='ocrx_word' id='word_1_623' title='bbox 3228 3482 3541 3552; x_wconf 79' lang='lat' dir='ltr'><strong>scindapsus</strong></span> <span class='ocrx_word' id='word_1_624' title='bbox 3580 3480 3710 3535; x_wconf 89' lang='lat' dir='ltr'><strong>nihil</strong></span> <span class='ocrx_word' id='word_1_625' title='bbox 3744 3479 3953 3548; x_wconf 90' lang='lat' dir='ltr'><strong>quidem</strong></span> 
     </span>
    </p>
   </div>
   <div class='ocr_carea' id='block_1_78' title="bbox 2370 3572 3941 3646">
    <p class='ocr_par' dir='ltr' id='par_1_78' title="bbox 2370 3572 3941 3646">
     <span class='ocr_line' id='line_1_78' title="bbox 2370 3572 3941 3646; baseline -0.001 -19"><span class='ocrx_word' id='word_1_626' title='bbox 2370 3572 2671 3644; x_wconf 86' lang='lat' dir='ltr'><strong>signiﬁcat;</strong></span> <span class='ocrx_word' id='word_1_627' title='bbox 2714 3573 2809 3629; x_wconf 89' lang='lat' dir='ltr'><strong>sed</strong></span> <span class='ocrx_word' id='word_1_628' title='bbox 2840 3574 2955 3630; x_wconf 90' lang='lat' dir='ltr'><strong>sive</strong></span> <span class='ocrx_word' id='word_1_629' title='bbox 2992 3572 3280 3631; x_wconf 75' lang='lat' dir='ltr'><strong>secundam</strong></span> <span class='ocrx_word' id='word_1_630' title='bbox 3319 3573 3573 3646; x_wconf 79' lang='lat' dir='ltr'><strong>syllabam</strong></span> <span class='ocrx_word' id='word_1_631' title='bbox 3606 3573 3827 3643; x_wconf 87' lang='lat' dir='ltr'><strong>primam</strong></span> <span class='ocrx_word' id='word_1_632' title='bbox 3862 3586 3941 3641; x_wconf 51' lang='lat' dir='ltr'><strong>po.</strong></span> 
     </span>
    </p>
   </div>
   <div class='ocr_carea' id='block_1_79' title="bbox 2370 3664 3948 3737">
    <p class='ocr_par' dir='ltr' id='par_1_79' title="bbox 2370 3664 3948 3737">
     <span class='ocr_line' id='line_1_79' title="bbox 2370 3664 3948 3737; baseline -0.002 -17"><span class='ocrx_word' id='word_1_633' title='bbox 2370 3678 2490 3726; x_wconf 86' lang='lat' dir='ltr'><strong>nas.</strong></span> <span class='ocrx_word' id='word_1_634' title='bbox 2524 3665 2639 3721; x_wconf 85' lang='lat' dir='ltr'><strong>sive</strong></span> <span class='ocrx_word' id='word_1_635' title='bbox 2667 3664 2908 3720; x_wconf 90' lang='lat' dir='ltr'><strong>ultimam</strong></span> <span class='ocrx_word' id='word_1_636' title='bbox 2947 3667 3197 3736; x_wconf 89' lang='lat' dir='ltr'><strong>primam,</strong></span> <span class='ocrx_word' id='word_1_637' title='bbox 3226 3666 3340 3723; x_wconf 89' lang='lat' dir='ltr'><strong>sive</strong></span> <span class='ocrx_word' id='word_1_638' title='bbox 3368 3665 3767 3737; x_wconf 88' lang='lat' dir='ltr'><strong>quomodolibet</strong></span> <span class='ocrx_word' id='word_1_639' title='bbox 3795 3664 3948 3735; x_wconf 84' lang='lat' dir='ltr'><strong>sylla-</strong></span> 
     </span>
    </p>
   </div>
   <div class='ocr_carea' id='block_1_80' title="bbox 2369 3755 3951 3830">
    <p class='ocr_par' dir='ltr' id='par_1_80' title="bbox 2369 3755 3951 3830">
     <span class='ocr_line' id='line_1_80' title="bbox 2369 3755 3951 3830; baseline -0.003 -17"><span class='ocrx_word' id='word_1_640' title='bbox 2369 3755 2558 3813; x_wconf 83' lang='lat' dir='ltr'><strong>barum</strong></span> <span class='ocrx_word' id='word_1_641' title='bbox 2586 3755 2831 3812; x_wconf 90' lang='lat' dir='ltr'><strong>ordinem</strong></span> <span class='ocrx_word' id='word_1_642' title='bbox 2858 3757 3160 3830; x_wconf 88' lang='lat' dir='ltr'><strong>seriemque</strong></span> <span class='ocrx_word' id='word_1_643' title='bbox 3191 3758 3529 3828; x_wconf 90' lang='lat' dir='ltr'><strong>permisceas,</strong></span> <span class='ocrx_word' id='word_1_644' title='bbox 3562 3756 3702 3812; x_wconf 88' lang='lat' dir='ltr'><strong>idem</strong></span> <span class='ocrx_word' id='word_1_645' title='bbox 3732 3757 3872 3811; x_wconf 88' lang='lat' dir='ltr'><strong>erit:</strong></span> <span class='ocrx_word' id='word_1_646' title='bbox 3902 3756 3951 3810; x_wconf 91' lang='lat' dir='ltr'><strong>in</strong></span> 
     </span>
    </p>
   </div>
   <div class='ocr_carea' id='block_1_81' title="bbox 2371 3847 3951 3919">
    <p class='ocr_par' dir='ltr' id='par_1_81' title="bbox 2371 3847 3951 3919">
     <span class='ocr_line' id='line_1_81' title="bbox 2371 3847 3951 3919; baseline -0.001 -15"><span class='ocrx_word' id='word_1_647' title='bbox 2371 3848 2743 3919; x_wconf 84' lang='lat' dir='ltr'><strong>signiﬁcativis</strong></span> <span class='ocrx_word' id='word_1_648' title='bbox 2773 3850 2915 3906; x_wconf 90' lang='lat' dir='ltr'><strong>enim</strong></span> <span class='ocrx_word' id='word_1_649' title='bbox 2948 3850 3167 3906; x_wconf 87' lang='lat' dir='ltr'><strong>vocibus</strong></span> <span class='ocrx_word' id='word_1_650' title='bbox 3199 3850 3400 3906; x_wconf 90' lang='lat' dir='ltr'><strong>idcirco</strong></span> <span class='ocrx_word' id='word_1_651' title='bbox 3429 3864 3550 3905; x_wconf 86' lang='lat' dir='ltr'><strong>esse</strong></span> <span class='ocrx_word' id='word_1_652' title='bbox 3573 3847 3784 3915; x_wconf 89' lang='lat' dir='ltr'><strong>dicitur,</strong></span> <span class='ocrx_word' id='word_1_653' title='bbox 3813 3847 3951 3918; x_wconf 87' lang='lat' dir='ltr'><strong>quod</strong></span> 
     </span>
    </p>
   </div>
   <div class='ocr_carea' id='block_1_82' title="bbox 2370 3940 3956 4014">
    <p class='ocr_par' dir='ltr' id='par_1_82' title="bbox 2370 3940 3956 4014">
     <span class='ocr_line' id='line_1_82' title="bbox 2370 3940 3956 4014; baseline 0 -19"><span class='ocrx_word' id='word_1_654' title='bbox 2370 3940 2465 3995; x_wconf 89' lang='lat' dir='ltr'><strong>illo</strong></span> <span class='ocrx_word' id='word_1_655' title='bbox 2507 3941 2693 3997; x_wconf 89' lang='lat' dir='ltr'><strong>ordine</strong></span> <span class='ocrx_word' id='word_1_656' title='bbox 2734 3950 3038 4013; x_wconf 61' lang='lat' dir='ltr'><strong>permutato</strong></span> <span class='ocrx_word' id='word_1_657' title='bbox 3086 3944 3165 3998; x_wconf 80' lang='lat' dir='ltr'><strong>vis</strong></span> <span class='ocrx_word' id='word_1_658' title='bbox 3208 3942 3611 4014; x_wconf 81' lang='lat' dir='ltr'><strong>signiﬁcationis</strong></span> <span class='ocrx_word' id='word_1_659' title='bbox 3668 3940 3956 4007; x_wconf 79' lang='lat' dir='ltr'><strong>evertitur;</strong></span> 
     </span>
    </p>
   </div>
   <div class='ocr_carea' id='block_1_83' title="bbox 2370 4031 3951 4106">
    <p class='ocr_par' dir='ltr' id='par_1_83' title="bbox 2370 4031 3951 4106">
     <span class='ocr_line' id='line_1_83' title="bbox 2370 4031 3951 4106; baseline -0.001 -18"><span class='ocrx_word' id='word_1_660' title='bbox 2370 4031 2457 4090; x_wconf 91' lang='lat' dir='ltr'><strong>hic</strong></span> <span class='ocrx_word' id='word_1_661' title='bbox 2496 4050 2656 4103; x_wconf 86' lang='lat' dir='ltr'><strong>vero,</strong></span> <span class='ocrx_word' id='word_1_662' title='bbox 2709 4036 2797 4091; x_wconf 93' lang='lat' dir='ltr'><strong>ubi</strong></span> <span class='ocrx_word' id='word_1_663' title='bbox 2840 4036 2980 4092; x_wconf 84' lang='lat' dir='ltr'><strong>nulla</strong></span> <span class='ocrx_word' id='word_1_664' title='bbox 3026 4045 3107 4091; x_wconf 89' lang='lat' dir='ltr'><strong>est</strong></span> <span class='ocrx_word' id='word_1_665' title='bbox 3150 4037 3501 4106; x_wconf 80' lang='lat' dir='ltr'><strong>signiﬁcatio,</strong></span> <span class='ocrx_word' id='word_1_666' title='bbox 3550 4035 3683 4090; x_wconf 89' lang='lat' dir='ltr'><strong>nihil</strong></span> <span class='ocrx_word' id='word_1_667' title='bbox 3731 4036 3951 4090; x_wconf 89' lang='lat' dir='ltr'><strong>interest</strong></span> 
     </span>
    </p>
   </div>
   <div class='ocr_carea' id='block_1_84' title="bbox 2370 4127 3949 4201">
    <p class='ocr_par' dir='ltr' id='par_1_84' title="bbox 2370 4127 3949 4201">
     <span class='ocr_line' id='line_1_84' title="bbox 2370 4127 3949 4201; baseline -0.002 -16"><span class='ocrx_word' id='word_1_668' title='bbox 2370 4129 2769 4201; x_wconf 88' lang='lat' dir='ltr'><strong>quomodolibet</strong></span> <span class='ocrx_word' id='word_1_669' title='bbox 2799 4130 3014 4200; x_wconf 85' lang='lat' dir='ltr'><strong>jaceant</strong></span> <span class='ocrx_word' id='word_1_670' title='bbox 3043 4140 3242 4201; x_wconf 90' lang='lat' dir='ltr'><strong>partes.</strong></span> <span class='ocrx_word' id='word_1_671' title='bbox 3279 4130 3453 4197; x_wconf 86' lang='lat' dir='ltr'><strong>Quare</strong></span> <span class='ocrx_word' id='word_1_672' title='bbox 3480 4129 3650 4183; x_wconf 87' lang='lat' dir='ltr'><strong>oratio</strong></span> <span class='ocrx_word' id='word_1_673' title='bbox 3678 4129 3729 4182; x_wconf 93' lang='lat' dir='ltr'><strong>in</strong></span> <span class='ocrx_word' id='word_1_674' title='bbox 3754 4127 3949 4198; x_wconf 65' lang='lat' dir='ltr'><strong>aliquiv</strong></span> 
     </span>
    </p>
   </div>
   <div class='ocr_carea' id='block_1_85' title="bbox 2368 4219 3949 4293">
    <p class='ocr_par' dir='ltr' id='par_1_85' title="bbox 2368 4219 3949 4293">
     <span class='ocr_line' id='line_1_85' title="bbox 2368 4219 3949 4293; baseline -0.001 -18"><span class='ocrx_word' id='word_1_675' title='bbox 2368 4222 2468 4277; x_wconf 90' lang='lat' dir='ltr'><strong>bus</strong></span> <span class='ocrx_word' id='word_1_676' title='bbox 2493 4222 2710 4292; x_wconf 88' lang='lat' dir='ltr'><strong>quidem</strong></span> <span class='ocrx_word' id='word_1_677' title='bbox 2736 4222 2896 4277; x_wconf 90' lang='lat' dir='ltr'><strong>habet</strong></span> <span class='ocrx_word' id='word_1_678' title='bbox 2926 4222 3168 4279; x_wconf 86' lang='lat' dir='ltr'><strong>ordinem</strong></span> <span class='ocrx_word' id='word_1_679' title='bbox 3202 4223 3449 4293; x_wconf 86' lang='lat' dir='ltr'><strong>partium,</strong></span> <span class='ocrx_word' id='word_1_680' title='bbox 3482 4223 3531 4275; x_wconf 86' lang='lat' dir='ltr'><strong>in</strong></span> <span class='ocrx_word' id='word_1_681' title='bbox 3559 4219 3680 4274; x_wconf 90' lang='lat' dir='ltr'><strong>aliis</strong></span> <span class='ocrx_word' id='word_1_682' title='bbox 3704 4233 3832 4274; x_wconf 87' lang='lat' dir='ltr'><strong>vero</strong></span> <span class='ocrx_word' id='word_1_683' title='bbox 3854 4231 3949 4289; x_wconf 76' lang='lat' dir='ltr'><strong>nec</strong></span> 
     </span>
    </p>
   </div>
   <div class='ocr_carea' id='block_1_86' title="bbox 2368 4309 3950 4384">
    <p class='ocr_par' dir='ltr' id='par_1_86' title="bbox 2368 4309 3950 4384">
     <span class='ocr_line' id='line_1_86' title="bbox 2368 4309 3950 4384; baseline -0.001 -17"><span class='ocrx_word' id='word_1_684' title='bbox 2368 4312 2503 4368; x_wconf 92' lang='lat' dir='ltr'><strong>ordo</strong></span> <span class='ocrx_word' id='word_1_685' title='bbox 2526 4314 2641 4384; x_wconf 90' lang='lat' dir='ltr'><strong>ipse</strong></span> <span class='ocrx_word' id='word_1_686' title='bbox 2672 4316 2868 4383; x_wconf 86' lang='lat' dir='ltr'><strong>poterit</strong></span> <span class='ocrx_word' id='word_1_687' title='bbox 2896 4314 3139 4370; x_wconf 73' lang='lat' dir='ltr'><strong>inveniri.</strong></span> <span class='ocrx_word' id='word_1_688' title='bbox 3169 4313 3250 4367; x_wconf 82' lang='lat' dir='ltr'><strong>An</strong></span> <span class='ocrx_word' id='word_1_689' title='bbox 3279 4312 3505 4369; x_wconf 72' lang='lat' dir='ltr'><strong>fortasse,</strong></span> <span class='ocrx_word' id='word_1_690' title='bbox 3526 4311 3698 4365; x_wconf 89' lang='lat' dir='ltr'><strong>oratio</strong></span> <span class='ocrx_word' id='word_1_691' title='bbox 3718 4309 3824 4365; x_wconf 90' lang='lat' dir='ltr'><strong>dici</strong></span> <span class='ocrx_word' id='word_1_692' title='bbox 3845 4324 3950 4366; x_wconf 83' lang='lat' dir='ltr'><strong>non</strong></span> 
     </span>
    </p>
   </div>
   <div class='ocr_carea' id='block_1_87' title="bbox 2370 4400 3948 4477">
    <p class='ocr_par' dir='ltr' id='par_1_87' title="bbox 2370 4400 3948 4477">
     <span class='ocr_line' id='line_1_87' title="bbox 2370 4400 3948 4477; baseline -0.003 -18"><span class='ocrx_word' id='word_1_693' title='bbox 2370 4415 2547 4475; x_wconf 92' lang='lat' dir='ltr'><strong>potest</strong></span> <span class='ocrx_word' id='word_1_694' title='bbox 2580 4420 2700 4476; x_wconf 85' lang='lat' dir='ltr'><strong>quae</strong></span> <span class='ocrx_word' id='word_1_695' title='bbox 2736 4406 2866 4461; x_wconf 89' lang='lat' dir='ltr'><strong>nihil</strong></span> <span class='ocrx_word' id='word_1_696' title='bbox 2886 4406 3189 4477; x_wconf 81' lang='lat' dir='ltr'><strong>&#39;siguiﬁcat,</strong></span> <span class='ocrx_word' id='word_1_697' title='bbox 3222 4414 3277 4463; x_wconf 89' lang='lat' dir='ltr'><strong>et</strong></span> <span class='ocrx_word' id='word_1_698' title='bbox 3303 4404 3443 4460; x_wconf 87' lang='lat' dir='ltr'><strong>nulla</strong></span> <span class='ocrx_word' id='word_1_699' title='bbox 3487 4410 3571 4459; x_wconf 87' lang='lat' dir='ltr'><strong>est</strong></span> <span class='ocrx_word' id='word_1_700' title='bbox 3603 4400 3796 4465; x_wconf 88' lang='lat' dir='ltr'><strong>oratio,</strong></span> <span class='ocrx_word' id='word_1_701' title='bbox 3831 4408 3948 4471; x_wconf 64' lang='lat' dir='ltr'><strong>quae</strong></span> 
     </span>
    </p>
   </div>
   <div class='ocr_carea' id='block_1_88' title="bbox 2369 4494 3953 4566">
    <p class='ocr_par' dir='ltr' id='par_1_88' title="bbox 2369 4494 3953 4566">
     <span class='ocr_line' id='line_1_88' title="bbox 2369 4494 3953 4566; baseline 0.001 -19"><span class='ocrx_word' id='word_1_702' title='bbox 2369 4494 2614 4550; x_wconf 90' lang='lat' dir='ltr'><strong>ordinem</strong></span> <span class='ocrx_word' id='word_1_703' title='bbox 2653 4509 2758 4549; x_wconf 93' lang='lat' dir='ltr'><strong>non</strong></span> <span class='ocrx_word' id='word_1_704' title='bbox 2791 4495 2983 4551; x_wconf 89' lang='lat' dir='ltr'><strong>habeat</strong></span> <span class='ocrx_word' id='word_1_705' title='bbox 3008 4496 3185 4566; x_wconf 72' lang='lat' dir='ltr'><strong>iErgo</strong></span> <span class='ocrx_word' id='word_1_706' title='bbox 3214 4494 3504 4552; x_wconf 90' lang='lat' dir='ltr'><strong>secundum</strong></span> <span class='ocrx_word' id='word_1_707' title='bbox 3535 4495 3768 4564; x_wconf 87' lang='lat' dir='ltr'><strong>priorem</strong></span> <span class='ocrx_word' id='word_1_708' title='bbox 3791 4504 3953 4561; x_wconf 75' lang='lat' dir='ltr'><strong>quan</strong></span> 
     </span>
    </p>
   </div>
   <div class='ocr_carea' id='block_1_89' title="bbox 2370 4583 3945 4659">
    <p class='ocr_par' dir='ltr' id='par_1_89' title="bbox 2370 4583 3945 4659">
     <span class='ocr_line' id='line_1_89' title="bbox 2370 4583 3945 4659; baseline -0.001 -19"><span class='ocrx_word' id='word_1_709' title='bbox 2370 4587 2539 4642; x_wconf 89' lang='lat' dir='ltr'><strong>titatis</strong></span> <span class='ocrx_word' id='word_1_710' title='bbox 2562 4586 2900 4655; x_wconf 89' lang='lat' dir='ltr'><strong>divisionem,</strong></span> <span class='ocrx_word' id='word_1_711' title='bbox 2928 4588 3017 4643; x_wconf 89' lang='lat' dir='ltr'><strong>ubi</strong></span> <span class='ocrx_word' id='word_1_712' title='bbox 3043 4587 3319 4644; x_wconf 88' lang='lat' dir='ltr'><strong>dicebatur</strong></span> <span class='ocrx_word' id='word_1_713' title='bbox 3346 4586 3660 4659; x_wconf 82' lang='lat' dir='ltr'><strong>quantitatis</strong></span> <span class='ocrx_word' id='word_1_714' title='bbox 3698 4583 3799 4639; x_wconf 86' lang='lat' dir='ltr'><strong>alia</strong></span> <span class='ocrx_word' id='word_1_715' title='bbox 3832 4595 3945 4640; x_wconf 78' lang='lat' dir='ltr'><strong>esse</strong></span> 
     </span>
    </p>
   </div>
   <div class='ocr_carea' id='block_1_90' title="bbox 2373 4679 3944 4753">
    <p class='ocr_par' dir='ltr' id='par_1_90' title="bbox 2373 4679 3944 4753">
     <span class='ocr_line' id='line_1_90' title="bbox 2373 4679 3944 4753; baseline -0.002 -18"><span class='ocrx_word' id='word_1_716' title='bbox 2373 4680 2646 4747; x_wconf 88' lang='lat' dir='ltr'><strong>continua,</strong></span> <span class='ocrx_word' id='word_1_717' title='bbox 2678 4682 2779 4736; x_wconf 87' lang='lat' dir='ltr'><strong>alia</strong></span> <span class='ocrx_word' id='word_1_718' title='bbox 2817 4696 2944 4736; x_wconf 89' lang='lat' dir='ltr'><strong>vero</strong></span> <span class='ocrx_word' id='word_1_719' title='bbox 2975 4681 3227 4748; x_wconf 88' lang='lat' dir='ltr'><strong>discreta,</strong></span> <span class='ocrx_word' id='word_1_720' title='bbox 3274 4682 3507 4753; x_wconf 88' lang='lat' dir='ltr'><strong>quinque</strong></span> <span class='ocrx_word' id='word_1_721' title='bbox 3532 4689 3655 4735; x_wconf 90' lang='lat' dir='ltr'><strong>sunt</strong></span> <span class='ocrx_word' id='word_1_722' title='bbox 3679 4679 3944 4744; x_wconf 86' lang='lat' dir='ltr'><strong>continua,</strong></span> 
     </span>
    </p>
   </div>
   <div class='ocr_carea' id='block_1_91' title="bbox 683 4751 3947 4844">
    <p class='ocr_par' dir='ltr' id='par_1_91' title="bbox 683 4751 3947 4844">
     <span class='ocr_line' id='line_1_91' title="bbox 683 4751 3947 4844; baseline -0.001 -18"><span class='ocrx_word' id='word_1_723' title='bbox 683 4787 776 4841; x_wconf 88' lang='lat' dir='ltr'><strong>per</strong></span> <span class='ocrx_word' id='word_1_724' title='bbox 812 4781 1112 4837; x_wconf 84' lang='lat' dir='ltr'><strong>moventur,</strong></span> <span class='ocrx_word' id='word_1_725' title='bbox 1152 4787 1471 4844; x_wconf 86' lang='lat' dir='ltr'><strong>semperque</strong></span> <span class='ocrx_word' id='word_1_726' title='bbox 1502 4782 1850 4842; x_wconf 69' lang='lat' dir='ltr'><strong>praetereunt,</strong></span> <span class='ocrx_word' id='word_1_727' title='bbox 1880 4771 2079 4828; x_wconf 87' lang='lat' dir='ltr'><strong>habere</strong></span> <span class='ocrx_word' id='word_1_728' title='bbox 2119 4772 2264 4841; x_wconf 85' lang='lat' dir='ltr'><strong>posi-</strong></span> <span class='ocrx_word' id='word_1_729' title='bbox 2295 4751 2345 4814; x_wconf 78' lang='grc' dir='ltr'><strong>ί)</strong></span> <span class='ocrx_word' id='word_1_730' title='bbox 2370 4770 2476 4828; x_wconf 92' lang='lat' dir='ltr'><strong>duo</strong></span> <span class='ocrx_word' id='word_1_731' title='bbox 2507 4787 2639 4839; x_wconf 85' lang='lat' dir='ltr'><strong>vero</strong></span> <span class='ocrx_word' id='word_1_732' title='bbox 2674 4772 2927 4829; x_wconf 88' lang='lat' dir='ltr'><strong>discreta.</strong></span> <span class='ocrx_word' id='word_1_733' title='bbox 2956 4771 3226 4833; x_wconf 74' lang='lat' dir='ltr'><strong>.Continua</strong></span> <span class='ocrx_word' id='word_1_734' title='bbox 3270 4751 3483 4843; x_wconf 85' lang='lat' dir='ltr'><strong>quidem</strong></span> <span class='ocrx_word' id='word_1_735' title='bbox 3526 4773 3689 4838; x_wconf 88' lang='lat' dir='ltr'><strong>linea,</strong></span> <span class='ocrx_word' id='word_1_736' title='bbox 3731 4768 3947 4841; x_wconf 74' lang='lat' dir='ltr'><strong>superil-</strong></span> 
     </span>
    </p>
   </div>
   <div class='ocr_carea' id='block_1_92' title="bbox 681 4864 2268 4936">
    <p class='ocr_par' dir='ltr' id='par_1_92' title="bbox 681 4864 2268 4936">
     <span class='ocr_line' id='line_1_92' title="bbox 681 4864 2268 4936; baseline 0.001 -18"><span class='ocrx_word' id='word_1_737' title='bbox 681 4867 878 4922; x_wconf 91' lang='lat' dir='ltr'><strong>tionem</strong></span> <span class='ocrx_word' id='word_1_738' title='bbox 908 4866 1136 4935; x_wconf 90' lang='lat' dir='ltr'><strong>partium</strong></span> <span class='ocrx_word' id='word_1_739' title='bbox 1161 4879 1267 4920; x_wconf 91' lang='lat' dir='ltr'><strong>non</strong></span> <span class='ocrx_word' id='word_1_740' title='bbox 1292 4865 1506 4920; x_wconf 79' lang='lat' dir='ltr'><strong>dicitur.</strong></span> <span class='ocrx_word' id='word_1_741' title='bbox 1537 4866 1761 4936; x_wconf 88' lang='lat' dir='ltr'><strong>Semper</strong></span> <span class='ocrx_word' id='word_1_742' title='bbox 1788 4864 1931 4920; x_wconf 90' lang='lat' dir='ltr'><strong>enim</strong></span> <span class='ocrx_word' id='word_1_743' title='bbox 1960 4864 2131 4920; x_wconf 89' lang='lat' dir='ltr'><strong>veloci</strong></span> <span class='ocrx_word' id='word_1_744' title='bbox 2159 4864 2268 4935; x_wconf 88' lang='lat' dir='ltr'><strong>agi-</strong></span> 
     </span>
    </p>
   </div>
   <div class='ocr_carea' id='block_1_93' title="bbox 681 4954 2267 5027">
    <p class='ocr_par' dir='ltr' id='par_1_93' title="bbox 681 4954 2267 5027">
     <span class='ocr_line' id='line_1_93' title="bbox 681 4954 2267 5027; baseline -0.003 -14"><span class='ocrx_word' id='word_1_745' title='bbox 681 4959 879 5016; x_wconf 86' lang='lat' dir='ltr'><strong>tatione</strong></span> <span class='ocrx_word' id='word_1_746' title='bbox 927 4964 1225 5026; x_wconf 90' lang='lat' dir='ltr'><strong>torquetur,</strong></span> <span class='ocrx_word' id='word_1_747' title='bbox 1282 4963 1337 5010; x_wconf 90' lang='lat' dir='ltr'><strong>et</strong></span> <span class='ocrx_word' id='word_1_748' title='bbox 1378 4959 1643 5011; x_wconf 87' lang='lat' dir='ltr'><strong>currentis</strong></span> <span class='ocrx_word' id='word_1_749' title='bbox 1664 4969 1819 5027; x_wconf 54' lang='lat' dir='ltr'><strong>aqua).</strong></span> <span class='ocrx_word' id='word_1_750' title='bbox 1848 4968 1997 5011; x_wconf 88' lang='lat' dir='ltr'><strong>more</strong></span> <span class='ocrx_word' id='word_1_751' title='bbox 2027 4955 2082 5009; x_wconf 91' lang='lat' dir='ltr'><strong>in</strong></span> <span class='ocrx_word' id='word_1_752' title='bbox 2121 4954 2267 5010; x_wconf 85' lang='lat' dir='ltr'><strong>nulla</strong></span> 
     </span>
    </p>
   </div>
   <div class='ocr_carea' id='block_1_94' title="bbox 679 5046 2265 5124">
    <p class='ocr_par' dir='ltr' id='par_1_94' title="bbox 679 5046 2265 5124">
     <span class='ocr_line' id='line_1_94' title="bbox 679 5046 2265 5124; baseline -0.004 -15"><span class='ocrx_word' id='word_1_753' title='bbox 679 5067 907 5124; x_wconf 88' lang='lat' dir='ltr'><strong>unquam</strong></span> <span class='ocrx_word' id='word_1_754' title='bbox 932 5049 1162 5106; x_wconf 86' lang='lat' dir='ltr'><strong>statione</strong></span> <span class='ocrx_word' id='word_1_755' title='bbox 1190 5047 1456 5114; x_wconf 88' lang='lat' dir='ltr'><strong>consistit,</strong></span> <span class='ocrx_word' id='word_1_756' title='bbox 1482 5047 1628 5117; x_wconf 90' lang='lat' dir='ltr'><strong>quod</strong></span> <span class='ocrx_word' id='word_1_757' title='bbox 1649 5047 1775 5119; x_wconf 83' lang='lat' dir='ltr'><strong>quia</strong></span> <span class='ocrx_word' id='word_1_758' title='bbox 1802 5056 1982 5118; x_wconf 85' lang='lat' dir='ltr'><strong>partes</strong></span> <span class='ocrx_word' id='word_1_759' title='bbox 2007 5046 2127 5118; x_wconf 87' lang='lat' dir='ltr'><strong>ejus</strong></span> <span class='ocrx_word' id='word_1_760' title='bbox 2156 5062 2265 5105; x_wconf 91' lang='lat' dir='ltr'><strong>non</strong></span> 
     </span>
    </p>
   </div>
   <div class='ocr_carea' id='block_1_95' title="bbox 644 5140 2262 5217">
    <p class='ocr_par' dir='ltr' id='par_1_95' title="bbox 644 5140 2262 5217">
     <span class='ocr_line' id='line_1_95' title="bbox 644 5140 2262 5217; baseline -0.002 -15"><span class='ocrx_word' id='word_1_761' title='bbox 644 5186 651 5213; x_wconf 63' lang='grc' dir='ltr'><strong><em>ς</em></strong></span> <span class='ocrx_word' id='word_1_762' title='bbox 680 5154 991 5217; x_wconf 86' lang='lat' dir='ltr'><strong>permanent</strong></span> <span class='ocrx_word' id='word_1_763' title='bbox 1018 5184 1033 5209; x_wconf 90' lang='lat'><strong>,</strong></span> <span class='ocrx_word' id='word_1_764' title='bbox 1058 5157 1125 5199; x_wconf 77' lang='lat' dir='ltr'><strong>ex</strong></span> <span class='ocrx_word' id='word_1_765' title='bbox 1153 5141 1469 5197; x_wconf 87' lang='lat' dir='ltr'><strong>habentibus</strong></span> <span class='ocrx_word' id='word_1_766' title='bbox 1493 5140 1561 5195; x_wconf 89' lang='lat' dir='ltr'><strong>ad</strong></span> <span class='ocrx_word' id='word_1_767' title='bbox 1591 5155 1652 5196; x_wconf 89' lang='lat' dir='ltr'><strong>se</strong></span> <span class='ocrx_word' id='word_1_768' title='bbox 1681 5140 1914 5196; x_wconf 83' lang='lat' dir='ltr'><strong>invicem</strong></span> <span class='ocrx_word' id='word_1_769' title='bbox 1939 5140 2262 5210; x_wconf 85' lang='lat' dir='ltr'><strong>positionem</strong></span> 
     </span>
    </p>
   </div>
   <div class='ocr_carea' id='block_1_96' title="bbox 677 5229 2255 5307">
    <p class='ocr_par' dir='ltr' id='par_1_96' title="bbox 677 5229 2255 5307">
     <span class='ocr_line' id='line_1_96' title="bbox 677 5229 2255 5307; baseline -0.004 -14"><span class='ocrx_word' id='word_1_770' title='bbox 677 5238 788 5293; x_wconf 89' lang='lat' dir='ltr'><strong>suis</strong></span> <span class='ocrx_word' id='word_1_771' title='bbox 807 5234 1044 5307; x_wconf 82' lang='lat' dir='ltr'><strong>partibus</strong></span> <span class='ocrx_word' id='word_1_772' title='bbox 1062 5242 1309 5289; x_wconf 85' lang='lat' dir='ltr'><strong>constare</strong></span> <span class='ocrx_word' id='word_1_773' title='bbox 1329 5246 1434 5288; x_wconf 90' lang='lat' dir='ltr'><strong>non</strong></span> <span class='ocrx_word' id='word_1_774' title='bbox 1453 5230 1664 5287; x_wconf 89' lang='lat' dir='ltr'><strong>dicitur.</strong></span> <span class='ocrx_word' id='word_1_775' title='bbox 1686 5229 1797 5286; x_wconf 88' lang='lat' dir='ltr'><strong>Sed</strong></span> <span class='ocrx_word' id='word_1_776' title='bbox 1819 5230 1934 5287; x_wconf 67' lang='lat' dir='ltr'><strong>haec</strong></span> <span class='ocrx_word' id='word_1_777' title='bbox 1952 5244 2255 5302; x_wconf 77' lang='lat' dir='ltr'><strong>quanquam</strong></span> 
     </span>
    </p>
   </div>
   <div class='ocr_carea' id='block_1_97' title="bbox 678 5324 2255 5403">
    <p class='ocr_par' dir='ltr' id='par_1_97' title="bbox 678 5324 2255 5403">
     <span class='ocr_line' id='line_1_97' title="bbox 678 5324 2255 5403; baseline -0.006 -15"><span class='ocrx_word' id='word_1_778' title='bbox 678 5332 996 5403; x_wconf 88' lang='lat' dir='ltr'><strong>positionem</strong></span> <span class='ocrx_word' id='word_1_779' title='bbox 1038 5328 1266 5401; x_wconf 88' lang='lat' dir='ltr'><strong>partium</strong></span> <span class='ocrx_word' id='word_1_780' title='bbox 1297 5326 1494 5382; x_wconf 87' lang='lat' dir='ltr'><strong>habere</strong></span> <span class='ocrx_word' id='word_1_781' title='bbox 1535 5340 1643 5383; x_wconf 90' lang='lat' dir='ltr'><strong>non</strong></span> <span class='ocrx_word' id='word_1_782' title='bbox 1671 5334 1914 5396; x_wconf 85' lang='lat' dir='ltr'><strong>possunt,</strong></span> <span class='ocrx_word' id='word_1_783' title='bbox 1949 5333 2127 5380; x_wconf 88' lang='lat' dir='ltr'><strong>tamen</strong></span> <span class='ocrx_word' id='word_1_784' title='bbox 2157 5324 2255 5379; x_wconf 90' lang='lat' dir='ltr'><strong>ha-</strong></span> 
     </span>
    </p>
   </div>
   <div class='ocr_carea' id='block_1_98' title="bbox 676 5416 2255 5493">
    <p class='ocr_par' dir='ltr' id='par_1_98' title="bbox 676 5416 2255 5493">
     <span class='ocr_line' id='line_1_98' title="bbox 676 5416 2255 5493; baseline -0.004 -15"><span class='ocrx_word' id='word_1_785' title='bbox 676 5428 805 5480; x_wconf 89' lang='lat' dir='ltr'><strong>bent</strong></span> <span class='ocrx_word' id='word_1_786' title='bbox 848 5422 1090 5480; x_wconf 90' lang='lat' dir='ltr'><strong>ordinem</strong></span> <span class='ocrx_word' id='word_1_787' title='bbox 1133 5420 1447 5493; x_wconf 85' lang='lat' dir='ltr'><strong>quemdam,</strong></span> <span class='ocrx_word' id='word_1_788' title='bbox 1487 5433 1646 5490; x_wconf 90' lang='lat' dir='ltr'><strong>quem</strong></span> <span class='ocrx_word' id='word_1_789' title='bbox 1690 5426 1886 5488; x_wconf 77' lang='lat' dir='ltr'><strong>praeter</strong></span> <span class='ocrx_word' id='word_1_790' title='bbox 1932 5416 2255 5488; x_wconf 89' lang='lat' dir='ltr'><strong>positionem</strong></span> 
     </span>
    </p>
   </div>
   <div class='ocr_carea' id='block_1_99' title="bbox 675 5509 2255 5587">
    <p class='ocr_par' dir='ltr' id='par_1_99' title="bbox 675 5509 2255 5587">
     <span class='ocr_line' id='line_1_99' title="bbox 675 5509 2255 5587; baseline -0.003 -16"><span class='ocrx_word' id='word_1_791' title='bbox 675 5520 904 5587; x_wconf 85' lang='lat' dir='ltr'><strong>partium</strong></span> <span class='ocrx_word' id='word_1_792' title='bbox 932 5524 1136 5571; x_wconf 84' lang='lat' dir='ltr'><strong>tantum</strong></span> <span class='ocrx_word' id='word_1_793' title='bbox 1163 5514 1414 5571; x_wconf 89' lang='lat' dir='ltr'><strong>retinent.</strong></span> <span class='ocrx_word' id='word_1_794' title='bbox 1445 5511 1680 5568; x_wconf 86' lang='lat' dir='ltr'><strong>Dicimus</strong></span> <span class='ocrx_word' id='word_1_795' title='bbox 1701 5509 1843 5567; x_wconf 88' lang='lat' dir='ltr'><strong>enim</strong></span> <span class='ocrx_word' id='word_1_796' title='bbox 1870 5510 2103 5581; x_wconf 89' lang='lat' dir='ltr'><strong>priorem</strong></span> <span class='ocrx_word' id='word_1_797' title='bbox 2134 5524 2255 5567; x_wconf 85' lang='lat' dir='ltr'><strong>esse</strong></span> 
     </span>
    </p>
   </div>
   <div class='ocr_carea' id='block_1_100' title="bbox 674 5602 2255 5677">
    <p class='ocr_par' dir='ltr' id='par_1_100' title="bbox 674 5602 2255 5677">
     <span class='ocr_line' id='line_1_100' title="bbox 674 5602 2255 5677; baseline -0.003 -16"><span class='ocrx_word' id='word_1_798' title='bbox 674 5607 939 5661; x_wconf 86' lang='lat' dir='ltr'><strong>binarium</strong></span> <span class='ocrx_word' id='word_1_799' title='bbox 966 5620 1123 5677; x_wconf 89' lang='lat' dir='ltr'><strong>quam</strong></span> <span class='ocrx_word' id='word_1_800' title='bbox 1154 5606 1464 5669; x_wconf 89' lang='lat' dir='ltr'><strong>ternarium,</strong></span> <span class='ocrx_word' id='word_1_801' title='bbox 1494 5614 1654 5676; x_wconf 88' lang='lat' dir='ltr'><strong>atque</strong></span> <span class='ocrx_word' id='word_1_802' title='bbox 1683 5602 1826 5658; x_wconf 88' lang='lat' dir='ltr'><strong>hunc</strong></span> <span class='ocrx_word' id='word_1_803' title='bbox 1850 5617 2009 5675; x_wconf 85' lang='lat' dir='ltr'><strong>quam</strong></span> <span class='ocrx_word' id='word_1_804' title='bbox 2037 5612 2255 5672; x_wconf 86' lang='lat' dir='ltr'><strong>quater-</strong></span> 
     </span>
    </p>
   </div>
   <div class='ocr_carea' id='block_1_101' title="bbox 661 5697 2249 5775">
    <p class='ocr_par' dir='ltr' id='par_1_101' title="bbox 661 5697 2249 5775">
     <span class='ocr_line' id='line_1_101' title="bbox 661 5697 2249 5775; baseline 0 -23"><span class='ocrx_word' id='word_1_805' title='bbox 661 5699 907 5775; x_wconf 25' lang='lat' dir='ltr'><strong>.narium,</strong></span> <span class='ocrx_word' id='word_1_806' title='bbox 929 5709 984 5755; x_wconf 87' lang='lat' dir='ltr'><strong>et</strong></span> <span class='ocrx_word' id='word_1_807' title='bbox 1006 5700 1059 5754; x_wconf 94' lang='lat' dir='ltr'><strong>in</strong></span> <span class='ocrx_word' id='word_1_808' title='bbox 1083 5709 1320 5768; x_wconf 89' lang='lat' dir='ltr'><strong>tempore</strong></span> <span class='ocrx_word' id='word_1_809' title='bbox 1343 5700 1590 5755; x_wconf 89' lang='lat' dir='ltr'><strong>nimirum</strong></span> <span class='ocrx_word' id='word_1_810' title='bbox 1614 5699 1757 5755; x_wconf 88' lang='lat' dir='ltr'><strong>idem</strong></span> <span class='ocrx_word' id='word_1_811' title='bbox 1783 5698 1916 5753; x_wconf 90' lang='lat' dir='ltr'><strong>ordo</strong></span> <span class='ocrx_word' id='word_1_812' title='bbox 1940 5697 2249 5754; x_wconf 88' lang='lat' dir='ltr'><strong>revertitur.</strong></span> 
     </span>
    </p>
   </div>
   <div class='ocr_carea' id='block_1_102' title="bbox 671 5786 2257 5860">
    <p class='ocr_par' dir='ltr' id='par_1_102' title="bbox 671 5786 2257 5860">
     <span class='ocr_line' id='line_1_102' title="bbox 671 5786 2257 5860; baseline 0.001 -16"><span class='ocrx_word' id='word_1_813' title='bbox 671 5786 948 5845; x_wconf 83' lang='lat' dir='ltr'><strong>Posterius</strong></span> <span class='ocrx_word' id='word_1_814' title='bbox 970 5789 1114 5844; x_wconf 88' lang='lat' dir='ltr'><strong>enim</strong></span> <span class='ocrx_word' id='word_1_815' title='bbox 1151 5789 1385 5843; x_wconf 75' lang='lat' dir='ltr'><strong>futurum</strong></span> <span class='ocrx_word' id='word_1_816' title='bbox 1429 5799 1714 5858; x_wconf 68' lang='lat' dir='ltr'><strong>praesente,</strong></span> <span class='ocrx_word' id='word_1_817' title='bbox 1748 5802 2092 5858; x_wconf 66' lang='lat' dir='ltr'><strong>praesensque</strong></span> <span class='ocrx_word' id='word_1_818' title='bbox 2122 5804 2257 5860; x_wconf 82' lang='lat' dir='ltr'><strong>pra:-</strong></span> 
     </span>
    </p>
   </div>
   <div class='ocr_carea' id='block_1_103' title="bbox 674 5879 2256 5951">
    <p class='ocr_par' dir='ltr' id='par_1_103' title="bbox 674 5879 2256 5951">
     <span class='ocr_line' id='line_1_103' title="bbox 674 5879 2256 5951; baseline -0.002 -13"><span class='ocrx_word' id='word_1_819' title='bbox 674 5881 849 5939; x_wconf 82' lang='lat' dir='ltr'><strong>terito.</strong></span> <span class='ocrx_word' id='word_1_820' title='bbox 900 5879 1160 5948; x_wconf 82' lang='lat' dir='ltr'><strong>Quocirca</strong></span> <span class='ocrx_word' id='word_1_821' title='bbox 1186 5880 1285 5933; x_wconf 88' lang='lat' dir='ltr'><strong>etsi</strong></span> <span class='ocrx_word' id='word_1_822' title='bbox 1315 5880 1430 5934; x_wconf 66' lang='lat' dir='ltr'><strong>huc</strong></span> <span class='ocrx_word' id='word_1_823' title='bbox 1457 5896 1561 5935; x_wconf 93' lang='lat' dir='ltr'><strong>non</strong></span> <span class='ocrx_word' id='word_1_824' title='bbox 1614 5879 1807 5934; x_wconf 86' lang='lat' dir='ltr'><strong>habent</strong></span> <span class='ocrx_word' id='word_1_825' title='bbox 1862 5880 2093 5951; x_wconf 83' lang='lat' dir='ltr'><strong>aliquam</strong></span> <span class='ocrx_word' id='word_1_826' title='bbox 2136 5896 2256 5949; x_wconf 83' lang='lat' dir='ltr'><strong>par-</strong></span> 
     </span>
    </p>
   </div>
   <div class='ocr_carea' id='block_1_104' title="bbox 676 5970 2255 6038">
    <p class='ocr_par' dir='ltr' id='par_1_104' title="bbox 676 5970 2255 6038">
     <span class='ocr_line' id='line_1_104' title="bbox 676 5970 2255 6038; baseline -0.001 -7"><span class='ocrx_word' id='word_1_827' title='bbox 676 5978 805 6031; x_wconf 84' lang='lat' dir='ltr'><strong>tiutn</strong></span> <span class='ocrx_word' id='word_1_828' title='bbox 829 5971 1171 6038; x_wconf 82' lang='lat' dir='ltr'><strong>positionem,</strong></span> <span class='ocrx_word' id='word_1_829' title='bbox 1203 5971 1427 6026; x_wconf 87' lang='lat' dir='ltr'><strong>retinent</strong></span> <span class='ocrx_word' id='word_1_830' title='bbox 1452 5980 1624 6027; x_wconf 61' lang='lat' dir='ltr'><strong>tamen</strong></span> <span class='ocrx_word' id='word_1_831' title='bbox 1654 5970 1917 6027; x_wconf 72' lang='lat' dir='ltr'><strong>&quot;rdiuetu.</strong></span> <span class='ocrx_word' id='word_1_832' title='bbox 1951 5971 2099 6037; x_wconf 89' lang='lat' dir='ltr'><strong>Quod</strong></span> <span class='ocrx_word' id='word_1_833' title='bbox 2129 5988 2255 6028; x_wconf 88' lang='lat' dir='ltr'><strong>vero</strong></span> 
     </span>
    </p>
   </div>
   <div class='ocr_carea' id='block_1_105' title="bbox 2370 4863 3945 4935">
    <p class='ocr_par' dir='ltr' id='par_1_105' title="bbox 2370 4863 3945 4935">
     <span class='ocr_line' id='line_1_105' title="bbox 2370 4863 3945 4935; baseline -0.001 -16"><span class='ocrx_word' id='word_1_834' title='bbox 2370 4863 2502 4931; x_wconf 87' lang='lat' dir='ltr'><strong>cies,</strong></span> <span class='ocrx_word' id='word_1_835' title='bbox 2534 4863 2795 4932; x_wconf 73' lang='lat' dir='ltr'><strong>soliditas,</strong></span> <span class='ocrx_word' id='word_1_836' title='bbox 2832 4865 3003 4932; x_wconf 90' lang='lat' dir='ltr'><strong>locus,</strong></span> <span class='ocrx_word' id='word_1_837' title='bbox 3030 4875 3257 4935; x_wconf 83' lang='lat' dir='ltr'><strong>tempus.</strong></span> <span class='ocrx_word' id='word_1_838' title='bbox 3286 4864 3522 4921; x_wconf 87' lang='lat' dir='ltr'><strong>Discrcta</strong></span> <span class='ocrx_word' id='word_1_839' title='bbox 3546 4877 3674 4919; x_wconf 90' lang='lat' dir='ltr'><strong>vero</strong></span> <span class='ocrx_word' id='word_1_840' title='bbox 3699 4874 3945 4918; x_wconf 78' lang='lat' dir='ltr'><strong>numerus</strong></span> 
     </span>
    </p>
   </div>
   <div class='ocr_carea' id='block_1_106' title="bbox 2370 4953 3947 5025">
    <p class='ocr_par' dir='ltr' id='par_1_106' title="bbox 2370 4953 3947 5025">
     <span class='ocr_line' id='line_1_106' title="bbox 2370 4953 3947 5025; baseline -0.003 -12"><span class='ocrx_word' id='word_1_841' title='bbox 2370 4966 2425 5014; x_wconf 91' lang='lat' dir='ltr'><strong>et</strong></span> <span class='ocrx_word' id='word_1_842' title='bbox 2464 4957 2654 5013; x_wconf 86' lang='lat' dir='ltr'><strong>oratio.</strong></span> <span class='ocrx_word' id='word_1_843' title='bbox 2704 4958 2775 5013; x_wconf 84' lang='lat' dir='ltr'><strong>ln&#39;</strong></span> <span class='ocrx_word' id='word_1_844' title='bbox 2805 4957 2904 5013; x_wconf 82' lang='lat' dir='ltr'><strong>hac</strong></span> <span class='ocrx_word' id='word_1_845' title='bbox 2950 4973 3076 5012; x_wconf 86' lang='lat' dir='ltr'><strong>vero</strong></span> <span class='ocrx_word' id='word_1_846' title='bbox 3112 4956 3348 5012; x_wconf 86' lang='lat' dir='ltr'><strong>secunda</strong></span> <span class='ocrx_word' id='word_1_847' title='bbox 3389 4955 3648 5012; x_wconf 88' lang='lat' dir='ltr'><strong>divisione</strong></span> <span class='ocrx_word' id='word_1_848' title='bbox 3681 4970 3787 5025; x_wconf 89' lang='lat' dir='ltr'><strong>qua</strong></span> <span class='ocrx_word' id='word_1_849' title='bbox 3823 4953 3947 5011; x_wconf 77' lang='lat' dir='ltr'><strong>dicit</strong></span> 
     </span>
    </p>
   </div>
   <div class='ocr_carea' id='block_1_107' title="bbox 2370 5048 3947 5120">
    <p class='ocr_par' dir='ltr' id='par_1_107' title="bbox 2370 5048 3947 5120">
     <span class='ocr_line' id='line_1_107' title="bbox 2370 5048 3947 5120; baseline 0.002 -19"><span class='ocrx_word' id='word_1_850' title='bbox 2370 5049 2501 5104; x_wconf 84' lang='lat' dir='ltr'><strong>alias</strong></span> <span class='ocrx_word' id='word_1_851' title='bbox 2535 5051 2857 5120; x_wconf 80' lang='lat' dir='ltr'><strong>quantitates</strong></span> <span class='ocrx_word' id='word_1_852' title='bbox 2891 5064 2955 5105; x_wconf 79' lang='lat' dir='ltr'><strong>ex</strong></span> <span class='ocrx_word' id='word_1_853' title='bbox 2984 5048 3303 5104; x_wconf 88' lang='lat' dir='ltr'><strong>habentibus</strong></span> <span class='ocrx_word' id='word_1_854' title='bbox 3332 5049 3400 5104; x_wconf 86' lang='lat' dir='ltr'><strong>ad</strong></span> <span class='ocrx_word' id='word_1_855' title='bbox 3439 5062 3498 5104; x_wconf 87' lang='lat' dir='ltr'><strong>se</strong></span> <span class='ocrx_word' id='word_1_856' title='bbox 3533 5048 3760 5103; x_wconf 87' lang='lat' dir='ltr'><strong>invicem</strong></span> <span class='ocrx_word' id='word_1_857' title='bbox 3799 5048 3947 5119; x_wconf 85' lang='lat' dir='ltr'><strong>posi-</strong></span> 
     </span>
    </p>
   </div>
   <div class='ocr_carea' id='block_1_108' title="bbox 2371 5138 3946 5213">
    <p class='ocr_par' dir='ltr' id='par_1_108' title="bbox 2371 5138 3946 5213">
     <span class='ocr_line' id='line_1_108' title="bbox 2371 5138 3946 5213; baseline 0.001 -18"><span class='ocrx_word' id='word_1_858' title='bbox 2371 5142 2569 5196; x_wconf 89' lang='lat' dir='ltr'><strong>tionem</strong></span> <span class='ocrx_word' id='word_1_859' title='bbox 2600 5154 2841 5197; x_wconf 84' lang='lat' dir='ltr'><strong>constare</strong></span> <span class='ocrx_word' id='word_1_860' title='bbox 2872 5143 3127 5213; x_wconf 89' lang='lat' dir='ltr'><strong>partibus,</strong></span> <span class='ocrx_word' id='word_1_861' title='bbox 3167 5148 3395 5210; x_wconf 69' lang='lat' dir='ltr'><strong>quatuor</strong></span> <span class='ocrx_word' id='word_1_862' title='bbox 3434 5138 3648 5210; x_wconf 88' lang='lat' dir='ltr'><strong>quidem</strong></span> <span class='ocrx_word' id='word_1_863' title='bbox 3680 5148 3807 5196; x_wconf 89' lang='lat' dir='ltr'><strong>sunt</strong></span> <span class='ocrx_word' id='word_1_864' title='bbox 3830 5152 3946 5211; x_wconf 66' lang='lat' dir='ltr'><strong>qua</strong></span> 
     </span>
    </p>
   </div>
   <div class='ocr_carea' id='block_1_109' title="bbox 2368 5230 3944 5302">
    <p class='ocr_par' dir='ltr' id='par_1_109' title="bbox 2368 5230 3944 5302">
     <span class='ocr_line' id='line_1_109' title="bbox 2368 5230 3944 5302; baseline 0.002 -17"><span class='ocrx_word' id='word_1_865' title='bbox 2368 5230 2600 5286; x_wconf 87' lang='lat' dir='ltr'><strong>retinent</strong></span> <span class='ocrx_word' id='word_1_866' title='bbox 2629 5232 2968 5301; x_wconf 61' lang='lat' dir='ltr'><strong>posit‘ouetn,</strong></span> <span class='ocrx_word' id='word_1_867' title='bbox 2993 5232 3043 5287; x_wconf 85' lang='lat' dir='ltr'><strong>id</strong></span> <span class='ocrx_word' id='word_1_868' title='bbox 3068 5241 3148 5286; x_wconf 91' lang='lat' dir='ltr'><strong>est</strong></span> <span class='ocrx_word' id='word_1_869' title='bbox 3169 5230 3332 5297; x_wconf 88' lang='lat' dir='ltr'><strong>linea,</strong></span> <span class='ocrx_word' id='word_1_870' title='bbox 3362 5230 3698 5302; x_wconf 88' lang='lat' dir='ltr'><strong>superﬁcies,</strong></span> <span class='ocrx_word' id='word_1_871' title='bbox 3730 5246 3944 5302; x_wconf 89' lang='lat' dir='ltr'><strong>corpus,</strong></span> 
     </span>
    </p>
   </div>
   <div class='ocr_carea' id='block_1_110' title="bbox 2368 5322 3943 5394">
    <p class='ocr_par' dir='ltr' id='par_1_110' title="bbox 2368 5322 3943 5394">
     <span class='ocr_line' id='line_1_110' title="bbox 2368 5322 3943 5394; baseline 0.003 -18"><span class='ocrx_word' id='word_1_872' title='bbox 2368 5322 2513 5377; x_wconf 79' lang='lat' dir='ltr'><strong>locus</strong></span> <span class='ocrx_word' id='word_1_873' title='bbox 2542 5339 2556 5387; x_wconf 91' lang='lat'><strong>;</strong></span> <span class='ocrx_word' id='word_1_874' title='bbox 2591 5324 2689 5377; x_wconf 89' lang='lat' dir='ltr'><strong>tria</strong></span> <span class='ocrx_word' id='word_1_875' title='bbox 2720 5339 2845 5378; x_wconf 90' lang='lat' dir='ltr'><strong>vero</strong></span> <span class='ocrx_word' id='word_1_876' title='bbox 2874 5340 2990 5394; x_wconf 68' lang='lat' dir='ltr'><strong>qua:</strong></span> <span class='ocrx_word' id='word_1_877' title='bbox 3019 5325 3334 5393; x_wconf 89' lang='lat' dir='ltr'><strong>positionem</strong></span> <span class='ocrx_word' id='word_1_878' title='bbox 3367 5340 3473 5380; x_wconf 93' lang='lat' dir='ltr'><strong>non</strong></span> <span class='ocrx_word' id='word_1_879' title='bbox 3506 5324 3726 5391; x_wconf 83' lang='lat' dir='ltr'><strong>habent,</strong></span> <span class='ocrx_word' id='word_1_880' title='bbox 3755 5325 3850 5381; x_wconf 87' lang='lat' dir='ltr'><strong>sed</strong></span> <span class='ocrx_word' id='word_1_881' title='bbox 3876 5340 3943 5381; x_wconf 81' lang='lat' dir='ltr'><strong>ex</strong></span> 
     </span>
    </p>
   </div>
   <div class='ocr_carea' id='block_1_111' title="bbox 2369 5418 3942 5490">
    <p class='ocr_par' dir='ltr' id='par_1_111' title="bbox 2369 5418 3942 5490">
     <span class='ocr_line' id='line_1_111' title="bbox 2369 5418 3942 5490; baseline -0.001 -19"><span class='ocrx_word' id='word_1_882' title='bbox 2369 5418 2451 5473; x_wconf 85' lang='lat' dir='ltr'><strong>his</strong></span> <span class='ocrx_word' id='word_1_883' title='bbox 2482 5418 2586 5474; x_wconf 89' lang='lat' dir='ltr'><strong>duo</strong></span> <span class='ocrx_word' id='word_1_884' title='bbox 2613 5433 2825 5489; x_wconf 91' lang='lat' dir='ltr'><strong>semper</strong></span> <span class='ocrx_word' id='word_1_885' title='bbox 2857 5420 3097 5476; x_wconf 87' lang='lat' dir='ltr'><strong>ordinem</strong></span> <span class='ocrx_word' id='word_1_886' title='bbox 3138 5420 3390 5489; x_wconf 90' lang='lat' dir='ltr'><strong>retinent,</strong></span> <span class='ocrx_word' id='word_1_887' title='bbox 3424 5428 3636 5490; x_wconf 89' lang='lat' dir='ltr'><strong>tempus</strong></span> <span class='ocrx_word' id='word_1_888' title='bbox 3663 5419 3864 5476; x_wconf 90' lang='lat' dir='ltr'><strong>scilicet</strong></span> <span class='ocrx_word' id='word_1_889' title='bbox 3893 5429 3942 5475; x_wconf 86' lang='lat' dir='ltr'><strong>et</strong></span> 
     </span>
    </p>
   </div>
   <div class='ocr_carea' id='block_1_112' title="bbox 2367 5508 3922 5583">
    <p class='ocr_par' dir='ltr' id='par_1_112' title="bbox 2367 5508 3922 5583">
     <span class='ocr_line' id='line_1_112' title="bbox 2367 5508 3922 5583; baseline 0.001 -19"><span class='ocrx_word' id='word_1_890' title='bbox 2367 5525 2643 5565; x_wconf 88' lang='lat' dir='ltr'><strong>numerus.</strong></span> <span class='ocrx_word' id='word_1_891' title='bbox 2686 5513 2869 5567; x_wconf 85' lang='lat' dir='ltr'><strong>Oratio</strong></span> <span class='ocrx_word' id='word_1_892' title='bbox 2900 5527 3026 5567; x_wconf 88' lang='lat' dir='ltr'><strong>vero</strong></span> <span class='ocrx_word' id='word_1_893' title='bbox 3053 5512 3097 5566; x_wconf 90' lang='lat' dir='ltr'><strong>si</strong></span> <span class='ocrx_word' id='word_1_894' title='bbox 3129 5511 3254 5583; x_wconf 93' lang='lat' dir='ltr'><strong>quid</strong></span> <span class='ocrx_word' id='word_1_895' title='bbox 3299 5510 3586 5583; x_wconf 77' lang='lat' dir='ltr'><strong>signiﬁcet,</strong></span> <span class='ocrx_word' id='word_1_896' title='bbox 3616 5511 3773 5565; x_wconf 87' lang='lat' dir='ltr'><strong>habet</strong></span> <span class='ocrx_word' id='word_1_897' title='bbox 3801 5508 3922 5565; x_wconf 87' lang='lat' dir='ltr'><strong>ordi</strong></span> 
     </span>
    </p>
   </div>
   <div class='ocr_carea' id='block_1_113' title="bbox 2366 5602 3943 5676">
    <p class='ocr_par' dir='ltr' id='par_1_113' title="bbox 2366 5602 3943 5676">
     <span class='ocr_line' id='line_1_113' title="bbox 2366 5602 3943 5676; baseline 0.001 -21"><span class='ocrx_word' id='word_1_898' title='bbox 2366 5617 2516 5668; x_wconf 83' lang='lat' dir='ltr'><strong>nent;</strong></span> <span class='ocrx_word' id='word_1_899' title='bbox 2547 5604 2590 5657; x_wconf 91' lang='lat' dir='ltr'><strong>si</strong></span> <span class='ocrx_word' id='word_1_900' title='bbox 2621 5620 2744 5659; x_wconf 86' lang='lat' dir='ltr'><strong>vero</strong></span> <span class='ocrx_word' id='word_1_901' title='bbox 2767 5604 2897 5659; x_wconf 89' lang='lat' dir='ltr'><strong>nihil</strong></span> <span class='ocrx_word' id='word_1_902' title='bbox 2924 5604 3202 5676; x_wconf 88' lang='lat' dir='ltr'><strong>signiﬁcet,</strong></span> <span class='ocrx_word' id='word_1_903' title='bbox 3232 5604 3530 5660; x_wconf 89' lang='lat' dir='ltr'><strong>inordinata</strong></span> <span class='ocrx_word' id='word_1_904' title='bbox 3558 5612 3665 5667; x_wconf 88' lang='lat' dir='ltr'><strong>est;</strong></span> <span class='ocrx_word' id='word_1_905' title='bbox 3693 5602 3737 5655; x_wconf 91' lang='lat' dir='ltr'><strong>si</strong></span> <span class='ocrx_word' id='word_1_906' title='bbox 3769 5610 3943 5656; x_wconf 84' lang='lat' dir='ltr'><strong>tamen</strong></span> 
     </span>
    </p>
   </div>
   <div class='ocr_carea' id='block_1_114' title="bbox 2363 5696 3940 5770">
    <p class='ocr_par' dir='ltr' id='par_1_114' title="bbox 2363 5696 3940 5770">
     <span class='ocr_line' id='line_1_114' title="bbox 2363 5696 3940 5770; baseline 0.001 -20"><span class='ocrx_word' id='word_1_907' title='bbox 2363 5697 2532 5751; x_wconf 90' lang='lat' dir='ltr'><strong>oratio</strong></span> <span class='ocrx_word' id='word_1_908' title='bbox 2556 5698 2688 5753; x_wconf 91' lang='lat' dir='ltr'><strong>nihil</strong></span> <span class='ocrx_word' id='word_1_909' title='bbox 2714 5698 3019 5770; x_wconf 80' lang='lat' dir='ltr'><strong>signiﬁcans</strong></span> <span class='ocrx_word' id='word_1_910' title='bbox 3044 5700 3146 5755; x_wconf 90' lang='lat' dir='ltr'><strong>dici</strong></span> <span class='ocrx_word' id='word_1_911' title='bbox 3178 5700 3363 5769; x_wconf 84' lang='lat' dir='ltr'><strong>possit,</strong></span> <span class='ocrx_word' id='word_1_912' title='bbox 3393 5699 3477 5754; x_wconf 91' lang='lat' dir='ltr'><strong>his</strong></span> <span class='ocrx_word' id='word_1_913' title='bbox 3500 5698 3654 5753; x_wconf 87' lang='lat' dir='ltr'><strong>dictis</strong></span> <span class='ocrx_word' id='word_1_914' title='bbox 3679 5696 3792 5765; x_wconf 80' lang='lat' dir='ltr'><strong>ipse</strong></span> <span class='ocrx_word' id='word_1_915' title='bbox 3820 5710 3940 5751; x_wconf 88' lang='lat' dir='ltr'><strong>con-</strong></span> 
     </span>
    </p>
   </div>
   <div class='ocr_carea' id='block_1_115' title="bbox 2364 5788 3944 5863">
    <p class='ocr_par' dir='ltr' id='par_1_115' title="bbox 2364 5788 3944 5863">
     <span class='ocr_line' id='line_1_115' title="bbox 2364 5788 3944 5863; baseline 0.001 -22"><span class='ocrx_word' id='word_1_916' title='bbox 2364 5788 2531 5843; x_wconf 87' lang='lat' dir='ltr'><strong>cludit</strong></span> <span class='ocrx_word' id='word_1_917' title='bbox 2565 5790 2749 5846; x_wconf 87' lang='lat' dir='ltr'><strong>diccns</strong></span> <span class='ocrx_word' id='word_1_918' title='bbox 2781 5809 2793 5845; x_wconf 90' lang='lat'>:</span> <span class='ocrx_word' id='word_1_919' title='bbox 2829 5791 2987 5863; x_wconf 83' lang='lat' dir='ltr'><strong>igitur</strong></span> <span class='ocrx_word' id='word_1_920' title='bbox 3036 5793 3135 5848; x_wconf 84' lang='lat' dir='ltr'><strong>alia</strong></span> <span class='ocrx_word' id='word_1_921' title='bbox 3168 5810 3231 5848; x_wconf 72' lang='lat' dir='ltr'><strong>ex</strong></span> <span class='ocrx_word' id='word_1_922' title='bbox 3262 5792 3578 5849; x_wconf 82' lang='lat' dir='ltr'><strong>habentibus</strong></span> <span class='ocrx_word' id='word_1_923' title='bbox 3616 5790 3680 5844; x_wconf 81' lang='lat' dir='ltr'><strong>ad</strong></span> <span class='ocrx_word' id='word_1_924' title='bbox 3715 5804 3775 5845; x_wconf 88' lang='lat' dir='ltr'><strong>se</strong></span> <span class='ocrx_word' id='word_1_925' title='bbox 3808 5791 3944 5847; x_wconf 82' lang='lat' dir='ltr'><strong>invi-</strong></span> 
     </span>
    </p>
   </div>
   <div class='ocr_carea' id='block_1_116' title="bbox 2362 5880 3943 5954">
    <p class='ocr_par' dir='ltr' id='par_1_116' title="bbox 2362 5880 3943 5954">
     <span class='ocr_line' id='line_1_116' title="bbox 2362 5880 3943 5954; baseline 0.002 -19"><span class='ocrx_word' id='word_1_926' title='bbox 2362 5896 2475 5935; x_wconf 80' lang='lat' dir='ltr'><strong>ccut</strong></span> <span class='ocrx_word' id='word_1_927' title='bbox 2509 5884 2744 5949; x_wconf 77' lang='lat' dir='ltr'><strong>partibus</strong></span> <span class='ocrx_word' id='word_1_928' title='bbox 2784 5880 3100 5954; x_wconf 85' lang='lat' dir='ltr'><strong>positionem</strong></span> <span class='ocrx_word' id='word_1_929' title='bbox 3133 5894 3397 5949; x_wconf 87' lang='lat' dir='ltr'><strong>constant,</strong></span> <span class='ocrx_word' id='word_1_930' title='bbox 3437 5885 3539 5938; x_wconf 81' lang='lat' dir='ltr'><strong>alia</strong></span> <span class='ocrx_word' id='word_1_931' title='bbox 3572 5896 3695 5937; x_wconf 79' lang='lat' dir='ltr'><strong>vero</strong></span> <span class='ocrx_word' id='word_1_932' title='bbox 3726 5899 3791 5938; x_wconf 81' lang='lat' dir='ltr'><strong>ex</strong></span> <span class='ocrx_word' id='word_1_933' title='bbox 3839 5900 3943 5938; x_wconf 86' lang='lat' dir='ltr'><strong>non</strong></span> 
     </span>
    </p>
   </div>
   <div class='ocr_carea' id='block_1_117' title="bbox 2364 5974 3940 6045">
    <p class='ocr_par' dir='ltr' id='par_1_117' title="bbox 2364 5974 3940 6045">
     <span class='ocr_line' id='line_1_117' title="bbox 2364 5974 3940 6045; baseline 0.003 -15"><span class='ocrx_word' id='word_1_934' title='bbox 2364 5974 2675 6030; x_wconf 73' lang='lat' dir='ltr'><strong>habentibus</strong></span> <span class='ocrx_word' id='word_1_935' title='bbox 2732 5980 3068 6033; x_wconf 77' lang='lat' dir='ltr'><strong>positionem.</strong></span> <span class='ocrx_word' id='word_1_936' title='bbox 3135 5978 3241 6036; x_wconf 81' lang='lat' dir='ltr'><strong>llac</strong></span> <span class='ocrx_word' id='word_1_937' title='bbox 3286 5979 3443 6045; x_wconf 82' lang='lat' dir='ltr'><strong>igitur</strong></span> <span class='ocrx_word' id='word_1_938' title='bbox 3489 5974 3752 6035; x_wconf 85' lang='lat' dir='ltr'><strong>divisione</strong></span> <span class='ocrx_word' id='word_1_939' title='bbox 3796 5975 3940 6037; x_wconf 76' lang='lat' dir='ltr'><strong>[inita</strong></span> 
     </span>
    </p>
   </div>
  </div>
