4280 6268
356 352 449 410 205

1386 352 1447 406 IN
1486 350 1914 407 CATEGORIAS
1951 351 2392 409 ARISTOTELIS
2432 353 2539 408 LIB
2579 356 2638 410 ll.
2727 373 2735 381 '

3500 358 3603 419 210

354 467 542 523 transit
567 466 634 523 ad
664 476 855 524 cetera
885 475 1184 523 monstrans
1213 478 1330 537 quae
1362 466 1573 535 proprie
1604 462 1926 535 quantitates
1953 468 2007 526 Α
2034 472 2143 518 tum
2172 475 2330 533 atque
2352 467 2617 521 actionem
2644 470 2863 524 multam
2889 486 3009 541 quae
3042 472 3198 543 longo
3223 481 3463 543 tempore
3490 488 3607 543 per-

353 568 752 631 nuncupantur,
779 575 894 631 quae
915 558 1205 614 secundum
1235 556 1499 613 accidens.

428 672 667 744 Propriis
691 682 857 729 autent
895 671 1200 743 quantitates
1246 670 1325 725 ha:
1365 670 1486 723 sola:
1524 666 1765 721 dicuntur
1804 681 1929 733 quas

357 765 610 833 discimus,
636 766 737 819 alia
769 779 881 818 vero
920 763 1092 816 omnia
1118 760 1394 816 secundum
1434 759 1702 824 accidens,
1730 758 1796 810 ad
1823 756 1928 810 haec

356 858 491 910 enim
521 856 819 925 aspicientes
848 864 894 909 et
924 853 1030 908 alia
1058 853 1277 907 dicimus
1313 852 1617 921 quantitates
1640 890 1654 916 ,
1698 858 1753 903 ut
1794 848 1929 902 mul-

356 956 463 1000 tum
491 947 673 1000 dicitur
701 945 872 1001 album
892 987 907 1011 ,
952 961 1022 1029 eoo
1043 944 1181 1016 quod
1213 944 1503 1013 superﬁcies
1545 943 1707 996 multa
1740 942 1840 1007 sit,
1881 948 1930 994 et

355 1038 488 1092 actio
527 1039 713 1108 longa,
756 1053 817 1091 eo
855 1036 994 1107 quod
1035 1044 1233 1106 tempus
1275 1034 1491 1089 multum
1523 1036 1624 1096 sit,
1669 1040 1719 1087 et
1764 1041 1930 1086 motus

354 1130 573 1196 multus,
606 1144 766 1200 neque
794 1129 929 1183 enint
957 1128 1138 1183 horum
1165 1127 1421 1199 singulum
1461 1142 1551 1197 per
1588 1141 1642 1180 se
1679 1133 1928 1195 quantum

354 1225 556 1293 dicitur,
607 1233 663 1277 ut
714 1224 756 1277 si
798 1224 913 1292 quis
955 1221 1176 1292 assignet
1216 1228 1408 1290 quanta
1445 1219 1509 1272 sit
1550 1218 1724 1287 aliqua
1763 1218 1928 1283 actio,

355 1328 575 1388 tempore
600 1315 811 1385 diﬁiniet
832 1355 849 1381 ,
876 1314 998 1368 anni
1030 1327 1319 1367 mensuram
1344 1311 1420 1365 vel
1456 1310 1528 1363 sic
1548 1344 1549 1349 η
1569 1309 1739 1379 aliquo
1778 1308 1929 1361 modo

352 1408 640 1475 assignans.
672 1404 742 1459 Et
764 1404 939 1459 album
965 1412 1213 1474 quantum
1238 1403 1303 1455 sit
1332 1402 1600 1469 assignans
1620 1441 1635 1464 ,
1666 1398 1933 1467 superﬁcie

353 1499 583 1568 difﬁniet.
620 1497 831 1563 Quanta
861 1497 995 1550 enim
1021 1493 1314 1564 superﬁcies
1358 1492 1549 1563 fuerit,
1591 1498 1788 1543 tantum
1830 1504 1934 1542 esse

353 1588 527 1641 album
555 1588 705 1642 dicet.
752 1587 920 1654 Quare
950 1584 1073 1639 salte
1099 1583 1321 1653 propria:
1348 1592 1393 1637 et
1428 1581 1701 1636 secundm
1740 1581 1931 1651 seipsas

350 1680 658 1749 quantitates
684 1676 929 1732 dicuntur
950 1691 1061 1747 qua:
1082 1676 1229 1730 dicta:
1246 1685 1384 1741 sunt,
1412 1673 1633 1728 aliorum
1658 1688 1772 1726 vero
1802 1671 1932 1725 nihil

351 1788 440 1842 per
463 1788 516 1827 se
534 1811 551 1839 ,
581 1771 673 1825 sed
698 1786 790 1841 per
814 1768 1077 1823 accidens.‘

2035 554 2274 620 ﬁciatur;
2305 571 2469 625 quare
2490 559 2741 626 quoniam
2767 562 2831 614 ad
2858 564 3100 631 proprias
3120 566 3443 633 quantitates
3468 568 3608 637 aspi-

2029 647 2233 701 cientes
2254 688 2267 711 ,
2299 659 2457 718 atque
2482 649 2548 703 ad
2576 664 2670 705 eas
2696 666 2782 707 res
2807 662 3032 709 caeteras
3061 656 3359 713 referentes
3390 699 3404 724 ,
3436 674 3609 728 quan-

2032 739 2216 794 titates
2249 754 2504 796 vocamus
2530 785 2545 811 ,
2572 752 2629 795 ut
2658 742 2838 798 album
2872 746 2937 799 ad
2966 747 3301 816 superﬁciem
3328 764 3445 819 quae
3485 766 3608 807 vera

2032 839 2115 886 est
2143 832 2415 901 quantitas
2443 875 2457 901 ,
2489 842 2545 888 et
2571 849 2821 903 cursum,
2862 844 2916 891 et
2948 837 3178 909 aliquem
3213 852 3413 898 motum
3452 853 3612 915 atque

2032 925 2297 982 actionem
2329 927 2393 982 ad
2425 936 2661 999 tempus,
2688 930 2831 1000 quod
2863 931 3036 1001 ipsum
3063 948 3188 989 vere
3217 938 3480 1005 quantitas
3506 952 3607 1011 est,

2033 1018 2341 1074 reducimus
2364 1061 2378 1087 ,
2410 1019 2526 1075 haec
2550 1036 2654 1076 non
2683 1037 2781 1092 per
2808 1038 2868 1079 se
2890 1026 3241 1099 quantitates,
3272 1029 3366 1085 sed
3397 1045 3489 1099 per
3518 1049 3611 1089 eas

2030 1124 2151 1179 quae
2205 1113 2422 1181 proprie
2473 1113 2799 1183 quantitates
2858 1117 3013 1172 dictae
3068 1130 3191 1173 sunt
3246 1121 3605 1179 nominantur.

2033 1201 2293 1269 Quocirca
2325 1205 2578 1275 quoniam
2607 1207 2749 1274 quod
2785 1223 2881 1278 per
2920 1222 2980 1264 se
3019 1225 3126 1265 non
3165 1221 3281 1269 est.
3316 1216 3606 1272 secundum

2033 1297 2281 1354 accidens
2313 1307 2427 1365 est,
2459 1310 2605 1355 recte
2635 1309 2831 1357 caetera
2859 1303 3037 1359 omnia
3065 1314 3259 1373 praeter
3284 1320 3346 1361 ea
3375 1322 3492 1377 quae
3519 1323 3607 1363 su—

2034 1388 2217 1457 perius
2262 1389 2315 1444 in
2366 1392 2663 1461 quantitate
2734 1403 3007 1450 numerata
3048 1406 3170 1451 sunt
3223 1412 3317 1468 per
3364 1398 3609 1455 accidens

2033 1496 2186 1549 esse,
2220 1497 2323 1538 non
2362 1499 2460 1555 per
2495 1500 2554 1540 se
2596 1489 2923 1557 quantitates
2957 1491 3226 1549 dicuntur.
3271 1494 3410 1549 Sola:
3448 1498 3607 1567 igitur

2035 1576 2249 1645 proprie
2277 1584 2332 1630 et
2370 1576 2663 1632 secundum
2706 1594 2765 1634 se
2805 1581 2933 1650 ipsae
2970 1584 3293 1653 quantitates
3329 1585 3601 1652 dicuntur,

2035 1668 2120 1723 hee
2149 1682 2269 1737 quae
2302 1670 2550 1737 superius
2577 1672 2979 1742 comprehensae
3023 1685 3165 1731 sunt.
3202 1678 3333 1735 Aliae
3364 1696 3490 1736 vero
3516 1699 3607 1752 per

2034 1773 2094 1813 se
2131 1759 2399 1829 quantitas
2438 1776 2542 1815 non
2577 1773 2738 1830 sunt,
2777 1765 2871 1820 sed
2912 1764 3009 1835 (ut
3050 1768 3164 1837 ipse
3201 1770 3313 1839 ait)
3353 1772 3487 1829 forte
3515 1790 3607 1845 per

422 1834 795 1955 Principaliter
823 1882 1022 1952 aliquid
1053 1896 1174 1938 esse
1195 1880 1407 1951 dicitur,
1443 1879 1584 1950 quod
1611 1893 1704 1950 per
1734 1893 1796 1935 se
1825 1878 1933 1935 tale
1964 1834 2013 1897 Β
2039 1849 2311 1955 δεθξξίθτξδζ
2342 1850 2817 1955 Ῑῗοθίμξίίνῖδίίξίξθπη
2850 1834 3008 1927 igitur
3045 1834 3473 1955 ςὸηιίηυίβιίιιιυ
3504 1834 3607 1923 δίε·

353 1986 439 2032 est
488 1975 643 2046 quale
705 1987 827 2032 esse
867 1972 1283 2028 demonstratur.
1333 1968 1637 2026 Secundum
1680 1968 1933 2025 accidens

350 2083 480 2125 vero
510 2067 645 2123 illud
671 2068 811 2139 quod
840 2081 943 2121 non
976 2081 1073 2137 per
1105 2080 1200 2131 se,
1238 2064 1335 2121 sed
1368 2078 1462 2135 per
1516 2062 1659 2117 aliud
1702 2062 1812 2120 tale
1852 2070 1934 2118 est

352 2158 507 2228 quale
534 2171 654 2212 esse
682 2156 963 2222 dicitur,ut
988 2154 1222 2210 albedini
1250 2169 1346 2224 per
1372 2168 1431 2209 se
1459 2141 1600 2208 inest
1623 2152 1771 2209 color
1795 2169 1809 2206 :
1842 2165 1930 2209 se-

350 2246 579 2303 cundum
616 2256 857 2301 naturam
901 2244 1044 2301 enim
1085 2245 1222 2311 albi,
1267 2244 1415 2299 color
1457 2258 1577 2299 esse
1616 2243 1811 2298 dicitur
1854 2242 1932 2297 al-

353 2339 487 2395 bedo
515 2355 529 2403 ;
559 2353 681 2395 cum
711 2353 840 2393 vero
870 2337 1032 2393 homo
1057 2336 1254 2393 dicitur
1281 2336 1550 2401 coloratus
1573 2376 1591 2404 ,
1618 2350 1722 2392 non
1751 2350 1847 2406 per
1870 2348 1930 2391 se

350 2431 557 2498 dicitur,
586 2431 784 2487 idcirco
809 2430 950 2499 quod
977 2430 1139 2486 homo
1165 2430 1218 2485 in
1244 2443 1310 2485 eo
1333 2428 1473 2501 quod
1502 2429 1665 2483 homo
1693 2436 1809 2494 est,
1835 2441 1931 2483 co-

353 2522 428 2578 lor
465 2539 570 2578 non
610 2531 729 2589 est,
774 2522 869 2577 sed
916 2522 1167 2592 quoniam
1211 2520 1371 2575 habet
1410 2521 1681 2585 colorem,
1727 2518 1927 2575 idcirco

352 2616 540 2671 dicitur
595 2614 884 2670 coloratus.
939 2614 1077 2684 Ergo
1124 2612 1573 2684 quemadmodum
1618 2611 1797 2667 album
1845 2612 1923 2665 id-

352 2707 493 2761 circo
518 2705 690 2783 color
718 2714 803 2761 est
829 2719 925 2775 per
949 2719 1010 2761 se
1037 2704 1290 2775 quoniam
1317 2703 1466 2759 color
1493 2702 1733 2757 naturale
1762 2700 1927 2771 quod-

351 2799 466 2855 dam
496 2808 580 2855 est
602 2813 798 2871 genus,
833 2798 993 2854 homo
1018 2812 1149 2854 vero
1174 2797 1375 2853 idcirco
1402 2795 1672 2851 coloratus
1732 2793 1926 2848 dicitur

348 2890 598 2961 quoniam
645 2889 808 2945 habet
850 2888 1127 2954 colorem;
1159 2896 1215 2944 et
1253 2887 1448 2943 dicitur
1490 2886 1666 2941 album
1708 2885 1923 2956 quidem

347 2995 443 3054 per
482 2995 543 3037 se
592 2989 646 3035 et
696 2979 1063 3050 principaliter
1108 2979 1281 3046 color,
1333 2972 1492 3034 homo
1546 2991 1676 3033 vero
1724 2991 1921 3033 secun-

348 3073 475 3129 dum
503 3072 751 3129 accidens
778 3071 1069 3128 coloratus.
1119 3071 1196 3127 ita
1228 3085 1441 3142 quoque
1468 3079 1523 3125 et
1551 3070 1873 3139 quantitates
1899 3085 1913 3123 :

350 3166 467 3222 brae
492 3167 630 3223 enim
660 3166 838 3221 omnia
868 3180 988 3236 quae
1015 3164 1158 3219 dicta
1188 3174 1346 3228 sunt,
1376 3151 1432 3218 id
1482 3171 1565 3219 est
1605 3162 1742 3218 linea
1762 3204 1779 3231 ,
1823 3177 1914 3219 su-

350 3258 626 3331 perﬁcies,
662 3272 891 3328 corpus,
934 3270 1227 3322 numerus,
1269 3254 1482 3322 oratio,
1531 3263 1773 3326 tempus,
1820 3267 1917 3323 per

346 3368 406 3408 se
447 3362 501 3409 et
542 3353 831 3409 secundum
876 3351 1147 3423 propriam
1189 3360 1435 3406 naturam
1466 3352 1790 3420 quantitates
1831 3350 1919 3405 di-

348 3456 557 3502 cuntur.
610 3446 667 3503 Si
715 3461 819 3517 qua
864 3460 992 3501 vero
1038 3445 1142 3500 alia
1185 3445 1431 3500 dicuntur
1470 3444 1762 3500 secundum
1822 3445 1920 3499 ali-

346 3553 505 3610 quam
532 3538 885 3608 quantitatem
904 3576 922 3604 ,
955 3550 1062 3591 non
1088 3550 1186 3604 per
1214 3550 1309 3602 se,
1338 3535 1431 3590 sed
1460 3535 1753 3591 secundum
1780 3536 1920 3591 acci-

346 3631 474 3689 dens
500 3632 843 3687 nominantur
868 3648 883 3686 :
915 3639 973 3684 ut
993 3629 1171 3684 album
1196 3628 1393 3683 dicitur
1419 3628 1642 3683 multum
1659 3668 1675 3695 ,
1700 3642 1806 3683 non
1834 3628 1919 3683 id-

345 3727 490 3781 circo
518 3724 660 3795 quod
690 3723 882 3779 albedo
911 3721 981 3778 sit
1010 3724 1281 3793 quantitas
1303 3762 1318 3787 ,
1350 3721 1443 3776 sed
1470 3720 1721 3790 quoniam
1753 3721 1919 3776 multa

343 3821 414 3874 sit
452 3818 799 3889 superﬁcies,
826 3819 878 3871 in
906 3831 1007 3886 qua
1040 3815 1172 3871 illud
1200 3815 1377 3871 album
1408 3816 1497 3870 sit.
1526 3814 1583 3870 Si
1612 3814 1752 3869 enim
1785 3812 1921 3868 mul-

345 3919 460 3965 tum
491 3909 721 3977 spatium
763 3907 919 3962 fuerit
956 3910 1008 3962 in
1052 3923 1156 3977 quo
1198 3908 1380 3961 album
1420 3906 1522 3971 sit,
1556 3904 1779 3959 multum
1818 3904 1921 3959 erit

347 4000 570 4065 album;
616 3999 861 4069 quocirca
902 4014 1002 4053 non
1041 3999 1291 4069 quoniam
1332 3998 1444 4067 ipsa
1486 3995 1681 4051 albedo
1726 4009 1817 4063 per
1862 4008 1921 4050 se

345 4092 578 4163 aliquam
606 4091 955 4159 quantitatem
986 4089 1182 4155 habet,
1227 4089 1321 4145 sed
1361 4088 1612 4158 quoniam
1654 4085 1707 4141 in
1742 4086 1918 4157 aliqua

344 4183 641 4255 quantitate
669 4191 753 4238 est
781 4182 1067 4238 constituta
1089 4222 1104 4247 ,
1133 4181 1183 4235 id
1206 4188 1287 4236 est
1313 4180 1365 4234 in
1390 4176 1696 4249 superﬁcie,
1720 4176 1918 4233 idcirco

344 4275 638 4331 secundum
672 4274 1011 4344 superﬁciem
1038 4272 1179 4340 qudd
1206 4280 1290 4327 est
1315 4270 1583 4340 quantitas
1620 4283 1741 4338 qum
1775 4269 1917 4324 scili-

344 4380 425 4424 cet
449 4384 544 4439 per
574 4350 633 4424 se
663 4367 828 4422 multa
856 4375 938 4422 est
957 4407 973 4431 ,
1004 4366 1183 4421 album
1219 4363 1444 4419 multum
1484 4363 1819 4418 dicitur.non
1834 4377 1921 4418 se-

344 4459 569 4515 cundum
601 4474 659 4514 se
677 4498 693 4525 ,
718 4468 879 4528 atque
909 4457 1040 4512 ideo
1067 4457 1244 4511 album
1273 4470 1381 4512 non
1408 4469 1505 4525 per
1531 4470 1590 4510 se
1609 4495 1624 4519 ,
1648 4469 1747 4510 nec
1774 4455 1919 4525 prin-

344 4552 607 4622 cipaliter,
651 4550 745 4606 sed
796 4548 1091 4605 secundum
1139 4548 1390 4604 accidens
1429 4547 1653 4602 multum
1699 4547 1911 4602 dicitur.

343 4644 499 4699 Actio
527 4657 738 4713 quoque
768 4642 892 4697 ideo
918 4640 1115 4695 dicitur
1142 4639 1322 4708 longa,
1365 4639 1507 4709 quod
1562 4640 1734 4695 multo
1782 4649 1914 4694 tem-

341 4749 470 4804 pore
499 4742 615 4789 acta
646 4734 755 4799 sit;
787 4732 1005 4787 multam
1037 4745 1165 4785 vero
1196 4730 1564 4799 aegritudinem
1606 4730 1806 4787 idcirco
1832 4731 1917 4785 di-

338 4829 533 4891 cimus,
564 4827 611 4881 si
648 4825 835 4881 eadem
866 4826 1035 4880 multo
1063 4824 1135 4879 sit
1168 4832 1441 4893 tempore;
1483 4833 1537 4879 et
1560 4832 1759 4879 motum
1784 4824 1921 4878 mul-

344 4929 453 4974 tum
500 4918 726 4984 idcirco,
754 4917 894 4987 quod
926 4917 1099 4972 multo
1139 4924 1381 4984 tempore
1420 4915 1590 4971 factus
1632 4917 1734 4983 sit,
1776 4927 1833 4971 ut
1873 4917 1918 4973 si

346 5012 463 5081 quis
513 5011 684 5065 multo
729 5020 969 5078 tempore
1016 5015 1218 5063 currat.
1260 5007 1318 5063 Si
1362 5008 1479 5076 quis
1524 5023 1652 5063 vero
1692 5009 1914 5063 multum

342 5118 552 5159 cursum
585 5102 733 5157 illum
772 5103 914 5157 dicat
954 5114 1074 5157 esse
1123 5100 1216 5169 qui
1275 5100 1347 5155 sit
1384 5100 1784 5167 velocissimus,
1828 5100 1918 5154 ille

342 5194 725 5247 convenienter
770 5207 1021 5248 sermone
1066 5206 1173 5246 non
1220 5193 1408 5247 utitur.
1459 5191 1728 5247 Velocitas
1774 5193 1916 5249 enim

341 5299 446 5339 non
477 5285 781 5353 quantitas,
810 5283 905 5339 sed
937 5283 1112 5354 potius
1141 5282 1369 5352 qualitas
1395 5291 1513 5351 est,
1542 5284 1727 5353 quales
1771 5284 1917 5339 enim

339 5377 631 5431 secundum
669 5390 787 5431 eam
816 5376 1067 5441 dicimur,
1095 5375 1146 5430 id
1176 5384 1259 5431 est
1283 5375 1495 5430 veloces
1516 5416 1531 5440 ,
1566 5391 1670 5431 non
1711 5378 1916 5447 quanti.

340 5466 645 5523 Secundum
693 5469 1046 5539 quantitatem
1092 5483 1223 5523 vero
1275 5467 1502 5522 multum
1552 5467 1766 5533 dicitur,
1815 5456 1919 5523 hoc

340 5568 522 5617 autem
552 5569 813 5616 monstrat
840 5561 955 5630 ipsa
980 5576 1166 5617 rerum
1208 5559 1496 5616 dilﬁnitio:
1527 5560 1576 5615 si
1614 5561 1734 5630 quis
1776 5562 1917 5616 enim

340 5653 522 5710 album
554 5653 782 5709 multum
812 5663 1116 5710 monstrare
1143 5652 1447 5719 desideret,
1476 5661 1531 5708 et
1561 5652 1781 5723 proprio
1809 5663 1920 5710 ter-

345 5747 492 5803 mino
532 5745 754 5801 rstionis
791 5744 1102 5813 includere,
1143 5743 1217 5799 illi
1258 5742 1543 5800 dicendum
1581 5751 1663 5799 est
1696 5743 1920 5800 multum

344 5852 460 5893 esse
518 5836 696 5892 album
738 5836 880 5899 quod
912 5835 963 5890 in
993 5835 1156 5890 multa
1183 5834 1359 5906 jaceat
1385 5832 1698 5905 superﬁcie,
1729 5844 1782 5890 et
1808 5848 1920 5891 mo-

1942 4590 1998 4655 D

2037 1940 2169 1996 creti
2208 1951 2261 1997 et
2298 1941 2541 1999 habentis
2577 1948 2894 2015 positionem
2927 1953 3155 2020 partium
3186 1964 3239 2009 et
3270 1970 3374 2010 non
3406 1957 3603 2015 haben.

2040 2033 2106 2088 tis
2128 2075 2143 2100 ,
2178 2044 2232 2089 et
2262 2050 2378 2102 qua:
2409 2046 2537 2091 sunt
2562 2053 2659 2107 per
2688 2055 2748 2094 se
2776 2041 3159 2113 principaliter,
3199 2055 3254 2101 et
3294 2064 3477 2104 rursus
3516 2067 3608 2121 per

2036 2124 2285 2207 accidens
2323 2127 2649 2195 quantitates
2672 2169 2687 2195 ,
2734 2131 2894 2186 solito
2930 2148 3079 2189 more
3119 2135 3257 2191 viam
3305 2138 3604 2201 inveniendi

2035 2216 2387 2282 quantitatum
2419 2220 2715 2288 proprietas
2740 2221 3059 2291 ingreditur.

2106 2330 2341 2400 Amplius
2372 2336 2645 2404 quantitati
2671 2338 2803 2392 nihil
2831 2349 2904 2393 est
2932 2345 3278 2412 contrarium,
3309 2350 3361 2402 in
3386 2351 3607 2419 deﬁnitii

2033 2422 2168 2475 enim
2223 2425 2553 2495 manifestum
2587 2437 2659 2481 est
2707 2431 2948 2499 quoniam
2985 2433 3114 2487 nihil
3151 2446 3221 2491 cst
3258 2442 3571 2496 contrarium
3602 2490 3605 2503 .

2035 2523 2091 2567 ut
2121 2515 2358 2583 bicubito,
2388 2517 2465 2571 vel
2494 2520 2760 2587 tricubito,
2794 2524 2873 2576 vel
2899 2528 3183 2597 superﬁciei
3201 2570 3214 2594 ,
3246 2534 3320 2585 vel
3350 2534 3505 2588 alicui
3531 2546 3598 2590 ta-

2033 2608 2192 2673 lium,
2226 2610 2359 2664 nihil
2385 2612 2518 2665 enim
2543 2614 2666 2683 ipsis
2693 2624 2766 2669 est
2805 2619 3134 2677 contrarium.
3180 2621 3300 2679 Nisi
3332 2626 3462 2697 forte
3497 2634 3605 2695 qui.

2029 2700 2193 2755 multa
2222 2704 2397 2770 paucis
2427 2705 2563 2759 dicat
2591 2723 2697 2761 esse
2725 2712 3013 2777 contraria,
3050 2715 3126 2767 vel
3157 2732 3397 2788 magnum
3426 2737 3601 2789 parvo,

2030 2791 2206 2847 horum
2257 2806 2423 2848 autem
2466 2796 2596 2850 nihil
2634 2809 2705 2853 est
2746 2803 3037 2870 quantitas,
3083 2807 3171 2858 sed
3210 2809 3371 2877 magis
3414 2811 3480 2863 ad
3507 2813 3610 2867 ali.

2028 2886 2153 2954 quid
2178 2903 2195 2950 ;
2228 2887 2356 2941 nihil
2382 2889 2515 2942 enim
2548 2906 2638 2958 per
2662 2893 2880 2963 seipsum
2909 2911 3121 2962 parvum
3148 2900 3226 2952 vel
3254 2910 3492 2969 magnum
3524 2906 3599 2959 di.

2026 2978 2180 3044 citur,
2211 2978 2300 3032 sed
2325 2994 2380 3032 eo
2408 2981 2545 3051 quod
2578 2981 2647 3033 ad
2681 2983 2823 3035 aliud
2864 2986 3122 3054 refertur:
3149 3004 3268 3042 nam
3306 3006 3450 3045 mons
3483 2997 3598 3064 qui-

2027 3069 2142 3125 dem
2188 3086 2372 3138 parvus
2412 3071 2622 3139 dicitur,
2667 3074 2865 3128 milium
2904 3090 3020 3130 vero
3058 3094 3336 3149 magnum,
3368 3098 3427 3137 eo
3465 3088 3598 3155 quod

2026 3163 2121 3218 hoc
2150 3164 2354 3235 quidem
2377 3166 2457 3219 sui
2483 3167 2681 3235 generis
2706 3170 2874 3240 majus
2900 3172 2996 3236 sit,
3026 3172 3158 3227 illud
3186 3190 3304 3229 vero
3329 3176 3497 3232 minus
3522 3181 3600 3233 sui

2026 3259 2224 3329 generis
2248 3276 2267 3323 ;
2293 3274 2411 3330 ergo
2439 3260 2505 3313 ad
2536 3259 2682 3313 aliud
2712 3270 2782 3314 est
2811 3278 2986 3316 eorum
3014 3265 3194 3319 relatio
3214 3305 3229 3331 ,
3273 3283 3389 3321 nam
3429 3270 3473 3323 si
3510 3287 3599 3340 per

2021 3349 2242 3421 seipsum
2271 3366 2513 3421 magnum
2543 3352 2619 3405 vel
2641 3369 2853 3423 parvum
2877 3355 3145 3424 diceretur,
3169 3374 3434 3431 nunquam
3456 3378 3601 3417 mons

2028 3442 2234 3511 quidem
2262 3458 2450 3512 parvus
2471 3481 2486 3506 ,
2522 3444 2721 3496 milium
2750 3460 2864 3498 vero
2894 3462 3138 3517 magnum
3167 3449 3435 3506 diceretur.
3465 3452 3600 3509 Rur-

2025 3552 2110 3591 sus
2140 3536 2193 3589 in
2238 3536 2345 3589 vico
2396 3535 2571 3605 plures
2608 3537 2837 3593 homines
2877 3555 2984 3593 esse
3021 3541 3269 3611 dicimus,
3311 3545 3367 3598 in
3405 3547 3601 3601 civitate

2021 3641 2210 3696 paucos
2230 3669 2245 3693 ,
2279 3641 2394 3680 cum
2424 3637 2590 3680 tamen
2617 3629 2717 3682 sint
2751 3630 2823 3682 eis
2855 3632 3014 3685 ntulto
3060 3636 3231 3702 plures
3251 3674 3265 3701 ,
3293 3645 3337 3688 et
3362 3637 3413 3689 in
3451 3636 3599 3692 domo

2022 3718 2224 3787 quidem
2266 3716 2489 3784 multos,
2530 3719 2582 3772 in
2618 3718 2811 3774 theatro
2852 3737 2968 3775 vero
3005 3741 3193 3793 paucos
3220 3766 3234 3789 ,
3275 3741 3389 3780 cum
3430 3736 3599 3783 tamen

2021 3816 2121 3869 sint
2152 3816 2345 3885 plures.
2373 3815 2607 3886 Amplius
2634 3816 2906 3871 bicubitum
2929 3819 3003 3871 vel
3023 3820 3311 3874 tricubitum
3342 3831 3387 3876 et
3414 3839 3598 3878 unum-

2022 3906 2251 3976 quodque
2288 3907 2470 3960 talium
2502 3910 2839 3975 quantitatem
2875 3910 3128 3979 signiﬁcat
3150 3954 3163 3978 ,
3204 3928 3445 3981 magnum
3481 3932 3597 3970 vero

2023 3998 2101 4051 vel
2138 4012 2348 4065 parvum
2376 4013 2479 4051 non
2517 3999 2771 4068 signiﬁcat
2799 4000 3164 4066 quantitatem,
3204 4004 3291 4054 sed
3327 4006 3489 4073 magis
3527 4007 3594 4059 ad

2022 4090 2238 4157 aliquid,
2262 4088 2505 4158 quoniam
2528 4090 2594 4141 ad
2616 4089 2762 4142 aliud
2787 4098 2976 4157 spectat
3000 4106 3239 4161 magnum
3262 4091 3340 4144 vel
3359 4107 3592 4162 parvum,

2021 4195 2177 4249 quare
2217 4179 2536 4248 manifestum
2589 4188 2660 4233 est
2702 4181 2943 4249 quoniant
2972 4181 3079 4235 hac
3103 4181 3172 4236 ad
3214 4182 3410 4252 aliquid
3457 4193 3592 4241 sunt.

2024 4269 2259 4341 Amplius
2287 4270 2389 4324 sive
2428 4278 2582 4339 ponat
2618 4269 2807 4341 aliquis
2845 4272 2950 4327 hac
2981 4290 3088 4328 esse
3122 4276 3458 4345 quantitates,
3496 4276 3596 4329 sive

2027 4379 2128 4417 non
2157 4372 2336 4433 ponat,
2365 4363 2497 4418 nihil
2521 4364 2644 4435 ipsis
2674 4365 2986 4419 contrarium
3016 4374 3108 4421 est.
3160 4367 3311 4434 Quod
3340 4369 3472 4422 enim
3498 4384 3597 4423 non

2029 4464 2194 4524 potest
2222 4456 2353 4509 sumi
2378 4456 2723 4526 perseipsum,
2757 4458 2842 4510 sed
2870 4458 2938 4510 ad
2967 4457 3131 4512 solam
3154 4457 3364 4514 alterius
3388 4461 3596 4515 relatio-

2028 4563 2144 4601 nem
2172 4548 2408 4616 refertur,
2437 4548 2689 4617 quomodo
2729 4547 2845 4599 huic
2883 4547 3081 4617 aliquid
3115 4548 3208 4601 erit
3244 4551 3598 4607 contrarium?

2025 4640 2260 4711 Amplius
2285 4640 2327 4692 si
2355 4649 2503 4691 erunt
2533 4655 2774 4708 magnum
2807 4648 2855 4690 et
2894 4655 3108 4707 parvum
3149 4644 3405 4696 contraria
3424 4684 3440 4709 ,
3478 4658 3596 4697 cana

2027 4733 2187 4801 tinget
2214 4730 2381 4797 ipsum
2410 4729 2542 4783 idem
2574 4728 2725 4783 simul
2750 4730 3006 4783 contraria
3032 4732 3289 4802 recipere,
3321 4743 3367 4788 et
3391 4751 3449 4789 ea
3483 4736 3596 4806 ipsa

2026 4823 2224 4875 sibimet
2253 4836 2360 4874 esse
2387 4822 2662 4875 contraria.
2703 4819 2960 4893 Contingit
2994 4822 3127 4876 enim
3160 4823 3296 4879 idem
3326 4826 3497 4898 ipsum
3522 4829 3596 4883 si-

2026 4914 2134 4968 mul
2173 4924 2219 4969 et
2261 4929 2471 4983 pomum
2514 4930 2617 4969 esse
2657 4925 2703 4970 et
2742 4930 3016 4989 magnum,
3054 4926 3127 4973 est
3152 4919 3289 4974 enim
3312 4921 3509 4994 aliquid
3530 4925 3598 4977 ad

2025 5005 2125 5060 hoc
2152 5005 2356 5076 quidem
2382 5022 2595 5076 parvum
2618 5048 2633 5073 ,
2676 5007 2742 5060 ad
2783 5006 2928 5062 aliud
2964 5025 3079 5064 vero
3130 5010 3224 5064 hoc
3259 5011 3393 5065 idem
3434 5015 3598 5083 ipsum

2025 5113 2287 5167 magnum.
2335 5096 2504 5162 Quare
2541 5099 2676 5152 idem
2723 5114 2933 5165 parvum
2975 5109 3021 5153 et
3062 5116 3304 5171 magnum
3339 5102 3392 5154 in
3426 5101 3598 5156 eodem

2027 5195 2247 5255 tempore
2275 5203 2385 5241 esse
2430 5189 2712 5258 contingit,
2755 5206 2911 5258 quare
2955 5191 3214 5244 contraria
3252 5191 3405 5244 simul
3440 5194 3596 5246 susci-

2022 5279 2145 5349 piet.
2177 5278 2282 5333 Sed
2318 5279 2447 5333 nihil
2477 5288 2550 5334 est
2575 5280 2710 5350 quod
2739 5282 2967 5335 videatur
2991 5283 3148 5336 simul
3175 5283 3430 5338 contraria
3453 5301 3596 5355 posse

2022 5372 2308 5443 suscipere;
2335 5380 2388 5425 ut
2416 5372 2698 5426 substantia
2716 5372 3052 5441 susceptibilis
3082 5374 3453 5429 contrariorum
3482 5382 3596 5447 qui.

2025 5464 2140 5517 dem
2168 5479 2276 5517 esse
2304 5464 2522 5528 videtur,
2552 5464 2641 5517 sed
2665 5463 2839 5517 nullus
2865 5463 3017 5517 simul
3037 5472 3083 5516 et
3107 5479 3264 5517 sonus
3282 5474 3420 5520 estet
3445 5483 3597 5538 ager,

2022 5571 2111 5609 nec
2155 5554 2302 5608 albus
2342 5564 2389 5608 et
2431 5555 2572 5624 niger
2597 5554 2750 5609 simul
2778 5564 2883 5620 est,
2914 5553 3138 5623 nihilque
3169 5555 3314 5608 aliud
3354 5567 3427 5610 est
3465 5563 3600 5627 quod

2028 5644 2182 5698 simul
2212 5644 2473 5698 contraria
2502 5645 2767 5715 suscipiat.
2809 5642 2878 5698 Et
2913 5643 3087 5698 eadem
3123 5643 3319 5715 sibiipsi
3357 5648 3613 5740 contingit!

2022 5752 2129 5791 esse
2159 5738 2449 5805 contraria,
2479 5753 2597 5791 nam
2625 5740 2669 5794 si
2697 5750 2769 5794 est
2794 5754 3034 5810 magnum
3060 5755 3218 5809 parvo
3257 5742 3569 5798 contrarium

2022 5826 2187 5900 ipsum
2214 5838 2380 5886 autem
2420 5830 2553 5885 idem
2594 5832 2745 5890 simul
2787 5841 2859 5889 est
2901 5840 2948 5887 et
2989 5848 3197 5905 parvum
3241 5843 3288 5890 et
3326 5852 3597 5911 magnum.
