4280 6268
325 286 421 340 213

1320 286 1385 342 IN
1417 284 1859 342 CATEGORIAS
1897 246 2336 345 antsrorms
2372 288 2499 344 un.
2542 290 2599 346 ιι.

3481 290 3583 345 2H

326 400 538 457 deﬁnita
576 414 701 457 esse
722 400 988 459 contraria
1024 400 1103 456 sic
1129 400 1481 458 demonstrat.
1508 400 1770 456 ’lidentur
1794 412 1887 454 au-
1922 401 1971 460 Α
1998 400 2170 454 mines
2196 412 2409 457 centum
2439 404 2492 457 in
2524 404 2658 467 vico,
2708 420 2885 475 putres
2923 422 3043 463 esse
3074 409 3336 463 homines.
3370 412 3430 462 At
3460 425 3587 465 vero

327 500 426 546 lem
458 501 514 546 et
532 490 757 546 aliorum
780 492 1163 551 contrariorum
1186 490 1560 548 diftinitionetn
1585 491 1653 546 ab
1674 492 1757 546 bis
1782 506 1904 559 pro-

316 578 486 648 ferre,
516 598 634 651 qua
659 581 797 637 enim
841 581 1066 637 multum
1111 596 1143 636 a
1168 596 1232 638 se
1266 582 1467 637 distant
1509 583 1565 637 in
1591 581 1777 637 eodem
1806 596 1901 651 ge-

333 687 460 727 nere
488 673 753 727 contraria
772 687 910 729 esse
938 671 1221 728 difﬁniunt.
1263 673 1367 729 Sed
1396 676 1647 744 quoniam
1680 688 1746 728 ne
1773 673 1906 727 ordo

332 763 708 829 contrarietate
729 763 1037 832 quantitatis
1084 762 1451 832 impediretur,
1506 764 1706 819 idcirco
1745 777 1903 831 supe-

333 853 582 918 rioribus.
622 854 676 915 in
705 854 897 924 quibus
941 855 1165 926 singulis
1190 856 1578 943 quantitatibus
1629 857 1759 911 nihil
1784 869 1905 910 esse

335 945 645 1002 contrarium
672 945 1001 1013 dicebamus,
1051 946 1149 1002 bas
1176 946 1278 1007 loci
1309 946 1720 1002 contrarietates
1750 944 1903 1015 adje-

334 1034 515 1099 cimus,
548 1046 600 1091 et
622 1034 865 1109 quaedam
898 1037 951 1092 in
981 1036 1158 1092 medio
1186 1038 1546 1104 praetermissa
1600 1044 1745 1099 sunt,
1792 1051 1911 1089 rur-

333 1136 423 1177 sus
448 1123 511 1177 ad
542 1125 817 1195 superiora
839 1126 1141 1190 redeamus,
1171 1134 1228 1181 ut
1259 1126 1608 1194 expositionis
1636 1124 1769 1179 ordo
1790 1139 1911 1180 sese

335 1216 445 1285 ipse
479 1220 773 1274 continuet.
792 1218 883 1273 Ait
906 1219 1047 1275 enim
1074 1218 1347 1286 superius,
1378 1233 1500 1273 cum
1529 1218 1808 1287 quantitati
1840 1218 1915 1271 ni-

335 1307 407 1361 hil
432 1322 552 1364 esse
578 1308 905 1363 contrarium
928 1317 1266 1376 proponeret,
1291 1307 1545 1370 bicubito,
1580 1307 1663 1362 vel
1697 1306 1914 1361 tricuhi—

333 1404 419 1460 to,
450 1398 531 1451 vel
567 1398 894 1466 superficiei,
927 1398 1011 1452 vel
1042 1397 1198 1453 alicui
1230 1397 1412 1451 talium
1454 1397 1585 1452 nihil
1613 1412 1765 1466 poss:
1797 1412 1914 1453 esse

332 1486 690 1541 contrarium.
722 1486 977 1542 Diflinitis
999 1487 1139 1543 enim
1162 1487 1246 1542 his
1276 1487 1678 1557 quantitatibus,
1707 1498 1915 1543 contra-

334 1576 479 1630 rium
530 1577 659 1631 nihil
690 1592 810 1633 esse
858 1578 1087 1643 videtur,
1116 1589 1177 1633 ut
1211 1578 1419 1634 duobus
1460 1580 1540 1634 vel
1588 1580 1774 1644 tribus,
1820 1579 1914 1634 sed

334 1668 578 1737 quaedam
619 1685 739 1723 cum
774 1671 882 1725 sint
911 1670 1202 1732 indehnita,
1245 1686 1345 1726 nec
1368 1672 1770 1741 quantitates'ct
1794 1686 1917 1726 con-

336 1762 497 1817 traria
529 1760 968 1825 videantur,vb:ec
990 1776 1171 1816 rursus
1191 1760 1408 1831 adjecit.
1439 1760 1550 1817 Nisi
1594 1763 1763 1817 multa
1786 1777 1918 1831 pau-

338 1853 419 1906 cis
447 1853 586 1907 dicat
613 1853 734 1921 quis
785 1866 907 1907 esse
952 1855 1238 1917 contraria,
1290 1854 1373 1907 vel
1429 1869 1677 1923 magnum
1734 1868 1915 1922 parvo.

340 1945 540 1999 llorum
570 1955 744 1999 autem
771 1945 901 1999 nihil
930 1955 1014 2000 est
1034 1948 1321 2014 quantitas,
1351 1947 1444 2002 sed
1469 1947 1533 2001 ad
1568 1948 1790 2016 aliquid,
1836 1948 1919 2000 ni-

342 2037 425 2091 hil
455 2038 595 2091 enim
635 2052 732 2107 per
770 2038 1001 2107 seipsum
1034 2053 1282 2107 magnum
1313 2038 1509 2099 dicitur
1547 2038 1634 2093 vel
1665 2053 1913 2107 parvum,

342 2128 441 2180 sed
469 2127 533 2181 ad
575 2127 772 2196 aliquid
799 2128 1052 2185 refertur.
1101 2128 1230 2183 Nam
1262 2144 1417 2184 mons
1464 2129 1677 2199 quidem
1727 2140 1920 2196 parvus

340 2218 556 2282 dicitur,
585 2219 786 2273 milium
827 2234 955 2274 vero
998 2235 1269 2290 magnum,
1314 2236 1379 2276 eo
1403 2220 1544 2291 quod
1576 2221 1676 2275 hoc
1703 2219 1916 2289 quidem

340 2310 427 2363 sui
450 2310 660 2379 generis
690 2310 859 2379 majus
898 2312 987 2376 sit,
1037 2312 1159 2367 illud
1192 2326 1319 2367 vero
1347 2313 1428 2367 sui
1458 2312 1670 2382 generis
1718 2312 1916 2365 minus.

344 2399 488 2471 Ergo
508 2400 573 2455 ad
595 2400 738 2455 aliud
767 2388 857 2457 est
874 2417 1059 2457 eorum
1099 2403 1307 2469 relatio,
1343 2418 1464 2458 nam
1486 2405 1530 2457 si
1563 2418 1657 2473 per
1682 2386 1915 2471 seipsutn

344 2505 563 2560 parvum
594 2491 679 2547 vel
716 2506 961 2562 magnum
991 2492 1275 2557 diceretur,
1319 2508 1587 2563 nunquam
1622 2508 1775 2547 mons
1804 2494 1920 2562 qui-

343 2581 466 2635 dem
499 2580 786 2650 aliquando
833 2597 1044 2649 parvus,
1077 2582 1280 2638 milium
1313 2598 1444 2639 vero
1494 2599 1760 2652 nunquam
1788 2576 1915 2638 ma-

344 2689 507 2744 gnum
528 2674 813 2730 diceretur.
846 2674 1051 2730 Rursus
1080 2675 1130 2729 in
1154 2675 1273 2730 vico
1294 2675 1507 2745 quidem
1538 2675 1721 2744 plures
1749 2674 1921 2729 homi-

347 2783 442 2822 nes
492 2782 611 2823 esse
649 2768 902 2833 dicimus,
938 2768 990 2822 in
1022 2769 1235 2823 civitate
1265 2782 1393 2822 vero
1440 2782 1659 2835 paucos,
1674 2782 1806 2833 cum
1840 2775 1918 2821 ta-

347 2875 468 2917 men
495 2863 601 2914 sint
620 2859 697 2914 eis
728 2860 897 2914 multo
926 2859 1123 2927 plures.
1172 2869 1225 2915 et
1278 2860 1330 2913 in
1356 2859 1517 2913 domo
1545 2859 1757 2928 quidem
1786 2857 1922 2912 mul-

349 2961 451 3019 tos,
482 2953 535 3005 in
563 2952 770 3007 theatro
786 2966 912 3006 vero
930 2965 1148 3021 paucos,
1176 2965 1296 3006 cum
1324 2951 1431 3005 sint
1454 2952 1651 3019 plures.
1677 2949 1919 3019 Amplius

350 3042 637 3097 bicubitum
654 3054 705 3098 et
722 3043 1025 3098 tricubitum
1047 3042 1523 3112 etunumquodque
1553 3043 1732 3097 talium
1758 3056 1920 3111 quan-

2006 492 2051 545 si
2078 492 2131 547 in
2157 491 2371 548 civitate
2410 496 2537 562 sint,
2569 511 2763 564 paucos
2801 498 3046 565 dicimus,
3076 516 3216 557 nunc
3255 500 3320 555 ad
3359 502 3589 568 parvita-

2007 592 2119 640 tem
2141 584 2408 652 vicorum,
2446 601 2588 642 nunc
2612 588 2680 642 ad
2713 590 3128 659 magnitudinem
3155 594 3427 651 civitatum
3454 609 3588 651 con-

2007 671 2259 729 ferentes.
2283 674 2487 731 Rursus
2508 678 2550 732 si
2581 678 2691 735 sint
2722 681 2773 733 in
2816 679 2975 735 domo
3002 683 3406 755 quinquaginta,
3439 690 3589 743 multi

2008 774 2149 830 sunt,
2182 765 2228 821 si
2260 765 2314 821 in
2356 767 2567 833 theatro
2593 768 2773 837 pauci,
2814 770 2937 828 ideo
2964 773 3105 839 quod
3137 786 3261 833 tunc
3291 778 3344 831 in
3378 779 3589 837 theatro

2008 873 2129 914 esse
2163 872 2359 926 paucos
2383 858 2607 917 dicimus
2644 875 2767 918 cum
2798 862 2864 917 ad
2910 878 3003 918 eos
3048 867 3228 935 quanti
3275 867 3328 923 in
3383 870 3593 927 theatro

2010 964 2130 1008 esse
2157 949 2425 1009 debebant
2450 954 3109 1024 comparamus.Attiplius,
3134 958 3384 1025 quoniam
3412 964 3592 1017 consi-

2011 1041 2102 1096 stit
2130 1055 2381 1111 magnum
2408 1056 2737 1113 parvumque
2780 1044 2970 1101 referri
2998 1060 3207 1117 semper
3250 1047 3316 1105 ad
3343 1050 3589 1116 alterum,

2011 1136 2247 1206 singulas
2275 1151 2404 1192 vero
2430 1139 2753 1207 quantitates
2782 1139 2915 1199 nihil
2942 1141 3007 1199 ad
3029 1140 3172 1197 aliud
3198 1152 3593 1212 comparantes.

2013 1241 2137 1283 suas
2158 1242 2222 1284 ac
2249 1228 2489 1297 proprias
2519 1227 2877 1294 nominamus,
2909 1240 2967 1287 nt
3003 1239 3137 1298 tres,
3168 1231 3299 1299 duo,
3332 1244 3593 1301 quatuor,

2015 1316 2608 1387 lineam,snperlicitm,
2657 1330 2908 1387 magnum
2954 1335 3297 1391 parvumque,
3344 1322 3507 1383 multa
3545 1332 3597 1399 et

2015 1422 2203 1479 pauca,
2251 1423 2280 1462 a
2324 1407 2635 1477 quantitatis
2672 1408 2933 1465 divisione
2975 1410 3239 1481 disjuncta
3288 1422 3432 1468 sunt.
3465 1412 3597 1468 Sunt

2015 1500 2157 1555 enim
2188 1501 2285 1554 ista
2317 1503 2795 1569 nonquantitates,
2841 1502 2936 1558 sed
2977 1506 3150 1572 potius
3178 1504 3420 1571 relativa.
3463 1508 3593 1571 Am-

2017 1596 2173 1664 plius,
2191 1596 2308 1649 sive
2330 1595 2520 1665 aliquis
2549 1606 2709 1665 ponat
2735 1612 2827 1653 eas
2846 1613 2967 1661 esse
2986 1602 3330 1670 quantitates,
3361 1602 3473 1655 sive
3489 1618 3595 1671 non

2018 1696 2200 1755 ponat,
2230 1685 2359 1740 nihil
2398 1685 2506 1741 illis
2538 1687 2642 1742 erit
2663 1690 3014 1754 contrarium,
3044 1691 3183 1760 quod
3208 1691 3349 1747 enim
3381 1706 3485 1747 non
3518 1703 3598 1747 est

1944 1771 1994 1832 Β
2018 1794 2234 1837 sumere
2265 1794 2359 1849 per
2400 1779 2656 1850 si-ipsum,
2688 1782 2789 1845 sed
2818 1784 2881 1841 ad
2913 1784 3078 1840 solam
3125 1784 3344 1851 alterius
3380 1786 3597 1857 relatio-

2022 1886 2167 1937 nem,
2199 1871 2468 1941 quomodo
2507 1872 2630 1928 huic
2682 1872 2880 1943 aliquid
2933 1875 3036 1931 erit
3086 1878 3431 1951 contrarium.
3488 1876 3599 1949 Hoc

2020 1980 2232 2036 quoque
2272 1964 2598 2021 validissimo
2628 1976 2941 2035 argumento
2989 1968 3246 2037 probatur
3288 1968 3598 2037 quantitati-

2020 2057 2120 2114 bus
2157 2058 2239 2114 his
2276 2071 2394 2126 qua:
2422 2056 2687 2127 pradicas
2733 2067 2859 2112 sunt
2902 2058 3031 2115 nihil
3072 2073 3193 2121 esse
3249 2059 3594 2122 contrarium,

2022 2151 2119 2207 nisi
2144 2150 2241 2206 soli
2286 2148 2505 2205 forsitan
2553 2148 2689 2217 loco.
2720 2147 2849 2202 Nam
2895 2150 2939 2203 si
2964 2152 3081 2218 quis
3113 2165 3358 2221 magnum
3392 2159 3444 2204 et
3481 2164 3598 2218 par-

2020 2258 2166 2309 vum,
2202 2240 2283 2298 vel
2314 2240 2477 2297 multa
2506 2249 2561 2295 et
2578 2254 2740 2310 pauca
2764 2240 2815 2294 in
2833 2240 3212 2309 quantitatibus
3229 2248 3411 2309 ponat,
3438 2239 3597 2293 etiam

2021 2331 2123 2389 hoc
2150 2331 2194 2395 si
2221 2330 2564 2395 concedatur,
2589 2338 2764 2385 tamen
2786 2331 3034 2400 quoniam
3059 2346 3274 2400 semper
3297 2329 3599 2385 referuntur

2020 2425 2088 2481 ad
2134 2424 2298 2490 aliud,
2339 2425 2619 2495 contrariis
2654 2440 2757 2479 non
2805 2432 3070 2479 tenentur.
3098 2425 3269 2478 Omne
3297 2423 3439 2477 enim
3470 2438 3598 2477 con-

2022 2517 2240 2579 trarium
2272 2530 2367 2589 per
2396 2530 2455 2577 se
2482 2516 2746 2580 conSiSiii,
2777 2530 2876 2581 nec
2901 2515 3028 2569 illud
3058 2516 3122 2569 ad
3146 2516 3363 2570 alterius
3382 2529 3598 2584 compa-

1958 2654 1963 2659 .
2021 2607 2278 2681 rationem
2302 2608 2719 2685 relationemque
2742 2606 3029 2679 profertur,
3049 2609 3318 2662 utbonum
3348 2622 3454 2661 non
3468 2606 3598 2660 dici-

2022 2710 2107 2767 tur
2134 2699 2257 2775 mali
2288 2700 2502 2775 bonum,
2539 2715 2634 2775 nec
2656 2714 2838 2755 rursus
2860 2701 3053 2755 malum
3077 2699 3197 2753 boni
3239 2700 3464 2775 malum,
3504 2696 3601 2754 sed

2022 2796 2197 2865 ipsum
2224 2796 2275 2849 in
2308 2794 2519 2867 pr0pria
2547 2802 2728 2848 natura
2756 2804 2809 2867 et
2838 2794 3135 2864 prolatione
3156 2794 3416 2848 consistit.
3447 2794 3601 2860 Qua:-

2023 2903 2232 2959 cunque
2258 2897 2383 2957 sunt
2408 2887 2694 2963 contraria,
2722 2886 2910 2942 eodem
2960 2885 3117 2939 modo
3160 2893 3301 2938 sunt.
3354 2884 3600 2955 Magnum

2024 2995 2152 3035 vero
2180 2988 2232 3034 et
2257 2962 2739 3047 parvumquoniam
2772 2992 2875 3031 non
2904 2992 2998 3046 per
3024 2992 3081 3029 se
3113 2984 3376 3043 constant,
3407 2976 3499 3031 sed
3530 2975 3599 3031 ad

2025 3070 2242 3124 alterius
2258 3067 2567 3123 relationem
2605 3067 2925 3126 referuntur,
2943 3068 3209 3121 contraria
3221 3082 3340 3122 esse
3368 3082 3471 3121 non
3488 3056 3603 3139 pes-

354 3134 556 3229 “"me
584 3135 862 3229 δίεπδίίίφίν
901 3149 1148 3229 ¹¹¹³8¹¹¹ξ¹¹¹
1176 3148 1306 3229 vero
1342 3135 1423 3229 "Pl
1453 3148 1671 3229 ρπνιξίη
1702 3133 1916 3229 "0“‘5i‘
1945 3140 1997 3207 Β
2031 3167 2175 3215 sunt.
2211 3158 2477 3228 Amplius,
2502 3159 2543 3209 si
2572 3167 2695 3211 sunt
2719 3172 2963 3227 maguum
2979 3168 3032 3211 et
3060 3172 3280 3229 parvum
3302 3133 3564 3214 contraria
3583 3200 3598 3225 ,

356 3223 569 3293 gnificat
593 3227 961 3296 quantitatem,
993 3226 1086 3280 sed
1119 3226 1285 3293 magis
1314 3225 1380 3279 ad
1424 3226 1644 3295 aliquid,
1675 3224 1927 3294 quoniam

356 3318 417 3370 ad
448 3319 639 3387 aliquid
670 3326 940 3388 spectatur
972 3332 1220 3387 magnum
1246 3326 1301 3372 et
1336 3333 1554 3386 parvum
1584 3334 1599 3383 ;
1630 3332 1793 3386 quare
1820 3331 1932 3371 ma-

357 3410 601 3465 nifestum
628 3418 706 3465 est
736 3412 876 3481 quod
924 3412 1037 3466 hac
1076 3411 1141 3465 ad
1170 3410 1366 3481 aliquid
1394 3419 1536 3464 sunt.
1567 3409 1929 3477 Quemadmoo

358 3501 478 3554 dum
510 3502 748 3556 difﬂuitle
800 3502 1121 3571 quantitates
1170 3502 1454 3556 contrariis
1499 3515 1605 3555 non
1656 3510 1929 3564 tenentur,

359 3595 470 3663 ipse
496 3596 737 3663 superius
756 3595 1123 3664 comprobavit
1149 3595 1335 3649 dicens
1383 3596 1614 3649 hicubito
1639 3595 1736 3671 vel
1756 3608 1937 3661 super-

358 3682 495 3739 ficiei
527 3686 655 3739 nihil
706 3700 826 3741 esse
854 3686 1201 3749 contrarium,
1244 3686 1532 3741 indefinito:
1561 3701 1711 3750 vero,
1758 3694 1815 3739 ut
1854 3693 1939 3739 est

361 3790 609 3845 magnum
636 3787 690 3829 et
715 3790 951 3843 parvum,
984 3778 1147 3829 multa
1183 3786 1238 3830 et
1278 3790 1468 3845 pauca,
1498 3776 1627 3830 dant
1654 3777 1936 3845 imaginem

366 3867 777 3920 contrarietatis.
809 3867 911 3923 Sed
934 3868 1057 3923 illud
1088 3870 1339 3936 occurrit,
1365 3870 1463 3924 has
1496 3886 1599 3924 non
1632 3884 1751 3924 esse
1773 3885 1939 3939 quan-

368 3957 569 4011 titates.
592 3955 776 4011 Omnis
804 3960 939 4013 enim
961 3962 1225 4028 quantitas
1258 3976 1350 4030 per
1383 3977 1442 4016 se
1473 3962 1689 4026 dicitur,
1738 3961 1937 4016 bicubi-

364 4058 476 4104 tum
498 4049 641 4104 enim
663 4056 718 4104 et
743 4050 1063 4117 tricubitum,
1086 4062 1140 4106 et
1157 4054 1284 4118 duo,
1313 4061 1368 4107 et
1396 4062 1525 4117 tres,
1556 4063 1608 4107 et
1638 4054 1943 4118 superficies

366 4144 434 4199 ad
486 4144 615 4199 nihil
662 4142 805 4199 aliud
856 4145 1101 4210 refertur,
1148 4161 1395 4215 magnum
1436 4161 1562 4199 vero
1597 4146 1677 4200 vel
1724 4160 1942 4214 parvum

365 4222 479 4292 sine
503 4238 622 4293 aliis
648 4237 755 4293 dici
787 4251 892 4292 non
914 4248 1154 4307 possunt.
1194 4237 1326 4291 Cum
1353 4238 1494 4293 enim
1518 4237 1649 4292 dicis
1669 4252 1942 4305 maguum,

370 4329 432 4381 ad
465 4314 685 4398 alicujus
732 4329 951 4385 alterius
988 4332 1440 4399 comparationem
1481 4340 1639 4398 atque
1689 4329 1944 4397 aequalio-

368 4444 488 4503 nem
518 4430 762 4483 refertur.
795 4429 996 4486 Eodem
1030 4444 1241 4498 quoque
1265 4428 1423 4482 modo
1450 4438 1501 4482 et
1534 4443 1773 4497 parvum,
1807 4426 1946 4494 quod

2032 3251 2289 3322 contingit
2321 3250 2460 3305 idem
2488 3234 2641 3303 simul
2686 3251 2954 3303 contraria
2998 3249 3271 3318 suscipere
3307 3257 3361 3304 et
3389 3264 3449 3305 ea
3491 3248 3603 3321 ipsa

2035 3343 2135 3398 sibi
2156 3358 2273 3396 esse
2296 3341 2579 3397 contraria.
2607 3341 3039 3411 Contingitenim
3058 3342 3213 3396 simul
3236 3342 3373 3398 idem
3390 3358 3606 3412 parvum

2036 3450 2154 3491 esse
2172 3444 2227 3490 et
2246 3450 2514 3504 magnum.
2541 3434 2636 3488 Est
2656 3434 2796 3488 enim
2824 3434 3019 3504 aliquid
3042 3433 3107 3488 ad
3130 3432 3231 3489 hoc
3253 3434 3464 3503 quidem
3486 3449 3606 3505 par-

2038 3542 2185 3589 vum,
2216 3524 2281 3578 ad
2307 3524 2447 3579 aliud
2477 3539 2606 3579 vero
2636 3524 2736 3577 hoc
2765 3523 2903 3579 idem
2935 3524 3106 3595 ipsum
3140 3539 3409 3594 magnum.
3435 3525 3611 3591 Quare

2040 3617 2177 3672 idem
2207 3631 2425 3686 parvum
2452 3626 2506 3670 et
2528 3631 2774 3686 magnum
2799 3624 2853 3670 et
2879 3616 3327 3684 eodemtempore
3346 3629 3467 3670 esse
3488 3630 3614 3670 con-

2042 3710 2215 3779 tingit.
2240 3721 2412 3781 'quare
2438 3708 2595 3762 simul
2635 3708 2902 3761 contraria
2935 3709 3209 3778 suscipiet,
3240 3707 3334 3763 sed
3380 3708 3506 3763 nihil
3538 3718 3618 3764 est

2042 3802 2182 3872 quod
2217 3800 2460 3855 videatur
2487 3800 2639 3853 simul
2694 3802 2961 3854 contraria
3012 3815 3167 3869 posse
3212 3800 3507 3869 suscipere,
3561 3811 3619 3857 ut

2042 3891 2357 3956 substantia,
2394 3890 2752 3957 susceptibilis
2796 3888 3010 3956 quidem
3057 3891 3446 3943 contrariorum
3477 3892 3619 3944 vide-

2045 3993 2128 4037 tur
2149 3998 2287 4054 esse,
2310 3982 2402 4034 sed
2437 3996 2539 4034 non
2564 3980 2781 4047 suscipit
2800 3980 2851 4030 in
2874 3993 2978 4031 uno
3001 3978 3187 4031 eodem
3213 3988 3472 4046 tempore,
3500 3996 3620 4033 nam

2046 4074 2226 4130 nullus
2251 4073 2407 4125 simul
2436 4080 2519 4125 est
2540 4084 2700 4123 sanus
2723 4078 2775 4123 et
2802 4084 2964 4137 aeger,
3002 4082 3097 4122 nec
3126 4068 3277 4121 albus
3302 4076 3355 4122 et
3384 4068 3534 4135 niger
3556 4071 3623 4121 si-

2047 4164 2177 4228 mul,
2210 4163 2446 4232 nihilque
2475 4160 2613 4215 aliud
2654 4160 2810 4215 simul
2838 4161 3104 4219 contraria
3134 4160 3409 4230 suscipiet.
3444 4158 3510 4215 Et
3537 4175 3624 4215 ea-

2048 4258 2169 4310 dem
2219 4256 2315 4310 sibi
2372 4255 2467 4324 ipsi
2521 4254 2779 4321 cuutingit
2824 4268 2942 4308 esse
2973 4252 3261 4308 contraria.
3310 4252 3445 4309 Nam
3477 4254 3521 4307 si
3549 4265 3628 4311 est

2050 4364 2303 4420 magnum
2339 4362 2500 4417 parvo
2526 4348 2876 4414 contrarium,
2911 4348 3080 4416 ipsum
3109 4357 3284 4403 autem
3307 4346 3449 4401 idem
3470 4346 3631 4404 simul

2050 4451 2130 4497 est
2160 4454 2379 4508 parvum
2406 4450 2459 4493 et
2500 4454 2773 4507 magnum,
2817 4439 2988 4505 ipsum
3019 4438 3118 4492 sibi
3147 4439 3249 4492 erit
3278 4439 3631 4506 enutrarium,
3682 4428 3685 4429 ν

370 4528 486 4613 ipsa
512 4532 583 4601 Ar
606 4530 847 4607 διοιριίω
873 4528 1340 4600 probarindut-tio.
1372 4527 1423 4582 Si
1453 4528 1592 4580 enim
1622 4539 1870 4593 magnum
1895 4532 1951 4580 et
1973 4507 2029 4571 Ῑ)
2053 4535 2144 4588 sed
2181 4531 2508 4603 impossibile
2537 4540 2619 4584 est
2656 4533 2825 4598 ipsum
2854 4531 2950 4584 sibi
2981 4545 3099 4584 esse
3129 4530 3474 4584 contrarium.
3516 4530 3634 4589 Non

370 4637 586 4692 parvum
620 4637 711 4691 per
755 4638 813 4695 se
843 4622 1146 4695 dicerentur
1175 4634 1223 4675 et
1268 4638 1370 4674 non
1396 4620 1459 4673 ad
1489 4620 1707 4674 ulterius
1735 4619 1950 4672 relatio-

371 4730 510 4776 nem,
544 4702 809 4784 nunquam
841 4715 1138 4789 diceremus
1167 4723 1395 4768 mentem
1422 4729 1637 4787 parvum
1661 4722 1714 4767 et
1744 4713 1947 4765 milium

372 4820 642 4875 magnum.
672 4806 728 4860 Si
756 4807 896 4860 enim
929 4820 1176 4875 magnum
1202 4820 1526 4874 parvumque
1540 4804 1721 4858 nonad
1737 4803 1948 4857 relatio-

372 4878 492 4973 nem
521 4884 735 4975 alterius
763 4882 1051 4961 diceretur,
1084 4912 1234 4951 mons
1275 4911 1483 4966 semper
1517 4910 1759 4966 magnus.
1806 4910 1949 4949 sent-

373 4970 579 5081 perque
600 4976 816 5067 parvmn
850 4982 1050 5041 milium
1070 4987 1353 5041 diceretur.
1378 4986 1481 5041 Sed
1502 4986 1726 5055 aliquem
1756 4985 1947 5040 collem

374 5077 437 5130 ad
470 5078 695 5132 Atlantis
725 5079 1053 5134 altitudinem
1083 5078 1437 5143 conferentes,
1471 5077 1694 5133 dicimus
1728 5093 1950 5147 parvum

374 5154 631 5236 montem,
672 5179 726 5225 et
762 5186 946 5225 rursus
976 5170 1174 5224 tuilium
1204 5170 1268 5224 ad
1298 5173 1499 5225 minora
1528 5171 1627 5224 alia
1658 5185 1818 5239 grana
1852 5169 1954 5222 mi-

374 5260 427 5313 lii
462 5266 821 5341 Conterentes,
844 5276 1091 5330 magnum
1122 5260 1322 5313 milium
1353 5260 1711 5321 nominamus,
1744 5268 1797 5310 et
1823 5259 1951 5310 sim-

372 5336 884 5439 pliciter-quidquid
933 5342 1197 5422 magnum
1232 5352 1313 5406 vel
1375 5367 1592 5419 parvum
1642 5351 1838 5403 dicitur
1884 5350 1951 5404 ad

370 5445 615 5521 ejusdem
664 5447 878 5519 generis
924 5448 1154 5516 speciem
1186 5444 1499 5509 referentes,
1550 5456 1797 5511 magnum
1828 5455 1953 5511 par-

376 5550 609 5605 vumque
636 5536 991 5609 nominamus,
1020 5546 1077 5590 ut
1099 5537 1262 5589 monti
1292 5542 1527 5587 montem
1560 5547 1951 5601 comparamus,

371 5625 582 5681 milium
610 5639 739 5680 vero
760 5625 925 5690 milio,
948 5638 1003 5679 et
1033 5624 1136 5678 alia
1168 5621 1492 5692 bujusmodi.
1523 5620 1682 5675 Multa
1713 5630 1765 5675 et
1792 5635 1955 5691 pauca

368 5721 567 5779 eodem
595 5719 753 5775 modo
783 5720 1028 5774 dicuntur
1058 5738 1072 5783 ;
1100 5718 1326 5772 dicimus
1355 5716 1519 5795 enim,
1552 5714 1594 5769 si
1639 5715 1834 5770 fuerint
1865 5716 1958 5772 ho-

2055 4634 2133 4680 est
2166 4626 2325 4692 igitur
2354 4635 2603 4690 magnum
2630 4634 2800 4697 parvo
2829 4622 3169 4674 contrarium.
3208 4620 3428 4674 Constat
3455 4620 3557 4676 hoc
3580 4630 3634 4680 et

2056 4713 2385 4769 immutabile
2422 4711 2475 4764 in
2504 4711 2717 4779 prapria
2748 4711 2957 4764 ratione
2997 4710 3258 4775 consistit,
3300 4726 3458 4766 unam
3488 4728 3636 4768 eam~

2053 4804 2278 4871 demque
2290 4816 2399 4857 rem
2414 4815 2519 4854 uno
2530 4799 2822 4869 eodemun
2837 4808 3073 4869 tempore
3084 4802 3349 4856 contraria
3362 4814 3465 4858 non
3482 4819 3636 4874 posse

2055 4894 2347 4963 suscipere,
2366 4902 2423 4945 ut
2438 4892 2731 4945 substantia
2746 4891 3111 4958 susceptibilis
3128 4894 3339 4959 quidem
3354 4897 3627 4950 centrario

2063 5001 2179 5042 rum
2202 4994 2304 5041 est.
2327 4983 2497 5038 Homo
2521 4996 2748 5051 namque
2776 4997 2896 5037 cum
2928 4983 3223 5037 substantia
3255 4985 3341 5047 sit,
3358 4985 3635 5053 etmgritnc

2058 5078 2235 5134 dinem
2258 5079 2508 5147 suscipiet
2534 5085 2583 5131 et
2612 5078 2860 5141 salutem,
2888 5076 2981 5129 sed
3012 5090 3117 5131 non
3154 5076 3342 5130 eodem
3373 5088 3635 5145 tempore,

2058 5181 2113 5226 et
2136 5170 2433 5225 albedinem
2457 5179 2511 5223 et
2543 5169 2870 5237 nigredinem
2897 5172 3069 5233 capit,
3094 5169 3186 5221 sed
3212 5168 3316 5220 alio
3344 5177 3501 5236 atque
3531 5169 3637 5223 alio

2062 5275 2323 5332 tempore,
2357 5272 2414 5316 ut
2452 5277 2582 5316 vero
2626 5277 2733 5314 uno
2758 5260 3053 5329 eodemque
3095 5270 3332 5327 tempore
3368 5262 3639 5318 contraria

2060 5367 2281 5424 utraque
2308 5353 2578 5422 suscipiat,
2609 5353 2721 5406 fieri
2741 5353 2944 5421 nequit,
2975 5350 3114 5420 quod
3141 5353 3183 5402 si
3209 5365 3454 5418 magnum
3473 5366 3639 5421 parvo

2062 5447 2255 5515 aliquis
2285 5445 2607 5499 contrarium
2634 5454 2814 5513 ponat,
2856 5443 3063 5497 eveniet
3096 5442 3362 5511 quoddam
3391 5444 3640 5511 impossi-

2065 5538 2188 5601 bile,
2234 5546 2288 5591 ut
2320 5549 2423 5588 una
2443 5543 2601 5602 atque
2639 5534 2828 5587 eadem
2865 5546 2952 5587 res
2980 5534 3168 5587 eodem
3201 5542 3440 5602 tempore
3463 5544 3640 5593 utras-

2064 5645 2168 5700 que
2194 5627 2447 5696 suscipiat
2472 5625 2896 5689 contrarietates,
2939 5632 2991 5679 et
3020 5625 3208 5681 eadem
3236 5624 3350 5694 ipsa
3381 5626 3482 5681 sibi
3517 5643 3640 5699 pos-

2065 5724 2170 5777 sint
2199 5734 2318 5777 esse
2348 5716 2635 5774 contraria.
2688 5718 2953 5774 Ponamus
2991 5716 3134 5774 enim
3177 5733 3426 5791 magnum
3474 5736 3640 5790 parvo
