4280 6268
1384 274 1429 310 ευ

640 345 743 400 ﬁlii

1885 344 1989 398 ΑΝ.
2031 343 2233 398 MANL.
2267 343 2418 401 δεῖν.
2462 346 2686 405 ΒΟΕΤΙΙ

3772 368 3906 420 illi

643 480 762 520 esse
792 462 1141 527 contrarium,
1183 461 1277 517 sed
1310 474 1413 515 una
1456 470 1616 532 atque
1642 460 1829 517 eadem
1861 478 1969 523 res,
1998 477 2101 516 uno
2132 475 2227 515 co-t
2249 461 2302 520 Α
2325 473 2446 516 cum
2466 463 2535 518 de
2563 465 2859 525 substantia
2878 467 3194 540 disputaret.
3228 472 3314 527 Ait
3335 473 3476 529 enim
3502 475 3638 546 quod
3660 476 3906 534 substan-

637 559 865 625 demque
894 563 1136 623 tempore
1160 562 1331 624 potest
1357 568 1545 625 magna
1572 569 1690 610 esse
1711 566 1765 612 et
1791 571 1972 626 parva,
2003 565 2058 612 ut
2086 557 2130 612 si
2151 556 2224 613 sit

634 650 821 703 decem
856 647 1048 716 pedum
1105 661 1354 702 mensura
1404 647 1597 703 collata
1639 646 1709 702 ad
1756 650 1980 703 duorum
2024 650 2218 719 pedum

638 740 1078 809 magnitudinem,
1109 754 1297 811 magna
1325 751 1429 807 εει,
1460 740 1524 795 ad
1539 749 1751 797 centum
1766 755 1897 798 vero
1914 742 2218 799 cubitorum

635 832 1055 903 magnitudinem
1106 847 1519 904 mensuramque
1566 834 1786 902 collata,
1834 834 2021 890 eadem
2053 849 2216 905 parva

631 935 731 981 cst.
793 926 975 981 Potest
1003 940 1132 996 ergo
1159 926 1346 982 eadem
1378 942 1465 982 res
1508 927 1697 983 eodem
1750 935 1993 998 tempore
2020 937 2075 984 et
2101 944 2218 986 ma-

632 1020 927 1091 gnitudinis
972 1035 1092 1075 esse
1146 1019 1504 1090 susceptibilis
1556 1031 1611 1075 et
1664 1021 1964 1091 parvitatis.
2013 1021 2213 1079 Eadem

633 1118 775 1171 enim
808 1130 896 1170 res
926 1128 1034 1169 uno
1080 1113 1378 1182 eodemque
1421 1122 1662 1184 tempore
1698 1114 1765 1169 ad
1813 1114 2070 1185 majorem
2114 1118 2215 1173 mi-

628 1223 925 1278 nuremque
951 1207 1143 1262 collata
1174 1206 1361 1263 eadem
1410 1221 1598 1278 magna
1631 1216 1685 1263 et
1710 1216 1872 1277 parva
1914 1217 2015 1263 est.
2060 1208 2212 1278 Quod

632 1304 675 1357 si
707 1317 955 1373 magnum
986 1315 1150 1371 parvo
1173 1299 1498 1356 contrarium
1531 1310 1633 1367 est,
1666 1299 1851 1356 eadem
1874 1316 2003 1357 vero
2020 1317 2105 1357 res
2130 1317 2215 1358 eo-

628 1397 751 1450 dem
782 1407 1021 1464 temporc
1040 1405 1094 1449 et
1114 1392 1526 1463 magnitudinem
1553 1393 1771 1463 suscipit
1794 1402 1845 1449 et
1871 1396 2209 1463 parvitatem.

628 1487 816 1542 eodem
872 1495 1111 1556 tempore
1155 1485 1416 1555 contingit
1455 1494 1512 1539 ut
1567 1486 1758 1541 eadem
1809 1502 1898 1541 res
1944 1488 2211 1544 contraria

626 1586 850 1648 utraque
879 1575 1152 1646 suscipiat,
1185 1576 1279 1631 sed
1318 1576 1418 1630 hoc
1459 1575 1788 1645 impossibile
1816 1586 1916 1632 est.
1938 1577 2210 1645 Quocirca

625 1670 877 1742 quoniam
926 1682 1012 1724 res
1048 1668 1235 1723 eadem
1287 1669 1476 1724 eodem
1517 1679 1762 1738 tempore
1808 1670 2209 1723 contrariorum

623 1760 984 1831 susceptibilis
1025 1776 1129 1815 non
1161 1769 1263 1826 est,
1317 1768 1491 1830 potest
1523 1775 1651 1816 vero
1690 1775 1795 1815 una
1827 1769 1991 1832 atque
2018 1761 2205 1816 eadem

2326 552 2413 607 tiae
2434 552 2703 626 nunquam
2733 561 2902 631 magis
2934 563 3179 620 minusve
3203 565 3517 637 suscipiant,
3544 569 3792 639 quocirca
3840 573 3904 626 ad

2324 646 2556 705 maxime
2592 652 2803 722 propria
2844 653 3001 710 solita
3020 656 3382 714 constituendi
3405 657 3610 716 ratione
3633 675 3907 733 regressus

2321 748 2424 796 est.

2401 829 2683 901 Proprium
2726 845 2895 892 autem
2926 839 3167 896 maxime
3193 842 3495 912 quantitatis
3543 852 3638 912 est,
3686 847 3820 915 quod
3858 856 3906 902 et

2319 928 2513 996 azquale
2540 938 2585 983 et
2605 931 2858 1001 ianuale
2898 936 3106 993 dicitur.
3138 937 3413 1010 Singulum
3431 941 3564 996 enim
3592 957 3769 996 eorum
3790 959 3906 1012 qua

2319 1016 2470 1071 diem
2495 1031 2614 1073 sunt
2642 1024 2987 1092 quantilatum
3019 1028 3214 1097 wquale
3248 1030 3435 1084 dicitur
3462 1039 3509 1085 et
3538 1032 3805 1103 ianuale,
3846 1046 3904 1091 ut

2319 1121 2502 1177 corpus
2531 1118 2578 1162 et
2608 1112 2805 1179 aquale
2834 1122 2880 1167 et
2911 1115 3163 1182 ianuale
3191 1118 3398 1184 dicitur,
3419 1130 3466 1174 et
3488 1128 3685 1193 tempus
3708 1124 3901 1192 (equote

2318 1207 2366 1251 et
2398 1199 2650 1270 intequale
2679 1203 2889 1266 dicitur.
2934 1217 2981 1258 et
3027 1224 3265 1263 numerus
3303 1213 3514 1279 aequalis
3560 1223 3604 1266 et
3634 1214 3901 1284 ianual’s

2316 1288 2525 1353 dicitur,
2558 1301 2604 1345 et
2627 1295 2789 1347 oratio
2814 1297 3025 1365 aqualis
3062 1307 3109 1352 et
3146 1300 3434 1370 inrequalis.
3462 1301 3709 1358 Similiter
3735 1316 3899 1360 autent

2318 1388 2365 1431 et
2397 1380 2450 1432 in
2478 1380 2593 1434 aliis
2621 1398 2734 1450 qua:
2775 1385 2913 1438 dicta
2943 1396 3080 1449 sunt,
3123 1388 3378 1458 singulum
3408 1402 3455 1443 et
3481 1393 3673 1461 wquale
3701 1402 3747 1446 et
3772 1394 3899 1448 inte-

2317 1471 2466 1539 quule
2493 1470 2700 1526 dicitur.
2730 1471 2798 1526 In
2818 1476 3010 1529 steteris
3034 1492 3151 1531 uero
3173 1494 3289 1547 qua
3313 1481 3620 1548 quantitates
3638 1498 3735 1535 non
3758 1495 3904 1550 sunt,

2318 1577 2418 1615 non
2466 1564 2683 1617 multum
2727 1565 2977 1619 uidebitur
3015 1566 3212 1638 (equale
3241 1576 3287 1621 et
3328 1568 3580 1639 inaequale
3617 1572 3738 1637 dici,
3784 1589 3909 1635 nam,

2317 1648 2521 1716 aﬂ'ectio
2560 1662 2610 1729 et
2650 1654 2921 1722 dispositio
2947 1657 3155 1726 (aqualis
3184 1668 3230 1710 et
3257 1657 3524 1727 intequalis
3552 1675 3652 1712 non
3687 1662 3899 1715 multum

2320 1741 2525 1807 dicitur,
2548 1745 2646 1797 ‘sed
2664 1747 2827 1815 magis
2848 1747 3030 1801 similis
3054 1758 3099 1801 et
3125 1749 3416 1816 dissimilis,
3442 1761 3489 1805 et
3518 1753 3690 1807 album
3706 1757 3900 1825 tequala

626 1869 713 1911 res
742 1852 1159 1926 magnitudinem
1194 1853 1615 1925 parvitatemque
1659 1855 1961 1924 suscipere,
1996 1857 2204 1925 magni-
2236 1834 2288 1897 B
2314 1842 2360 1885 et
2409 1833 2660 1926 imaquale
2704 1851 2804 1889 non
2855 1836 3073 1891 multum
3120 1841 3329 1906 dicitur,
3376 1844 3465 1895 sed
3503 1844 3619 1897 simi
3633 1846 3690 1899 ἐ.
3729 1845 3899 1911 Quare

625 1948 751 2003 tudo
780 1956 833 2004 et
865 1946 1095 2017 parvitas
1132 1947 1400 2001 contraria
1433 1961 1537 2001 non
1578 1956 1721 2001 sunt.
1764 1948 1833 2000 At
1861 1961 1987 2001 vero
2014 1946 2060 2002 si
2089 1948 2210 2017 quis

624 2051 875 2111 magnum
922 2054 1086 2110 parvo
1125 2040 1451 2094 contrarium
1512 2047 1695 2110 ponat,
1750 2038 1937 2094 eadem
2002 2040 2211 2094 ratione

625 2150 781 2189 uuam
804 2133 1149 2203 catiidemque
1180 2148 1291 2188 rem
1314 2134 1411 2188 sibi
1445 2132 1543 2202 ipsi
1573 2132 1838 2187 dicitesse
1860 2133 2207 2189 contrariam.

625 2229 751 2283 Nam
768 2230 809 2283 si
831 2242 1049 2298 parvum
1080 2241 1271 2297 magno
1286 2235 1367 2281 est
1382 2226 1736 2293 contrarium,
1759 2225 1948 2280 eadem
1978 2239 2105 2280 vero
2122 2240 2210 2282 res

625 2329 703 2391 (ut
730 2322 908 2393 docui)
940 2336 1100 2392 parva
1133 2331 1186 2375 et
1206 2335 1394 2390 magna
1428 2329 1602 2389 potest
1626 2333 1748 2381 esse
1788 2319 1853 2373 ad
1883 2317 2025 2372 aliud
2062 2327 2113 2373 et
2141 2320 2208 2372 ad

626 2416 765 2471 aliud
790 2414 994 2468 scilicet
1032 2422 1363 2481 comparata.
1419 2411 1526 2467 Res
1564 2427 1687 2483 quae
1741 2423 1907 2480 parva
1934 2419 1988 2465 et
2019 2424 2209 2480 magna

626 2523 727 2577 es',
757 2510 943 2565 eadem
977 2508 1078 2563 sibi
1110 2517 1285 2577 potest
1331 2520 1452 2563 esse
1481 2508 1772 2575 contraria,
1818 2522 2039 2577 parvum
2067 2507 2210 2562 enim

627 2618 681 2662 et
723 2621 971 2678 magnum
998 2605 1327 2660 contrarium
1351 2603 1551 2658 dictum
1582 2613 1689 2669 est,
1712 2602 1807 2658 sed
1838 2614 1922 2658 est
1958 2603 2211 2673 impossi.

623 2699 752 2756 bile.
805 2698 1065 2766 Quocirca
1107 2711 1328 2767 parvum
1382 2704 1437 2750 et
1486 2709 1737 2765 magnum
1788 2697 2055 2750 contraria
2105 2710 2211 2750 non
2283 2718 2293 2725 -

626 2802 771 2851 sunt.
816 2792 945 2847 Post
982 2789 1291 2862 huiusmodi
1338 2804 1465 2845 vero
1503 2789 1764 2844 rationem
1794 2796 1847 2843 et
1874 2797 2216 2858 argumenta-

627 2887 786 2944 tionis
814 2886 1132 2947 firmissime
1164 2884 1578 2956 pr0positionem
1612 2881 1679 2937 de
1702 2880 2082 2936 contrarietate
2102 2879 2215 2934 dis-

626 2980 756 3035 serit
786 2978 912 3046 loci,
955 2977 1024 3034 de
1050 2991 1149 3048 qua
1196 2978 1441 3046 superius
1494 2974 1605 3043 jam
1667 2972 1919 3038 diximus,
1964 2973 2213 3041 quocirca

624 3073 997 3150 praetereunda
1021 3082 1121 3137 est,
1149 3087 1212 3126 ne
1242 3070 1479 3141 repetita:
1506 3067 1855 3139 expositionis
1880 3065 2214 3137 iteratiodfa-

627 3149 785 3229 stidio
808 3168 877 3222 sit
905 3169 1076 3239 potius
1108 3180 1263 3236 quam
1292 3163 1567 3219 doctriua‘.

703 3262 821 3319 Non
846 3261 1041 3315 videtur
1066 3269 1235 3312 autem
1264 3259 1518 3328 quantitas
1544 3255 1800 3325 suscipere
1833 3254 1994 3323 magis
2038 3263 2084 3307 et
2114 3252 2209 3305 mi-

630 3369 745 3420 nus,
772 3360 825 3403 ut
859 3350 1156 3415 bicubitum,
1192 3364 1348 3416 neque
1376 3347 1509 3399 enim
1539 3355 1611 3400 est
1635 3344 1779 3398 aliud
1804 3344 1908 3397 alio
1939 3343 2099 3413 magis
2131 3344 2208 3396 fti-

630 3444 872 3508 rubitunt,
903 3458 1064 3511 neque
1091 3442 1140 3494 in
1166 3454 1398 3504 numero,
1423 3448 1476 3492 ut
1508 3438 1760 3491 tcrnarius
1787 3436 2057 3505 quinario:
2081 3434 2209 3488 nihil

630 3544 760 3601 enim
794 3541 955 3609 magis
986 3537 1084 3590 tria
1107 3536 1337 3589 dicentur
1357 3550 1509 3605 quam
1535 3532 1776 3604 quinque,
1801 3547 1892 3583 nec
1920 3531 2020 3583 tria
2040 3529 2211 3599 potius

632 3650 781 3702 quam
816 3632 932 3699 tria,
962 3644 1120 3697 neque
1152 3638 1348 3693 tempus
1379 3623 1525 3680 aliud
1551 3623 1655 3676 alio
1682 3622 1841 3692 magis
1867 3631 1914 3674 et
1943 3621 2109 3673 minus
2132 3621 2211 3672 di-

632 3728 779 3790 ritur,
812 3741 901 3779 nec
926 3725 976 3781 in
1009 3724 1087 3776 liis
1108 3736 1219 3794 quia
1241 3719 1379 3773 dicta
1400 3726 1538 3782 sunt,
1568 3716 1727 3785 magis
1753 3724 1798 3769 et
1819 3715 1982 3767 minus
2006 3713 2212 3766 omnino

634 3820 839 3873 dicitur.
870 3816 1038 3880 Quare
1057 3825 1101 3871 et
1126 3812 1380 3883 quantitas
1402 3826 1501 3864 non
1524 3809 1737 3876 suscipit
1769 3808 1929 3878 magis
1956 3816 2000 3860 et
2023 3804 2208 3859 minus.

704 3910 857 3965 Aliud
911 3909 1184 3979 proprium
1241 3920 1425 3963 rursus
1478 3905 1726 3974 apposuit
1779 3903 1918 3972 quod
1965 3899 2214 3971 quamvis

635 4005 943 4080 quantitatis
976 4002 1245 4073 proprium
1279 4015 1387 4056 non
1414 4000 1502 4066 sit,
1537 4012 1629 4051 cur
1662 4004 1837 4050 tamen
1873 4009 1975 4047 non
1999 3993 2067 4047 sit
2100 3992 2215 4062 ipse

632 4098 866 4166 reticuit,
888 4096 1040 4151 nobis
1064 4105 1238 4149 tamen
1255 4102 1335 4147 est
1353 4090 1852 4154 demonstrandum;
1876 4086 2015 4156 quod
2034 4095 2213 4141 autem

629 4190 761 4245 dicit
785 4189 888 4243 tale
913 4196 994 4242 est
1020 4205 1032 4239 :
1061 4185 1328 4256 quantitas
1358 4183 1602 4257 magisﬂet
1632 4182 1807 4239 minus
1838 4195 1941 4234 non
1966 4179 2212 4250 suscipit,

630 4285 810 4341 nullus
853 4282 992 4338 enim
1048 4262 1309 4336 numerus.
1331 4278 1434 4335 alio
1488 4293 1709 4333 numero
1760 4291 1856 4330 uec
1906 4277 2074 4345 magis
2118 4288 2216 4329 nec

632 4379 809 4435 minus
850 4385 931 4431 est
960 4389 1234 4429 numerus.
1268 4371 1396 4426 Nam
1434 4369 1695 4425 tertiarius
1725 4370 1767 4421 si
1800 4366 2042 4437 quinario
2071 4379 2217 4419 com-

635 4483 873 4541 paretur,
905 4483 1003 4523 nec
1034 4466 1202 4537 magis
1224 4479 1321 4519 nec
1349 4464 1526 4518 minus
1554 4471 1631 4515 est
1654 4476 1927 4527 numerus,
1958 4469 2011 4515 et
2035 4473 2216 4513 rursus

638 4565 739 4635 ipsi
771 4574 877 4618 tres
921 4558 1156 4631 sibiipsis
1201 4557 1513 4629 comparati,
1567 4569 1661 4610 nec
1693 4555 1859 4624 magis
1901 4568 1997 4607 nec
2034 4553 2215 4608 minus

636 4668 760 4712 sunt
790 4666 918 4719 tres,
953 4667 1050 4708 uec
1082 4662 1290 4720 tempus
1315 4664 1525 4720 quoque
1558 4646 1716 4701 habet
1745 4645 1943 4714 aliquid
1972 4644 2141 4713 magis
2159 4653 2214 4698 et

635 4749 833 4817 minus,
862 4758 918 4801 ut
954 4746 1125 4814 magis
1167 4743 1310 4798 aliud
1341 4752 1546 4811 tempus
1569 4740 1637 4794 sit
1662 4738 1767 4793 alio
1797 4747 2059 4808 tempore,
2093 4736 2210 4791 lon-

633 4843 751 4911 gius
780 4839 993 4908 quidem
1022 4846 1232 4905 tempus
1255 4846 1497 4905 tempore
1525 4848 1645 4889 esse
1669 4840 1861 4902 pbtest,
1898 4839 1955 4885 ut
1979 4845 2102 4883 vero
2133 4827 2210 4881 di-

632 4944 785 4987 catur
814 4931 978 4999 magis
1008 4936 1216 4995 tempus
1243 4926 1346 4980 alio
1378 4936 1617 4994 tempore
1644 4924 1723 4978 vel
1757 4923 1931 4977 minus
1963 4921 2074 4975 fieri
2119 4935 2211 4975 ue-

632 5024 762 5096 quit.
801 5023 910 5077 lloc
935 5033 1144 5090 quoque
1174 5017 1331 5072 etiam
1363 5017 1416 5070 iu
1464 5015 1756 5070 substantia
1787 5014 2208 5069 demonstratum

631 5128 735 5187 est,
771 5119 929 5171 homo
958 5125 1186 5183 namque
1212 5110 1316 5165 alio
1345 5109 1561 5166 homine
1591 5123 1693 5163 non
1726 5119 1808 5162 est
1833 5105 2001 5175 magis
2028 5106 2208 5172 homo,

632 5227 732 5267 nec
774 5209 968 5265 minus.
996 5206 1141 5262 Idem
1172 5217 1382 5275 quoque
1405 5202 1581 5258 evenit
1624 5202 1693 5256 eti
1714 5216 1779 5254 tm
1809 5200 1861 5255 in
1894 5199 2209 5271 quantitate.

589 5336 601 5364 λ
630 5302 782 5371 Quod
813 5302 938 5371 quia
963 5299 1123 5354 etiam
1156 5297 1207 5350 in
1241 5295 1536 5350 substantia
1568 5304 1667 5359 cst,
1700 5295 1969 5364 prOprium
2000 5296 2209 5364 quanti-

632 5395 755 5449 tatis
786 5393 885 5448 hOc
926 5406 1031 5447 non
1063 5398 1168 5456 est,
1212 5388 1369 5442 habet
1396 5388 1496 5443 hoc
1525 5402 1737 5458 quoque
1772 5391 2040 5456 quantitas
2071 5397 2127 5441 ut
2157 5389 2205 5442 in

627 5486 874 5559 sequenti
904 5484 1095 5542 ordine
1122 5484 1238 5553 ipse
1281 5482 1617 5537 monstravit.
1666 5480 1926 5546 Quocirca
1956 5480 2204 5551 quoniam

628 5583 775 5650 prius
814 5581 916 5634 hoc
952 5577 1019 5632 de
1054 5575 1347 5631 substantia
1379 5573 1605 5639 dixerat,
1641 5587 1779 5628 nunc
1808 5588 1932 5629 vero
1972 5571 2109 5627 idem
2143 5572 2208 5625 de

629 5672 922 5740 quantitate
953 5666 1251 5737 proposuit,
1282 5665 1478 5722 idcirco
1509 5682 1615 5721 non
1646 5681 1765 5721 esse
1804 5664 1904 5720 hoc
1935 5664 2205 5732 proprium

629 5764 963 5834 quantitatis,
989 5775 1412 5817 commemorare
1434 5760 1696 5831 neglexit.
1728 5758 1887 5828 Cujus
1904 5755 2042 5811 enim
2063 5763 2208 5811 esset

625 5856 847 5933 alterius
889 5870 994 5913 non
1041 5855 1313 5917 suscipere
1357 5853 1523 5916 magis
1554 5862 1608 5907 et
1662 5852 1851 5910 minus,
1905 5860 2029 5904 tunc
2073 5848 2208 5903 dixit

2314 1923 2608 1989 quantitatis
2661 1926 2894 1980 maxima:
2932 1937 3006 1982 est
3034 1930 3299 1999 proprium
3344 1934 3540 2002 a'quale
3574 1943 3620 1988 et
3647 1934 3897 2003 intequale

2314 2010 2435 2065 dici.

2385 2100 2707 2169 Quantitatis
2760 2105 3031 2176 proprium
3071 2108 3408 2176 apertissime
3461 2110 3706 2181 designat
3753 2127 3893 2182 esse,

2314 2192 2456 2260 quod
2484 2195 2776 2251 secundum
2808 2198 3156 2267 quantitatem
3188 2201 3468 2271 aequalitas
3489 2211 3544 2257 et
3563 2203 3897 2274 inaequalitas

2315 2297 2670 2357 nuncupatur.
2698 2289 2935 2359 Singulae
2963 2292 3105 2347 enim
3133 2295 3457 2362 quantitates
3484 2296 3717 2364 aequales
3738 2305 3896 2367 atque

2316 2376 2608 2448 inasquales
2638 2380 2913 2447 dicuntur,
2939 2384 3000 2435 ut
3023 2382 3240 2452 :equalis
3266 2383 3403 2437 linea
3429 2384 3607 2450 linem,
3633 2394 3687 2439 et
3712 2400 3898 2441 rursus

2316 2468 2620 2541 inaequalis,
2673 2484 2725 2527 et
2770 2474 3074 2544 superliciei
3123 2474 3435 2545 superficies
3474 2476 3691 2546 aequalis
3738 2488 3899 2547 atque

2320 2559 2598 2629 inmqualis
2629 2560 2842 2627 dicitur,
2871 2571 2925 2617 et
2954 2578 3150 2633 corpus
3177 2565 3383 2634 aequale
3406 2574 3459 2620 et
3489 2566 3748 2636 inaequale
3768 2567 3896 2621 dici-

2319 2665 2422 2709 tur.
2456 2654 2720 2711 Numerus
2759 2672 2970 2727 qnoque
2995 2669 3049 2712 et
3081 2668 3287 2728 tempus
3313 2666 3368 2714 et
3396 2659 3544 2715 locus
3571 2659 3789 2730 aequalis
3815 2670 3896 2715 at»

2318 2764 2420 2817 quo
2448 2750 2721 2827 inaequalis
2751 2750 2963 2806 dicitur.
2998 2750 3052 2804 lu
3083 2750 3203 2804 aliis
3232 2759 3410 2805 autem
3431 2766 3549 2821 quae
3577 2751 3898 2819 quantitates

2317 2855 2424 2894 non
2456 2850 2600 2906 sunt,
2630 2855 2733 2894 non
2761 2851 2841 2895 est
2873 2840 3028 2894 facile
3055 2849 3114 2894 ut
3140 2840 3414 2909 :equalitas
3442 2840 3527 2895 vel
3570 2841 3898 2910 inaequalitas

2318 2936 2643 2997 nominetur,
2677 2933 3059 3001 dispositiones
3089 2946 3214 3002 ergo
3242 2946 3361 3001 qua:
3387 2931 3696 2987 aflectioues
3721 2932 3899 3001 appel-

2318 3025 2520 3093 lantur,
2546 3039 2652 3078 non
2671 3024 2919 3077 dicuntur
2943 3023 3177 3093 aequales
3193 3022 3272 3077 vel
3294 3021 3605 3091 inaequales,
3622 3021 3715 3076 sed
3733 3023 3899 3091 magis

2321 3115 2527 3169 similes
2552 3126 2604 3168 et
2630 3112 2939 3167 dissimiles.
2968 3112 3254 3181 Dispositio
3280 3119 3456 3165 autem
3482 3110 3563 3164 vel
3592 3109 3799 3165 affectio
3821 3119 3901 3167 est

2236 3200 2283 3265 C
2316 3208 2383 3261 ad
2423 3208 2653 3277 aliquam
2689 3221 2800 3260 rem
2846 3205 3269 3260 accommodatio
3317 3214 3370 3258 ct
3415 3204 3728 3273 applicatio,
3776 3212 3830 3258 ut
3857 3203 3901 3256 si

2315 3299 2435 3365 quis
2483 3296 2883 3365 grammaticam
2938 3295 3147 3364 legens,
3190 3293 3291 3363 qui.
3328 3293 3562 3347 nondum
3604 3291 3896 3363 perdidicit,

2318 3386 2477 3441 habet
2506 3386 2571 3440 ad
2618 3400 2734 3441 eam
2776 3385 3006 3455 aliquam
3039 3384 3468 3451 dispositionem,
3502 3383 3552 3438 id
3602 3393 3702 3449 est,
3730 3397 3790 3438 ea
3818 3381 3900 3437 af-

2316 3477 2487 3532 fectus
2517 3483 2620 3544 est,
2662 3485 2716 3531 et
2742 3474 2901 3529 habet
2927 3473 3126 3544 aliquid
3155 3472 3636 3537 accommodatum,
3665 3482 3717 3526 et
3748 3471 3901 3539 quasi

2319 3566 2697 3635 propinquum.
2729 3564 2962 3619 Possunt
3006 3570 3183 3617 autem
3214 3561 3469 3616 similiter
3504 3574 3622 3615 esse
3652 3560 3758 3615 duo
3787 3558 3900 3615 dis-

2318 3656 2477 3726 positi
2501 3666 2555 3733 et
2582 3654 2775 3721 affecti,
2810 3653 3090 3722 aequaliter
3113 3668 3243 3709 vero
3267 3652 3507 3718 minime,
3539 3662 3595 3707 ut
3621 3650 3727 3707 duo
3757 3650 3901 3706 simi~

2319 3748 2440 3803 liter
2454 3763 2575 3803 esse
2595 3747 2720 3813 albi,
2737 3746 3012 3816 aequaliter
3034 3760 3161 3802 vero
3193 3756 3320 3801 non.
3347 3742 3479 3799 Nam
3493 3742 3668 3813 siquis
3686 3741 3753 3796 de
3778 3741 3899 3796 duo.

2321 3843 2419 3895 bus
2440 3840 2685 3896 similiter
2700 3840 2833 3895 albis
2852 3839 3133 3909 aequaliter
3152 3852 3272 3894 esse
3293 3837 3445 3892 albos
3459 3837 3620 3901 dicat,
3643 3844 3788 3891 recta
3804 3849 3899 3889 no-

2321 3932 2479 3987 minis
2507 3946 2646 3986 nuuc
2674 3930 3021 3999 usurpatione
3050 3942 3154 3982 non
3183 3927 3365 3982 utitur.
3384 3926 3553 3982 Omne
3570 3925 3712 3980 enim
3735 3938 3901 3995 atqua-

2322 4022 2374 4077 le
2403 4030 2458 4077 et
2478 4020 2756 4090 inaequale,
2782 4021 3094 4073 iumensura
3129 4026 3177 4071 et
3214 4016 3266 4070 in
3288 4014 3585 4086 quantitate
3611 4012 3897 4084 perficitur.

2322 4112 2509 4166 Simile
2543 4125 2669 4166 vero
2692 4119 2745 4164 et
2772 4108 3030 4163 dissimile
3052 4105 3501 4176 quemadmodum
3516 4106 3581 4159 dc
3609 4105 3901 4175 quantitate

2322 4218 2428 4256 non
2457 4201 2672 4265 dicitur,
2705 4200 2775 4254 ita
2806 4214 2903 4253 nec
2930 4197 2995 4252 de
3027 4195 3127 4250 alia
3159 4194 3394 4265 qualibet
3420 4209 3476 4249 re
3507 4194 3607 4248 nisi
3636 4192 3704 4246 de
3733 4207 3901 4261 quan-

2321 4291 2494 4356 titate,
2539 4297 2684 4344 recte
2713 4288 2989 4358 aequalitas
3034 4295 3088 4340 et
3140 4283 3468 4354 inaequalitas
3507 4290 3898 4350 nuncupantur.

2321 4380 2501 4447 Quare
2534 4379 2805 4449 proprium
2851 4389 2933 4431 est
2976 4375 3286 4446 quantitatis
3320 4370 3523 4440 aequale
3554 4377 3609 4424 et
3642 4370 3901 4439 inaequale

2325 4468 2604 4530 nominari,
2637 4465 2729 4522 sed
2761 4464 3109 4535 quoniamde
3142 4462 3435 4533 quantitate
3465 4459 3664 4515 dictum
3696 4466 3805 4522 est,
3835 4458 3901 4514 ad

2242 4562 2665 4638 Drelativurum
2704 4561 2947 4616 ordinem
3000 4569 3355 4612 transeamus.
3412 4555 3540 4611 Post
3593 4555 3902 4625 quantitatis

2324 4659 2605 4705 tractatum
2640 4652 2852 4704 tertium
2880 4648 3350 4718 praedicamentum
3377 4644 3444 4700 de
3471 4644 3710 4701 relativis
3730 4645 3901 4715 ingre-

2318 4742 2481 4806 ditur,
2512 4755 2676 4811 quare
2706 4738 2918 4793 relativa
2946 4738 3045 4791 hoc
3072 4735 3233 4790 modo
3258 4734 3473 4791 difﬂuit.

2907 4863 2971 4902 DIC
3010 4860 3307 4900 RELATIVIS.
3376 4860 3379 4863 ’

2390 4943 2468 4995 Ad
2491 4940 2684 5010 aliquid
2708 4954 2821 4992 vero
2851 4937 2974 4990 talia
3002 4937 3261 5001 dicuntur,
3294 4950 3603 5006 quacunque
3623 4934 3716 4988 hoc
3738 4932 3903 5004 ipsum

2320 5030 2456 5102 quod
2504 5040 2617 5084 sunt
2644 5028 2865 5082 aliorum
2898 5042 3005 5079 esse
3024 5026 3282 5090 dicuntur,
3311 5026 3389 5078 vel
3407 5023 3783 5099 quoquolibet
3805 5024 3902 5076 ali~

2322 5135 2397 5178 ter
2441 5122 2509 5173 ad
2549 5119 2714 5183 aliud,
2756 5128 2810 5171 ut
2850 5119 3017 5188 majus
3068 5118 3124 5170 id
3149 5116 3284 5187 quod
3321 5124 3395 5169 est
3438 5114 3646 5167 alterius
3686 5114 3900 5180 dicitur,

2318 5212 2491 5282 aliquo
2519 5210 2651 5263 enim
2678 5210 2847 5280 majus
2892 5208 3099 5272 dicitur,
3149 5216 3193 5257 et
3221 5204 3435 5272 duplum
3463 5201 3671 5255 alterius
3712 5202 3903 5257 dicitur

2321 5302 2414 5354 hoc
2438 5300 2605 5370 ipsum
2631 5299 2766 5363 quod
2798 5307 2893 5365 est,
2927 5292 3145 5367 alicujus
3175 5295 3311 5347 enim
3340 5290 3557 5361 duplum
3578 5291 3790 5347 dicitur.
3816 5290 3902 5348 Si-

2318 5395 2504 5450 militer
2532 5402 2697 5445 autem
2726 5399 2772 5444 et
2798 5389 2905 5443 alia
2933 5402 3241 5459 quacunque
3269 5396 3385 5441 sunt
3411 5384 3729 5458 hujusmodi.

2385 5486 2491 5541 Cur
2520 5494 2698 5539 autem
2730 5483 2797 5537 de
2848 5482 2928 5535 his
2972 5497 3092 5550 qua:
3122 5492 3243 5536 sunt
3292 5480 3359 5535 ad
3409 5478 3607 5551 aliquid
3638 5478 3902 5541 disserat,

2313 5575 2516 5630 omisso
2544 5573 2754 5628 interim
2787 5570 2852 5626 de
2883 5570 3137 5639 qualitate
3168 5574 3415 5635 tractatu,
3452 5570 3565 5624 haec
3593 5583 3751 5623 causa
3794 5576 3895 5634 est,

2313 5664 2453 5734 quod
2489 5663 2659 5733 posita
2710 5663 3006 5729 quantitate
3040 5660 3203 5728 magis
3238 5659 3482 5713 minusve
3512 5672 3630 5721 esse
3675 5668 3896 5711 necesse

2314 5762 2416 5807 est.
2449 5753 2623 5820 Quare
2653 5764 2772 5804 cum
2804 5748 3154 5818 quantitatem
3184 5749 3439 5802 (‘Olllllllio
3464 5746 3527 5801 ad
3550 5744 3747 5813 aliquid
3771 5758 3897 5796 con-

2314 5852 2587 5905 sequatur.
2633 5851 2776 5897 recte
2804 5851 2923 5898 host
2966 5855 3106 5897 «man
3137 5838 3315 5893 i'atem
3353 5838 3692 5893 relativorum
3724 5831 3895 5888 series
