4280 6268
372 285 467 342 217

1393 260 1458 316 ιΝ
1486 250 1919 314 CATEGOBIAS
1948 245 2387 306 ARISTOTELIS
2425 199 2552 305 LIB.
2582 248 2644 304 11.

3544 251 3649 311 218

375 394 624 454 ordinata
645 399 751 448 est.
784 385 918 443 lllud
949 361 1159 456 quoque
1178 387 1260 435 est
1286 377 1340 431 in
1362 388 1542 438 causa,
1561 372 1703 442 quod
1718 366 1964 437 superius
1989 366 2048 432 Δ,
2069 375 2264 431 vertas,
2307 371 2415 423 fiet.
2459 368 2738 426 Sensibilis
2770 385 2856 426 res
2900 387 3059 428 sensu
3091 370 3360 456 sensibilis
3390 381 3490 431 est.
3541 374 3646 431 Sed

383 771 674 842 quantitate
702 765 846 821 finita
873 763 940 818 de
967 759 1246 818 relatione,
1286 748 1583 824 proposuit.
1608 743 1762 815 Quod
1785 751 1961 842 autem

384 833 476 929 ait,
497 863 558 916 ad
586 857 782 929 aliquid
796 870 926 912 vero
942 852 1065 908 talia
1088 852 1358 912 dicuntur,
1385 845 1487 899 hoc
1513 848 1797 929 monstrat,
1817 833 1962 905 quod

384 927 485 1010 non
516 952 652 1008 sicut
672 927 944 1020 quantitas
974 959 1071 1015 per
1093 957 1151 997 se
1179 949 1233 996 et
1261 935 1604 1008 singulariter
1627 927 1849 996 intelligi
1870 939 1964 997 po-

383 1055 501 1114 test,
531 1045 717 1101 eodem
749 1054 965 1113 quoque
998 1035 1159 1093 modo
1185 1030 1479 1090 substantia
1522 1036 1576 1083 et
1617 1023 1869 1096 qualitas,
1911 1027 1965 1076 et

383 1136 797 1208 unumquodque
833 1134 1058 1188 aliorum
1101 1126 1659 1199 prazdicamentorum,
1699 1118 1839 1172 sicut
1869 1127 1964 1208 per

384 1247 439 1289 se
466 1237 699 1294 constat,
733 1230 804 1283 ita
837 1225 996 1280 etiam
1043 1238 1141 1294 per
1171 1236 1230 1276 se
1256 1229 1322 1283 et_
1337 1215 1679 1286 singulariter
1707 1207 1962 1277 intelligi-

383 1335 467 1382 tur
493 1341 508 1378 :
538 1325 617 1379 sic
644 1322 709 1377 ad
761 1318 959 1389 aliquid
996 1332 1091 1386 per
1118 1329 1176 1370 se
1203 1322 1256 1368 et
1286 1308 1626 1380 singulariter
1674 1304 1791 1374 capi
1812 1299 1964 1357 intel-

385 1415 526 1470 lectu
555 1427 662 1467 non
690 1418 890 1480 potest,
921 1414 976 1461 ut
1004 1406 1244 1460 dicamus
1272 1415 1394 1457 esse
1421 1401 1487 1453 ad
1517 1396 1715 1466 aliquid
1735 1393 1968 1462 singula-

387 1508 537 1561 riter.
564 1500 832 1573 Quidquid
863 1500 1002 1555 enim
1035 1497 1087 1552 in
1122 1504 1307 1550 natura
1337 1489 1612 1547 relationis
1641 1486 1962 1573 agnoscitur,

391 1595 442 1650 id
473 1610 590 1650 eum
618 1572 969 1647 alionecesse
995 1597 1076 1641 est
1103 1583 1495 1645 consideretur;
1527 1593 1644 1633 cum
1674 1576 1814 1630 enim
1843 1572 1966 1628 dico

387 1687 656 1750 dominus,
688 1698 784 1752 per
805 1680 1041 1749 seipsum
1071 1677 1200 1732 nihil
1223 1687 1322 1741 eSI,
1349 1674 1392 1728 si
1425 1685 1612 1729 servus
1633 1667 1790 1725 desit.
1823 1667 1965 1735 Quo-

2064 480 2184 521 cum
2231 464 2310 520 sic
2339 465 2486 520 casui
2520 466 2750 534 septimo
2799 467 3040 524 redditur
3068 453 3428 526 nominativus
3469 471 3520 526 in
3546 471 3645 527 hac

2063 559 2348 625 relatione,
2373 574 2492 629 qum
2518 558 2645 614 dicit
2668 560 2922 616 sensibile
2940 575 3102 618 sensu
3131 561 3384 620 sensibile
3403 573 3502 633 est,
3538 580 3644 620 non

2063 652 2252 708 eodem
2283 667 2411 707 casu
2433 668 2537 722 quo
2567 654 2813 723 superius
2841 653 3040 710 dictum
3068 665 3151 712 est
3171 658 3524 714 convertitur.
3559 659 3645 715 Di~

2063 745 2237 801 cimus
2262 746 2405 802 enim
2449 760 2642 801 sensus
2672 747 2868 803 sensibi
2895 748 2940 802 is
2970 748 3046 804 rei
3091 764 3284 806 sensus
3323 760 3424 819 est,
3468 761 3522 807 et
3561 752 3646 808 hic

2065 841 2427 899 nominativus
2460 841 2701 897 redditur
2719 841 2784 896 ad
2807 841 3116 912 genitivum.
3143 843 3268 900 Haec
3295 846 3436 901 enim
3456 847 3533 902 rel
3552 847 3646 902 vtio

2064 937 2131 993 ad
2179 937 2464 1007 septimum
2506 951 2688 992 casum
2719 951 2778 992 se
2813 938 2983 1007 aptari
3013 952 3120 992 non
3156 939 3371 1006 patitur.
3413 938 3646 997 Scientia

2065 1043 2276 1100 quoque
2305 1028 2504 1083 scibilis
2542 1028 2620 1084 rei
2658 1027 2878 1084 scientia
2903 1039 3006 1092 est,
3061 1028 3322 1100 siquidem
3356 1030 3456 1086 hoc
3480 1032 3644 1088 scitur

2065 1120 2207 1190 quod
2237 1120 2360 1175 sciri
2387 1128 2560 1188 potest
2599 1129 2654 1175 et
2678 1120 2818 1191 quod
2842 1120 2965 1174 sciri
2995 1130 3189 1190 potest,
3218 1120 3406 1178 scibile
3426 1131 3530 1186 est,
3551 1124 3643 1179 sed

2068 1226 2172 1267 non
2203 1211 2391 1267 eadem
2425 1211 2654 1277 ratione,
2701 1226 2800 1266 nec
2839 1212 2904 1265 ad
2952 1213 3198 1268 eumdem
3229 1227 3409 1269 casum
3456 1215 3642 1270 relatio

2069 1305 2167 1359 ista
2197 1305 2550 1360 convertitur.
2602 1304 2837 1360 Dicimus
2882 1305 3024 1360 enim
3064 1295 3264 1361 scibilis
3293 1321 3382 1362 res
3422 1306 3642 1363 scientia

2068 1397 2269 1453 scibilis
2290 1406 2391 1453 est.
2429 1397 2517 1452 Est
2547 1397 2692 1452 enim
2725 1397 2890 1468 prima
2921 1398 3108 1454 relatio
3134 1398 3199 1453 ad
3223 1399 3533 1468 genitivum;
3560 1417 3642 1456 se-

2069 1490 2240 1546 cunda
2269 1489 2551 1545 conversio
2585 1488 2651 1544 ad
2692 1490 2996 1559 septimum.
3039 1489 3162 1546 Haec
3199 1505 3411 1560 quoque
3457 1492 3642 1547 relatio

2070 1582 2362 1638 secundum
2407 1581 2624 1638 eosdem
2664 1582 3001 1637 convertitur
3039 1596 3216 1646 casus,
3259 1595 3379 1637 cum
3422 1582 3644 1640 dicimus

2072 1676 2243 1746 majus
2276 1675 2480 1731 minore
2502 1689 2620 1730 esse
2653 1674 2847 1745 majus,
2883 1683 2935 1727 et
2966 1675 3140 1730 minus
3172 1674 3375 1745 majore
3403 1688 3522 1730 esse
3549 1675 3646 1729 mi-

385 1779 522 1834 circa
537 1749 657 1830 cum
682 1749 836 1828 unius
855 1769 1061 1825 relativi
1081 1767 1404 1834 nuncupatio
1441 1777 1564 1816 mox
1594 1775 1778 1815 secum
1801 1758 1964 1813 etiam
1996 1749 2047 1811 B
2071 1786 2190 1827 ηυε,
2223 1771 2449 1841 Duplum
2475 1784 2687 1840 quoque
2715 1778 2767 1823 ει
2787 1768 3019 1823 medium
3051 1767 3270 1823 τειειίνε
3300 1775 3444 1833 sum,
3477 1767 3569 1823 sed
3592 1777 3645 1824 ει

388 1868 527 1924 aliud
555 1865 727 1920 trahat
754 1862 818 1918 ad
850 1859 1072 1929 aliquid,
1101 1871 1262 1911 unum
1283 1868 1402 1909 esse
1432 1867 1528 1922 per
1553 1866 1612 1906 se
1637 1863 1742 1905 non
1769 1855 1962 1917 potest,

393 1970 548 2030 atque
573 1957 693 2011 ideo
724 1969 828 2009 non
855 1952 988 2007 dixit
1017 1946 1333 2004 Aristoteles
1352 1963 1366 1999 :
1385 1943 1464 1998 Ad
1489 1942 1684 2012 aliquid
1714 1956 1839 1995 vero
1863 1940 1967 1995 tale

396 2054 607 2119 dicitur,
623 2047 933 2120 sed,plorali
951 2059 1195 2110 numero,
1221 2041 1344 2095 talia
1366 2039 1638 2104 dicuntur,
1662 2035 1852 2105 inquit,
1874 2034 1968 2090 de-

395 2151 698 2199 monstrans
727 2139 1067 2194 relativorum
1096 2131 1499 2202 intelligentiam
1532 2142 1637 2182 non
1670 2127 1721 2180 in
1758 2124 1966 2192 simpli-

390 2234 568 2299 citate,
601 2231 694 2286 sed
725 2232 776 2285 in
809 2228 1106 2300 pluralitate
1146 2225 1472 2289 consistere;
1506 2236 1611 2277 non
1641 2235 1758 2276 esse
1787 2228 1968 2275 autem
2007 2245 2009 2247 ι

391 2326 674 2399 quamdam
705 2339 797 2394 per
825 2338 886 2378 se
913 2321 1255 2376 relativorum
1308 2327 1550 2370 naturam
1601 2313 1717 2368 sine
1747 2311 1972 2382 conjun-

391 2422 565 2476 ctione
613 2418 790 2486 aliqua
829 2414 1047 2471 alterius
1093 2411 1440 2477 subsistente,
1493 2407 1609 2474 ipse
1656 2404 1972 2460 Aristoteles

393 2520 684 2576 monstrat,
713 2509 801 2579 qui
834 2506 959 2562 dicit
989 2519 1051 2560 ea
1079 2518 1197 2559 esse
1230 2501 1475 2564 relativa,
1507 2510 1837 2567 qnmcunque
1872 2494 1973 2549 hoc

393 2605 558 2674 ipsum
583 2601 726 2673 quod
754 2610 880 2656 sunt
900 2599 1122 2654 aliorum
1144 2595 1410 2651 dicuntur.
1442 2592 1606 2646 Docet
1628 2589 1770 2644 enim
1797 2589 1968 2657 aliqua

394 2696 764 2767 conjunctione
815 2692 1034 2747 alterius
1086 2689 1307 2743 relativa
1358 2683 1608 2748 formari,
1653 2682 1753 2735 hoc
1799 2681 1970 2751 ipsum

395 2791 529 2846 enim
558 2789 702 2859 quod
731 2795 854 2841 sunt
883 2786 1106 2838 aliorum
1134 2783 1402 2836 dicuntur.
1421 2777 1571 2846 Quod
1597 2778 1739 2831 enim
1768 2786 1849 2830 est
1877 2775 1971 2830 do-

396 2881 584 2948 minus,
611 2884 715 2933 hoc
743 2875 968 2931 alterius
1012 2874 1224 2937 dicitur,
1258 2871 1307 2925 id
1340 2880 1420 2924 est
1452 2868 1610 2923 servi.
1645 2865 1768 2921 Sive
1797 2873 1994 2926 autem,

398 2972 610 3027 relativa
657 2969 919 3027 dicamus,
952 2965 1064 3018 sive
1101 2963 1166 3016 ad
1197 2960 1416 3030 aliquid,
1460 2958 1588 3013 nihil
1618 2958 1862 3013 interest.
1895 2956 1972 3010 Ad

399 3059 590 3130 aliquid
619 3058 760 3114 enim
808 3056 1000 3110 dicitur
1030 3051 1169 3122 quod
1200 3050 1372 3120 ipsum
1405 3047 1617 3117 quidem
1648 3061 1766 3101 cum
1796 3060 1890 3114 per
1915 3058 1974 3098 se

2070 1862 2270 1919 eisdem
2301 1863 2512 1918 casibus
2541 1870 2944 1916 convertuntur.
2973 1861 3204 1930 Duplum
3235 1873 3463 1929 namque
3488 1858 3645 1915 dimi-

2071 1957 2140 2011 dii
2169 1956 2386 2025 duplum
2415 1964 2517 2019 est,
2560 1955 2835 2009 dimidium
2863 1969 2994 2008 vero
3022 1952 3170 2022 dupli
3219 1952 3495 2007 ditnidium
3541 1961 3641 2008 est.

2071 2049 2205 2105 Sunt
2261 2056 2438 2102 autem
2492 2045 2592 2101 alia
2637 2061 2846 2117 quoque
2877 2045 3094 2102 relativa
3143 2061 3261 2116 qua:
3293 2046 3405 2116 ipse
3445 2045 3519 2099 sic
3550 2045 3645 2099 ad-

2072 2141 2223 2197 didit.

2143 2235 2208 2289 At
2236 2250 2350 2289 vero
2378 2243 2496 2288 sunt
2523 2234 2740 2287 etiamet
2770 2235 2877 2287 haec
2898 2233 2965 2286 ad
2995 2233 3209 2302 aliquid,
3247 2241 3299 2285 ut
3327 2231 3544 2294 habitus,
3569 2233 3649 2302 af-

2075 2329 2256 2397 fectus,
2288 2327 2520 2391 scientia,
2547 2340 2747 2389 sensus,
2783 2325 2966 2393 positio
2994 2340 3009 2376 :
3045 2324 3150 2378 hwc
3171 2323 3305 2377 enim
3344 2323 3515 2376 omnia
3539 2339 3651 2392 qua!

2076 2420 2211 2473 dicta
2236 2428 2375 2486 sunt,
2399 2419 2493 2471 hoc
2520 2419 2684 2485 ipsum
2702 2419 2838 2487 quod
2873 2425 2986 2471 sunt
3018 2417 3235 2469 aliarum
3261 2432 3366 2470 esse
3391 2416 3649 2481 dicuntur,

2075 2516 2151 2566 vel
2177 2510 2552 2583 quomodoltbet
2581 2511 2731 2565 aliter
2762 2511 2831 2563 ad
2858 2510 3020 2577 aliud,
3055 2520 3099 2564 et
3129 2508 3226 2562 non
3257 2508 3400 2562 aliud
3437 2508 3648 2578 aliquid;

2079 2605 2275 2658 habitus
2302 2605 2432 2658 enim
2460 2604 2681 2677 alicujus
2707 2603 2910 2657 habitus
2933 2603 3142 2670 dicitur,
3173 2612 3216 2656 et
3253 2601 3526 2672 disciplina
3551 2601 3652 2655 ali-

2076 2697 2224 2765 cujus
2264 2697 2556 2765 disciplina,
2597 2705 2641 2749 et
2675 2695 2860 2764 positio
2898 2695 3116 2767 alicujus
3152 2695 3354 2764 positio.
3404 2693 3653 2750 Similiter

2077 2797 2245 2842 autem
2271 2796 2315 2842 et
2343 2787 2467 2842 alia.
3291 2831 3308 2842 .

2152 2879 2226 2934 De
2255 2894 2415 2934 sensu
2445 2878 2661 2948 quidem
2691 2886 2745 2934 et
2780 2878 3001 2933 scientia
3034 2878 3233 2932 dictum
3277 2886 3357 2932 est
3384 2879 3652 2948 superius,

2082 2985 2222 3025 nunc
2247 2985 2372 3025 vero
2395 2969 2463 3024 de
2491 2968 2694 3034 habitu,
2717 2968 3084 3039 dispositione,
3109 2979 3162 3025 et
3188 2969 3452 3039 positione
3475 2969 3653 3024 dicen.

2080 3064 2207 3120 dum
2233 3073 2334 3119 est.
2380 3062 2664 3132 Dispositio
2690 3073 2772 3117 est
2799 3063 2864 3118 ad
2893 3065 3121 3134 aliquam
3164 3079 3276 3119 rem
3311 3064 3524 3119 mobilis
3551 3081 3652 3134 ap-

404 3153 528 3208 niliil
558 3155 642 3218 sit,
695 3150 920 3204 relatum
956 3157 1133 3200 tamen
1161 3143 1224 3197 ad
1258 3142 1401 3197 aliud
1441 3149 1668 3205 constat,
1704 3149 1760 3193 ut
1797 3137 1968 3191 domi-
2000 3129 2047 3195 C
2081 3156 2314 3226 plicajgo,
2357 3164 2412 3210 υι
2435 3129 2487 3209 εἰ
2511 3157 2788 3227 quisquam
2822 3129 3051 3212 ίιηιηηξω
3094 3159 3420 3229 propinquus
3461 3129 3653 3223 εειρέι,

402 3261 518 3310 nus,
550 3243 591 3297 si
621 3242 755 3297 desit
789 3240 838 3295 id
870 3239 934 3293 ad
965 3237 1104 3308 quod
1137 3236 1352 3301 dicitur,
1397 3233 1447 3288 id
1477 3241 1579 3298 est,
1628 3247 1834 3297 servus,
1869 3245 1972 3285 non

397 3347 495 3402 est,
524 3336 714 3390 dicitur
745 3333 886 3387 enim
921 3330 985 3384 ad
1014 3343 1227 3383 servum
1257 3343 1271 3390 ;
1306 3324 1642 3379 manifes'um
1668 3338 1796 3392 ergo
1821 3332 1900 3377 est
1931 3321 1976 3376 si

397 3443 580 3484 servus
606 3426 763 3488 desit,
788 3422 1061 3478 dominum
1092 3419 1196 3474 dici
1219 3433 1324 3472 non
1349 3432 1523 3487 posse,
1543 3433 1706 3486 quire
1728 3417 1976 3471 dominus

399 3525 464 3581 ad
492 3523 688 3594 aliquid
719 3523 936 3585 dicitur,
967 3518 1015 3573 id
1046 3526 1128 3573 est
1157 3517 1220 3570 ad
1247 3532 1481 3570 servum.
1504 3515 1745 3571 Relativa
1763 3530 1977 3585 quoque

401 3619 649 3674 dicuntur
678 3616 899 3682 idcirco,
933 3613 1074 3684 quod
1102 3627 1287 3667 eorum
1317 3610 1637 3678 nuncupatio
1670 3622 1882 3677 semper
1912 3606 1978 3662 ad

404 3711 602 3782 aliquid
645 3708 925 3773 referatur,
954 3714 1010 3760 ut
1039 3704 1240 3759 domini
1281 3702 1345 3756 ad
1377 3717 1613 3767 servum,
1655 3715 1820 3770 quare
1848 3698 1980 3753 nihil

409 3805 633 3858 interest
670 3798 909 3870 quolibet
953 3798 1109 3851 modo
1151 3797 1381 3850 dicatur.
1443 3793 1758 3862 liujosmodi
1804 3799 1980 3846 autem

413 3892 660 3947 diffinitio
700 3889 932 3944 Platonis
977 3903 1091 3942 esse
1128 3887 1390 3949 creditur,
1434 3899 1553 3954 quae
1592 3883 1658 3937 ab
1697 3883 1985 3939 Aristotele

411 3986 569 4058 paulo
598 3981 862 4054 posterius
891 3979 1220 4035 emendatur.
1269 3976 1629 4031 llelativorum
1674 3984 1850 4029 autem
1882 3975 1984 4029 alia

405 4086 607 4141 eisdem
655 4081 868 4138 casibus
915 4081 1234 4145 referuntur,
1273 4078 1375 4132 alia
1424 4076 1670 4142 diversis,
1703 4076 1804 4130 alia
1861 4088 1987 4129 vero

405 4178 549 4234 omni
579 4186 703 4231 sunt
747 4190 871 4230 casu
929 4173 1190 4229 carentia.
1231 4169 1382 4238 Quod
1433 4169 1638 4224 scilicet
1684 4177 1987 4222 monstrans

405 4269 625 4334 addidit,
659 4267 739 4322 vel
769 4263 1170 4336 quomodolibet
1200 4263 1352 4317 aliter
1375 4261 1440 4316 ad
1471 4260 1634 4316 aliud.
1655 4259 1791 4328 Quid
1811 4268 1986 4314 autem

409 4381 509 4432 est,
562 4368 728 4437 ipsius
762 4381 897 4434 pene
958 4373 1132 4418 textus
1179 4377 1428 4417 sermone
1477 4371 1820 4416 monstratur.
1854 4358 1987 4414 Cum

2077 3252 2165 3307 ille
2193 3252 2480 3322 dispositus
2509 3251 2704 3308 dicitur
2747 3252 2812 3309 ad
2839 3253 3095 3319 calorem,
3121 3252 3172 3308 id
3199 3262 3301 3320 est,
3332 3252 3534 3309 habens
3563 3253 3657 3308 ali-

2077 3360 2236 3415 quam
2278 3345 2688 3415 applicationem
2730 3345 3267 3417 conjunctionemqne
3297 3345 3362 3400 ad
3402 3345 3657 3403 calorem.

2079 3436 2223 3492 Idem
2250 3451 2380 3491 vero
2403 3445 2482 3492 est
2506 3435 2719 3492 affectio
2743 3437 2882 3505 quod
2906 3438 3205 3508 dispositio,
3239 3453 3305 3494 ne
3327 3453 3466 3493 novo
3488 3438 3658 3493 nomi-

2083 3543 2148 3584 ne
2178 3544 2331 3584 error
2359 3529 2557 3583 oriatur
2584 3546 2598 3582 :
2632 3539 2684 3585 et
2712 3528 2832 3585 ideo
2859 3529 3139 3599 dispositio
3163 3545 3283 3585 cum
3324 3529 3392 3584 sit
3418 3533 3660 3601 quaedam

2082 3621 2147 3675 ad
2185 3621 2341 3675 aliam
2373 3636 2487 3676 rem
2529 3622 2857 3691 conjunctio,
2889 3621 2971 3676 vel
3011 3621 3078 3676 ab
3106 3622 3208 3676 alia
3237 3619 3465 3685 affectio,
3507 3621 3662 3677 facile

2085 3713 2298 3768 mobilis
2320 3722 2424 3778 est,
2450 3711 2676 3767 celerius
2705 3713 2902 3768 etenim
2945 3723 3294 3783 permutatur.
3331 3713 3548 3769 Habitus
3569 3729 3662 3768 au-

2086 3816 2192 3862 tem
2224 3815 2309 3861 est
2343 3805 2708 3875 diSpositionis
2737 3806 2817 3859 vel
2857 3805 3153 3860 affectionis
3191 3806 3340 3860 firma
3372 3814 3425 3859 et
3455 3821 3558 3861 non
3589 3805 3665 3861 fa-

2086 3901 2188 3955 cile
2205 3897 2572 3968 permntabilis
2594 3898 2850 3960 accessio,
2879 3907 2937 3950 ut
2964 3900 3006 3950 si
3038 3900 3316 3967 quisquam
3345 3899 3396 3950 iu
3422 3899 3536 3953 sole
3555 3913 3666 3952 am-

2088 3993 2275 4047 bulans
2311 3990 2511 4044 fuscior
2542 3991 2650 4053 flat,
2682 3989 2974 4058 dispositus
3007 3990 3070 4041 ad
3108 3989 3439 4058 nigredinem
3476 3991 3667 4046 dicitur

2090 4095 2142 4139 et
2170 4081 2445 4151 nigredine
2475 4081 2714 4135 affectus.
2757 4081 2849 4136 Sin
2887 4090 3063 4135 autem
3105 4081 3191 4136 illa
3233 4079 3456 4151 nigredo
3481 4083 3668 4136 fortius

2089 4191 2144 4236 et
2167 4179 2572 4235 immutabiliter
2592 4195 2787 4250 corpus
2804 4179 3072 4248 infecerit,
3105 4180 3310 4236 habitus
3333 4183 3667 4236 nominatur:

2087 4275 2338 4346 quocirca
2369 4275 2582 4329 habitus
2613 4283 2696 4330 est
2723 4274 3017 4328 inveterata
3049 4275 3280 4328 affectio.
3321 4272 3470 4328 Unde
3493 4273 3669 4327 omnls

2094 4371 2305 4426 habitus
2335 4367 2617 4437 dispositio
2640 4368 2721 4422 vel
2756 4366 2967 4422 affectio
2994 4376 3097 4433 est,
3141 4381 3245 4422 non
3287 4375 3464 4421 autem
3495 4365 3670 4422 omnis

411 4467 551 4520 enim
582 4465 703 4519 dico
729 4464 974 4518 dominus
1002 4461 1142 4516 servi
1176 4460 1442 4526 dominus,
1475 4459 1540 4512 ad
1574 4459 1860 4528 genitivum
1893 4471 1984 4512 ca-
2016 4476 2101 4538 υ,

1975 4488 1984 4500 ·
2016 4476 2067 4538 D
2091 4472 2370 4541 diSp0:ill0
2405 4471 2483 4524 vel
2516 4469 2726 4524 affectio
2754 4468 2984 4523 habitus.
3031 4467 3097 4521 Et
3136 4481 3202 4521 ne
3243 4465 3406 4521 multa
3442 4466 3665 4524 dicenda

410 4575 522 4615 sum
565 4558 769 4615 reddidi
817 4555 1223 4619 nominativum,
1270 4563 1323 4609 et
1353 4568 1538 4608 rursus
1568 4554 1632 4607 ad
1663 4552 1908 4607 eumdem
1940 4551 1983 4604 si

409 4664 746 4711 convertere.
783 4652 912 4706 Dico
947 4653 1088 4703 enim
1117 4657 1307 4703 servus
1329 4648 1530 4702 domini
1581 4660 1786 4712 servus,
1816 4657 1872 4701 et
1902 4646 1986 4701 hic

410 4762 616 4817 quoque
645 4743 1011 4800 nominativus
1037 4741 1101 4795 ad
1126 4740 1414 4810 genitivum
1440 4738 1642 4793 relatus
1657 4745 1757 4791 est.
1783 4735 1984 4791 Eodem

411 4855 618 4911 quoque
650 4837 810 4893 modo
849 4850 971 4890 sese
1023 4833 1182 4887 habet
1223 4841 1374 4901 pater
1420 4830 1512 4884 filii
1547 4839 1719 4899 pater,
1760 4840 1814 4883 et
1850 4829 1988 4882 filius

412 4935 572 5002 patris
600 4931 762 4994 filius,
793 4939 843 4983 et
874 4927 1126 4995 magister
1155 4922 1407 4993 discipuli
1447 4923 1722 4991 magister,
1751 4930 1800 4975 et
1828 4921 1988 4975 disci-

412 5026 564 5092 pulus
592 5020 830 5091 magistri
862 5017 1173 5086 discipulus,
1207 5015 1319 5068 haec
1349 5029 1476 5083 ergo
1505 5013 1554 5068 id
1584 5012 1723 5083 quod
1751 5022 1893 5075 sunt,
1917 5013 1990 5066 si-

413 5117 607 5170 militer
637 5113 860 5167 aliorum
897 5109 1171 5164 dicuntur.
1208 5107 1338 5162 Nam
1366 5107 1507 5176 quod
1540 5107 1764 5161 aliorum
1806 5106 1990 5161 dicun-

413 5221 496 5265 tur
549 5207 839 5263 secundum
873 5203 1165 5274 genitivum
1214 5201 1456 5256 redditur
1480 5213 1685 5264 casum,
1717 5201 1820 5252 alia
1863 5214 1989 5253 vero

415 5317 516 5356 non
548 5299 837 5356 secundum
889 5295 1135 5351 eumdem
1183 5309 1365 5348 casum
1403 5292 1838 5360 consequentiam
1873 5291 1992 5344 red-

414 5395 564 5448 dunt.
594 5392 793 5447 Sensus
816 5390 958 5443 enim
991 5387 1056 5441 ad
1085 5387 1286 5457 aliquid
1318 5396 1423 5451 est,
1455 5382 1724 5438 sensibilis
1745 5383 1885 5437 enim
1911 5385 1990 5438 rei

413 5494 495 5542 est
521 5499 729 5541 sensus.
772 5482 922 5548 Quod
971 5481 1112 5536 enim
1155 5479 1409 5534 sensibile
1439 5486 1521 5532 est
1553 5475 1742 5530 sentiri
1793 5484 1986 5544 potest,

413 5576 552 5647 quod
598 5576 781 5632 sentiri
832 5583 1026 5644 potest,
1081 5569 1335 5626 sensibile
1373 5577 1476 5634 est,
1510 5577 1562 5621 et
1592 5580 1731 5620 nunc
1777 5565 1991 5635 quidem

415 5687 603 5727 sensus
644 5669 913 5725 sensibilis
950 5667 1026 5722 rei
1072 5679 1262 5722 sensus
1301 5662 1531 5733 genitivo
1561 5658 1993 5715 accommodatus

418 5773 518 5819 est.
562 5761 727 5825 Huius
757 5763 896 5816 enim
929 5761 1003 5816 rei
1034 5757 1301 5814 sensibilis
1334 5755 1532 5810 dictum
1565 5761 1665 5817 est,
1710 5760 1763 5806 at
1791 5750 1834 5804 si
1861 5764 1990 5805 con-

2093 4568 2219 4629 sint,
2264 4564 2364 4619 hoc
2415 4578 2629 4632 quoque
2658 4571 2869 4615 constat
2895 4561 2946 4615 in
2992 4560 3172 4614 habitu
3207 4569 3261 4613 et
3300 4558 3670 4628 dispositione,

2091 4655 2230 4727 quod
2284 4654 2499 4708 habitus
2532 4650 2879 4706 immutabilis
2904 4650 3080 4720 passio
3105 4659 3206 4714 est,
3239 4649 3513 4719 dispositio
3543 4665 3671 4706 vero

2093 4763 2198 4803 non
2228 4745 2498 4809 similiter,
2527 4742 2618 4799 sed
2652 4741 2862 4797 affeCtio
2884 4741 3124 4812 quaedam
3150 4751 3251 4808 est,
3271 4751 3324 4797 et
3353 4742 3416 4796 ad
3441 4743 3668 4813 aliquam

2094 4855 2206 4895 rem
2239 4835 2570 4907 conjunctio,
2600 4850 2719 4905 qua:
2752 4842 2927 4903 potest
2955 4831 3107 4888 facile
3137 4834 3441 4903 permutari.
3473 4833 3672 4889 Positio

2099 4946 2232 4986 vero
2263 4937 2345 4984 est
2382 4928 2605 4995 alicujus
2645 4924 2718 4980 rei
2747 4924 3047 4987 collocatio,
3082 4934 3139 4978 ut
3166 4933 3246 4979 eSt
3273 4926 3449 4986 statio,
3476 4924 3666 4990 sessio,

2096 5023 2392 5086 inclinatio,
2419 5018 2716 5083 accnbatio,
2754 5026 2808 5072 et
2837 5018 2938 5070 alia
2972 5016 3293 5084 hujusmo‘di.
3329 5015 3457 5069 Nam
3499 5023 3555 5068 et
3579 5015 3669 5083 qui

2093 5117 2202 5170 stat
2227 5111 2622 5184 quodammodo
2669 5111 2875 5179 positus
2901 5121 3021 5162 esse
3056 5106 3249 5162 dicitur
3277 5116 3329 5160 et
3358 5104 3668 5170 collocatus,

2096 5217 2150 5261 et
2176 5207 2264 5275 qui
2297 5204 2471 5270 sedet,
2524 5212 2578 5257 et
2617 5201 2705 5270 qui
2737 5199 3021 5263 accumbit,
3053 5206 3104 5251 et
3133 5198 3219 5265 qui
3246 5195 3534 5252 secundum
3566 5211 3671 5252 cm-

2099 5311 2239 5355 teras
2293 5297 2582 5366 positiones
2618 5303 2699 5348 est
2749 5293 2953 5360 positus
2979 5288 3289 5358 appellatur.
3331 5289 3588 5355 Quocirca
3617 5301 3672 5346 et

2096 5394 2255 5449 statio
2302 5399 2354 5443 et
2390 5389 2558 5444 sessio
2602 5397 2656 5440 et
2697 5385 2973 5438 accubat‘o
3017 5381 3312 5451 positiones
3346 5393 3521 5438 erunt.
3565 5386 3669 5440 Sed

2097 5483 2344 5553 quoniam
2376 5479 2500 5548 quid
2525 5485 2705 5532 essent
2734 5476 2934 5528 dictum
2966 5483 3067 5539 est,
3095 5489 3235 5528 nunc
3262 5475 3305 5529 si
3329 5483 3454 5529 sunt
3478 5476 3544 5530 ad
3567 5477 3668 5534 all-

2095 5575 2220 5645 quid
2252 5573 2546 5633 videamus,
2587 5567 2823 5621 habitum
2849 5565 3071 5620 relative
3097 5564 3201 5620 dici
3241 5581 3303 5621 ea
3338 5582 3423 5622 res
3460 5569 3666 5639 prohat,

2096 5683 2214 5738 quae
2241 5663 2359 5718 aliis
2387 5674 2598 5731 quoque
2627 5660 2786 5714 rebus
2813 5656 3136 5713 documento
3154 5659 3247 5714 fuit
3270 5673 3389 5717 esse
3413 5663 3672 5731 relativis,

2099 5767 2156 5812 ut
2186 5767 2263 5812 est
2291 5756 2340 5810 in
2364 5764 2520 5810 sensu
2544 5762 2704 5822 atque
2734 5749 2784 5805 in
2813 5745 3058 5807 scientia.
3082 5748 3284 5808 Idcirco
3301 5755 3443 5812 enim
3467 5756 3668 5812 dictum
