4280 6268
556 340 669 396 219

1768 342 1881 399 ΔΝ.
1922 336 2129 396 ιιΑΝι..
2168 333 2319 394 88V.
2363 334 2586 393 39E?"

3672 340 3675 343 λ
3695 327 3798 384 220

554 464 636 508 εει
660 470 876 511 sensum
907 458 1178 513 sensibilis
1209 459 1285 513 rei
1316 472 1436 513 esse
1465 473 1704 524 sensum,
1734 455 1874 527 quod
1898 471 1984 511 res
2013 465 2137 508 sen-
2163 456 2213 513 Α
2243 461 2349 507 tem
2381 466 2627 523 parvum,
2652 459 2713 507 et
2740 464 2899 506 mons
2926 465 3124 521 parvus
3146 451 3212 509 ad
3245 465 3517 521 magnum.
3538 451 3625 523 hic
3644 453 3818 525 nullo.

555 546 726 603 sibilis
752 557 833 603 est
849 552 1180 618 qtttesentiri
1216 561 1421 620 potest;
1451 561 1530 605 est
1561 565 1688 616 ergo
1712 550 1921 603 habitus
1944 547 2136 602 habilis

557 641 632 693 rei
672 639 903 698 habitus.
952 641 1152 697 ﬂabilis
1172 644 1313 698 enim
1342 634 1428 696 res
1452 653 1534 696 est
1576 656 1693 710 quae
1727 640 1909 694 haberi
1938 648 2131 709 potest,

558 734 704 789 illius
740 738 883 790 enim
914 737 990 791 rei
1026 737 1233 793 habitus
1257 746 1340 791 est
1379 730 1497 805 quis
1540 735 1721 789 haberi
1765 740 1961 803 potest.
1990 732 2152 800 Quo-~

555 828 698 882 circa
725 829 828 883 erit
857 829 1073 883 habitus
1105 827 1293 882 habilis
1325 828 1400 881 rei
1431 827 1657 888 habitus,
1684 824 1779 879 sed
1812 839 1895 878 tes
1923 837 2135 892 quoque

556 918 748 974 habilis
780 920 960 975 habitu
983 925 1085 975 erit
1109 920 1319 985 habilis,
1347 922 1464 989 ipso
1492 920 1635 973 enim
1666 919 1847 985 habitu
1874 932 1970 978 res
2013 931 2134 987 qua

555 1011 738 1067 haberi
797 1020 1021 1078 possunt
1061 1012 1341 1066 habemus.
1382 1012 1670 1080 Dispositio
1706 1025 1919 1080 quoque
1944 1008 2132 1073 eodem

557 1104 737 1158 modo.
772 1104 1060 1171 Dispositio
1082 1121 1315 1173 namque
1336 1105 1610 1174 disposita:
1635 1104 1712 1160 rei
1729 1104 2006 1173 dispositio
2026 1112 2131 1168 est,

555 1207 604 1248 et
653 1195 909 1263 disposita
950 1209 1041 1250 res
1075 1195 1431 1265 dispositione
1479 1196 1735 1265 disposita
1781 1206 1881 1251 est.
1930 1193 2133 1257 Galeris

552 1285 693 1339 enim
714 1285 996 1353 dispositio
1018 1288 1266 1352 calentis,
1304 1288 1353 1342 id
1381 1296 1483 1351 est,
1516 1287 1581 1343 ad
1605 1288 1837 1343 calorem
1866 1286 2131 1355 dispositi,

553 1377 834 1447 dispositio
874 1388 978 1433 est.
1031 1380 1233 1435 Eodem
1266 1380 1427 1433 modo
1473 1379 1768 1446 dispositus
1804 1377 1869 1431 ad
1897 1377 2130 1430 calorem

550 1470 745 1524 caloris
769 1469 1119 1538 dispositione
1145 1472 1435 1541 dispositus
1457 1479 1539 1526 est
1567 1487 1581 1523 :
1611 1471 1758 1524 velut
1777 1470 1821 1524 si
1846 1469 1945 1523 huc
1975 1467 2134 1523 modo

550 1563 621 1615 sit
647 1562 871 1628 dictum,
904 1565 1083 1619 omnis
1105 1563 1317 1618 affectio
1337 1563 1511 1619 aﬂecti
1538 1562 1750 1618 aﬂ'ectio
1770 1572 1870 1628 est,
1894 1570 1950 1616 et
1971 1574 2133 1616 omne

550 1653 798 1709 allectum
831 1655 1112 1711 ati‘ectione
1142 1655 1391 1711 allectum
1420 1666 1521 1710 est.
1557 1656 1622 1709 Et
1651 1655 1799 1709 calor
1826 1654 2050 1712 calentis
2077 1653 2132 1707 iit

555 1749 722 1811 calor,
753 1755 808 1802 et
850 1748 1033 1805 calens
1081 1750 1260 1803 calore
1306 1748 1361 1801 tit
1390 1748 1648 1811 calidum.
1689 1745 1892 1801 Positio
1920 1759 2130 1815 quoque

2240 559 2354 598 rum
2380 542 2598 597 casuum
2631 541 2712 597 vis
2736 551 2851 599 est:
2879 557 3181 612 quanquam
3212 542 3351 613 enim
3384 544 3716 619 accusativus
3742 545 3819 598 vi-

2238 636 2393 693 detur
2420 651 2544 692 esse
2574 637 2884 704 permistus,
2914 645 3091 700 tamen
3123 635 3213 699 ille
3234 635 3391 713 hujus
3411 637 3690 711 relationis
3712 640 3816 693 vim

2237 744 2342 782 non
2373 736 2538 790 tenet.
2563 728 2656 785 sed
2686 726 3002 796 praepositio
3015 743 3133 795 quae
3153 727 3217 809 ad
3248 729 3607 807 accusativum
3638 730 3817 799 datur;

2236 833 2358 872 cum
2382 820 2529 873 enim
2558 819 2703 887 dico,
2744 832 2899 883 mnns
2942 831 3163 888 magnus
3194 816 3262 890 ad
3292 833 3512 893 pergunt
3558 831 3818 889 montem.

2237 912 2547 981 praepositio
2568 914 2679 967 sola
2706 924 2787 967 est
2804 927 2924 981 qua:
2943 913 3046 968 vim
3080 912 3235 989 huius
3251 916 3487 983 continet
3516 916 3815 982 relationis,

2237 1012 2295 1056 ut
2322 1004 2365 1059 si
2393 1003 2514 1073 quis
2540 1004 2680 1059 dicat
2711 1018 2933 1073 magnus
2954 1020 3109 1063 mons
3139 1020 3354 1075 parvum
3381 1018 3637 1085 inpotem,
3685 1009 3817 1066 nihil
3913 1047 3937 1069 ρ

2236 1100 2497 1168 signiticet
2540 1099 2843 1155 deﬁnitum.
2882 1098 3141 1165 Quocirca
3191 1101 3435 1173 quamvis
3478 1104 3816 1169 accusativus

2235 1203 2394 1253 casus
2437 1191 2489 1243 in
2526 1189 2622 1255 hac
2668 1190 3035 1258 propositione
3075 1190 3166 1257 sit,
3207 1204 3311 1259 nqn
3360 1201 3540 1253 tamen
3581 1192 3663 1261 hic
3711 1194 3814 1267 viui

2236 1296 2395 1337 casus
2422 1292 2589 1347 tenet,
2612 1281 2712 1341 sed
2744 1282 3049 1360 praepositio
3080 1297 3096 1344 ς
3135 1290 3295 1350 atque
3318 1281 3419 1336 hoc
3448 1293 3529 1353 est
3557 1283 3695 1355 quod
3719 1286 3813 1353 ait,

2236 1374 2318 1428 vel
2340 1374 2747 1442 quomodolibel
2767 1373 2925 1437 aliter
2946 1374 3008 1425 ad
3033 1373 3197 1436 aliud,
3221 1382 3279 1427 ut
3300 1378 3551 1443 quoniam
3572 1377 3815 1449 sqperius

2236 1464 2531 1529 secundum
2571 1478 2727 1519 casus
2756 1463 3046 1523 relationes
3077 1462 3193 1518 ﬁeri
3221 1462 3447 1528 dixerat,
3468 1477 3618 1521 erant
3640 1474 3815 1539 autem

2235 1554 2479 1624 qnwdam
2524 1553 2814 1615 relationes
2860 1567 2980 1621 quae
3028 1552 3190 1608 nullis
3228 1552 3440 1607 casibus
3484 1559 3815 1623 tenerentur,

2234 1645 2431 1713 adjecit
2464 1644 2564 1699 hoc
2585 1685 2601 1709 ,
2632 1644 2713 1703 vel
2746 1642 3146 1712 quomodolibet
3175 1642 3330 1698 aliter
3366 1648 3433 1699 ad
3476 1630 3641 1715 aliud,
3670 1659 3733 1706 ac
3773 1647 3816 1719 si

2176 1740 2179 1743 ‘
2235 1737 2435 1805 diceret
2463 1754 2478 1791 :
2508 1737 2695 1797 Omnis
2718 1736 2907 1809 relatio
2938 1745 3030 1793 aut
3060 1736 3272 1793 casibus
3300 1738 3377 1798 tit,
3407 1737 3547 1807 quod
3586 1753 3679 1807 per
3718 1739 3816 1817 hqc

551 1824 772 1894 relativa
819 1849 921 1906 est,
964 1856 1085 1895 nam
1136 1841 1333 1909 positio
1365 1839 1552 1907 positae
1582 1840 1658 1894 rei
1709 1839 1902 1908 positio
1931 1846 2033 1902 est,
2077 1828 2166 1896 eli

2233 1828 2620 1885 demonstravit
2642 1827 2781 1896 quod
2810 1830 2904 1893 ait.
2940 1828 3345 1898 (tumcuuqueiti
3370 1829 3509 1897 quod
3542 1839 3667 1903 sunt
3691 1832 3814 1903 alio.

552 1932 723 1997 posita
751 1946 838 1987 res
870 1932 1133 2001 positione
1161 1933 1331 2003 posita
1370 1943 1474 1996 est,
1506 1939 1561 1986 et
1588 1931 1690 1984 hoc
1735 1929 1955 1997 intelligi
2001 1943 2129 1985 con-

550 2022 696 2075 venit
725 2022 1015 2077 secundum
1050 2024 1280 2091 priorem
1310 2022 1523 2078 habitus
1546 2031 1601 2077 et
1629 2019 1994 2090 dispositionis
2016 2033 2130 2075 mo-

549 2110 694 2165 dum.
730 2112 825 2166 llia
867 2127 1081 2183 quoque
1113 2130 1198 2168 res
1228 2114 1417 2182 probat
1446 2112 1765 2182 positionem
1794 2124 1915 2169 esse
1937 2110 2000 2164 ad
2033 2110 2133 2167 ali-

548 2201 697 2273 quid,
742 2203 885 2273 quod
916 2204 1031 2274 ejus
1070 2207 1280 2274 species
1326 2206 1564 2259 relativus
1609 2213 1770 2267 sunt;
1801 2202 1959 2256 statio
1986 2203 2129 2267 enim

548 2297 741 2352 stantis
778 2297 853 2352 rei
879 2298 1040 2351 statio
1068 2306 1169 2361 est,
1200 2307 1255 2352 et
1275 2298 1363 2368 qui
1405 2306 1511 2353 stat
1533 2296 1764 2353 statione
1804 2304 1949 2363 stat;
1984 2295 2130 2359 etde

548 2388 790 2445 sessione
826 2389 1043 2459 quidem
1105 2401 1160 2445 et
1205 2389 1272 2444 de
1320 2389 1565 2444 accubitu
1613 2386 1752 2447 idem
1792 2386 1896 2447 dici
1935 2393 2128 2455 potest.
2172 2458 2175 2463 ι

549 2480 805 2546 Quocirca
833 2490 886 2533 et
932 2477 1146 2534 habitus
1173 2489 1227 2535 et
1251 2479 1533 2549 dispositio
1562 2479 1647 2535 vel
1688 2476 1921 2543 atl‘ectip,
1949 2483 2003 2537 et
2038 2487 2132 2541 pq-

550 2571 674 2625 sitio
705 2571 923 2625 relativa
969 2581 1117 2635 sunt,
1160 2581 1214 2625 et
1261 2575 1373 2626 haec
1404 2572 1581 2629 omnia
1626 2571 1710 2627 vel
1751 2569 2017 2631 similibus
2046 2568 2131 2631 vel
2172 2642 2177 2645 ι

551 2662 894 2717 dissimilibus
935 2663 1378 2718 convenientibus
1419 2671 1594 2719 tamen
1631 2661 1995 2729 praedicationi
2041 2675 2131 2719 ca-

552 2752 699 2807 sibus
745 2760 1149 2823 convertuntur.
1207 2753 1401 2812 Eorum
1443 2764 1619 2810 autent
1665 2766 1784 2820 qua:
1837 2752 2131 2814 secundum

554 2859 709 2899 casus
754 2854 1157 2910 convertuntur,
1209 2845 1308 2901 alia
1356 2854 1478 2898 sunt
1515 2859 1633 2914 qua:
1676 2844 1865 2905 eodem
1915 2843 2132 2908 nomine

562 2937 939 3006 praedicantur,
966 2937 1066 2992 alia
1110 2951 1237 2993 vero
1259 2951 1378 3006 qua:
1413 2935 1611 3004 diapari
1639 2952 1655 2989 :
1688 2950 1806 2995 cum
1835 2933 1977 3001 enim
2011 2935 2131 2999 dico

555 3029 730 3086 simile
750 3028 909 3085 simili
932 3028 1118 3087 simile
1139 3038 1241 3088 est.
1267 3038 1322 3087 et
1340 3028 1542 3097 aequale
1570 3026 1759 3096 aequali
1790 3026 1995 3096 aequale
2023 3036 2130 3092 est,

554 3129 609 3176 et
644 3120 905 3176 dissimile
933 3120 1175 3177 dissimili
1207 3118 1469 3179 dissimile
1492 3126 1593 3183 est.
1622 3116 1823 3179 eisdem
1859 3115 2129 3187 vocabulis

2236 1938 2354 1976 rum
2387 1923 2658 1985 dicuntur,
2682 1929 2772 1975 aut
2801 1929 2995 1989 praeter
3018 1934 3176 1981 casus
3202 1929 3345 1983 sunt,
3380 1923 3520 1991 quod
3551 1920 3666 1976 hazc
3694 1938 3813 1995 sep.

2236 2015 2401 2068 tentia
2429 2013 2608 2076 docet.
2631 2011 2715 2067 vel
2741 2010 3139 2080 quomodolibet
3170 2011 3325 2071 aliter
3352 2011 3417 2065 ad
3446 2012 3611 2077 aliud,
3660 2024 3817 2085 atque

2238 2106 2349 2160 hare
2380 2106 2659 2167 hactenus.
2685 2104 2791 2165 Sed
2815 2119 2935 2167 cum
2969 2104 3159 2177 positio
3185 2104 3254 2171 sit
3283 2104 3348 2157 ad
3379 2104 3599 2173 aliquid,
3631 2114 3685 2181 et
3714 2104 3820 2173 sint

2234 2198 2443 2267 species
2486 2197 2610 2265 eius
2650 2196 2888 2257 relatives
2924 2196 3119 2265 (sessio
3162 2194 3305 2257 enim
3337 2206 3389 2248 et
3413 2194 3575 2259 statio
3602 2194 3823 2276 relativa

2234 2289 2401 2357 sunt),
2430 2288 2620 2345 sedere
2643 2297 2698 2345 et
2727 2295 2870 2349 stare
2903 2288 3042 2347 nulla
3078 2287 3266 2357 relatio
3290 2294 3390 2357 est.
3418 2286 3572 2341 Stare
3595 2302 3821 2367 namque

2234 2392 2286 2438 et
2316 2382 2507 2449 sedere
2552 2380 2620 2437 de
2652 2380 2884 2441 statione
2926 2391 2980 2443 et
3032 2380 3274 2449 sessione
3317 2379 3711 2451 denomiuatiye
3741 2379 3822 2451 dis

2235 2482 2447 2527 cuntur.
2503 2471 2693 2526 Omnis
2723 2480 2899 2527 autem
2941 2470 3302 2533 denominatio
3334 2483 3438 2543 non
3480 2476 3564 2543 est
3595 2467 3645 2521 id
3683 2470 3822 2547 quod

2237 2572 2325 2618 est
2353 2578 2414 2615 ea
2454 2576 2542 2617 res
2570 2561 2637 2615 de
2668 2575 2769 2630 qua
2801 2560 3129 2624 nominatur,
3174 2569 3232 2623 ut
3272 2560 3674 2639 grammaticus,
3718 2576 3823 2641 non

2236 2654 2377 2713 enim
2408 2653 2548 2713 idem
2579 2661 2660 2706 est
2710 2652 2852 2721 quod
2883 2652 3228 2719 grammatica
3257 2650 3324 2707 de
3371 2667 3473 2727 qua
3518 2652 3823 2737 nominatus

2237 2754 2340 2803 est.
2400 2745 2658 2812 Quocirca
2708 2744 2752 2805 si
2799 2743 2989 2809 sedere
3032 2745 3099 2798 de
3148 2747 3412 2811 sessione,
3467 2753 3521 2823 et
3574 2754 3715 2809 stare
3757 2744 3825 2809 de

2236 2838 2471 2897 statione
2523 2836 2984 2899 denominativum
3034 2846 3139 2902 est,
3196 2836 3371 2891 sessio
3408 2851 3536 2892 vero
3578 2848 3631 2891 et
3670 2838 3826 2909 statio

2237 2928 2458 2986 relativa
2476 2936 2623 2991 sunt,
2658 2928 2856 2982 sedere
2894 2938 2950 2987 et
2984 2937 3152 2993 stare,
3194 2942 3312 2997 quae
3341 2943 3370 2982 a
3400 2928 3634 3003 relativis
3666 2929 3827 2999 denq.

2238 3018 2490 3077 minativa
2530 3017 2675 3081 Sunt,
2727 3015 3069 3087 relativorum
3099 3030 3297 3086 genere
3328 3032 3432 3077 non
3459 3026 3727 3073 tenentur.
3762 3018 3828 3085 Et

2238 3108 2646 3171 universaliter,
2696 3106 2948 3176 quidquid
2995 3122 3057 3165 ex
3109 3107 3435 3179 quibuslibet
3476 3108 3827 3183 positionibus

557 3212 865 3282 eisdemque
893 3212 1198 3281 nominibus
1223 3221 1330 3269 tota
1361 3212 1412 3268 iit
1447 3208 1778 3279 praedicatio.
1802 3208 1932 3288 Cum
1954 3216 2133 3289 ante",
2156 3198 2206 3262 Β
2238 3198 2630 3264 denominalur,
2670 3198 2799 3261 illud
2830 3214 2933 3263 nim
2961 3202 3027 3253 ad
3066 3200 3310 3264 relativa,
3341 3200 3433 3271 sed
3472 3200 3537 3254 ad
3568 3200 3828 3271 praedica—

558 3304 675 3361 tlico
700 3306 916 3371 duplum.
950 3306 1106 3363 medii
1131 3303 1374 3373 duplum,
1404 3301 1486 3363 vel
1510 3299 1680 3371 majus
1702 3299 1910 3369 minore
1940 3297 2132 3371 majus,

556 3396 858 3463 disparibus
908 3395 1178 3461 vocabulis
1208 3392 1346 3449 facta
1371 3402 1455 3460 est
1500 3389 1827 3460 ρττειιῑρυιῑο-
1873 3389 2133 3475 Omnian!

557 3502 686 3549 vero
713 3486 1056 3551 relativolum
1088 3485 1458 3555 diiiinitionem
1490 3482 1558 3551 ita
1584 3478 1876 3553 proposuit,
1912 3489 1967 3553 ιιι
1993 3476 2140 3555 ilicei

556 3586 639 3641 ret
671 3593 683 3630 :
711 3574 777 3644 ad
825 3574 1024 3643 aliquid
1066 3589 1192 3639 vero
1226 3573 1348 3641 talia
1390 3572 1636 3645 dicuntur
1676 3582 2007 3647 quacunque
2038 3567 2139 3647 hoc

551 3666 731 3737 ipsum
751 3650 889 3736 quod
913 3674 1034 3735 sunt
1061 3661 1287 3733 aliorum
1314 3661 1587 3741 dicuntur,
1610 3659 1693 3733 vel
1712 3658 2133 3739 quomodolibet,

558 3755 710 3823 aliter
739 3753 801 3823 ad
824 3753 994 3827 aliud;
1024 3752 1149 3824 quid
1182 3748 1322 3811 esset
1354 3750 1453 3821 hoc
1482 3751 1655 3825 ipsutp
1687 3749 1826 3821 quod
1857 3757 1980 3832 sunt
2000 3749 2138 3829 alio:

546 3857 673 3917 rqm
704 3841 1106 3915 dicuntumjatu
1135 3841 1370 3919 diximus
1403 3854 1543 3919 nunc
1570 3839 1693 3921 quid
1717 3839 1785 3911 sit
1820 3856 1835 3904 ;
1869 3838 2008 3917 quod
2043 3840 2147 3904 ait,

544 3916 640 4011 ⁸γει
668 3932 1069 4013 quomodolibet
1115 3933 1273 3988 aliter
1307 3916 1372 3985 ad
1415 3930 1579 4015 aliud,
1624 3916 2003 4015 requirendum
2035 3939 2136 4015 et.

554 4026 704 4102 Quod
725 4027 837 4095 ipse
858 4027 1176 4109 Aristotcles
1206 4026 1648 4105 convenientibus
1670 4025 1719 4107 in
1744 4025 1932 4097 ordine
1957 4025 2141 4112 probat

556 4117 848 4187 exetttplis;
883 4117 957 4171 ait
982 4118 1145 4187 enim.

626 4230 707 4287 Ad
736 4230 931 4298 aliquid
957 4244 1078 4300 ergo
1100 4240 1543 4300 suntquagcuuqtte
1559 4232 1611 4284 id
1635 4230 1770 4299 quod
1786 4240 1902 4284 sunt
1922 4230 2142 4295 aliorum

554 4337 665 4389 esse
708 4321 971 4389 dicantur,
1016 4321 1093 4375 vel
1142 4321 1519 4390 quomodolibet
1577 4320 1725 4377 aliter
1771 4320 1838 4391 ad
1873 4320 2039 4389 aliud,
2088 4330 2144 4407 iit

554 4429 701 4484 gigas
730 4429 944 4484 magna:
972 4412 1165 4483 dicitur
1187 4413 1253 4465 ad
1281 4411 1468 4483 aliain.
1509 4411 1759 4481 Magnum
1786 4413 1919 4477 enim
1952 4414 2017 4489 qd
2040 4413 2143 4491 ali-

544 4504 679 4585 .gm‘d
711 4504 922 4583 dicitnr,
974 4513 1019 4568 (ε
1054 4504 1221 4585 sintile
1252 4503 1408 4557 alicui
1448 4503 1612 4559 simile
1643 4504 1848 4585 ldicitur,
1896 4514 1939 4577 et
1973 4506 2143 4558 omnia

712 4574 952 4671 similiter
979 4580 1062 4657 ad.
1082 4576 1275 4676 aliquid
1314 4594 1575 4671 dicuntur.
1609 4574 1743 4677 Sunt
1788 4574 1955 4661 autent
1986 4608 2031 4665 et
2058 4614 2144 4677 ac-
2168 4574 2224 4637 Ῑ)

534 4686 749 4763 ⁴ιςιιρὶιιιι
787 4697 834 4741 ει
855 4688 1006 4767 statio
1054 4697 1101 4767 et
1127 4690 1301 4763 sessio,
1327 4688 1604 4761 positiones
1653 4690 1888 4767 quaedam
1914 4707 1931 4753 ;
1962 4691 2142 4769 positio

537 4794 669 4855 ,ξρετε
690 4779 757 4845 ad
786 4780 980 4855 aliquid
1005 4779 1212 4861 dicitur.
1230 4780 1536 4855 Accumbere
1559 4788 1751 4846 autent,
1784 4779 1860 4833 vel
1885 4790 2039 4861 stare,
2066 4780 2143 4857 uel

2242 3290 2440 3355 tionem
2471 3306 2589 3360 quin
2618 3291 2752 3363 situs
2779 3290 2978 3355 dicitur
3005 3292 3187 3347 reduci
3218 3300 3411 3367 potest.

2316 3400 2457 3455 Inest
2503 3410 2673 3454 autent
2709 3410 2757 3455 et
2794 3384 3128 3456 contrarietas
3173 3403 3226 3455 in
3267 3402 3534 3467 relatione,
3579 3410 3634 3456 ut
3670 3402 3828 3458 virtus

2238 3493 2360 3547 vitio
2401 3493 2659 3545 contraria
2706 3502 2801 3560 est,
2854 3509 2970 3546 cum
3015 3494 3079 3546 sit
3128 3502 3398 3561 utrumque
3426 3494 3493 3549 ad
3533 3494 3751 3562 aliquid,
3782 3502 3830 3557 et

2241 3586 2454 3639 scientia
2498 3585 2798 3639 inscientia).
2851 3585 2972 3640 Non
3001 3596 3165 3640 autem
3193 3586 3423 3643 omnibus
3452 3586 3675 3641 relatittis
3702 3587 3832 3653 inest

2241 3676 2593 3742 contrarietas,
2636 3677 2829 3747 duplici
2868 3679 3004 3732 enim
3044 3678 3171 3733 nihil
3202 3688 3275 3734 est
3306 3662 3637 3744 contrarium,
3670 3694 3831 3750 neqtte

2243 3769 2450 3843 triplici,
2483 3784 2571 3822 nec
2602 3769 2779 3823 talium
2802 3769 2918 3839 ulli.

2312 3870 2774 3953 Quemadmodum
2830 3886 2887 3937 in
2944 3882 3242 3937 substantia
3299 3884 3384 3938 vel
3435 3884 3731 3953 quantitate
3783 3883 3832 3938 si

2244 3989 2429 4051 eorum
2464 3985 2607 4030 esset
2663 3977 2939 4045 proprium
2990 3978 3258 4032 contraria
3305 3979 3579 4047 suscipere
3610 3979 3834 4034 rimatus

2244 4076 2346 4131 est,
2405 4069 2475 4121 ita
2515 4083 2727 4137 quoque
2777 4084 2919 4123 nunc
2948 4069 2998 4124 in
3046 4070 3284 4125 relativis
3330 4071 3400 4126 de
3449 4071 3832 4126 contrarietate

2244 4148 2573 4223 considerat,
2614 4170 2791 4215 utrum
2823 4161 3168 4215 relativorum
3199 4162 3269 4216 sit
3298 4162 3570 4230 proprium
3617 4169 3831 4215 contra~

2246 4251 2321 4303 ria
2356 4265 2513 4319 posse
2548 4251 2842 4320 suscipere,
2871 4262 2925 4305 et
2954 4253 3204 4322 quoniam
3237 4254 3403 4307 virtus
3438 4261 3492 4305 et
3517 4250 3644 4305 vilia
3683 4260 3830 4310 umi-

2245 4356 2350 4410 que
2379 4352 2501 4396 sunt
2550 4343 2785 4407 habitus,
2830 4345 3001 4398 virtus
3030 4345 3171 4398 enim
3201 4354 3283 4399 est
3313 4344 3508 4399 mentis
3535 4341 3749 4397 aﬂ‘eclio
3775 4343 3830 4401 in

2246 4434 2439 4488 bonam
2473 4445 2677 4504 partem
2702 4481 2717 4501 ,
2747 4447 2795 4490 cl
2829 4437 3047 4492 dil'licile
3092 4437 3509 4503 commutabilis,
3538 4436 3725 4491 vitium
3753 4435 3831 4493 al-

2249 4526 2414 4583 l'ectio
2444 4528 2497 4581 in
2525 4528 2724 4583 malam
2742 4538 2970 4596 partem,
2999 4530 3108 4598 ipsa
3138 4545 3351 4599 quoque
3372 4528 3593 4587 difﬁcile
3619 4527 3832 4583 mobilis

2249 4629 2304 4674 et
2332 4620 2682 4677 diuturnitate
2711 4622 3049 4689 perdurans;
3080 4623 3332 4704 quoniam
3370 4623 3528 4693 igitur
3556 4630 3612 4681 et
3647 4622 3833 4687 vitium

2253 4719 2307 4767 el
2334 4712 2507 4767 virtus
2539 4711 2754 4768 habitus
2779 4722 2927 4777 sunt,
2970 4715 3143 4769 omnis
3166 4722 3342 4768 autem
3376 4714 3587 4768 habitus
3628 4712 3694 4767 ad
3733 4710 3833 4766 aii-

2251 4803 2379 4873 quid
2427 4818 2551 4862 esse
2596 4814 2927 4863 monStratus
2956 4815 3039 4860 est
3083 4804 3299 4873 (habilis
3331 4806 3474 4865 enim
3517 4805 3594 4875 rei
3624 4803 3833 4868 habitus

555 4870 755 4941 sedere,
792 4871 907 4945 ipsa
934 4872 1140 4942 quidem
1180 4890 1280 4929 non
1311 4884 1426 4927 sunt
1458 4875 1753 4943 positiones,
1781 4878 2147 4957 denontinative

2252 4870 2358 4960 est)
2391 4906 2548 4957 erunt
2580 4895 2749 4951 virtus
2780 4906 2940 4962 atque
2967 4870 3147 4957 vitium
3182 4894 3422 4960 relativa,
3448 4872 3542 4951 sed
3572 4895 3685 4952 hzrc
3704 4910 3833 4949 con-

555 4975 672 5037 pero
692 4960 930 5039 dicantur
951 4961 1012 5025 ab
1040 4961 1101 5014 iis
1130 4978 1242 5029 qua:
1264 4963 1415 5019 dicta:
1441 4974 1556 5039 sitat
1589 4966 1944 5043 positionibus.

625 5070 887 5140 Quoniam
934 5072 1213 5127 accubitus
1258 5083 1313 5129 et
1356 5075 1516 5129 statio
1545 5084 1600 5129 et
1640 5076 1809 5131 sessio
1850 5076 2143 5145 positiones

555 5163 823 5227 dicantur,
872 5158 929 5219 et
968 5166 1221 5235 quoniam
1251 5168 1427 5229 omnis
1466 5168 1660 5236 positio
1709 5169 1773 5225 ad
1804 5170 2005 5239 aliquid
2036 5182 2139 5237 νει,

555 5253 888 5313 suilicienter
917 5256 1162 5321 superius
1209 5256 1655 5325 comprehensum
1688 5267 1793 5323 est.
1835 5258 1988 5315 Nunc
2017 5277 2143 5317 vero

554 5344 681 5413 quid
720 5346 790 5403 sit
815 5346 956 5419 quod
998 5347 1092 5413 ait,
1134 5346 1218 5403 vel
1251 5347 1655 5419 quomodolibet
1683 5336 1837 5413 aliter
1867 5350 1935 5407 ad
1974 5352 2141 5419 aliud,

557 5433 928 5502 expediemus.
972 5438 1025 5491 in
1072 5438 1330 5499 relatione
1370 5453 1463 5507 per
1529 5454 1687 5509 quam
1728 5438 1955 5497 dicimus
2003 5443 2141 5511 ﬁlius

540 5525 727 5591 patris
759 5525 924 5593 ﬁlius,
958 5526 1101 5587 nulla
1139 5528 1445 5598 coniunctio
1476 5530 1631 5595 mista
1662 5541 1766 5600 est,
1797 5533 1898 5591 nisi
1938 5542 2139 5597 lautum

562 5616 675 5683 soli!
704 5633 923 5685 casuum
956 5620 1037 5675 vis
1054 5620 1445 5689 praedicationis
1469 5623 1627 5693 hujus
1654 5627 1896 5695 membra
1919 5629 2143 5698 conjun-

564 5708 662 5778 git.
689 5706 820 5777 Cnpt
851 5720 1029 5777 autem
1061 5712 1181 5768 dico
1211 5724 1446 5777 montem
1479 5732 1753 5787 ntagnmu,
1783 5719 1849 5783 ad
1875 5720 2036 5781 alium
2067 5738 2143 5787 re-

518 5840 523 5841 κ
569 5799 750 5869 [gratis
767 5812 1014 5867 parvoli).
1046 5803 1115 5863 ita
1144 5818 1404 5872 progatio.
1438 5821 1595 5871 mons
1619 5823 1840 5876 magnus
1877 5811 1943 5864 ad
1986 5827 2138 5869 tuon-

2254 4984 2418 5041 traria
2466 4994 2610 5047 sunt,
2666 4986 3088 5054 igitunrelativa
3131 4988 3399 5042 contraria
3430 4988 3703 5061 suscipere
3730 5000 3834 5039 non

2243 5084 2520 5135 recusant.
2553 5074 2657 5130 Sed
2689 5077 2733 5130 si
2759 5078 2906 5131 dicat
2927 5062 3044 5145 quis
3071 5094 3085 5132 :
3120 5078 3244 5147 quid
3277 5093 3451 5133 causa?
3480 5087 3555 5132 est
3588 5085 3645 5129 ιιι
3674 5076 3834 5130 virtu-

2250 5177 2363 5223 tem
2396 5178 2557 5236 atque
2586 5167 2770 5223 vitium
2801 5169 3077 5239 ipsumque
3105 5169 3344 5231 habitum
3368 5167 3525 5236 paulo
3548 5175 3668 5239 post
3699 5168 3832 5221 inter

2243 5258 2531 5327 qualitates
2563 5261 2852 5319 numeret?
2883 5260 3044 5330 Atqui
3074 5271 3128 5328 nt
3163 5259 3268 5329 alia
3304 5258 3694 5333 signiﬁcatione
3735 5275 3837 5313 una

2251 5366 2341 5407 res
2390 5350 2620 5429 diversis
2666 5352 2951 5420 generibus
2995 5362 3348 5424 euppppatur,
3396 5350 3525 5421 nihil
3565 5352 3836 5427 prohibet.

2251 5440 2505 5503 Socrates
2533 5457 2762 5512 namque
2794 5444 2842 5501 in
2872 5458 2939 5497 eo
2958 5443 3099 5512 quod
3130 5452 3211 5498 est
3247 5442 3498 5499 Socrates
3542 5440 3835 5517 substantia

2242 5545 2348 5602 est,
2372 5537 2425 5593 in
2452 5551 2521 5601 eo
2546 5536 2687 5606 quod
2717 5548 2867 5606 pater
2894 5536 2974 5603 vel
3008 5536 3145 5591 ﬁlius
3168 5535 3236 5591 ad
3264 5535 3496 5607 aliquid;
3524 5536 3593 5589 ita
3610 5536 3677 5615 ad
3695 5533 3835 5615 aliud

2257 5639 2419 5699 atque
2449 5628 2515 5683 ad
2539 5628 2682 5687 aliud
2727 5632 2883 5697 tincta
2916 5628 3293 5698 praedicatione
3318 5626 3561 5697 eamdem
3600 5641 3714 5699 rem
3738 5624 3834 5695 sub

2251 5720 2469 5785 diverso
2496 5735 2695 5787 genere
2736 5719 2864 5785 nihil
2914 5720 3034 5791 poni
3069 5720 3334 5797 ppohibet.
3377 5721 3596 5787 Habitus
3627 5730 3833 5788 quoque
3890 5712 3897 5715 ⁴

2220 5826 2307 5897 ,οι
2332 5816 2502 5871 virtus
2531 5822 2587 5871 et
2620 5814 2805 5877 vitium
2837 5813 3028 5877 eodem
3073 5814 3234 5891 modo
3256 5823 3360 5873 est.
3396 5813 3569 5877 Potest
3618 5809 3758 5893 enim
3784 5808 3833 5866 in
