4280 6268
556 328 660 428 εεε

1782 361 1890 416 ΑΝ.
1935 362 2140 418 MAN!“
2184 362 2335 420 SEV.
2375 364 2593 421 ΒΟΕΤΙΙ

3720 366 3822 422 τῖ’Ξῦ

561 496 643 541 tur
671 482 962 541 secundum
990 477 1234 535 eamdem
1260 476 1405 532 vocis
1449 475 1817 545 prolationem.
1851 479 1965 532 Alia
1991 477 2132 533 enim
2163 480 2215 542 Α
2242 480 2669 549 ρτεειιὶεπιόηειιι
2709 480 2893 547 faciat,
2941 481 3221 537 conversio
3251 495 3355 538 non
3397 480 3664 552 procedit;
3706 495 3822 551 quae

560 586 682 633 sunt
708 588 827 644 quae
851 570 1049 627 eisdem
1073 568 1283 623 casibus
1307 575 1707 631 convertuntur,
1729 577 1787 623 ut
1806 567 2006 623 dictum
2035 577 2136 635 est,

560 677 709 739 pater
756 664 899 720 enim
928 661 1019 717 ﬁlii
1064 668 1214 732 pater
1251 669 1333 716 est
1354 700 1368 724 ,
1399 667 1455 715 et
1489 659 1628 715 ﬁlius
1667 661 1833 730 patris
1867 660 2007 716 ﬁlius
2035 671 2137 716 εει.

559 760 670 816 A‘ia
704 771 831 813 vero
862 770 985 827 qute
1032 769 1137 809 non
1182 752 1384 810 eisdem
1411 793 1427 820 ,
1469 764 1527 808 ut
1565 753 1783 809 scientia
1831 753 2027 810 scibilis
2062 755 2139 811 rei

546 849 779 935 ‘scicntia
813 857 929 904 est:
948 846 1033 902 hic
1060 846 1328 918 genitivus
1357 854 1442 902 est
1469 844 1696 901 medius.
1733 845 1931 903 Scibile
1962 854 2137 901 autem

557 943 774 997 scicntia
800 940 985 997 scibile
1014 948 1096 998 est
1112 957 1126 997 :
1142 940 1227 996 hic
1246 940 1505 1011 septimus
1517 938 1949 1010 praedicationem
1973 948 2135 996 tenet.

558 1037 674 1091 Alia
706 1052 835 1093 vero
865 1036 1012 1092 nullo
1040 1036 1120 1108 (ut
1144 1049 1303 1107 supra
1328 1034 1528 1091 dictum
1553 1035 1675 1105 est)
1704 1049 1831 1091 casu
1857 1036 2140 1103 conjuncta

558 1129 774 1186 sibimet
808 1137 1221 1196 convertuntur,
1261 1136 1320 1183 ut
1357 1142 1510 1183 muns
1551 1141 1773 1197 magnus
1816 1127 1879 1182 ad
1921 1142 2140 1197 parvum

559 1220 773 1286 dicitur,
793 1232 845 1276 et
869 1236 1061 1292 parvus
1080 1220 1144 1276 ad
1168 1235 1436 1292 magnum.
1464 1219 1602 1289 Ergo
1623 1220 1801 1273 omnia
1830 1218 2052 1274 rclativa
2074 1218 2141 1273 ad

560 1316 921 1372 convertentia
950 1314 1201 1369 dicuntur
1220 1353 1235 1379 ,
1282 1310 1525 1382 quamvis
1564 1325 1672 1366 non
1702 1311 1903 1366 eisdem
1932 1309 2143 1366 casibus

472 1403 480 1411 ’
561 1417 957 1473 convertantur,
982 1406 1121 1477 quod
1162 1404 1273 1475 ipse
1300 1404 1375 1459 ait
1398 1403 1615 1458 dicens:
1650 1401 1754 1458 Sed
1790 1417 1915 1457 casu
1941 1402 2145 1472 aliquo-

563 1504 660 1560 ties
674 1502 923 1557 dill‘erunt
943 1498 1234 1556 secundum
1258 1497 1599 1553 locutionem.
1625 1495 1775 1563 Quod
1800 1510 1925 1552 vero
1943 1493 2145 1550 addidit

563 1599 720 1653 nimis
751 1596 1033 1667 diligenter
1064 1592 1329 1663 adjectum
1357 1601 1457 1647 est.

632 1702 692 1753 At
721 1714 833 1754 vero
862 1698 1127 1769 aliquoties
1153 1710 1252 1773 non
1283 1692 1529 1749 uidebitur
1563 1692 1813 1759 conuerti,
1845 1691 1939 1745 nisi
1968 1707 2146 1771 conve-

559 1799 752 1853 nienter
775 1797 842 1847 ad
867 1795 1002 1861 quod
1031 1788 1219 1846 dicitur
1239 1792 1544 1862 assignetur.
1580 1787 1641 1843 Si
1675 1794 1839 1858 peccet
1870 1787 1913 1839 is
1943 1787 2027 1855 qui
2056 1803 2142 1839 as-

2250 582 2423 630 tatnen
2448 585 2530 629 est
2559 577 2670 643 Ipsa
2696 573 3067 629 convenientia
3092 589 3191 644 qua
3220 578 3424 643 possint
3451 588 3662 644 semper
3683 574 3823 628 rela-

2245 666 2348 720 tiva
2376 666 2656 734 converti,
2692 665 2995 738 hujusmodi
3036 676 3137 724 est.
3177 665 3311 723 Cum
3349 667 3491 723 enim
3532 668 3652 723 dico
3690 665 3826 720 alam

2242 760 2359 814 avis
2388 773 2510 815 esse
2535 759 2693 827 alam,
2728 775 2833 816 non
2864 762 3212 827 convertitur,
3242 769 3301 816 ut
3326 763 3439 816 avis
3467 761 3565 816 alae
3593 762 3664 815 sit
3691 758 3827 831 avis,

2242 853 2442 909 idcirco
2472 853 2614 927 quod
2655 868 2762 910 non
2792 861 2874 910 est
2904 856 3283 911 convenienter
3314 856 3447 911 facta
3486 853 3824 925 praedicatio:

2244 962 2349 1002 non
2372 948 2511 1003 enim
2542 946 2595 1003 in
2621 963 2688 1003 eo
2709 948 2849 1018 quod
2872 948 2986 1004 avis
3005 957 3105 1015 est,
3134 950 3185 1004 in
3211 964 3277 1006 eo
3298 946 3455 1005 habet
3476 949 3639 1009 alam:
3663 950 3827 1006 multa

2242 1037 2383 1092 enim
2415 1047 2535 1092 sunt
2567 1054 2685 1109 quae
2713 1037 2907 1094 habent
2935 1039 3096 1105 alam,
3126 1054 3257 1095 aves
3287 1048 3460 1095 tamen
3492 1039 3638 1095 nullo
3666 1039 3828 1095 modo
3888 1110 3893 1115 '

2243 1128 2614 1195 nominantur,
2643 1138 2699 1184 ut
2725 1142 2854 1201 apes
2890 1140 3012 1185 sunt
3041 1136 3096 1185 et
3131 1130 3559 1201 vespertiliones,
3592 1138 3645 1185 et
3672 1130 3827 1200 quid-

2242 1220 2367 1292 quid
2393 1229 2477 1276 est
2504 1219 2647 1275 aliud
2679 1220 2812 1285 tale,
2847 1220 3045 1275 habere
3074 1220 3287 1291 quidem
3318 1219 3543 1276 dicimus
3572 1219 3708 1287 alas,
3733 1235 3827 1275 eas

2245 1322 2422 1369 tamen
2444 1327 2572 1367 aves
2601 1327 2708 1367 non
2750 1311 2995 1367 dicimus.
3032 1313 3207 1379 Quare
3236 1326 3341 1367 non
3371 1313 3422 1368 in
3453 1328 3518 1367 eo
3547 1313 3687 1383 quod
3713 1313 3827 1368 avis

2243 1412 2358 1470 est,
2388 1404 2441 1459 in
2467 1418 2535 1460 eo
2561 1413 2640 1458 est
2667 1404 2785 1473 ejus
2813 1404 2894 1458 ala
2918 1444 2933 1470 ,
2965 1404 3057 1458 sed
3085 1405 3137 1459 in
3169 1419 3235 1459 eo
3262 1404 3401 1473 quod
3428 1405 3568 1458 alata
3602 1414 3716 1470 est;
3748 1405 3826 1459 id-

2244 1497 2389 1551 circo
2411 1495 2551 1551 enim
2575 1495 2710 1550 alam
2736 1495 2915 1562 habet,
2940 1496 3188 1565 quoniam
3217 1497 3353 1550 alata
3373 1504 3485 1550 est:
3503 1504 3556 1549 et
3574 1496 3828 1566 quidquid

2245 1587 2405 1644 fuerit
2431 1588 2630 1643 alatum
2654 1630 2668 1654 ,
2700 1588 2811 1641 alas
2840 1586 3074 1643 habebit.
3106 1587 3281 1654 Quare
3311 1587 3382 1641 ita
3411 1586 3546 1642 facta
3574 1587 3829 1657 pra-,dica-

2247 1680 2319 1734 tio
2359 1679 2500 1735 illam
2545 1679 2945 1734 conversionem
2994 1678 3189 1734 retinet
3236 1689 3394 1750 atque
3434 1678 3705 1746 custodit,
3746 1679 3828 1735 ala

2247 1773 2387 1828 enim
2417 1772 2542 1827 alati
2583 1770 2667 1825 ala
2702 1778 2785 1825 cst
2805 1813 2819 1837 ,
2852 1779 2904 1824 et
2935 1770 3130 1824 alalum
3156 1771 3239 1825 ala
3267 1771 3462 1825 alatum
3492 1780 3593 1825 est.
3628 1770 3829 1826 Eodem

559 1892 747 1963 signat,
771 1898 823 1942 ut
843 1888 926 1942 ala
946 1888 991 1940 si
1005 1886 1288 1956 assignetur
1310 1852 1433 1949 auis,
1458 1896 1557 1935 non
1578 1852 1881 1934 conuertitur
1901 1852 2007 1932 avis
2021 1878 2139 1945 alte,
2174 1868 2221 1930 Β
2246 1881 2458 1938 quoque
2486 1864 2645 1921 modo
2677 1864 2745 1920 de
2770 1864 2976 1935 capite:
3010 1864 3054 1918 Si
3085 1865 3203 1935 quis
3227 1852 3371 1922 dicat
3397 1872 3557 1933 caput
3587 1864 3829 1919 animalis

559 2000 718 2054 neque
741 1983 871 2036 en'm
904 1981 1046 2051 prius
1076 1977 1423 2033 convenienter
1448 1974 1758 2043 assignatum
1788 1980 1883 2035 est,
1908 1972 1993 2024 ala
2014 1970 2144 2035 avis;

544 2090 721 2147 itaque
751 2074 884 2127 enim
916 2074 967 2125 in
992 2072 1063 2125 ‘eo
1094 2068 1231 2136 quod
1251 2069 1355 2121 avis
1381 2075 1453 2119 est
1471 2065 1575 2130 ,in
1608 2080 1668 2118 eo
1691 2062 1797 2117 avis
1825 2063 1910 2115 ala
1937 2061 2144 2123 dicitur,

560 2165 648 2221 sed
676 2166 729 2217 in
756 2178 813 2217 eo
838 2161 975 2231 quod
997 2160 1133 2213 alata
1159 2167 1250 2213 est.
1296 2156 1580 2210 Multorum
1623 2154 1754 2208 enim
1794 2152 2013 2206 aliorum
2049 2153 2146 2206 ala

558 2267 695 2322 sunt,
721 2271 833 2325 qua:
861 2269 959 2308 non
989 2260 1104 2306 sunt
1122 2265 1272 2304 aves:
1297 2263 1458 2318 quare
1484 2246 1527 2300 si
1548 2247 1834 2317 assignetur
1852 2245 2145 2299 conuenien—

560 2362 656 2414 ter,
689 2348 1017 2411 convertitur,
1045 2353 1100 2397 ut
1128 2345 1211 2397 a!a
1242 2342 1370 2395 alati
1396 2341 1502 2406 ala,
1531 2350 1577 2393 et
1604 2338 1796 2392 clatum
1820 2337 1905 2391 ala
1930 2337 2141 2392 alatum.

558 2441 834 2510 Aliquoties
855 2446 1024 2492 autem
1051 2436 1265 2506 forsitan
1294 2442 1340 2507 et
1367 2431 1575 2486 nomina
1597 2430 1787 2499 ﬁngere
1809 2444 2007 2483 necesse
2029 2430 2141 2496 erit,

557 2534 599 2594 si
640 2548 738 2609 non
774 2530 927 2603 fuerit
964 2529 1181 2599 positum
1218 2542 1423 2588 nomen,
1448 2534 1493 2578 et
1529 2524 1603 2605 ad.
1629 2523 1763 2592 quod
1798 2523 2146 2575 convenienter

557 2628 869 2699 assignetur,
893 2631 947 2677 ut
969 2634 1167 2685 remus,
1201 2619 1243 2672 si
1275 2617 1417 2670 nauis
1447 2616 1750 2684 assignetur,
1784 2628 1881 2665 non
1908 2614 2001 2666 erit
2026 2628 2146 2665 con-

557 2720 758 2780 veniens
788 2714 1082 2787 assignatio.
1116 2710 1296 2781 Neque
1321 2707 1451 2763 enim
1480 2708 1533 2760 in
1561 2722 1620 2760 eo
1646 2704 1782 2774 quod
1813 2713 1885 2757 est
1904 2705 2065 2769 naris,
2091 2704 2144 2757 in

557 2830 613 2871 eo
654 2814 765 2884 ejus
805 2823 971 2863 remus
1012 2806 1228 2869 dicitur,
1281 2811 1398 2857 sunt
1440 2800 1573 2853 enim
1605 2812 1753 2850 naues
1774 2812 1987 2866 quorum
2018 2796 2144 2849 remi

556 2922 655 2965 non
676 2914 793 2960 sunt
816 2921 833 2958 :
859 2918 1016 2973 quare
1037 2915 1137 2955 non
1167 2897 1492 2961 conuertitur,
1513 2893 1653 2947 nauis
1676 2891 1809 2945 enim
1836 2904 1936 2942 non
1960 2888 2144 2943 dicitur

556 3004 678 3061 remi
705 3004 864 3057 nauis.
882 3000 985 3055 Sed
1012 3002 1141 3069 forte
1163 2990 1532 3049 convenientior
1550 2988 1836 3059 assignatio
1860 2986 1974 3051 erit,
2003 2985 2047 3038 si
2072 2984 2145 3038 sic

557 3094 933 3164 quodammodo
960 3092 1270 3159 assignefur,
1305 3099 1468 3139 remus
1495 3081 1688 3135 remitte
1730 3080 1800 3133 rei
1828 3096 1867 3131 ν.
1883 3095 2023 3135 mus.
2055 3086 2142 3131 aut

556 3186 728 3255 aliqua
752 3183 901 3237 modo
932 3180 1079 3233 aliter
1104 3194 1120 3233 :
1150 3193 1328 3230 nomen
1352 3173 1486 3228 enim
1518 3188 1617 3225 non
1649 3178 1722 3223 est
1756 3169 2000 3235 positum;
2021 3184 2141 3222 con-

560 3280 766 3335 uertitur
795 3287 960 3329 autem
991 3273 1034 3325 si
1063 3270 1412 3325 convenienter
1433 3265 1733 3333 assignetur,
1756 3262 1985 3314 remitum
2006 3262 2139 3314 enim
2168 3240 2215 3307 C

560 3385 695 3424 remo
721 3368 953 3421 remitum
985 3373 1074 3419 est.
1110 3361 1356 3416 Similiter
1389 3368 1554 3412 autem
1577 3365 1620 3411 et
1647 3359 1699 3410 in
1726 3356 1870 3422 aliis,
1904 3364 1957 3408 ut
1984 3367 2139 3423 caput

559 3462 930 3519 conuenientius
960 3458 1248 3527 assignatur
1275 3453 1513 3521 capitati,
1544 3467 1697 3521 quam
1726 3451 1769 3504 si
1796 3450 2030 3503 animalis
2059 3466 2141 3502 as-

558 3558 802 3626 signetur;
826 3567 982 3620 ueque
1002 3551 1133 3604 enim
1156 3548 1206 3601 in
1232 3562 1289 3601 eo
1310 3546 1443 3615 quod
1466 3544 1659 3596 anintal
1678 3553 1772 3610 est,
1798 3554 1949 3611 caput
1970 3541 2137 3608 habet,

556 3650 717 3705 multa
744 3648 875 3702 enim
901 3654 1018 3700 sunt
1046 3642 1291 3697 animalia
1325 3654 1436 3710 qua!
1466 3639 1634 3708 capita
1662 3654 1763 3691 non
1792 3637 1994 3691 habent.

627 3762 794 3831 Supra
836 3762 945 3831 jam
982 3759 1049 3813 de
1086 3755 1429 3811 relativorum
1462 3750 1812 3805 conversione
1842 3747 2137 3817 praposnit,

557 3834 793 3925 dixitque
821 3850 1075 3923 quidquid
1106 3858 1188 3905 est
1220 3847 1284 3902 ad
1322 3843 1520 3916 aliquid
1543 3884 1556 3908 ,
1586 3842 1666 3898 vel
1697 3841 1900 3897 eisdem
1928 3838 2138 3893 casibus

560 3946 639 4001 vel
662 3944 1029 4010 dissimilibus,
1055 3952 1227 3996 tamen
1255 3938 1317 3993 ad
1345 3935 1706 3993 convertentia
1730 3934 1833 3989 dici
1856 3952 1868 3988 :
1888 3933 1987 3986 hoc
2015 3945 2141 3987 vero

558 4039 754 4096 idcirco
798 4037 973 4092 evenit
1020 4032 1161 4105 quod
1206 4046 1365 4089 omne
1394 4027 1458 4083 ad
1489 4026 1690 4097 aliquid
1732 4039 1852 4079 esse
1890 4038 2043 4077 suum
2075 4038 2140 4076 ex

556 4129 777 4187 alterius
807 4126 1114 4183 habitudine
1149 4134 1201 4179 et
1246 4119 1642 4190 comparatione
1690 4116 1889 4179 trahit;
1926 4113 2064 4183 quod
2096 4112 2140 4167 si

477 4260 481 4263 -
560 4233 783 4294 utraque
806 4220 1097 4277 secundum
1122 4217 1186 4271 ad
1212 4215 1409 4284 aliquid
1433 4213 1539 4267 sint
1562 4211 1827 4280 opposita,
1853 4208 1916 4262 ad
1942 4207 2139 4277 aliquid

557 4321 950 4385 nuncupantur,
968 4324 1172 4378 aequam
1192 4302 1299 4362 vim
1320 4304 1558 4359 vocabuli
1585 4302 2140 4371 auncupationemque

558 4407 765 4463 sortita.
800 4403 931 4459 Nam
954 4401 996 4455 si
1025 4408 1173 4469 pater
1194 4407 1247 4451 et
1271 4395 1410 4449 ﬁlius
1438 4394 1647 4463 utrique
1677 4394 1741 4444 ad
1768 4388 1967 4459 aliquid
1994 4398 2138 4454 sunt,

555 4501 601 4557 si
634 4508 782 4568 pater
803 4496 869 4552 ad
896 4495 1058 4550 ﬁlium
1084 4490 1420 4562 prmdicatnr,
1445 4485 1696 4557 quoniam
1719 4482 1782 4537 ad
1806 4481 2005 4551 aliquid
2034 4490 2137 4546 est,

558 4593 699 4649 ﬁlius
730 4603 960 4661 quoque,
994 4586 1114 4657 quia
1144 4582 1210 4637 ad
1245 4579 1440 4651 aliquid
1475 4586 1588 4643 est,
1622 4576 1687 4631 ad
1705 4574 1969 4643 quoddam
2002 4572 2140 4627 aliud

557 4681 958 4757 praedicabitur,
992 4677 1087 4733 sed
1123 4676 1320 4731 nullius
1351 4681 1435 4727 est
1465 4671 1606 4725 ﬁlius
1634 4669 1734 4723 nisi
1764 4668 1949 4738 patris.
2002 4666 2140 4734 Ergo

557 4778 671 4830 haec
698 4772 955 4828 vocabula
994 4785 1057 4824 ex
1098 4768 1353 4822 alterntta
1396 4760 1787 4831 nuncupatione
1823 4757 2138 4828 principium

560 4872 799 4922 sumunt.
836 4862 1094 4931 Quocirca
1124 4873 1243 4928 quae
1282 4855 1379 4910 sibi
1410 4853 1635 4908 invicem
1665 4848 2015 4905 substantiam
2047 4848 2138 4901 ilo-

558 4966 705 5021 nant,
729 4962 873 5010 recte
899 4952 965 5007 ad
992 4967 1049 5006 se
1073 4950 1297 5020 invicem
1325 4947 1699 5015 praedicantur,
1722 4953 1775 4997 ct
1801 4942 1903 4996 hoc
1923 4941 2136 5011 quidem

555 5053 609 5109 itt
640 5050 888 5106 omnibus
917 5044 1153 5101 relativis
1188 5048 1396 5097 constat
1421 5038 1665 5107 intelligi.
1700 5036 1805 5091 Sed
1838 5034 2137 5101 huiusmodi

554 5143 835 5201 conversio
887 5154 992 5195 non
1048 5150 1153 5192 uno
1183 5133 1342 5189 modo
1371 5176 1384 5198 ,
1437 5145 1536 5187 nec
1581 5125 1978 5199 quomodolibet
2022 5124 2135 5180 ﬁeri

554 5246 749 5311 potest;
781 5235 880 5291 nisi
908 5234 1049 5289 enim
1077 5226 1459 5285 convenienter
1481 5221 1730 5295 quaelibet
1758 5220 1845 5274 illa
1874 5234 1959 5274 res
1985 5218 2052 5272 ad
2083 5215 2134 5271 id

553 5332 693 5402 quod
725 5330 919 5387 dicitur
948 5325 1295 5397 praedicetur,
1342 5317 1642 5391 huiusmodi
1684 5313 1964 5370 conversio
1994 5313 2136 5367 nulla

555 5425 759 5481 ratione
784 5418 1132 5475 convertitur.
1163 5415 1295 5471 Cum
1317 5414 1459 5467 enim
1482 5410 1687 5465 dicatur
1714 5416 1870 5477 caput
1896 5405 2137 5461 animalis

554 5524 713 5587 caput
739 5513 843 5569 dici
874 5527 980 5569 non
1004 5517 1194 5581 potest,
1224 5507 1417 5563 animal
1440 5504 1629 5574 capitis
1656 5501 1871 5557 animal.
1902 5500 2044 5571 Ergo
2067 5501 2135 5552 ita

544 5606 821 5679 redditum
865 5604 1007 5660 nulla
1047 5603 1252 5658 ratione
1298 5596 1644 5655 convertitur.
1695 5595 1867 5666 Atque
1914 5592 2011 5647 hoc
2058 5599 2139 5645 cst

556 5698 695 5767 quod
723 5698 826 5760 ait,
859 5711 964 5751 non
998 5693 1165 5749 videri
1202 5692 1253 5748 in
1283 5689 1533 5746 omnibus
1561 5686 1798 5743 relativis
1827 5698 1984 5756 posse
2010 5696 2141 5737 con-

555 5788 692 5845 verti
716 5828 731 5850 ,
762 5787 861 5842 nisi
889 5784 1266 5840 convenienter
1295 5783 1360 5837 ad
1401 5780 1543 5851 quod
1584 5778 1778 5833 dicitur
1816 5776 2133 5847 assignetur.

556 5880 614 5939 Si
642 5878 782 5935 enim
812 5884 995 5945 peccet
1023 5875 1069 5929 is
1098 5874 1185 5943 qui
1215 5873 1476 5939 assignat,
1511 5881 1565 5925 ut
1593 5885 1695 5925 non
1727 5868 2129 5925 convenientem

2218 1969 2331 2016 .est
2356 1968 2535 2029 caput,
2575 1973 2679 2014 non
2706 1956 3083 2012 convenienter
3109 1956 3213 2009 vim
3245 1955 3641 2027 prmdicationis
3671 1964 3824 2025 apta-

2247 2052 2346 2118 bit;
2378 2068 2485 2107 non
2510 2053 2652 2108 enim
2684 2052 2737 2106 in
2765 2065 2829 2106 eo
2858 2048 2997 2120 quod
3026 2049 3224 2105 animal
3249 2058 3350 2117 est,
3379 2050 3431 2105 in
3459 2064 3525 2104 eo
3553 2050 3711 2106 habet
3739 2066 3829 2106 ca-

2249 2154 2360 2216 put,
2389 2146 2554 2201 multa
2582 2134 2726 2200 enim
2757 2154 2879 2200 sunt
2910 2142 3157 2199 animalia
3184 2157 3303 2213 qua:
3332 2142 3507 2212 capite
3533 2152 3742 2209 carent,
3774 2152 3831 2198 ut

2246 2246 2445 2304 ostrea,
2473 2248 2526 2294 et
2553 2239 2857 2310 conchylia,
2885 2247 2941 2293 et
2968 2245 3163 2293 caetera
3192 2234 3519 2306 hujusmodi.
3554 2234 3717 2306 Igitur
3746 2235 3829 2291 div

2247 2330 2474 2385 cendum
2505 2340 2587 2385 cst
2624 2339 2783 2401 caput
2807 2330 3052 2400 capitatae
3082 2327 3159 2385 rei
3190 2336 3517 2397 esse-caput,
3549 2336 3603 2382 et
3632 2327 3829 2395 capita-

2249 2432 2355 2477 tam
2384 2438 2497 2479 rem
2529 2424 2703 2495 capite
2726 2437 2846 2479 esse
2874 2422 3179 2493 capitatam.
3231 2418 3461 2475 Videsne
3484 2418 3831 2489 quemadmo-

2248 2517 2373 2573 dum
2402 2517 2728 2572 conveniens
2777 2512 3087 2585 prtedicatio
3125 2513 3385 2567 alternam
3417 2512 3467 2566 in
3502 2526 3561 2567 se
3588 2511 3830 2568 vocabuli

2248 2609 2652 2668 conversionem
2682 2609 3150 2677 reversionemque
3179 2604 3503 2661 reddiderit?
3526 2604 3598 2659 Ita
3620 2604 3829 2676 qubque

2247 2701 2631 2774 speculandum
2663 2708 2744 2772 est
2768 2706 2828 2756 ‘et
2853 2699 2921 2756 de
2948 2699 3057 2755 alio
3092 2697 3345 2767 exemplo
3372 2696 3512 2767 quod
3544 2696 3657 2766 ipse
3701 2712 3826 2767 pro-

2249 2796 2445 2867 posuit.
2482 2796 2680 2851 Bemus
2711 2794 2856 2849 enim
2896 2793 2942 2849 si
2984 2795 3134 2847 navis
3173 2803 3353 2845 remus
3390 2789 3598 2844 dicatur
3622 2831 3637 2855 ,
3684 2790 3829 2845 nullo

2248 2890 2407 2944 modo
2436 2888 2791 2955 convertitur,
2834 2895 2891 2944 ut
2918 2886 3067 2942 navis
3094 2886 3225 2941 remi
3257 2884 3404 2939 navis
3435 2899 3557 2940 esse
3580 2884 3826 2939 nomine-

2247 2992 2349 3039 tur.
2382 2981 2518 3036 Sunt
2541 2980 2685 3035 enim
2710 2977 2951 3048 quaedam
2977 2992 3138 3032 naves
3164 2991 3283 3046 quas
3311 2975 3469 3031 remis
3494 2974 3703 3045 penitus
3726 2989 3828 3031 non

2248 3082 2486 3140 utuntur,
2516 3080 2578 3127 ut
2615 3071 2801 3125 lintres
2843 3073 2977 3139 quas
3020 3068 3137 3123 solo
3165 3067 3415 3138 subigunt
3438 3076 3599 3122 conto
3623 3109 3639 3133 ,
3669 3076 3726 3123 et
3751 3066 3829 3121 id-

2246 3169 2393 3225 circo
2422 3181 2528 3221 non
2553 3163 2902 3220 convertitur.
2955 3160 3248 3216 Dicendum
3294 3168 3378 3216 est
3422 3159 3578 3229 igitur
3623 3173 3827 3214 remum

2249 3259 2454 3316 remitte
2479 3255 2561 3312 rei
2588 3270 2707 3312 esse
2737 3268 2965 3323 remum,
2999 3260 3053 3307 et
3082 3252 3323 3307 remitam
3369 3264 3483 3305 rem
3514 3265 3665 3305 remo
3709 3265 3829 3307 esse

2250 3352 2518 3410 remitam.
2546 3348 2776 3406 Necesse
2798 3361 3019 3418 quoque
3044 3346 3146 3400 erit
3175 3359 3369 3401 nomen
3402 3345 3619 3413 tingere,
3653 3344 3695 3398 si
3728 3358 3826 3412 po-

2248 3447 2408 3503 situm
2440 3460 2545 3499 non
2573 3446 2676 3498 sit:
2699 3455 2821 3496 nam
2844 3438 3291 3511 quemadmodum
3319 3437 3455 3493 ﬁlius
3474 3437 3633 3507 patris
3660 3435 3826 3506 ﬁlius,

2248 3548 2301 3593 et
2328 3546 2478 3608 pater
2506 3534 2597 3589 ﬁlii
2628 3543 2801 3602 pater,
2835 3531 3109 3600 reciproca
3147 3530 3501 3585 conversione
3533 3526 3843 3598 praadican4

2248 3641 2352 3699 tur,
2387 3638 2441 3685 et
2467 3638 2750 3697 utrumque
2794 3639 2987 3680 nomen
3011 3625 3063 3679 in
3092 3638 3189 3679 usu
3236 3632 3319 3678 est
3342 3665 3357 3688 ,
3394 3623 3493 3687 sic,
3525 3622 3567 3677 si
3600 3622 3829 3678 defuerit

2248 3738 2440 3780 nomen
2472 3763 2487 3790 ,
2518 3721 2634 3793 ipse
2661 3720 2754 3773 tibi
2783 3716 2983 3788 aliquid
3008 3714 3228 3771 debebis
3253 3714 3510 3786 efﬁngere
3533 3756 3549 3781 ,
3597 3724 3651 3768 ut
3682 3716 3733 3770 in
3762 3730 3827 3769 eo

2247 3818 2387 3885 quod
2419 3825 2535 3888 est,
2575 3815 2656 3869 ala
2685 3813 2811 3868 alati
2838 3813 2918 3867 ala
2946 3829 2963 3877 ;
2994 3811 3189 3866 alatum
3215 3812 3358 3864 enim
3388 3810 3599 3865 naviter
3628 3808 3823 3865 factum

2246 3921 2327 3966 est
2348 3951 2362 3976 ,
2389 3921 2444 3966 et
2472 3922 2740 3978 nunquam
2764 3915 2886 3960 ante
2913 3905 3131 3960 dictum.
3165 3902 3281 3971 Quo
3310 3911 3488 3957 autem
3515 3901 3672 3956 modo
3706 3916 3828 3972 pos-

2248 4006 2416 4061 simus
2445 4003 2658 4058 nomina
2684 4001 2798 4069 ipsa
2825 3997 3130 4066 conﬁngere
3148 4038 3163 4062 ,
3188 3996 3441 4067 quoniam
3466 3997 3828 4055 necessarium

2248 4111 2367 4153 esse
2407 4094 2713 4166 posuimus,
2744 4099 2915 4145 artem
2954 4103 3166 4160 quoque
3200 4088 3557 4158 componendi
3586 4091 3828 4158 sequenti

2248 4190 2437 4244 ordine
2481 4188 2931 4242 demonstremus.
2984 4181 3091 4263 Sed
3140 4182 3241 4237 hoc
3278 4180 3577 4236 faciendum
3623 4190 3742 4249 est,
3779 4181 3824 4237 si

2248 4282 2395 4350 prius
2424 4277 2553 4333 illud
2585 4291 2896 4346 purgavere,
2930 4273 3069 4344 quod
3101 4272 3315 4343 quidam
3344 4280 3530 4327 contra
3560 4271 3826 4327 Aristote-

2251 4373 2351 4427 lem
2383 4366 2631 4439 culpandi
2684 4366 2860 4419 studio
2904 4374 3127 4434 ponunt.
3177 4364 3338 4419 Aiunt
3383 4364 3528 4418 enim
3569 4377 3677 4419 non
3706 4378 3826 4420 esse

2252 4462 2418 4518 solius
2449 4458 2723 4515 relationis
2751 4457 2816 4511 ad
2848 4457 3268 4512 convertentiam
3301 4455 3425 4511 dici.
3451 4454 3510 4510 Si
3536 4455 3656 4527 quis
3684 4455 3825 4511 enim

2249 4557 2328 4610 sic
2356 4552 2526 4607 dicat:
2553 4567 2671 4606 cum
2708 4549 2789 4605 sol
2816 4564 2978 4619 super
3008 4559 3203 4604 terram
3232 4556 3334 4613 est,
3360 4547 3474 4603 dies
3501 4557 3605 4613 est,
3632 4556 3684 4602 et
3710 4560 3827 4602 cum

2170 4642 2223 4704 D
2248 4650 2363 4704 dies
2388 4658 2472 4703 est
2495 4661 2656 4716 super
2681 4655 2874 4700 terram
2898 4684 2911 4707 ,
2940 4642 3021 4697 sol
3047 4651 3129 4697 Cal
3150 4681 3165 4707 ,
3193 4641 3455 4711 recipiunt
3482 4640 3595 4695 hinc
3619 4654 3829 4712 quoque

2247 4745 2654 4801 canversionem
2683 4784 2699 4806 ,
2749 4755 2868 4810 quae
2904 4739 3161 4794 confessae
3200 4752 3228 4791 a
3265 4738 3609 4799 relativorum
3640 4735 3827 4791 deﬁni-

2247 4839 2391 4895 tione
2420 4844 2690 4906 segregata
2723 4841 2865 4889 sunt.
2892 4832 3004 4886 Non
3038 4831 3196 4901 igitur
3225 4831 3277 4884 in
3303 4830 3431 4885 solis
3456 4828 3718 4896 relativis,
3750 4831 3829 4884 in-

2247 4933 2456 5004 quiunt,
2473 4932 2725 4987 caditista
2752 4928 3049 4983 conversio.
3073 4925 3180 4982 Sed
3203 4925 3495 4981 lamblicus
3517 4924 3650 4980 duas
3674 4922 3830 4991 hujus

2248 5026 2327 5079 rei
2359 5024 2577 5094 protulit
2604 5020 2919 5085 solutiones,
2954 5033 3110 5072 unam
3141 5030 3480 5088 pervacuam,
3512 5014 3672 5068 aliam
3699 5026 3829 5067 vero

2250 5094 2554 5185 perfortem.
2573 5113 2659 5168 Ait
2684 5112 2825 5167 enim
2868 5109 2997 5164 nihil
3029 5108 3245 5163 ofﬁcere
3273 5106 3339 5161 ad
3367 5105 3671 5161 Aristotelis
3699 5118 3828 5158 sen-

2240 5207 2480 5268 tentiam,
2528 5206 2572 5261 si
2619 5213 2672 5258 et
2714 5204 2817 5257 alia
2857 5208 3267 5263 convertantur;
3313 5212 3418 5254 non
3458 5198 3601 5251 enim
3656 5196 3827 5267 inquit

2241 5302 2553 5360 Aristoteles
2569 5299 2697 5355 solis
2719 5299 2821 5352 hoc
2848 5295 3083 5352 relativis
3105 5292 3377 5357 esse,sed,
3404 5290 3651 5347 omnibus
3678 5306 3829 5347 nam-

2242 5413 2347 5471 que
2369 5399 2470 5453 hoc
2491 5396 2725 5452 relativis
2748 5394 2907 5457 inest,
2934 5404 3033 5446 nec
3057 5388 3164 5444 ulla
3188 5388 3393 5443 ratione
3417 5386 3601 5457 negari
3627 5395 3826 5458 potest:

2245 5493 2492 5564 quocirca
2522 5489 2771 5560 quoniam
2815 5500 2922 5540 non
2955 5483 3089 5537 dixit
3120 5481 3434 5537 Aristoteles
3462 5481 3592 5535 solis
3621 5479 3720 5536 hoc
3752 5479 3829 5534 in-
3866 5494 3869 5497 ·

2242 5601 2363 5643 εεεε
2393 5584 2664 5647 relativis,
2694 5580 2907 5635 illorum
2948 5576 3171 5647 quaestio
3205 5574 3363 5645 hujus
3392 5574 3633 5645 praeclari
3660 5572 3827 5643 philo-

2249 5679 2405 5751 snplti
2435 5675 2757 5732 sententiam
2788 5684 2894 5725 non
2926 5676 3186 5724 moratur.
3226 5665 3335 5723 Sed
3362 5668 3467 5722 hoc
3492 5664 3667 5736 potius
3690 5662 3826 5741 acci-

2243 5772 2420 5828 dentis
2452 5778 2721 5839 estquam
2748 5772 2955 5820 natura:
2980 5802 2996 5829 ,
3034 5769 3092 5819 et
3132 5761 3199 5817 ad
3246 5759 3391 5816 aliud
3438 5751 3827 5829 quodammodo

2242 5863 2502 5930 refugium
2525 5856 2892 5915 concurrentis
2929 5854 3107 5925 potius
3136 5868 3291 5924 quam
3323 5867 3389 5906 es
3422 5852 3533 5920 ipsa
3563 5847 3824 5905 Aristote-
