  <div class='ocr_page' id='page_1' title='image "/cluster/home/n/w/nwhite01/storage/ocr_20150623/64/hvd.32044073505265/118.png"; bbox 0 0 4280 6268; ppageno 0'>
   <div class='ocr_carea' id='block_1_1' title="bbox 411 364 2705 433">
    <p class='ocr_par' dir='ltr' id='par_1_1' title="bbox 411 364 2705 433">
     <span class='ocr_line' id='line_1_1' title="bbox 411 364 2705 433; baseline -0.006 -2"><span class='ocrx_word' id='word_1_1' title='bbox 411 379 503 433; x_wconf 66' lang='grc' dir='ltr'><strong>εεε</strong></span> <span class='ocrx_word' id='word_1_2' title='bbox 1413 371 1478 428; x_wconf 84' lang='lat' dir='ltr'><strong>lN</strong></span> <span class='ocrx_word' id='word_1_3' title='bbox 1516 369 1948 426; x_wconf 73' lang='lat' dir='ltr'><strong>CATEGORMS</strong></span> <span class='ocrx_word' id='word_1_4' title='bbox 1995 364 2434 422; x_wconf 67' lang='lat' dir='ltr'><strong>ARISTOTEUS</strong></span> <span class='ocrx_word' id='word_1_5' title='bbox 2472 365 2598 419; x_wconf 85' lang='lat' dir='ltr'><strong>LIB.</strong></span> <span class='ocrx_word' id='word_1_6' title='bbox 2644 365 2705 418; x_wconf 92' lang='lat' dir='ltr'><strong>ll.</strong></span> 
     </span>
    </p>
   </div>
   <div class='ocr_carea' id='block_1_2' title="bbox 3564 365 3669 418">
    <p class='ocr_par' dir='ltr' id='par_1_2' title="bbox 3564 365 3669 418">
     <span class='ocr_line' id='line_1_2' title="bbox 3564 365 3669 418; baseline 0 0"><span class='ocrx_word' id='word_1_7' title='bbox 3564 365 3669 418; x_wconf 62' lang='lat'><strong>216</strong></span> 
     </span>
    </p>
   </div>
   <div class='ocr_carea' id='block_1_3' title="bbox 415 461 3667 553">
    <p class='ocr_par' dir='ltr' id='par_1_3' title="bbox 415 461 3667 553">
     <span class='ocr_line' id='line_1_3' title="bbox 415 461 3667 553; baseline -0.003 -11"><span class='ocrx_word' id='word_1_8' title='bbox 415 490 480 543; x_wconf 79' lang='lat' dir='ltr'><strong>lis</strong></span> <span class='ocrx_word' id='word_1_9' title='bbox 531 487 846 542; x_wconf 72' lang='lat' dir='ltr'><strong>auctoritate</strong></span> <span class='ocrx_word' id='word_1_10' title='bbox 893 486 1153 540; x_wconf 91' lang='lat' dir='ltr'><strong>dictorum</strong></span> <span class='ocrx_word' id='word_1_11' title='bbox 1209 482 1325 553; x_wconf 85' lang='lat' dir='ltr'><strong>ejus</strong></span> <span class='ocrx_word' id='word_1_12' title='bbox 1380 481 1591 551; x_wconf 83' lang='lat' dir='ltr'><strong>aliquod</strong></span> <span class='ocrx_word' id='word_1_13' title='bbox 1630 461 1992 550; x_wconf 80' lang='lat' dir='ltr'><strong>propugnacu-</strong></span> <span class='ocrx_word' id='word_1_14' title='bbox 2024 478 2072 538; x_wconf 80' lang='grc' dir='ltr'>Α</span> <span class='ocrx_word' id='word_1_15' title='bbox 2099 476 2478 532; x_wconf 73' lang='lat' dir='ltr'><strong>convenienter</strong></span> <span class='ocrx_word' id='word_1_16' title='bbox 2507 483 2741 545; x_wconf 87' lang='lat' dir='ltr'><strong>aptetur,</strong></span> <span class='ocrx_word' id='word_1_17' title='bbox 2777 476 3076 546; x_wconf 81' lang='lat' dir='ltr'><strong>tingendum</strong></span> <span class='ocrx_word' id='word_1_18' title='bbox 3109 477 3192 533; x_wconf 64' lang='grc' dir='ltr'><strong>εει</strong></span> <span class='ocrx_word' id='word_1_19' title='bbox 3230 491 3422 534; x_wconf 87' lang='lat' dir='ltr'><strong>nomen</strong></span> <span class='ocrx_word' id='word_1_20' title='bbox 3450 476 3667 542; x_wconf 84' lang='lat' dir='ltr'><strong>alatum,</strong></span> 
     </span>
    </p>
   </div>
   <div class='ocr_carea' id='block_1_4' title="bbox 417 575 1992 650">
    <p class='ocr_par' dir='ltr' id='par_1_4' title="bbox 417 575 1992 650">
     <span class='ocr_line' id='line_1_4' title="bbox 417 575 1992 650; baseline -0.007 -15"><span class='ocrx_word' id='word_1_21' title='bbox 417 581 523 636; x_wconf 87' lang='lat' dir='ltr'><strong>lum</strong></span> <span class='ocrx_word' id='word_1_22' title='bbox 557 580 926 650; x_wconf 74' lang='lat' dir='ltr'><strong>comparantis.</strong></span> <span class='ocrx_word' id='word_1_23' title='bbox 973 577 1143 633; x_wconf 84' lang='lat' dir='ltr'><strong>Aliam</strong></span> <span class='ocrx_word' id='word_1_24' title='bbox 1173 589 1301 631; x_wconf 87' lang='lat' dir='ltr'><strong>vero</strong></span> <span class='ocrx_word' id='word_1_25' title='bbox 1329 575 1502 629; x_wconf 84' lang='lat' dir='ltr'><strong>attulit</strong></span> <span class='ocrx_word' id='word_1_26' title='bbox 1529 587 1742 628; x_wconf 83' lang='lat' dir='ltr'><strong>causam</strong></span> <span class='ocrx_word' id='word_1_27' title='bbox 1777 586 1992 642; x_wconf 83' lang='lat' dir='ltr'><strong>prorsus</strong></span> 
     </span>
    </p>
   </div>
   <div class='ocr_carea' id='block_1_5' title="bbox 419 664 1990 740">
    <p class='ocr_par' dir='ltr' id='par_1_5' title="bbox 419 664 1990 740">
     <span class='ocr_line' id='line_1_5' title="bbox 419 664 1990 740; baseline -0.007 -15"><span class='ocrx_word' id='word_1_28' title='bbox 419 686 633 740; x_wconf 78' lang='lat' dir='ltr'><strong>gravem</strong></span> <span class='ocrx_word' id='word_1_29' title='bbox 670 687 682 723; x_wconf 90' lang='lat'>:</span> <span class='ocrx_word' id='word_1_30' title='bbox 715 670 785 723; x_wconf 88' lang='lat' dir='ltr'><strong>ait</strong></span> <span class='ocrx_word' id='word_1_31' title='bbox 832 668 973 724; x_wconf 80' lang='lat' dir='ltr'><strong>enim</strong></span> <span class='ocrx_word' id='word_1_32' title='bbox 1021 665 1294 737; x_wconf 89' lang='lat' dir='ltr'><strong>proprium</strong></span> <span class='ocrx_word' id='word_1_33' title='bbox 1323 679 1446 720; x_wconf 87' lang='lat' dir='ltr'><strong>esse</strong></span> <span class='ocrx_word' id='word_1_34' title='bbox 1493 665 1594 718; x_wconf 89' lang='lat' dir='ltr'><strong>hoc</strong></span> <span class='ocrx_word' id='word_1_35' title='bbox 1627 664 1990 727; x_wconf 89' lang='lat' dir='ltr'><strong>relativorum,</strong></span> 
     </span>
    </p>
   </div>
   <div class='ocr_carea' id='block_1_6' title="bbox 422 756 1994 830">
    <p class='ocr_par' dir='ltr' id='par_1_6' title="bbox 422 756 1994 830">
     <span class='ocr_line' id='line_1_6' title="bbox 422 756 1994 830; baseline -0.005 -12"><span class='ocrx_word' id='word_1_36' title='bbox 422 779 525 819; x_wconf 91' lang='lat' dir='ltr'><strong>non</strong></span> <span class='ocrx_word' id='word_1_37' title='bbox 558 763 843 820; x_wconf 87' lang='lat' dir='ltr'><strong>secundum</strong></span> <span class='ocrx_word' id='word_1_38' title='bbox 872 776 1021 817; x_wconf 88' lang='lat' dir='ltr'><strong>suam</strong></span> <span class='ocrx_word' id='word_1_39' title='bbox 1049 761 1534 830; x_wconf 89' lang='lat' dir='ltr'><strong>nuncupationem,</strong></span> <span class='ocrx_word' id='word_1_40' title='bbox 1577 758 1670 813; x_wconf 87' lang='lat' dir='ltr'><strong>sed</strong></span> <span class='ocrx_word' id='word_1_41' title='bbox 1702 756 1994 812; x_wconf 89' lang='lat' dir='ltr'><strong>secundum</strong></span> 
     </span>
    </p>
   </div>
   <div class='ocr_carea' id='block_1_7' title="bbox 375 847 1995 925">
    <p class='ocr_par' dir='ltr' id='par_1_7' title="bbox 375 847 1995 925">
     <span class='ocr_line' id='line_1_7' title="bbox 375 847 1995 925; baseline -0.005 -17"><span class='ocrx_word' id='word_1_42' title='bbox 375 853 383 858; x_wconf 82' lang='grc'><em>’</em></span> <span class='ocrx_word' id='word_1_43' title='bbox 422 856 646 925; x_wconf 76' lang='lat' dir='ltr'><strong>aliquam</strong></span> <span class='ocrx_word' id='word_1_44' title='bbox 669 852 1051 917; x_wconf 83' lang='lat' dir='ltr'><strong>habitudinem,</strong></span> <span class='ocrx_word' id='word_1_45' title='bbox 1077 851 1264 908; x_wconf 91' lang='lat' dir='ltr'><strong>eodem</strong></span> <span class='ocrx_word' id='word_1_46' title='bbox 1287 849 1444 905; x_wconf 92' lang='lat' dir='ltr'><strong>modo</strong></span> <span class='ocrx_word' id='word_1_47' title='bbox 1467 848 1830 915; x_wconf 84' lang='lat' dir='ltr'><strong>converti.Qui</strong></span> <span class='ocrx_word' id='word_1_48' title='bbox 1855 847 1995 901; x_wconf 89' lang='lat' dir='ltr'><strong>enim</strong></span> 
     </span>
    </p>
   </div>
   <div class='ocr_carea' id='block_1_8' title="bbox 422 939 1997 1014">
    <p class='ocr_par' dir='ltr' id='par_1_8' title="bbox 422 939 1997 1014">
     <span class='ocr_line' id='line_1_8' title="bbox 422 939 1997 1014; baseline -0.006 -11"><span class='ocrx_word' id='word_1_49' title='bbox 422 947 545 1004; x_wconf 85' lang='lat' dir='ltr'><strong>dicit</strong></span> <span class='ocrx_word' id='word_1_50' title='bbox 570 962 688 1002; x_wconf 92' lang='lat' dir='ltr'><strong>cum</strong></span> <span class='ocrx_word' id='word_1_51' title='bbox 717 945 795 1002; x_wconf 91' lang='lat' dir='ltr'><strong>sol</strong></span> <span class='ocrx_word' id='word_1_52' title='bbox 824 954 906 1001; x_wconf 89' lang='lat' dir='ltr'><strong>est</strong></span> <span class='ocrx_word' id='word_1_53' title='bbox 931 959 1091 1014; x_wconf 86' lang='lat' dir='ltr'><strong>super</strong></span> <span class='ocrx_word' id='word_1_54' title='bbox 1117 953 1310 999; x_wconf 88' lang='lat' dir='ltr'><strong>terram</strong></span> <span class='ocrx_word' id='word_1_55' title='bbox 1329 984 1344 1007; x_wconf 90' lang='lat'><strong><em>.</em></strong></span> <span class='ocrx_word' id='word_1_56' title='bbox 1378 943 1494 998; x_wconf 89' lang='lat' dir='ltr'><strong>dies</strong></span> <span class='ocrx_word' id='word_1_57' title='bbox 1518 949 1619 1008; x_wconf 90' lang='lat' dir='ltr'><strong>est,</strong></span> <span class='ocrx_word' id='word_1_58' title='bbox 1656 953 1708 995; x_wconf 93' lang='lat' dir='ltr'><strong>et</strong></span> <span class='ocrx_word' id='word_1_59' title='bbox 1735 957 1856 995; x_wconf 90' lang='lat' dir='ltr'><strong>cum</strong></span> <span class='ocrx_word' id='word_1_60' title='bbox 1885 939 1997 994; x_wconf 88' lang='lat' dir='ltr'><strong>dies</strong></span> 
     </span>
    </p>
   </div>
   <div class='ocr_carea' id='block_1_9' title="bbox 421 1033 1999 1107">
    <p class='ocr_par' dir='ltr' id='par_1_9' title="bbox 421 1033 1999 1107">
     <span class='ocr_line' id='line_1_9' title="bbox 421 1033 1999 1107; baseline -0.005 -13"><span class='ocrx_word' id='word_1_61' title='bbox 421 1050 519 1104; x_wconf 85' lang='lat' dir='ltr'><strong>est,</strong></span> <span class='ocrx_word' id='word_1_62' title='bbox 551 1039 630 1094; x_wconf 89' lang='lat' dir='ltr'><strong>sol</strong></span> <span class='ocrx_word' id='word_1_63' title='bbox 658 1047 738 1093; x_wconf 87' lang='lat' dir='ltr'><strong>est</strong></span> <span class='ocrx_word' id='word_1_64' title='bbox 765 1052 928 1107; x_wconf 81' lang='lat' dir='ltr'><strong>super</strong></span> <span class='ocrx_word' id='word_1_65' title='bbox 955 1047 1184 1092; x_wconf 88' lang='lat' dir='ltr'><strong>terram:</strong></span> <span class='ocrx_word' id='word_1_66' title='bbox 1219 1035 1420 1090; x_wconf 91' lang='lat' dir='ltr'><strong>nullam</strong></span> <span class='ocrx_word' id='word_1_67' title='bbox 1455 1033 1817 1087; x_wconf 86' lang='lat' dir='ltr'><strong>habitudinem</strong></span> <span class='ocrx_word' id='word_1_68' title='bbox 1850 1047 1999 1086; x_wconf 85' lang='lat' dir='ltr'><strong>mou-</strong></span> 
     </span>
    </p>
   </div>
   <div class='ocr_carea' id='block_1_10' title="bbox 419 1124 1999 1198">
    <p class='ocr_par' dir='ltr' id='par_1_10' title="bbox 419 1124 1999 1198">
     <span class='ocr_line' id='line_1_10' title="bbox 419 1124 1999 1198; baseline -0.006 -12"><span class='ocrx_word' id='word_1_69' title='bbox 419 1138 567 1195; x_wconf 83' lang='lat' dir='ltr'><strong>strat,</strong></span> <span class='ocrx_word' id='word_1_70' title='bbox 593 1129 688 1184; x_wconf 90' lang='lat' dir='ltr'><strong>sed</strong></span> <span class='ocrx_word' id='word_1_71' title='bbox 723 1129 1092 1185; x_wconf 89' lang='lat' dir='ltr'><strong>tantummodo</strong></span> <span class='ocrx_word' id='word_1_72' title='bbox 1116 1128 1550 1198; x_wconf 86' lang='lat' dir='ltr'><strong>consequentiam</strong></span> <span class='ocrx_word' id='word_1_73' title='bbox 1580 1124 1830 1179; x_wconf 87' lang='lat' dir='ltr'><strong>ostendit.</strong></span> <span class='ocrx_word' id='word_1_74' title='bbox 1863 1125 1999 1178; x_wconf 88' lang='lat' dir='ltr'><strong>Con-</strong></span> 
     </span>
    </p>
   </div>
   <div class='ocr_carea' id='block_1_11' title="bbox 421 1223 1998 1296">
    <p class='ocr_par' dir='ltr' id='par_1_11' title="bbox 421 1223 1998 1296">
     <span class='ocr_line' id='line_1_11' title="bbox 421 1223 1998 1296; baseline -0.004 -16"><span class='ocrx_word' id='word_1_75' title='bbox 421 1225 657 1295; x_wconf 77' lang='lat' dir='ltr'><strong>sequitur</strong></span> <span class='ocrx_word' id='word_1_76' title='bbox 686 1230 826 1280; x_wconf 91' lang='lat' dir='ltr'><strong>enim</strong></span> <span class='ocrx_word' id='word_1_77' title='bbox 853 1241 1014 1296; x_wconf 83' lang='lat' dir='ltr'><strong>super</strong></span> <span class='ocrx_word' id='word_1_78' title='bbox 1037 1236 1232 1281; x_wconf 86' lang='lat' dir='ltr'><strong>terram</strong></span> <span class='ocrx_word' id='word_1_79' title='bbox 1264 1225 1430 1280; x_wconf 88' lang='lat' dir='ltr'><strong>solem</strong></span> <span class='ocrx_word' id='word_1_80' title='bbox 1463 1240 1580 1279; x_wconf 84' lang='lat' dir='ltr'><strong>esse</strong></span> <span class='ocrx_word' id='word_1_81' title='bbox 1606 1240 1723 1279; x_wconf 94' lang='lat' dir='ltr'><strong>cum</strong></span> <span class='ocrx_word' id='word_1_82' title='bbox 1756 1223 1868 1277; x_wconf 87' lang='lat' dir='ltr'><strong>dies</strong></span> <span class='ocrx_word' id='word_1_83' title='bbox 1896 1229 1998 1284; x_wconf 88' lang='lat' dir='ltr'><strong>est,</strong></span> 
     </span>
    </p>
   </div>
   <div class='ocr_carea' id='block_1_12' title="bbox 423 1317 1999 1388">
    <p class='ocr_par' dir='ltr' id='par_1_12' title="bbox 423 1317 1999 1388">
     <span class='ocr_line' id='line_1_12' title="bbox 423 1317 1999 1388; baseline -0.001 -18"><span class='ocrx_word' id='word_1_84' title='bbox 423 1326 624 1371; x_wconf 88' lang='lat' dir='ltr'><strong>etcum</strong></span> <span class='ocrx_word' id='word_1_85' title='bbox 671 1318 752 1373; x_wconf 91' lang='lat' dir='ltr'><strong>sol</strong></span> <span class='ocrx_word' id='word_1_86' title='bbox 802 1331 968 1388; x_wconf 88' lang='lat' dir='ltr'><strong>super</strong></span> <span class='ocrx_word' id='word_1_87' title='bbox 1014 1327 1208 1373; x_wconf 89' lang='lat' dir='ltr'><strong>terram</strong></span> <span class='ocrx_word' id='word_1_88' title='bbox 1253 1333 1440 1373; x_wconf 91' lang='lat' dir='ltr'><strong>cursus</strong></span> <span class='ocrx_word' id='word_1_89' title='bbox 1469 1327 1627 1386; x_wconf 88' lang='lat' dir='ltr'><strong>agat,</strong></span> <span class='ocrx_word' id='word_1_90' title='bbox 1672 1317 1811 1370; x_wconf 91' lang='lat' dir='ltr'><strong>diem</strong></span> <span class='ocrx_word' id='word_1_91' title='bbox 1842 1329 1999 1377; x_wconf 88' lang='lat' dir='ltr'><strong>esse;</strong></span> 
     </span>
    </p>
   </div>
   <div class='ocr_carea' id='block_1_13' title="bbox 427 1405 2002 1480">
    <p class='ocr_par' dir='ltr' id='par_1_13' title="bbox 427 1405 2002 1480">
     <span class='ocr_line' id='line_1_13' title="bbox 427 1405 2002 1480; baseline -0.003 -17"><span class='ocrx_word' id='word_1_92' title='bbox 427 1425 543 1463; x_wconf 91' lang='lat' dir='ltr'><strong>cum</strong></span> <span class='ocrx_word' id='word_1_93' title='bbox 572 1424 702 1464; x_wconf 87' lang='lat' dir='ltr'><strong>vero</strong></span> <span class='ocrx_word' id='word_1_94' title='bbox 730 1409 922 1480; x_wconf 81' lang='lat' dir='ltr'><strong>aliquis</strong></span> <span class='ocrx_word' id='word_1_95' title='bbox 949 1409 1076 1464; x_wconf 82' lang='lat' dir='ltr'><strong>dicit</strong></span> <span class='ocrx_word' id='word_1_96' title='bbox 1107 1408 1245 1462; x_wconf 84' lang='lat' dir='ltr'><strong>illius</strong></span> <span class='ocrx_word' id='word_1_97' title='bbox 1278 1411 1441 1478; x_wconf 80' lang='lat' dir='ltr'><strong>patris</strong></span> <span class='ocrx_word' id='word_1_98' title='bbox 1471 1410 1625 1472; x_wconf 86' lang='lat' dir='ltr'><strong>tilius,</strong></span> <span class='ocrx_word' id='word_1_99' title='bbox 1653 1417 1702 1462; x_wconf 90' lang='lat' dir='ltr'><strong>et</strong></span> <span class='ocrx_word' id='word_1_100' title='bbox 1736 1416 1882 1476; x_wconf 88' lang='lat' dir='ltr'><strong>pater</strong></span> <span class='ocrx_word' id='word_1_101' title='bbox 1911 1405 2002 1459; x_wconf 83' lang='lat' dir='ltr'><strong>lilii</strong></span> 
     </span>
    </p>
   </div>
   <div class='ocr_carea' id='block_1_14' title="bbox 431 1500 2005 1571">
    <p class='ocr_par' dir='ltr' id='par_1_14' title="bbox 431 1500 2005 1571">
     <span class='ocr_line' id='line_1_14' title="bbox 431 1500 2005 1571; baseline -0.001 -17"><span class='ocrx_word' id='word_1_102' title='bbox 431 1511 600 1570; x_wconf 87' lang='lat' dir='ltr'><strong>pater,</strong></span> <span class='ocrx_word' id='word_1_103' title='bbox 630 1501 988 1556; x_wconf 87' lang='lat' dir='ltr'><strong>habitudinem</strong></span> <span class='ocrx_word' id='word_1_104' title='bbox 1001 1511 1053 1556; x_wconf 90' lang='lat' dir='ltr'><strong>et</strong></span> <span class='ocrx_word' id='word_1_105' title='bbox 1073 1504 1517 1571; x_wconf 87' lang='lat' dir='ltr'><strong>comparationem</strong></span> <span class='ocrx_word' id='word_1_106' title='bbox 1545 1510 1595 1555; x_wconf 89' lang='lat' dir='ltr'><strong>et</strong></span> <span class='ocrx_word' id='word_1_107' title='bbox 1619 1500 2005 1569; x_wconf 88' lang='lat' dir='ltr'><strong>quodammodo</strong></span> 
     </span>
    </p>
   </div>
   <div class='ocr_carea' id='block_1_15' title="bbox 433 1591 2006 1663">
    <p class='ocr_par' dir='ltr' id='par_1_15' title="bbox 433 1591 2006 1663">
     <span class='ocr_line' id='line_1_15' title="bbox 433 1591 2006 1663; baseline 0 -18"><span class='ocrx_word' id='word_1_108' title='bbox 433 1594 810 1648; x_wconf 77' lang='lat' dir='ltr'><strong>continentiam</strong></span> <span class='ocrx_word' id='word_1_109' title='bbox 835 1602 1178 1663; x_wconf 88' lang='lat' dir='ltr'><strong>utrorumque</strong></span> <span class='ocrx_word' id='word_1_110' title='bbox 1200 1594 1450 1647; x_wconf 86' lang='lat' dir='ltr'><strong>declarat.</strong></span> <span class='ocrx_word' id='word_1_111' title='bbox 1478 1593 1648 1660; x_wconf 84' lang='lat' dir='ltr'><strong>Atque</strong></span> <span class='ocrx_word' id='word_1_112' title='bbox 1673 1591 1771 1646; x_wconf 88' lang='lat' dir='ltr'><strong>hoc</strong></span> <span class='ocrx_word' id='word_1_113' title='bbox 1798 1606 2006 1661; x_wconf 90' lang='lat' dir='ltr'><strong>quoque</strong></span> 
     </span>
    </p>
   </div>
   <div class='ocr_carea' id='block_1_16' title="bbox 431 1681 2006 1754">
    <p class='ocr_par' dir='ltr' id='par_1_16' title="bbox 431 1681 2006 1754">
     <span class='ocr_line' id='line_1_16' title="bbox 431 1681 2006 1754; baseline -0.001 -17"><span class='ocrx_word' id='word_1_114' title='bbox 431 1684 480 1738; x_wconf 89' lang='lat' dir='ltr'><strong>in</strong></span> <span class='ocrx_word' id='word_1_115' title='bbox 513 1685 610 1738; x_wconf 87' lang='lat' dir='ltr'><strong>alia</strong></span> <span class='ocrx_word' id='word_1_116' title='bbox 643 1684 829 1754; x_wconf 89' lang='lat' dir='ltr'><strong>quavis</strong></span> <span class='ocrx_word' id='word_1_117' title='bbox 859 1684 1114 1738; x_wconf 88' lang='lat' dir='ltr'><strong>relatione</strong></span> <span class='ocrx_word' id='word_1_118' title='bbox 1140 1692 1380 1752; x_wconf 88' lang='lat' dir='ltr'><strong>spectare</strong></span> <span class='ocrx_word' id='word_1_119' title='bbox 1409 1683 1550 1736; x_wconf 89' lang='lat' dir='ltr'><strong>licet.</strong></span> <span class='ocrx_word' id='word_1_120' title='bbox 1585 1681 1841 1749; x_wconf 83' lang='lat' dir='ltr'><strong>Quocirca</strong></span> <span class='ocrx_word' id='word_1_121' title='bbox 1871 1696 2006 1749; x_wconf 86' lang='lat' dir='ltr'><strong>quo-</strong></span> 
     </span>
    </p>
   </div>
   <div class='ocr_carea' id='block_1_17' title="bbox 428 1774 2006 1844">
    <p class='ocr_par' dir='ltr' id='par_1_17' title="bbox 428 1774 2006 1844">
     <span class='ocr_line' id='line_1_17' title="bbox 428 1774 2006 1844; baseline -0.003 -13"><span class='ocrx_word' id='word_1_122' title='bbox 428 1778 566 1832; x_wconf 89' lang='lat' dir='ltr'><strong>niam</strong></span> <span class='ocrx_word' id='word_1_123' title='bbox 615 1775 791 1829; x_wconf 89' lang='lat' dir='ltr'><strong>omnia</strong></span> <span class='ocrx_word' id='word_1_124' title='bbox 835 1776 900 1830; x_wconf 88' lang='lat' dir='ltr'><strong>ad</strong></span> <span class='ocrx_word' id='word_1_125' title='bbox 944 1776 1140 1844; x_wconf 87' lang='lat' dir='ltr'><strong>aliquid</strong></span> <span class='ocrx_word' id='word_1_126' title='bbox 1190 1776 1479 1830; x_wconf 86' lang='lat' dir='ltr'><strong>secundum</strong></span> <span class='ocrx_word' id='word_1_127' title='bbox 1526 1774 1812 1844; x_wconf 85' lang='lat' dir='ltr'><strong>quamdam</strong></span> <span class='ocrx_word' id='word_1_128' title='bbox 1850 1774 1916 1826; x_wconf 91' lang='lat' dir='ltr'><strong>ad</strong></span> <span class='ocrx_word' id='word_1_129' title='bbox 1948 1785 2006 1826; x_wconf 91' lang='lat' dir='ltr'><strong>se</strong></span> 
     </span>
    </p>
   </div>
   <div class='ocr_carea' id='block_1_18' title="bbox 2096 571 3672 644">
    <p class='ocr_par' dir='ltr' id='par_1_18' title="bbox 2096 571 3672 644">
     <span class='ocr_line' id='line_1_18' title="bbox 2096 571 3672 644; baseline 0.003 -21"><span class='ocrx_word' id='word_1_130' title='bbox 2096 573 2236 642; x_wconf 91' lang='lat' dir='ltr'><strong>quod</strong></span> <span class='ocrx_word' id='word_1_131' title='bbox 2261 573 2430 641; x_wconf 88' lang='lat' dir='ltr'><strong>ipsum</strong></span> <span class='ocrx_word' id='word_1_132' title='bbox 2459 587 2524 627; x_wconf 79' lang='lat' dir='ltr'><strong>ex</strong></span> <span class='ocrx_word' id='word_1_133' title='bbox 2555 571 2638 625; x_wconf 91' lang='lat' dir='ltr'><strong>ala</strong></span> <span class='ocrx_word' id='word_1_134' title='bbox 2666 571 3063 628; x_wconf 90' lang='lat' dir='ltr'><strong>denom&#39;natum</strong></span> <span class='ocrx_word' id='word_1_135' title='bbox 3094 584 3197 640; x_wconf 85' lang='lat' dir='ltr'><strong>est,</strong></span> <span class='ocrx_word' id='word_1_136' title='bbox 3226 586 3384 644; x_wconf 86' lang='lat' dir='ltr'><strong>atque</strong></span> <span class='ocrx_word' id='word_1_137' title='bbox 3406 573 3506 628; x_wconf 83' lang='lat' dir='ltr'><strong>hoc</strong></span> <span class='ocrx_word' id='word_1_138' title='bbox 3533 571 3672 628; x_wconf 88' lang='lat' dir='ltr'><strong>idem</strong></span> 
     </span>
    </p>
   </div>
   <div class='ocr_carea' id='block_1_19' title="bbox 2097 665 3155 737">
    <p class='ocr_par' dir='ltr' id='par_1_19' title="bbox 2097 665 3155 737">
     <span class='ocr_line' id='line_1_19' title="bbox 2097 665 3155 737; baseline 0 -15"><span class='ocrx_word' id='word_1_139' title='bbox 2097 677 2152 722; x_wconf 92' lang='lat' dir='ltr'><strong>et</strong></span> <span class='ocrx_word' id='word_1_140' title='bbox 2181 667 2232 721; x_wconf 91' lang='lat' dir='ltr'><strong>in</strong></span> <span class='ocrx_word' id='word_1_141' title='bbox 2262 667 2471 722; x_wconf 79' lang='lat' dir='ltr'><strong>caeteris</strong></span> <span class='ocrx_word' id='word_1_142' title='bbox 2499 665 2736 722; x_wconf 87' lang='lat' dir='ltr'><strong>relativis</strong></span> <span class='ocrx_word' id='word_1_143' title='bbox 2764 665 2888 720; x_wconf 93' lang='lat' dir='ltr'><strong>licet</strong></span> <span class='ocrx_word' id='word_1_144' title='bbox 2915 666 3155 737; x_wconf 79' lang='lat' dir='ltr'><strong>intelligi.</strong></span> 
     </span>
    </p>
   </div>
   <div class='ocr_carea' id='block_1_20' title="bbox 2175 756 3678 841">
    <p class='ocr_par' dir='ltr' id='par_1_20' title="bbox 2175 756 3678 841">
     <span class='ocr_line' id='line_1_20' title="bbox 2175 756 3678 841; baseline -0.003 -19"><span class='ocrx_word' id='word_1_145' title='bbox 2175 768 2313 824; x_wconf 87' lang='lat' dir='ltr'><strong>Nam</strong></span> <span class='ocrx_word' id='word_1_146' title='bbox 2353 770 2396 823; x_wconf 90' lang='lat' dir='ltr'><strong>si</strong></span> <span class='ocrx_word' id='word_1_147' title='bbox 2426 771 2492 822; x_wconf 91' lang='lat' dir='ltr'><strong>ad</strong></span> <span class='ocrx_word' id='word_1_148' title='bbox 2521 769 2776 841; x_wconf 76' lang='lat' dir='ltr'><strong>quodlibet</strong></span> <span class='ocrx_word' id='word_1_149' title='bbox 2811 769 2956 822; x_wconf 93' lang='lat' dir='ltr'><strong>aliud</strong></span> <span class='ocrx_word' id='word_1_150' title='bbox 2994 770 3341 840; x_wconf 69' lang='lat' dir='ltr'><strong>assignentur,</strong></span> <span class='ocrx_word' id='word_1_151' title='bbox 3386 778 3432 822; x_wconf 87' lang='lat' dir='ltr'><strong>et</strong></span> <span class='ocrx_word' id='word_1_152' title='bbox 3473 785 3573 822; x_wconf 86' lang='lat' dir='ltr'><strong>non</strong></span> <span class='ocrx_word' id='word_1_153' title='bbox 3611 756 3678 820; x_wconf 81' lang='lat' dir='ltr'><strong>ad</strong></span> 
     </span>
    </p>
   </div>
   <div class='ocr_carea' id='block_1_21' title="bbox 2100 861 3680 931">
    <p class='ocr_par' dir='ltr' id='par_1_21' title="bbox 2100 861 3680 931">
     <span class='ocr_line' id='line_1_21' title="bbox 2100 861 3680 931; baseline -0.003 -16"><span class='ocrx_word' id='word_1_154' title='bbox 2100 862 2232 916; x_wconf 84' lang='lat' dir='ltr'><strong>illud</strong></span> <span class='ocrx_word' id='word_1_155' title='bbox 2261 863 2327 915; x_wconf 91' lang='lat' dir='ltr'><strong>ad</strong></span> <span class='ocrx_word' id='word_1_156' title='bbox 2355 863 2492 931; x_wconf 89' lang='lat' dir='ltr'><strong>quod</strong></span> <span class='ocrx_word' id='word_1_157' title='bbox 2533 863 2750 928; x_wconf 84' lang='lat' dir='ltr'><strong>diritur,</strong></span> <span class='ocrx_word' id='word_1_158' title='bbox 2793 879 2894 915; x_wconf 92' lang='lat' dir='ltr'><strong>non</strong></span> <span class='ocrx_word' id='word_1_159' title='bbox 2931 870 3308 916; x_wconf 80' lang='lat' dir='ltr'><strong>convertuntur.</strong></span> <span class='ocrx_word' id='word_1_160' title='bbox 3360 861 3485 914; x_wconf 84' lang='lat' dir='ltr'><strong>Dico</strong></span> <span class='ocrx_word' id='word_1_161' title='bbox 3511 869 3680 914; x_wconf 86' lang='lat' dir='ltr'><strong>autem</strong></span> 
     </span>
    </p>
   </div>
   <div class='ocr_carea' id='block_1_22' title="bbox 2101 951 3681 1022">
    <p class='ocr_par' dir='ltr' id='par_1_22' title="bbox 2101 951 3681 1022">
     <span class='ocr_line' id='line_1_22' title="bbox 2101 951 3681 1022; baseline -0.003 -16"><span class='ocrx_word' id='word_1_162' title='bbox 2101 955 2339 1020; x_wconf 85' lang='lat' dir='ltr'><strong>quoniam</strong></span> <span class='ocrx_word' id='word_1_163' title='bbox 2377 969 2463 1006; x_wconf 83' lang='lat' dir='ltr'><strong>nec</strong></span> <span class='ocrx_word' id='word_1_164' title='bbox 2492 969 2666 1006; x_wconf 89' lang='lat' dir='ltr'><strong>eorum</strong></span> <span class='ocrx_word' id='word_1_165' title='bbox 2701 969 2812 1022; x_wconf 79' lang='lat' dir='ltr'><strong>qua:</strong></span> <span class='ocrx_word' id='word_1_166' title='bbox 2847 952 3188 1006; x_wconf 81' lang='lat' dir='ltr'><strong>indubitanter</strong></span> <span class='ocrx_word' id='word_1_167' title='bbox 3225 951 3563 1006; x_wconf 76' lang='lat' dir='ltr'><strong>convertibilia</strong></span> <span class='ocrx_word' id='word_1_168' title='bbox 3596 951 3681 1003; x_wconf 82' lang='lat' dir='ltr'><strong>di-</strong></span> 
     </span>
    </p>
   </div>
   <div class='ocr_carea' id='block_1_23' title="bbox 2104 1044 3679 1116">
    <p class='ocr_par' dir='ltr' id='par_1_23' title="bbox 2104 1044 3679 1116">
     <span class='ocr_line' id='line_1_23' title="bbox 2104 1044 3679 1116; baseline -0.003 -17"><span class='ocrx_word' id='word_1_169' title='bbox 2104 1058 2306 1111; x_wconf 86' lang='lat' dir='ltr'><strong>cuntur,</strong></span> <span class='ocrx_word' id='word_1_170' title='bbox 2331 1057 2378 1100; x_wconf 84' lang='lat' dir='ltr'><strong>et</strong></span> <span class='ocrx_word' id='word_1_171' title='bbox 2402 1047 2583 1116; x_wconf 81' lang='lat' dir='ltr'><strong>quibus</strong></span> <span class='ocrx_word' id='word_1_172' title='bbox 2606 1048 2808 1099; x_wconf 88' lang='lat' dir='ltr'><strong>nomina</strong></span> <span class='ocrx_word' id='word_1_173' title='bbox 2833 1046 2994 1114; x_wconf 89' lang='lat' dir='ltr'><strong>posita</strong></span> <span class='ocrx_word' id='word_1_174' title='bbox 3017 1054 3153 1110; x_wconf 89' lang='lat' dir='ltr'><strong>sunt,</strong></span> <span class='ocrx_word' id='word_1_175' title='bbox 3179 1044 3336 1096; x_wconf 86' lang='lat' dir='ltr'><strong>ullum</strong></span> <span class='ocrx_word' id='word_1_176' title='bbox 3355 1044 3679 1108; x_wconf 73' lang='lat' dir='ltr'><strong>convertitur,</strong></span> 
     </span>
    </p>
   </div>
   <div class='ocr_carea' id='block_1_24' title="bbox 2104 1133 3684 1206">
    <p class='ocr_par' dir='ltr' id='par_1_24' title="bbox 2104 1133 3684 1206">
     <span class='ocr_line' id='line_1_24' title="bbox 2104 1133 3684 1206; baseline -0.005 -15"><span class='ocrx_word' id='word_1_177' title='bbox 2104 1139 2150 1191; x_wconf 82' lang='lat' dir='ltr'><strong>si</strong></span> <span class='ocrx_word' id='word_1_178' title='bbox 2175 1142 2244 1190; x_wconf 87' lang='lat' dir='ltr'><strong>ad</strong></span> <span class='ocrx_word' id='word_1_179' title='bbox 2264 1137 2462 1205; x_wconf 85' lang='lat' dir='ltr'><strong>aliquid</strong></span> <span class='ocrx_word' id='word_1_180' title='bbox 2489 1153 2660 1190; x_wconf 85' lang='lat' dir='ltr'><strong>eorum</strong></span> <span class='ocrx_word' id='word_1_181' title='bbox 2687 1152 2800 1206; x_wconf 69' lang='lat' dir='ltr'><strong>qua</strong></span> <span class='ocrx_word' id='word_1_182' title='bbox 2828 1145 2942 1190; x_wconf 85' lang='lat' dir='ltr'><strong>sunt</strong></span> <span class='ocrx_word' id='word_1_183' title='bbox 2975 1136 3253 1189; x_wconf 79' lang='lat' dir='ltr'><strong>accidentia</strong></span> <span class='ocrx_word' id='word_1_184' title='bbox 3275 1133 3614 1203; x_wconf 73' lang='lat' dir='ltr'><strong>assignentur,</strong></span> <span class='ocrx_word' id='word_1_185' title='bbox 3637 1141 3684 1185; x_wconf 87' lang='lat' dir='ltr'><strong>et</strong></span> 
     </span>
    </p>
   </div>
   <div class='ocr_carea' id='block_1_25' title="bbox 2105 1223 3687 1307">
    <p class='ocr_par' dir='ltr' id='par_1_25' title="bbox 2105 1223 3687 1307">
     <span class='ocr_line' id='line_1_25' title="bbox 2105 1223 3687 1307; baseline -0.005 -25"><span class='ocrx_word' id='word_1_186' title='bbox 2105 1244 2205 1282; x_wconf 89' lang='lat' dir='ltr'><strong>non</strong></span> <span class='ocrx_word' id='word_1_187' title='bbox 2231 1227 2299 1280; x_wconf 88' lang='lat' dir='ltr'><strong>ad</strong></span> <span class='ocrx_word' id='word_1_188' title='bbox 2339 1245 2396 1280; x_wconf 85' lang='lat' dir='ltr'><strong>ea</strong></span> <span class='ocrx_word' id='word_1_189' title='bbox 2427 1229 2493 1281; x_wconf 88' lang='lat' dir='ltr'><strong>ad</strong></span> <span class='ocrx_word' id='word_1_190' title='bbox 2539 1245 2651 1297; x_wconf 70' lang='lat' dir='ltr'><strong>quin</strong></span> <span class='ocrx_word' id='word_1_191' title='bbox 2679 1230 2915 1281; x_wconf 87' lang='lat' dir='ltr'><strong>dicuntur</strong></span> <span class='ocrx_word' id='word_1_192' title='bbox 2936 1237 3038 1307; x_wconf 90' lang='lat' dir='ltr'><strong>ut</strong></span> <span class='ocrx_word' id='word_1_193' title='bbox 3065 1242 3266 1290; x_wconf 75' lang='lat' dir='ltr'><strong>servus,</strong></span> <span class='ocrx_word' id='word_1_194' title='bbox 3291 1224 3334 1280; x_wconf 89' lang='lat' dir='ltr'><strong>si</strong></span> <span class='ocrx_word' id='word_1_195' title='bbox 3363 1223 3555 1276; x_wconf 86' lang='lat' dir='ltr'><strong>domini</strong></span> <span class='ocrx_word' id='word_1_196' title='bbox 3586 1239 3687 1275; x_wconf 82' lang='lat' dir='ltr'><strong>non</strong></span> 
     </span>
    </p>
   </div>
   <div class='ocr_carea' id='block_1_26' title="bbox 2107 1315 3689 1390">
    <p class='ocr_par' dir='ltr' id='par_1_26' title="bbox 2107 1315 3689 1390">
     <span class='ocr_line' id='line_1_26' title="bbox 2107 1315 3689 1390; baseline -0.003 -19"><span class='ocrx_word' id='word_1_197' title='bbox 2107 1320 2396 1390; x_wconf 69' lang='lat' dir='ltr'><strong>assignetur</strong></span> <span class='ocrx_word' id='word_1_198' title='bbox 2421 1337 2611 1385; x_wconf 76' lang='lat' dir='ltr'><strong>servus,</strong></span> <span class='ocrx_word' id='word_1_199' title='bbox 2640 1322 2725 1374; x_wconf 85' lang='lat' dir='ltr'><strong>sed</strong></span> <span class='ocrx_word' id='word_1_200' title='bbox 2749 1321 2988 1384; x_wconf 83' lang='lat' dir='ltr'><strong>hominis,</strong></span> <span class='ocrx_word' id='word_1_201' title='bbox 3015 1319 3091 1372; x_wconf 82' lang='lat' dir='ltr'><strong>vel</strong></span> <span class='ocrx_word' id='word_1_202' title='bbox 3115 1319 3326 1389; x_wconf 82' lang='lat' dir='ltr'><strong>bipedis,</strong></span> <span class='ocrx_word' id='word_1_203' title='bbox 3356 1324 3440 1370; x_wconf 88' lang='lat' dir='ltr'><strong>aut</strong></span> <span class='ocrx_word' id='word_1_204' title='bbox 3471 1315 3689 1384; x_wconf 79' lang='lat' dir='ltr'><strong>alicujus</strong></span> 
     </span>
    </p>
   </div>
   <div class='ocr_carea' id='block_1_27' title="bbox 2107 1406 3690 1474">
    <p class='ocr_par' dir='ltr' id='par_1_27' title="bbox 2107 1406 3690 1474">
     <span class='ocr_line' id='line_1_27' title="bbox 2107 1406 3690 1474; baseline -0.002 -11"><span class='ocrx_word' id='word_1_205' title='bbox 2107 1412 2306 1474; x_wconf 85' lang='lat' dir='ltr'><strong>talium,</strong></span> <span class='ocrx_word' id='word_1_206' title='bbox 2331 1427 2431 1465; x_wconf 90' lang='lat' dir='ltr'><strong>non</strong></span> <span class='ocrx_word' id='word_1_207' title='bbox 2461 1413 2787 1466; x_wconf 81' lang='lat' dir='ltr'><strong>convertitur.</strong></span> <span class='ocrx_word' id='word_1_208' title='bbox 2824 1411 2942 1466; x_wconf 85' lang='lat' dir='ltr'><strong>Non</strong></span> <span class='ocrx_word' id='word_1_209' title='bbox 2971 1412 3105 1466; x_wconf 84' lang='lat' dir='ltr'><strong>enim</strong></span> <span class='ocrx_word' id='word_1_210' title='bbox 3135 1420 3207 1465; x_wconf 89' lang='lat' dir='ltr'><strong>est</strong></span> <span class='ocrx_word' id='word_1_211' title='bbox 3239 1410 3533 1464; x_wconf 80' lang='lat' dir='ltr'><strong>conveniens</strong></span> <span class='ocrx_word' id='word_1_212' title='bbox 3560 1406 3690 1462; x_wconf 88' lang='lat' dir='ltr'><strong>assi-</strong></span> 
     </span>
    </p>
   </div>
   <div class='ocr_carea' id='block_1_28' title="bbox 2109 1502 2302 1572">
    <p class='ocr_par' dir='ltr' id='par_1_28' title="bbox 2109 1502 2302 1572">
     <span class='ocr_line' id='line_1_28' title="bbox 2109 1502 2302 1572; baseline 0.005 -18"><span class='ocrx_word' id='word_1_213' title='bbox 2109 1502 2302 1572; x_wconf 89' lang='lat' dir='ltr'><strong>gnatio.</strong></span> 
     </span>
    </p>
   </div>
   <div class='ocr_carea' id='block_1_29' title="bbox 2183 1612 3692 1685">
    <p class='ocr_par' dir='ltr' id='par_1_29' title="bbox 2183 1612 3692 1685">
     <span class='ocr_line' id='line_1_29' title="bbox 2183 1612 3692 1685; baseline 0.004 -19"><span class='ocrx_word' id='word_1_214' title='bbox 2183 1612 2338 1667; x_wconf 83' lang='lat' dir='ltr'><strong>Aliud</strong></span> <span class='ocrx_word' id='word_1_215' title='bbox 2385 1627 2597 1684; x_wconf 88' lang='lat' dir='ltr'><strong>quoque</strong></span> <span class='ocrx_word' id='word_1_216' title='bbox 2645 1623 3012 1685; x_wconf 82' lang='lat' dir='ltr'><strong>argumentum</strong></span> <span class='ocrx_word' id='word_1_217' title='bbox 3060 1614 3246 1685; x_wconf 81' lang='lat' dir='ltr'><strong>dedit,</strong></span> <span class='ocrx_word' id='word_1_218' title='bbox 3306 1614 3351 1670; x_wconf 91' lang='lat' dir='ltr'><strong>si</strong></span> <span class='ocrx_word' id='word_1_219' title='bbox 3407 1614 3692 1672; x_wconf 86' lang='lat' dir='ltr'><strong>relationes</strong></span> 
     </span>
    </p>
   </div>
   <div class='ocr_carea' id='block_1_30' title="bbox 2111 1707 3690 1778">
    <p class='ocr_par' dir='ltr' id='par_1_30' title="bbox 2111 1707 3690 1778">
     <span class='ocr_line' id='line_1_30' title="bbox 2111 1707 3690 1778; baseline 0.003 -20"><span class='ocrx_word' id='word_1_220' title='bbox 2111 1707 2492 1761; x_wconf 85' lang='lat' dir='ltr'><strong>convenienter</strong></span> <span class='ocrx_word' id='word_1_221' title='bbox 2542 1723 2645 1761; x_wconf 92' lang='lat' dir='ltr'><strong>non</strong></span> <span class='ocrx_word' id='word_1_222' title='bbox 2698 1707 3024 1776; x_wconf 87' lang='lat' dir='ltr'><strong>reddantur,</strong></span> <span class='ocrx_word' id='word_1_223' title='bbox 3077 1723 3180 1763; x_wconf 92' lang='lat' dir='ltr'><strong>non</strong></span> <span class='ocrx_word' id='word_1_224' title='bbox 3229 1722 3384 1778; x_wconf 80' lang='lat' dir='ltr'><strong>posse</strong></span> <span class='ocrx_word' id='word_1_225' title='bbox 3429 1710 3690 1765; x_wconf 83' lang='lat' dir='ltr'><strong>converti.</strong></span> 
     </span>
    </p>
   </div>
   <div class='ocr_carea' id='block_1_31' title="bbox 2119 1797 3692 1871">
    <p class='ocr_par' dir='ltr' id='par_1_31' title="bbox 2119 1797 3692 1871">
     <span class='ocr_line' id='line_1_31' title="bbox 2119 1797 3692 1871; baseline 0.003 -19"><span class='ocrx_word' id='word_1_226' title='bbox 2119 1797 2370 1856; x_wconf 85' lang='lat' dir='ltr'><strong>Fortasse</strong></span> <span class='ocrx_word' id='word_1_227' title='bbox 2400 1801 2540 1855; x_wconf 91' lang='lat' dir='ltr'><strong>enim</strong></span> <span class='ocrx_word' id='word_1_228' title='bbox 2583 1801 2702 1871; x_wconf 90' lang='lat' dir='ltr'><strong>quis</strong></span> <span class='ocrx_word' id='word_1_229' title='bbox 2736 1801 2877 1856; x_wconf 91' lang='lat' dir='ltr'><strong>dicat</strong></span> <span class='ocrx_word' id='word_1_230' title='bbox 2907 1801 3044 1856; x_wconf 91' lang='lat' dir='ltr'><strong>alam</strong></span> <span class='ocrx_word' id='word_1_231' title='bbox 3079 1811 3133 1856; x_wconf 90' lang='lat' dir='ltr'><strong>et</strong></span> <span class='ocrx_word' id='word_1_232' title='bbox 3161 1811 3318 1871; x_wconf 91' lang='lat' dir='ltr'><strong>caput</strong></span> <span class='ocrx_word' id='word_1_233' title='bbox 3347 1816 3450 1856; x_wconf 88' lang='lat' dir='ltr'><strong>non</strong></span> <span class='ocrx_word' id='word_1_234' title='bbox 3483 1817 3601 1857; x_wconf 89' lang='lat' dir='ltr'><strong>esse</strong></span> <span class='ocrx_word' id='word_1_235' title='bbox 3627 1801 3692 1856; x_wconf 90' lang='lat' dir='ltr'><strong>ad</strong></span> 
     </span>
    </p>
   </div>
   <div class='ocr_carea' id='block_1_32' title="bbox 433 1860 3693 1963">
    <p class='ocr_par' dir='ltr' id='par_1_32' title="bbox 433 1860 3693 1963">
     <span class='ocr_line' id='line_1_32' title="bbox 433 1860 3693 1963; baseline 0.003 -38"><span class='ocrx_word' id='word_1_236' title='bbox 433 1870 656 1925; x_wconf 88' lang='lat' dir='ltr'><strong>invicctu</strong></span> <span class='ocrx_word' id='word_1_237' title='bbox 690 1867 1056 1922; x_wconf 88' lang='lat' dir='ltr'><strong>habitudinem</strong></span> <span class='ocrx_word' id='word_1_238' title='bbox 1089 1869 1577 1938; x_wconf 90' lang='lat' dir='ltr'><strong>continentiamque</strong></span> <span class='ocrx_word' id='word_1_239' title='bbox 1616 1869 1882 1936; x_wconf 86' lang='lat' dir='ltr'><strong>dicuntur,</strong></span> <span class='ocrx_word' id='word_1_240' title='bbox 1927 1882 2012 1922; x_wconf 85' lang='lat' dir='ltr'><strong>se-</strong></span> <span class='ocrx_word' id='word_1_241' title='bbox 2042 1860 2088 1922; x_wconf 89' lang='lat' dir='ltr'><strong>B</strong></span> <span class='ocrx_word' id='word_1_242' title='bbox 2116 1891 2352 1961; x_wconf 61' lang='lat' dir='ltr'><strong>aliquid.</strong></span> <span class='ocrx_word' id='word_1_243' title='bbox 2384 1893 2523 1962; x_wconf 68' lang='lat' dir='ltr'><strong>quod</strong></span> <span class='ocrx_word' id='word_1_244' title='bbox 2555 1860 2749 1961; x_wconf 55' lang='lat' dir='ltr'><strong>si&#39;quis</strong></span> <span class='ocrx_word' id='word_1_245' title='bbox 2780 1893 2879 1949; x_wconf 72' lang='lat' dir='ltr'><strong>hoc</strong></span> <span class='ocrx_word' id='word_1_246' title='bbox 2906 1909 3117 1963; x_wconf 59' lang='lat' dir='ltr'><strong>quoque</strong></span> <span class='ocrx_word' id='word_1_247' title='bbox 3143 1860 3420 1960; x_wconf 59' lang='grc' dir='ltr'><strong>οοπίοεαθι,</strong></span> <span class='ocrx_word' id='word_1_248' title='bbox 3456 1893 3582 1949; x_wconf 69' lang='lat' dir='ltr'><strong>illud</strong></span> <span class='ocrx_word' id='word_1_249' title='bbox 3615 1905 3693 1948; x_wconf 61' lang='grc' dir='ltr'><em>ιε.</em></span> 
     </span>
    </p>
   </div>
   <div class='ocr_carea' id='block_1_33' title="bbox 437 1961 2009 2032">
    <p class='ocr_par' dir='ltr' id='par_1_33' title="bbox 437 1961 2009 2032">
     <span class='ocr_line' id='line_1_33' title="bbox 437 1961 2009 2032; baseline -0.003 -13"><span class='ocrx_word' id='word_1_250' title='bbox 437 1964 662 2019; x_wconf 88' lang='lat' dir='ltr'><strong>cundum</strong></span> <span class='ocrx_word' id='word_1_251' title='bbox 690 1961 1062 2018; x_wconf 82' lang='lat' dir='ltr'><strong>continentiam</strong></span> <span class='ocrx_word' id='word_1_252' title='bbox 1110 1978 1318 2032; x_wconf 89' lang='lat' dir='ltr'><strong>quoque</strong></span> <span class='ocrx_word' id='word_1_253' title='bbox 1349 1973 1402 2016; x_wconf 90' lang='lat' dir='ltr'><strong>et</strong></span> <span class='ocrx_word' id='word_1_254' title='bbox 1433 1962 1792 2016; x_wconf 88' lang='lat' dir='ltr'><strong>habitudinem</strong></span> <span class='ocrx_word' id='word_1_255' title='bbox 1825 1977 2009 2016; x_wconf 91' lang='lat' dir='ltr'><strong>eorum</strong></span> 
     </span>
    </p>
   </div>
   <div class='ocr_carea' id='block_1_34' title="bbox 442 2055 2012 2124">
    <p class='ocr_par' dir='ltr' id='par_1_34' title="bbox 442 2055 2012 2124">
     <span class='ocr_line' id='line_1_34' title="bbox 442 2055 2012 2124; baseline -0.003 -11"><span class='ocrx_word' id='word_1_256' title='bbox 442 2057 713 2113; x_wconf 86' lang='lat' dir='ltr'><strong>conversio</strong></span> <span class='ocrx_word' id='word_1_257' title='bbox 746 2055 982 2110; x_wconf 75' lang='lat' dir='ltr'><strong>facienda</strong></span> <span class='ocrx_word' id='word_1_258' title='bbox 1007 2065 1120 2120; x_wconf 89' lang='lat' dir='ltr'><strong>est,</strong></span> <span class='ocrx_word' id='word_1_259' title='bbox 1154 2073 1253 2124; x_wconf 91' lang='lat' dir='ltr'><strong>qua</strong></span> <span class='ocrx_word' id='word_1_260' title='bbox 1287 2057 1338 2110; x_wconf 91' lang='lat' dir='ltr'><strong>in</strong></span> <span class='ocrx_word' id='word_1_261' title='bbox 1375 2070 1432 2111; x_wconf 94' lang='lat' dir='ltr'><strong>rc</strong></span> <span class='ocrx_word' id='word_1_262' title='bbox 1462 2071 1558 2109; x_wconf 91' lang='lat' dir='ltr'><strong>nos</strong></span> <span class='ocrx_word' id='word_1_263' title='bbox 1600 2070 1810 2124; x_wconf 89' lang='lat' dir='ltr'><strong>quoque</strong></span> <span class='ocrx_word' id='word_1_264' title='bbox 1836 2055 2012 2124; x_wconf 88' lang='lat' dir='ltr'><strong>gravi-</strong></span> 
     </span>
    </p>
   </div>
   <div class='ocr_carea' id='block_1_35' title="bbox 443 2145 2014 2203">
    <p class='ocr_par' dir='ltr' id='par_1_35' title="bbox 443 2145 2014 2203">
     <span class='ocr_line' id='line_1_35' title="bbox 443 2145 2014 2203; baseline -0.002 -1"><span class='ocrx_word' id='word_1_265' title='bbox 443 2158 521 2203; x_wconf 86' lang='lat' dir='ltr'><strong>ter</strong></span> <span class='ocrx_word' id='word_1_266' title='bbox 564 2149 788 2203; x_wconf 81' lang='lat' dir='ltr'><strong>dicertis</strong></span> <span class='ocrx_word' id='word_1_267' title='bbox 831 2147 1069 2202; x_wconf 82' lang='lat' dir='ltr'><strong>Jamblici</strong></span> <span class='ocrx_word' id='word_1_268' title='bbox 1111 2148 1410 2202; x_wconf 87' lang='lat' dir='ltr'><strong>auctoritati</strong></span> <span class='ocrx_word' id='word_1_269' title='bbox 1455 2147 1818 2202; x_wconf 89' lang='lat' dir='ltr'><strong>concedimus.</strong></span> <span class='ocrx_word' id='word_1_270' title='bbox 1866 2145 2014 2199; x_wconf 71' lang='lat' dir='ltr'><strong>Nunc</strong></span> 
     </span>
    </p>
   </div>
   <div class='ocr_carea' id='block_1_36' title="bbox 439 2241 2016 2312">
    <p class='ocr_par' dir='ltr' id='par_1_36' title="bbox 439 2241 2016 2312">
     <span class='ocr_line' id='line_1_36' title="bbox 439 2241 2016 2312; baseline 0.002 -20"><span class='ocrx_word' id='word_1_271' title='bbox 439 2257 564 2296; x_wconf 86' lang='lat' dir='ltr'><strong>vero</strong></span> <span class='ocrx_word' id='word_1_272' title='bbox 588 2258 704 2311; x_wconf 82' lang='lat' dir='ltr'><strong>qme</strong></span> <span class='ocrx_word' id='word_1_273' title='bbox 721 2243 787 2295; x_wconf 91' lang='lat' dir='ltr'><strong>sit</strong></span> <span class='ocrx_word' id='word_1_274' title='bbox 806 2257 892 2295; x_wconf 90' lang='lat' dir='ltr'><strong>ars</strong></span> <span class='ocrx_word' id='word_1_275' title='bbox 916 2241 1143 2312; x_wconf 80' lang='lat' dir='ltr'><strong>ﬁngendi</strong></span> <span class='ocrx_word' id='word_1_276' title='bbox 1167 2244 1378 2296; x_wconf 90' lang='lat' dir='ltr'><strong>nomina</strong></span> <span class='ocrx_word' id='word_1_277' title='bbox 1407 2242 1573 2296; x_wconf 89' lang='lat' dir='ltr'><strong>sicubi</strong></span> <span class='ocrx_word' id='word_1_278' title='bbox 1602 2241 1814 2306; x_wconf 88' lang='lat' dir='ltr'><strong>desunt,</strong></span> <span class='ocrx_word' id='word_1_279' title='bbox 1834 2241 2016 2295; x_wconf 87' lang='lat' dir='ltr'><strong>dicen-</strong></span> 
     </span>
    </p>
   </div>
   <div class='ocr_carea' id='block_1_37' title="bbox 440 2331 1963 2402">
    <p class='ocr_par' dir='ltr' id='par_1_37' title="bbox 440 2331 1963 2402">
     <span class='ocr_line' id='line_1_37' title="bbox 440 2331 1963 2402; baseline -0.001 -16"><span class='ocrx_word' id='word_1_280' title='bbox 440 2333 560 2388; x_wconf 92' lang='lat' dir='ltr'><strong>dum</strong></span> <span class='ocrx_word' id='word_1_281' title='bbox 583 2333 812 2398; x_wconf 89' lang='lat' dir='ltr'><strong>videtur,</strong></span> <span class='ocrx_word' id='word_1_282' title='bbox 836 2347 992 2402; x_wconf 88' lang='lat' dir='ltr'><strong>quam</strong></span> <span class='ocrx_word' id='word_1_283' title='bbox 1019 2334 1132 2402; x_wconf 92' lang='lat' dir='ltr'><strong>ipse</strong></span> <span class='ocrx_word' id='word_1_284' title='bbox 1155 2333 1465 2388; x_wconf 81' lang='lat' dir='ltr'><strong>Aristoteles</strong></span> <span class='ocrx_word' id='word_1_285' title='bbox 1487 2332 1566 2386; x_wconf 88' lang='lat' dir='ltr'><strong>his</strong></span> <span class='ocrx_word' id='word_1_286' title='bbox 1587 2332 1761 2388; x_wconf 85' lang='lat' dir='ltr'><strong>verbis</strong></span> <span class='ocrx_word' id='word_1_287' title='bbox 1786 2331 1963 2386; x_wconf 91' lang='lat' dir='ltr'><strong>tradit.</strong></span> 
     </span>
    </p>
   </div>
   <div class='ocr_carea' id='block_1_38' title="bbox 511 2433 2018 2502">
    <p class='ocr_par' dir='ltr' id='par_1_38' title="bbox 511 2433 2018 2502">
     <span class='ocr_line' id='line_1_38' title="bbox 511 2433 2018 2502; baseline 0 -16"><span class='ocrx_word' id='word_1_288' title='bbox 511 2433 600 2487; x_wconf 85' lang='lat' dir='ltr'><strong>Sic</strong></span> <span class='ocrx_word' id='word_1_289' title='bbox 627 2441 792 2486; x_wconf 89' lang='lat' dir='ltr'><strong>autem</strong></span> <span class='ocrx_word' id='word_1_290' title='bbox 821 2433 1033 2500; x_wconf 77' lang='lat' dir='ltr'><strong>fortasse</strong></span> <span class='ocrx_word' id='word_1_291' title='bbox 1058 2434 1171 2501; x_wconf 88' lang='lat' dir='ltr'><strong>quis</strong></span> <span class='ocrx_word' id='word_1_292' title='bbox 1195 2433 1345 2502; x_wconf 75' lang='lat' dir='ltr'><strong>facile</strong></span> <span class='ocrx_word' id='word_1_293' title='bbox 1373 2442 1533 2486; x_wconf 85' lang='lat' dir='ltr'><strong>sumet</strong></span> <span class='ocrx_word' id='word_1_294' title='bbox 1556 2433 1606 2485; x_wconf 91' lang='lat' dir='ltr'><strong>in</strong></span> <span class='ocrx_word' id='word_1_295' title='bbox 1633 2433 1812 2501; x_wconf 86' lang='lat' dir='ltr'><strong>quibus</strong></span> <span class='ocrx_word' id='word_1_296' title='bbox 1839 2449 2018 2486; x_wconf 75' lang='lat' dir='ltr'><strong>nomen</strong></span> 
     </span>
    </p>
   </div>
   <div class='ocr_carea' id='block_1_39' title="bbox 443 2525 2016 2595">
    <p class='ocr_par' dir='ltr' id='par_1_39' title="bbox 443 2525 2016 2595">
     <span class='ocr_line' id='line_1_39' title="bbox 443 2525 2016 2595; baseline -0.001 -15"><span class='ocrx_word' id='word_1_297' title='bbox 443 2537 511 2580; x_wconf 88' lang='lat' dir='ltr'><strong>est</strong></span> <span class='ocrx_word' id='word_1_298' title='bbox 531 2528 775 2595; x_wconf 83' lang='lat' dir='ltr'><strong>positum,</strong></span> <span class='ocrx_word' id='word_1_299' title='bbox 802 2525 844 2577; x_wconf 88' lang='lat' dir='ltr'><strong>si</strong></span> <span class='ocrx_word' id='word_1_300' title='bbox 873 2525 932 2578; x_wconf 91' lang='lat' dir='ltr'><strong>ab</strong></span> <span class='ocrx_word' id='word_1_301' title='bbox 959 2525 1036 2578; x_wconf 85' lang='lat' dir='ltr'><strong>his</strong></span> <span class='ocrx_word' id='word_1_302' title='bbox 1081 2540 1193 2595; x_wconf 82' lang='lat' dir='ltr'><strong>qua:</strong></span> <span class='ocrx_word' id='word_1_303' title='bbox 1217 2526 1379 2595; x_wconf 86' lang='lat' dir='ltr'><strong>prima</strong></span> <span class='ocrx_word' id='word_1_304' title='bbox 1405 2535 1520 2579; x_wconf 89' lang='lat' dir='ltr'><strong>sunt</strong></span> <span class='ocrx_word' id='word_1_305' title='bbox 1555 2525 1634 2579; x_wconf 85' lang='lat' dir='ltr'><strong>his</strong></span> <span class='ocrx_word' id='word_1_306' title='bbox 1662 2525 1728 2577; x_wconf 89' lang='lat' dir='ltr'><strong>ad</strong></span> <span class='ocrx_word' id='word_1_307' title='bbox 1753 2541 1864 2592; x_wconf 75' lang='lat' dir='ltr'><strong>qua:</strong></span> <span class='ocrx_word' id='word_1_308' title='bbox 1895 2541 2016 2578; x_wconf 88' lang='lat' dir='ltr'><strong>con-</strong></span> 
     </span>
    </p>
   </div>
   <div class='ocr_carea' id='block_1_40' title="bbox 446 2617 2020 2686">
    <p class='ocr_par' dir='ltr' id='par_1_40' title="bbox 446 2617 2020 2686">
     <span class='ocr_line' id='line_1_40' title="bbox 446 2617 2020 2686; baseline 0 -16"><span class='ocrx_word' id='word_1_309' title='bbox 446 2628 700 2670; x_wconf 74' lang='lat' dir='ltr'><strong>t&#39;ertuutur</strong></span> <span class='ocrx_word' id='word_1_310' title='bbox 731 2617 936 2669; x_wconf 88' lang='lat' dir='ltr'><strong>nomina</strong></span> <span class='ocrx_word' id='word_1_311' title='bbox 966 2625 1152 2686; x_wconf 87' lang='lat' dir='ltr'><strong>ponat,</strong></span> <span class='ocrx_word' id='word_1_312' title='bbox 1189 2627 1241 2669; x_wconf 89' lang='lat' dir='ltr'><strong>ut</strong></span> <span class='ocrx_word' id='word_1_313' title='bbox 1269 2617 1319 2670; x_wconf 88' lang='lat' dir='ltr'><strong>in</strong></span> <span class='ocrx_word' id='word_1_314' title='bbox 1371 2617 1450 2669; x_wconf 86' lang='lat' dir='ltr'><strong>his</strong></span> <span class='ocrx_word' id='word_1_315' title='bbox 1476 2632 1588 2685; x_wconf 77' lang='lat' dir='ltr'><strong>qute</strong></span> <span class='ocrx_word' id='word_1_316' title='bbox 1622 2617 1757 2668; x_wconf 88' lang='lat' dir='ltr'><strong>dicta</strong></span> <span class='ocrx_word' id='word_1_317' title='bbox 1792 2626 1925 2683; x_wconf 84' lang='lat' dir='ltr'><strong>sunt,</strong></span> <span class='ocrx_word' id='word_1_318' title='bbox 1957 2617 2020 2670; x_wconf 87' lang='lat' dir='ltr'><strong>ab</strong></span> 
     </span>
    </p>
   </div>
   <div class='ocr_carea' id='block_1_41' title="bbox 449 2708 2022 2777">
    <p class='ocr_par' dir='ltr' id='par_1_41' title="bbox 449 2708 2022 2777">
     <span class='ocr_line' id='line_1_41' title="bbox 449 2708 2022 2777; baseline -0.001 -14"><span class='ocrx_word' id='word_1_319' title='bbox 449 2713 528 2763; x_wconf 75' lang='lat' dir='ltr'><strong>sia</strong></span> <span class='ocrx_word' id='word_1_320' title='bbox 558 2711 773 2774; x_wconf 88' lang='lat' dir='ltr'><strong>alatunt,</strong></span> <span class='ocrx_word' id='word_1_321' title='bbox 807 2727 834 2762; x_wconf 89' lang='lat' dir='ltr'><strong>a</strong></span> <span class='ocrx_word' id='word_1_322' title='bbox 869 2725 1004 2762; x_wconf 87' lang='lat' dir='ltr'><strong>remo</strong></span> <span class='ocrx_word' id='word_1_323' title='bbox 1039 2710 1290 2763; x_wconf 89' lang='lat' dir='ltr'><strong>remitum.</strong></span> <span class='ocrx_word' id='word_1_324' title='bbox 1331 2709 1515 2762; x_wconf 82' lang='lat' dir='ltr'><strong>Omnia</strong></span> <span class='ocrx_word' id='word_1_325' title='bbox 1544 2724 1664 2777; x_wconf 79' lang='lat' dir='ltr'><strong>ergo</strong></span> <span class='ocrx_word' id='word_1_326' title='bbox 1690 2724 1802 2776; x_wconf 77' lang='lat' dir='ltr'><strong>qua:</strong></span> <span class='ocrx_word' id='word_1_327' title='bbox 1835 2709 1900 2760; x_wconf 90' lang='lat' dir='ltr'><strong>ad</strong></span> <span class='ocrx_word' id='word_1_328' title='bbox 1925 2708 2022 2761; x_wconf 88' lang='lat' dir='ltr'><strong>ali-</strong></span> 
     </span>
    </p>
   </div>
   <div class='ocr_carea' id='block_1_42' title="bbox 449 2801 2018 2872">
    <p class='ocr_par' dir='ltr' id='par_1_42' title="bbox 449 2801 2018 2872">
     <span class='ocr_line' id='line_1_42' title="bbox 449 2801 2018 2872; baseline -0.003 -15"><span class='ocrx_word' id='word_1_329' title='bbox 449 2805 564 2872; x_wconf 79' lang='lat' dir='ltr'><strong>quid</strong></span> <span class='ocrx_word' id='word_1_330' title='bbox 587 2804 853 2866; x_wconf 88' lang='lat' dir='ltr'><strong>dicuntur,</strong></span> <span class='ocrx_word' id='word_1_331' title='bbox 883 2804 925 2856; x_wconf 88' lang='lat' dir='ltr'><strong>si</strong></span> <span class='ocrx_word' id='word_1_332' title='bbox 958 2802 1301 2856; x_wconf 75' lang='lat' dir='ltr'><strong>convenienter</strong></span> <span class='ocrx_word' id='word_1_333' title='bbox 1331 2803 1672 2870; x_wconf 78' lang='lat' dir='ltr'><strong>assignentur,</strong></span> <span class='ocrx_word' id='word_1_334' title='bbox 1710 2801 1776 2853; x_wconf 89' lang='lat' dir='ltr'><strong>ad</strong></span> <span class='ocrx_word' id='word_1_335' title='bbox 1809 2816 2018 2855; x_wconf 78' lang='lat' dir='ltr'><strong>conver-</strong></span> 
     </span>
    </p>
   </div>
   <div class='ocr_carea' id='block_1_43' title="bbox 451 2896 938 2949">
    <p class='ocr_par' dir='ltr' id='par_1_43' title="bbox 451 2896 938 2949">
     <span class='ocr_line' id='line_1_43' title="bbox 451 2896 938 2949; baseline -0.004 -1"><span class='ocrx_word' id='word_1_336' title='bbox 451 2897 652 2949; x_wconf 82' lang='lat' dir='ltr'><strong>tentiam</strong></span> <span class='ocrx_word' id='word_1_337' title='bbox 681 2896 938 2948; x_wconf 87' lang='lat' dir='ltr'><strong>dicuntur.</strong></span> 
     </span>
    </p>
   </div>
   <div class='ocr_carea' id='block_1_44' title="bbox 521 2992 2023 3078">
    <p class='ocr_par' dir='ltr' id='par_1_44' title="bbox 521 2992 2023 3078">
     <span class='ocr_line' id='line_1_44' title="bbox 521 2992 2023 3078; baseline -0.003 -27"><span class='ocrx_word' id='word_1_338' title='bbox 521 2997 776 3063; x_wconf 88' lang='lat' dir='ltr'><strong>Quoniam</strong></span> <span class='ocrx_word' id='word_1_339' title='bbox 809 3002 929 3048; x_wconf 90' lang='lat' dir='ltr'><strong>sunt</strong></span> <span class='ocrx_word' id='word_1_340' title='bbox 959 3008 1078 3064; x_wconf 62' lang='lat' dir='ltr'><strong>quae</strong></span> <span class='ocrx_word' id='word_1_341' title='bbox 1112 2992 1179 3046; x_wconf 88' lang='lat' dir='ltr'><strong>ita</strong></span> <span class='ocrx_word' id='word_1_342' title='bbox 1213 2992 1458 3046; x_wconf 90' lang='lat' dir='ltr'><strong>dicuntur</strong></span> <span class='ocrx_word' id='word_1_343' title='bbox 1485 2993 1546 3046; x_wconf 92' lang='lat' dir='ltr'><strong>ad</strong></span> <span class='ocrx_word' id='word_1_344' title='bbox 1579 2992 1808 3078; x_wconf 89' lang='lat' dir='ltr'><strong>aliquid,</strong></span> <span class='ocrx_word' id='word_1_345' title='bbox 1841 3000 1898 3048; x_wconf 90' lang='lat' dir='ltr'><strong>ut</strong></span> <span class='ocrx_word' id='word_1_346' title='bbox 1923 2992 2023 3048; x_wconf 87' lang='lat' dir='ltr'><strong>nisi</strong></span> 
     </span>
    </p>
   </div>
   <div class='ocr_carea' id='block_1_45' title="bbox 457 3087 2026 3161">
    <p class='ocr_par' dir='ltr' id='par_1_45' title="bbox 457 3087 2026 3161">
     <span class='ocr_line' id='line_1_45' title="bbox 457 3087 2026 3161; baseline -0.004 -14"><span class='ocrx_word' id='word_1_347' title='bbox 457 3093 827 3148; x_wconf 89' lang='lat' dir='ltr'><strong>convenienter</strong></span> <span class='ocrx_word' id='word_1_348' title='bbox 870 3097 1117 3161; x_wconf 87' lang='lat' dir='ltr'><strong>aptentur</strong></span> <span class='ocrx_word' id='word_1_349' title='bbox 1156 3087 1432 3143; x_wconf 86' lang='lat' dir='ltr'><strong>conversio</strong></span> <span class='ocrx_word' id='word_1_350' title='bbox 1469 3087 1609 3141; x_wconf 91' lang='lat' dir='ltr'><strong>nulla</strong></span> <span class='ocrx_word' id='word_1_351' title='bbox 1640 3088 1744 3154; x_wconf 88' lang='lat' dir='ltr'><strong>sit,</strong></span> <span class='ocrx_word' id='word_1_352' title='bbox 1775 3087 1827 3142; x_wconf 92' lang='lat' dir='ltr'><strong>in</strong></span> <span class='ocrx_word' id='word_1_353' title='bbox 1857 3088 2026 3142; x_wconf 84' lang='lat' dir='ltr'><strong>omni-</strong></span> 
     </span>
    </p>
   </div>
   <div class='ocr_carea' id='block_1_46' title="bbox 458 3179 2028 3251">
    <p class='ocr_par' dir='ltr' id='par_1_46' title="bbox 458 3179 2028 3251">
     <span class='ocr_line' id='line_1_46' title="bbox 458 3179 2028 3251; baseline -0.003 -13"><span class='ocrx_word' id='word_1_354' title='bbox 458 3180 553 3238; x_wconf 82' lang='lat' dir='ltr'><strong>bus</strong></span> <span class='ocrx_word' id='word_1_355' title='bbox 573 3192 742 3238; x_wconf 86' lang='lat' dir='ltr'><strong>autem</strong></span> <span class='ocrx_word' id='word_1_356' title='bbox 764 3181 827 3236; x_wconf 86' lang='lat' dir='ltr'><strong>ad</strong></span> <span class='ocrx_word' id='word_1_357' title='bbox 848 3181 1046 3251; x_wconf 89' lang='lat' dir='ltr'><strong>aliquid</strong></span> <span class='ocrx_word' id='word_1_358' title='bbox 1069 3180 1470 3234; x_wconf 86' lang='lat' dir='ltr'><strong>conversionem</strong></span> <span class='ocrx_word' id='word_1_359' title='bbox 1495 3179 1788 3248; x_wconf 82' lang='lat' dir='ltr'><strong>exspectari</strong></span> <span class='ocrx_word' id='word_1_360' title='bbox 1810 3193 2028 3234; x_wconf 89' lang='lat' dir='ltr'><strong>necesse</strong></span> 
     </span>
    </p>
   </div>
   <div class='ocr_carea' id='block_1_47' title="bbox 2119 1983 3694 2054">
    <p class='ocr_par' dir='ltr' id='par_1_47' title="bbox 2119 1983 3694 2054">
     <span class='ocr_line' id='line_1_47' title="bbox 2119 1983 3694 2054; baseline 0.002 -17"><span class='ocrx_word' id='word_1_361' title='bbox 2119 1997 2239 2037; x_wconf 91' lang='lat' dir='ltr'><strong>men</strong></span> <span class='ocrx_word' id='word_1_362' title='bbox 2263 1983 2441 2038; x_wconf 89' lang='lat' dir='ltr'><strong>nullus</strong></span> <span class='ocrx_word' id='word_1_363' title='bbox 2465 1999 2659 2054; x_wconf 86' lang='lat' dir='ltr'><strong>negare</strong></span> <span class='ocrx_word' id='word_1_364' title='bbox 2686 1986 2899 2054; x_wconf 90' lang='lat' dir='ltr'><strong>poterit,</strong></span> <span class='ocrx_word' id='word_1_365' title='bbox 2925 1985 3050 2054; x_wconf 93' lang='lat' dir='ltr'><strong>quin</strong></span> <span class='ocrx_word' id='word_1_366' title='bbox 3079 2000 3261 2040; x_wconf 88' lang='lat' dir='ltr'><strong>servus</strong></span> <span class='ocrx_word' id='word_1_367' title='bbox 3283 1995 3371 2039; x_wconf 87' lang='lat' dir='ltr'><strong>aut</strong></span> <span class='ocrx_word' id='word_1_368' title='bbox 3397 1986 3534 2040; x_wconf 79' lang='lat' dir='ltr'><strong>illius</strong></span> <span class='ocrx_word' id='word_1_369' title='bbox 3555 2001 3694 2041; x_wconf 80' lang='lat' dir='ltr'><strong>sem-</strong></span> 
     </span>
    </p>
   </div>
   <div class='ocr_carea' id='block_1_48' title="bbox 2116 2075 3695 2146">
    <p class='ocr_par' dir='ltr' id='par_1_48' title="bbox 2116 2075 3695 2146">
     <span class='ocr_line' id='line_1_48' title="bbox 2116 2075 3695 2146; baseline 0.002 -18"><span class='ocrx_word' id='word_1_370' title='bbox 2116 2089 2211 2144; x_wconf 90' lang='lat' dir='ltr'><strong>per</strong></span> <span class='ocrx_word' id='word_1_371' title='bbox 2241 2076 2304 2129; x_wconf 90' lang='lat' dir='ltr'><strong>ad</strong></span> <span class='ocrx_word' id='word_1_372' title='bbox 2347 2075 2488 2128; x_wconf 92' lang='lat' dir='ltr'><strong>aliud</strong></span> <span class='ocrx_word' id='word_1_373' title='bbox 2521 2076 2894 2144; x_wconf 61' lang='lat' dir='ltr'><strong>praedicentur.</strong></span> <span class='ocrx_word' id='word_1_374' title='bbox 2957 2076 3098 2146; x_wconf 88' lang='lat' dir='ltr'><strong>Ergo</strong></span> <span class='ocrx_word' id='word_1_375' title='bbox 3141 2075 3192 2130; x_wconf 92' lang='lat' dir='ltr'><strong>in</strong></span> <span class='ocrx_word' id='word_1_376' title='bbox 3225 2077 3324 2130; x_wconf 89' lang='lat' dir='ltr'><strong>hac</strong></span> <span class='ocrx_word' id='word_1_377' title='bbox 3352 2091 3560 2146; x_wconf 88' lang='lat' dir='ltr'><strong>quoque</strong></span> <span class='ocrx_word' id='word_1_378' title='bbox 3615 2091 3695 2142; x_wconf 87' lang='lat' dir='ltr'><strong>re,</strong></span> 
     </span>
    </p>
   </div>
   <div class='ocr_carea' id='block_1_49' title="bbox 2122 2167 3696 2236">
    <p class='ocr_par' dir='ltr' id='par_1_49' title="bbox 2122 2167 3696 2236">
     <span class='ocr_line' id='line_1_49' title="bbox 2122 2167 3696 2236; baseline 0.002 -18"><span class='ocrx_word' id='word_1_379' title='bbox 2122 2179 2242 2235; x_wconf 62' lang='grc' dir='ltr'><strong>(με</strong></span> <span class='ocrx_word' id='word_1_380' title='bbox 2282 2167 2541 2222; x_wconf 80' lang='lat' dir='ltr'><strong>confessae</strong></span> <span class='ocrx_word' id='word_1_381' title='bbox 2581 2168 2800 2222; x_wconf 87' lang='lat' dir='ltr'><strong>relativa</strong></span> <span class='ocrx_word' id='word_1_382' title='bbox 2844 2177 2925 2222; x_wconf 89' lang='lat' dir='ltr'><strong>est</strong></span> <span class='ocrx_word' id='word_1_383' title='bbox 2951 2209 2964 2231; x_wconf 90' lang='lat'><strong>,</strong></span> <span class='ocrx_word' id='word_1_384' title='bbox 3007 2169 3140 2236; x_wconf 89' lang='lat' dir='ltr'><strong>perit</strong></span> <span class='ocrx_word' id='word_1_385' title='bbox 3183 2167 3454 2222; x_wconf 83' lang='lat' dir='ltr'><strong>relationis</strong></span> <span class='ocrx_word' id='word_1_386' title='bbox 3487 2167 3696 2236; x_wconf 83' lang='lat' dir='ltr'><strong>propria</strong></span> 
     </span>
    </p>
   </div>
   <div class='ocr_carea' id='block_1_50' title="bbox 2119 2257 3697 2328">
    <p class='ocr_par' dir='ltr' id='par_1_50' title="bbox 2119 2257 3697 2328">
     <span class='ocr_line' id='line_1_50' title="bbox 2119 2257 3697 2328; baseline 0.001 -16"><span class='ocrx_word' id='word_1_387' title='bbox 2119 2259 2436 2322; x_wconf 82' lang='lat' dir='ltr'><strong>conversio,</strong></span> <span class='ocrx_word' id='word_1_388' title='bbox 2468 2259 2511 2313; x_wconf 91' lang='lat' dir='ltr'><strong>si</strong></span> <span class='ocrx_word' id='word_1_389' title='bbox 2541 2274 2643 2314; x_wconf 91' lang='lat' dir='ltr'><strong>non</strong></span> <span class='ocrx_word' id='word_1_390' title='bbox 2675 2259 3056 2314; x_wconf 87' lang='lat' dir='ltr'><strong>convenienter</strong></span> <span class='ocrx_word' id='word_1_391' title='bbox 3097 2268 3150 2314; x_wconf 90' lang='lat' dir='ltr'><strong>et</strong></span> <span class='ocrx_word' id='word_1_392' title='bbox 3196 2259 3261 2312; x_wconf 89' lang='lat' dir='ltr'><strong>ad</strong></span> <span class='ocrx_word' id='word_1_393' title='bbox 3294 2259 3424 2313; x_wconf 91' lang='lat' dir='ltr'><strong>illud</strong></span> <span class='ocrx_word' id='word_1_394' title='bbox 3456 2258 3520 2313; x_wconf 92' lang='lat' dir='ltr'><strong>ad</strong></span> <span class='ocrx_word' id='word_1_395' title='bbox 3556 2257 3697 2328; x_wconf 89' lang='lat' dir='ltr'><strong>quod</strong></span> 
     </span>
    </p>
   </div>
   <div class='ocr_carea' id='block_1_51' title="bbox 2118 2349 3698 2420">
    <p class='ocr_par' dir='ltr' id='par_1_51' title="bbox 2118 2349 3698 2420">
     <span class='ocr_line' id='line_1_51' title="bbox 2118 2349 3698 2420; baseline 0.003 -18"><span class='ocrx_word' id='word_1_396' title='bbox 2118 2349 2335 2418; x_wconf 88' lang='lat' dir='ltr'><strong>proprie</strong></span> <span class='ocrx_word' id='word_1_397' title='bbox 2392 2351 2584 2405; x_wconf 91' lang='lat' dir='ltr'><strong>dicitur</strong></span> <span class='ocrx_word' id='word_1_398' title='bbox 2622 2351 2940 2420; x_wconf 87' lang='lat' dir='ltr'><strong>assignetur.</strong></span> <span class='ocrx_word' id='word_1_399' title='bbox 2983 2350 3113 2406; x_wconf 85' lang='lat' dir='ltr'><strong>Nam</strong></span> <span class='ocrx_word' id='word_1_400' title='bbox 3146 2365 3264 2406; x_wconf 91' lang='lat' dir='ltr'><strong>cum</strong></span> <span class='ocrx_word' id='word_1_401' title='bbox 3296 2350 3366 2406; x_wconf 89' lang='lat' dir='ltr'><strong>sit</strong></span> <span class='ocrx_word' id='word_1_402' title='bbox 3395 2350 3459 2404; x_wconf 90' lang='lat' dir='ltr'><strong>ad</strong></span> <span class='ocrx_word' id='word_1_403' title='bbox 3497 2349 3698 2419; x_wconf 86' lang='lat' dir='ltr'><strong>aliquid</strong></span> 
     </span>
    </p>
   </div>
   <div class='ocr_carea' id='block_1_52' title="bbox 2120 2440 3699 2513">
    <p class='ocr_par' dir='ltr' id='par_1_52' title="bbox 2120 2440 3699 2513">
     <span class='ocr_line' id='line_1_52' title="bbox 2120 2440 3699 2513; baseline 0 -17"><span class='ocrx_word' id='word_1_404' title='bbox 2120 2454 2305 2496; x_wconf 84' lang='lat' dir='ltr'><strong>servus</strong></span> <span class='ocrx_word' id='word_1_405' title='bbox 2334 2483 2348 2505; x_wconf 87' lang='lat'><strong>,</strong></span> <span class='ocrx_word' id='word_1_406' title='bbox 2392 2442 2490 2496; x_wconf 90' lang='lat' dir='ltr'><strong>nisi</strong></span> <span class='ocrx_word' id='word_1_407' title='bbox 2533 2442 2730 2496; x_wconf 91' lang='lat' dir='ltr'><strong>domini</strong></span> <span class='ocrx_word' id='word_1_408' title='bbox 2764 2443 3035 2508; x_wconf 83' lang='lat' dir='ltr'><strong>reddatur,</strong></span> <span class='ocrx_word' id='word_1_409' title='bbox 3075 2442 3127 2498; x_wconf 92' lang='lat' dir='ltr'><strong>id</strong></span> <span class='ocrx_word' id='word_1_410' title='bbox 3155 2451 3256 2508; x_wconf 87' lang='lat' dir='ltr'><strong>est,</strong></span> <span class='ocrx_word' id='word_1_411' title='bbox 3290 2442 3356 2496; x_wconf 91' lang='lat' dir='ltr'><strong>ad</strong></span> <span class='ocrx_word' id='word_1_412' title='bbox 3391 2441 3442 2497; x_wconf 90' lang='lat' dir='ltr'><strong>id</strong></span> <span class='ocrx_word' id='word_1_413' title='bbox 3467 2441 3533 2497; x_wconf 86' lang='lat' dir='ltr'><strong>ad</strong></span> <span class='ocrx_word' id='word_1_414' title='bbox 3558 2440 3699 2513; x_wconf 88' lang='lat' dir='ltr'><strong>quod</strong></span> 
     </span>
    </p>
   </div>
   <div class='ocr_carea' id='block_1_53' title="bbox 2121 2532 3721 2599">
    <p class='ocr_par' dir='ltr' id='par_1_53' title="bbox 2121 2532 3721 2599">
     <span class='ocr_line' id='line_1_53' title="bbox 2121 2532 3721 2599; baseline 0.002 -14"><span class='ocrx_word' id='word_1_415' title='bbox 2121 2532 2502 2588; x_wconf 87' lang='lat' dir='ltr'><strong>convenienter</strong></span> <span class='ocrx_word' id='word_1_416' title='bbox 2521 2533 2736 2599; x_wconf 85' lang='lat' dir='ltr'><strong>dicitur,</strong></span> <span class='ocrx_word' id='word_1_417' title='bbox 2764 2534 2904 2588; x_wconf 90' lang='lat' dir='ltr'><strong>nulla</strong></span> <span class='ocrx_word' id='word_1_418' title='bbox 2935 2534 3033 2589; x_wconf 89' lang='lat' dir='ltr'><strong>hac</strong></span> <span class='ocrx_word' id='word_1_419' title='bbox 3062 2535 3267 2590; x_wconf 83' lang='lat' dir='ltr'><strong>ratione</strong></span> <span class='ocrx_word' id='word_1_420' title='bbox 3287 2535 3568 2590; x_wconf 90' lang='lat' dir='ltr'><strong>conversio</strong></span> <span class='ocrx_word' id='word_1_421' title='bbox 3593 2535 3721 2590; x_wconf 74' lang='lat' dir='ltr'><strong>est.’</strong></span> 
     </span>
    </p>
   </div>
   <div class='ocr_carea' id='block_1_54' title="bbox 2123 2622 3701 2697">
    <p class='ocr_par' dir='ltr' id='par_1_54' title="bbox 2123 2622 3701 2697">
     <span class='ocr_line' id='line_1_54' title="bbox 2123 2622 3701 2697; baseline 0.003 -19"><span class='ocrx_word' id='word_1_422' title='bbox 2123 2622 2340 2678; x_wconf 87' lang='lat' dir='ltr'><strong>Dicatur</strong></span> <span class='ocrx_word' id='word_1_423' title='bbox 2364 2641 2491 2695; x_wconf 84' lang='lat' dir='ltr'><strong>ergo</strong></span> <span class='ocrx_word' id='word_1_424' title='bbox 2512 2640 2697 2680; x_wconf 86' lang='lat' dir='ltr'><strong>servus</strong></span> <span class='ocrx_word' id='word_1_425' title='bbox 2724 2626 2978 2692; x_wconf 86' lang='lat' dir='ltr'><strong>hominis,</strong></span> <span class='ocrx_word' id='word_1_426' title='bbox 3009 2627 3089 2683; x_wconf 87' lang='lat' dir='ltr'><strong>vel</strong></span> <span class='ocrx_word' id='word_1_427' title='bbox 3121 2641 3308 2683; x_wconf 84' lang='lat' dir='ltr'><strong>servus</strong></span> <span class='ocrx_word' id='word_1_428' title='bbox 3339 2626 3564 2697; x_wconf 89' lang='lat' dir='ltr'><strong>bipedis,</strong></span> <span class='ocrx_word' id='word_1_429' title='bbox 3594 2641 3701 2682; x_wconf 88' lang='lat' dir='ltr'><strong>non</strong></span> 
     </span>
    </p>
   </div>
   <div class='ocr_carea' id='block_1_55' title="bbox 2123 2718 3703 2790">
    <p class='ocr_par' dir='ltr' id='par_1_55' title="bbox 2123 2718 3703 2790">
     <span class='ocr_line' id='line_1_55' title="bbox 2123 2718 3703 2790; baseline 0.004 -21"><span class='ocrx_word' id='word_1_430' title='bbox 2123 2718 2487 2785; x_wconf 89' lang='lat' dir='ltr'><strong>convertitur,</strong></span> <span class='ocrx_word' id='word_1_431' title='bbox 2522 2727 2579 2773; x_wconf 90' lang='lat' dir='ltr'><strong>ut</strong></span> <span class='ocrx_word' id='word_1_432' title='bbox 2609 2719 2751 2774; x_wconf 89' lang='lat' dir='ltr'><strong>dicat</strong></span> <span class='ocrx_word' id='word_1_433' title='bbox 2789 2719 2908 2788; x_wconf 90' lang='lat' dir='ltr'><strong>quis</strong></span> <span class='ocrx_word' id='word_1_434' title='bbox 2943 2719 3188 2790; x_wconf 85' lang='lat' dir='ltr'><strong>bipedem</strong></span> <span class='ocrx_word' id='word_1_435' title='bbox 3232 2735 3350 2775; x_wconf 89' lang='lat' dir='ltr'><strong>esse</strong></span> <span class='ocrx_word' id='word_1_436' title='bbox 3393 2721 3571 2784; x_wconf 89' lang='lat' dir='ltr'><strong>servi,</strong></span> <span class='ocrx_word' id='word_1_437' title='bbox 3613 2727 3703 2776; x_wconf 85' lang='lat' dir='ltr'><strong>aut</strong></span> 
     </span>
    </p>
   </div>
   <div class='ocr_carea' id='block_1_56' title="bbox 2125 2808 3698 2882">
    <p class='ocr_par' dir='ltr' id='par_1_56' title="bbox 2125 2808 3698 2882">
     <span class='ocr_line' id='line_1_56' title="bbox 2125 2808 3698 2882; baseline 0.004 -21"><span class='ocrx_word' id='word_1_438' title='bbox 2125 2808 2396 2865; x_wconf 90' lang='lat' dir='ltr'><strong>hominem</strong></span> <span class='ocrx_word' id='word_1_439' title='bbox 2426 2826 2545 2867; x_wconf 87' lang='lat' dir='ltr'><strong>esse</strong></span> <span class='ocrx_word' id='word_1_440' title='bbox 2591 2813 2751 2867; x_wconf 86' lang='lat' dir='ltr'><strong>servi.</strong></span> <span class='ocrx_word' id='word_1_441' title='bbox 2800 2812 2999 2867; x_wconf 85' lang='lat' dir='ltr'><strong>Eodem</strong></span> <span class='ocrx_word' id='word_1_442' title='bbox 3029 2827 3240 2882; x_wconf 86' lang='lat' dir='ltr'><strong>quoque</strong></span> <span class='ocrx_word' id='word_1_443' title='bbox 3268 2815 3429 2869; x_wconf 91' lang='lat' dir='ltr'><strong>modo</strong></span> <span class='ocrx_word' id='word_1_444' title='bbox 3473 2814 3540 2868; x_wconf 90' lang='lat' dir='ltr'><strong>de</strong></span> <span class='ocrx_word' id='word_1_445' title='bbox 3571 2815 3698 2868; x_wconf 85' lang='lat' dir='ltr'><strong>lilio.</strong></span> 
     </span>
    </p>
   </div>
   <div class='ocr_carea' id='block_1_57' title="bbox 2127 2900 3714 2972">
    <p class='ocr_par' dir='ltr' id='par_1_57' title="bbox 2127 2900 3714 2972">
     <span class='ocr_line' id='line_1_57' title="bbox 2127 2900 3714 2972; baseline 0.002 -15"><span class='ocrx_word' id='word_1_446' title='bbox 2127 2900 2612 2972; x_wconf 52' lang='lat' dir='ltr'><strong>Ergogquascunque</strong></span> <span class='ocrx_word' id='word_1_447' title='bbox 2626 2913 2743 2957; x_wconf 80' lang='lat' dir='ltr'><strong>sunt</strong></span> <span class='ocrx_word' id='word_1_448' title='bbox 2762 2903 3111 2966; x_wconf 80' lang='lat' dir='ltr'><strong>extrinsecus,</strong></span> <span class='ocrx_word' id='word_1_449' title='bbox 3133 2902 3177 2957; x_wconf 87' lang='lat' dir='ltr'><strong>si</strong></span> <span class='ocrx_word' id='word_1_450' title='bbox 3205 2902 3271 2957; x_wconf 89' lang='lat' dir='ltr'><strong>ad</strong></span> <span class='ocrx_word' id='word_1_451' title='bbox 3294 2917 3354 2957; x_wconf 82' lang='lat' dir='ltr'><strong>ea</strong></span> <span class='ocrx_word' id='word_1_452' title='bbox 3377 2902 3428 2956; x_wconf 93' lang='lat' dir='ltr'><strong>id</strong></span> <span class='ocrx_word' id='word_1_453' title='bbox 3455 2901 3594 2972; x_wconf 90' lang='lat' dir='ltr'><strong>quod</strong></span> <span class='ocrx_word' id='word_1_454' title='bbox 3621 2909 3714 2960; x_wconf 67' lang='lat' dir='ltr'><strong>est&quot;</strong></span> 
     </span>
    </p>
   </div>
   <div class='ocr_carea' id='block_1_58' title="bbox 2128 2993 3701 3065">
    <p class='ocr_par' dir='ltr' id='par_1_58' title="bbox 2128 2993 3701 3065">
     <span class='ocr_line' id='line_1_58' title="bbox 2128 2993 3701 3065; baseline 0.003 -18"><span class='ocrx_word' id='word_1_455' title='bbox 2128 2994 2195 3048; x_wconf 86' lang='lat' dir='ltr'><strong>ad</strong></span> <span class='ocrx_word' id='word_1_456' title='bbox 2226 2993 2427 3064; x_wconf 86' lang='lat' dir='ltr'><strong>aliquid</strong></span> <span class='ocrx_word' id='word_1_457' title='bbox 2465 2995 2800 3065; x_wconf 68' lang='lat' dir='ltr'><strong>praedicetur,</strong></span> <span class='ocrx_word' id='word_1_458' title='bbox 2829 2996 2970 3052; x_wconf 91' lang='lat' dir='ltr'><strong>nulla</strong></span> <span class='ocrx_word' id='word_1_459' title='bbox 3001 2997 3280 3053; x_wconf 85' lang='lat' dir='ltr'><strong>conversio</strong></span> <span class='ocrx_word' id='word_1_460' title='bbox 3309 2995 3578 3062; x_wconf 82' lang='grc' dir='ltr'><em>εει.ουοὰ</em></span> <span class='ocrx_word' id='word_1_461' title='bbox 3606 3011 3701 3052; x_wconf 88' lang='lat' dir='ltr'><strong>au-</strong></span> 
     </span>
    </p>
   </div>
   <div class='ocr_carea' id='block_1_59' title="bbox 2135 3084 3706 3156">
    <p class='ocr_par' dir='ltr' id='par_1_59' title="bbox 2135 3084 3706 3156">
     <span class='ocr_line' id='line_1_59' title="bbox 2135 3084 3706 3156; baseline 0.004 -19"><span class='ocrx_word' id='word_1_462' title='bbox 2135 3091 2241 3138; x_wconf 88' lang='lat' dir='ltr'><strong>tem</strong></span> <span class='ocrx_word' id='word_1_463' title='bbox 2274 3084 2349 3139; x_wconf 88' lang='lat' dir='ltr'><strong>ait</strong></span> <span class='ocrx_word' id='word_1_464' title='bbox 2374 3085 2687 3155; x_wconf 86' lang='lat' dir='ltr'><strong>accidentia,</strong></span> <span class='ocrx_word' id='word_1_465' title='bbox 2723 3101 2825 3141; x_wconf 90' lang='lat' dir='ltr'><strong>non</strong></span> <span class='ocrx_word' id='word_1_466' title='bbox 2860 3086 2998 3156; x_wconf 91' lang='lat' dir='ltr'><strong>quod</strong></span> <span class='ocrx_word' id='word_1_467' title='bbox 3028 3087 3190 3144; x_wconf 88' lang='lat' dir='ltr'><strong>homo</strong></span> <span class='ocrx_word' id='word_1_468' title='bbox 3221 3088 3288 3143; x_wconf 91' lang='lat' dir='ltr'><strong>sit</strong></span> <span class='ocrx_word' id='word_1_469' title='bbox 3318 3086 3584 3153; x_wconf 85' lang='lat' dir='ltr'><strong>accidens,</strong></span> <span class='ocrx_word' id='word_1_470' title='bbox 3617 3097 3706 3147; x_wconf 85' lang='lat' dir='ltr'><strong>aut</strong></span> 
     </span>
    </p>
   </div>
   <div class='ocr_carea' id='block_1_60' title="bbox 2135 3167 3707 3248">
    <p class='ocr_par' dir='ltr' id='par_1_60' title="bbox 2135 3167 3707 3248">
     <span class='ocr_line' id='line_1_60' title="bbox 2135 3167 3707 3248; baseline 0.001 -14"><span class='ocrx_word' id='word_1_471' title='bbox 2135 3178 2305 3248; x_wconf 87' lang='lat' dir='ltr'><strong>bipes,</strong></span> <span class='ocrx_word' id='word_1_472' title='bbox 2334 3179 2631 3235; x_wconf 80' lang='lat' dir='ltr'><strong>diﬂ‘erentia</strong></span> <span class='ocrx_word' id='word_1_473' title='bbox 2664 3181 2896 3236; x_wconf 75' lang='lat' dir='ltr'><strong>heminis</strong></span> <span class='ocrx_word' id='word_1_474' title='bbox 2921 3181 3224 3237; x_wconf 89' lang='lat' dir='ltr'><strong>accidenter</strong></span> <span class='ocrx_word' id='word_1_475' title='bbox 3245 3182 3394 3247; x_wconf 89' lang='lat' dir='ltr'><strong>insit,</strong></span> <span class='ocrx_word' id='word_1_476' title='bbox 3423 3167 3524 3237; x_wconf 84' lang='lat' dir='ltr'><strong>sed</strong></span> <span class='ocrx_word' id='word_1_477' title='bbox 3543 3180 3707 3236; x_wconf 81' lang='lat' dir='ltr'><strong>inter-</strong></span> 
     </span>
    </p>
   </div>
   <div class='ocr_carea' id='block_1_61' title="bbox 455 3240 3708 3345">
    <p class='ocr_par' dir='ltr' id='par_1_61' title="bbox 455 3240 3708 3345">
     <span class='ocr_line' id='line_1_61' title="bbox 455 3240 3708 3345; baseline 0 -15"><span class='ocrx_word' id='word_1_478' title='bbox 455 3285 554 3340; x_wconf 90' lang='lat' dir='ltr'><strong>est,</strong></span> <span class='ocrx_word' id='word_1_479' title='bbox 579 3291 694 3345; x_wconf 68' lang='lat' dir='ltr'><strong>qua:</strong></span> <span class='ocrx_word' id='word_1_480' title='bbox 717 3273 782 3329; x_wconf 92' lang='lat' dir='ltr'><strong>sit</strong></span> <span class='ocrx_word' id='word_1_481' title='bbox 809 3273 922 3328; x_wconf 78' lang='lat' dir='ltr'><strong>lucc</strong></span> <span class='ocrx_word' id='word_1_482' title='bbox 945 3270 1335 3336; x_wconf 89' lang='lat' dir='ltr'><strong>convenientia,</strong></span> <span class='ocrx_word' id='word_1_483' title='bbox 1359 3279 1406 3324; x_wconf 91' lang='lat' dir='ltr'><strong>et</strong></span> <span class='ocrx_word' id='word_1_484' title='bbox 1433 3269 1874 3340; x_wconf 89' lang='lat' dir='ltr'><strong>quemadmodum</strong></span> <span class='ocrx_word' id='word_1_485' title='bbox 1899 3268 2034 3324; x_wconf 88' lang='lat' dir='ltr'><strong>assi-</strong></span> <span class='ocrx_word' id='word_1_486' title='bbox 2057 3240 2108 3308; x_wconf 64' lang='grc' dir='ltr'><strong>(ἶ</strong></span> <span class='ocrx_word' id='word_1_487' title='bbox 2137 3269 2263 3325; x_wconf 91' lang='lat' dir='ltr'><strong>dum</strong></span> <span class='ocrx_word' id='word_1_488' title='bbox 2288 3271 2687 3328; x_wconf 82' lang='lat' dir='ltr'><strong>consuetudinis</strong></span> <span class='ocrx_word' id='word_1_489' title='bbox 2706 3273 3053 3330; x_wconf 60' lang='lat' dir='ltr'><strong>Aristotelicas</strong></span> <span class='ocrx_word' id='word_1_490' title='bbox 3073 3281 3177 3339; x_wconf 83' lang='lat' dir='ltr'><strong>est,</strong></span> <span class='ocrx_word' id='word_1_491' title='bbox 3195 3289 3314 3343; x_wconf 71' lang='lat' dir='ltr'><strong>quae</strong></span> <span class='ocrx_word' id='word_1_492' title='bbox 3333 3272 3569 3330; x_wconf 84' lang='lat' dir='ltr'><strong>secundo</strong></span> <span class='ocrx_word' id='word_1_493' title='bbox 3591 3273 3708 3331; x_wconf 89' lang='lat' dir='ltr'><strong>loco</strong></span> 
     </span>
    </p>
   </div>
   <div class='ocr_carea' id='block_1_62' title="bbox 454 3363 2032 3438">
    <p class='ocr_par' dir='ltr' id='par_1_62' title="bbox 454 3363 2032 3438">
     <span class='ocr_line' id='line_1_62' title="bbox 454 3363 2032 3438; baseline -0.003 -16"><span class='ocrx_word' id='word_1_494' title='bbox 454 3369 600 3438; x_wconf 87' lang='lat' dir='ltr'><strong>gnari</strong></span> <span class='ocrx_word' id='word_1_495' title='bbox 617 3368 902 3422; x_wconf 90' lang='lat' dir='ltr'><strong>relationes</strong></span> <span class='ocrx_word' id='word_1_496' title='bbox 918 3374 1154 3432; x_wconf 85' lang='lat' dir='ltr'><strong>Oporteat</strong></span> <span class='ocrx_word' id='word_1_497' title='bbox 1167 3405 1182 3430; x_wconf 92' lang='lat'><strong>,</strong></span> <span class='ocrx_word' id='word_1_498' title='bbox 1199 3363 1311 3433; x_wconf 89' lang='lat' dir='ltr'><strong>ipse</strong></span> <span class='ocrx_word' id='word_1_499' title='bbox 1328 3364 1671 3418; x_wconf 89' lang='lat' dir='ltr'><strong>demonstrat.</strong></span> <span class='ocrx_word' id='word_1_500' title='bbox 1688 3364 1739 3420; x_wconf 88' lang='lat' dir='ltr'><strong>Si</strong></span> <span class='ocrx_word' id='word_1_501' title='bbox 1753 3364 1877 3434; x_wconf 88' lang='lat' dir='ltr'><strong>quid</strong></span> <span class='ocrx_word' id='word_1_502' title='bbox 1891 3364 2032 3419; x_wconf 91' lang='lat' dir='ltr'><strong>enim</strong></span> 
     </span>
    </p>
   </div>
   <div class='ocr_carea' id='block_1_63' title="bbox 453 3456 2036 3529">
    <p class='ocr_par' dir='ltr' id='par_1_63' title="bbox 453 3456 2036 3529">
     <span class='ocr_line' id='line_1_63' title="bbox 453 3456 2036 3529; baseline -0.003 -13"><span class='ocrx_word' id='word_1_503' title='bbox 453 3459 642 3516; x_wconf 84' lang='lat' dir='ltr'><strong>dicitur</strong></span> <span class='ocrx_word' id='word_1_504' title='bbox 668 3459 733 3515; x_wconf 89' lang='lat' dir='ltr'><strong>ad</strong></span> <span class='ocrx_word' id='word_1_505' title='bbox 777 3458 973 3529; x_wconf 90' lang='lat' dir='ltr'><strong>aliquid</strong></span> <span class='ocrx_word' id='word_1_506' title='bbox 1001 3456 1141 3528; x_wconf 91' lang='lat' dir='ltr'><strong>quod</strong></span> <span class='ocrx_word' id='word_1_507' title='bbox 1181 3456 1424 3512; x_wconf 89' lang='lat' dir='ltr'><strong>converti</strong></span> <span class='ocrx_word' id='word_1_508' title='bbox 1458 3472 1559 3512; x_wconf 90' lang='lat' dir='ltr'><strong>non</strong></span> <span class='ocrx_word' id='word_1_509' title='bbox 1593 3458 1784 3526; x_wconf 90' lang='lat' dir='ltr'><strong>possit,</strong></span> <span class='ocrx_word' id='word_1_510' title='bbox 1818 3457 1885 3512; x_wconf 90' lang='lat' dir='ltr'><strong>ab</strong></span> <span class='ocrx_word' id='word_1_511' title='bbox 1919 3457 2036 3527; x_wconf 90' lang='lat' dir='ltr'><strong>ipso</strong></span> 
     </span>
    </p>
   </div>
   <div class='ocr_carea' id='block_1_64' title="bbox 455 3549 2033 3624">
    <p class='ocr_par' dir='ltr' id='par_1_64' title="bbox 455 3549 2033 3624">
     <span class='ocr_line' id='line_1_64' title="bbox 455 3549 2033 3624; baseline -0.003 -15"><span class='ocrx_word' id='word_1_512' title='bbox 455 3553 592 3624; x_wconf 88' lang='lat' dir='ltr'><strong>quod</strong></span> <span class='ocrx_word' id='word_1_513' title='bbox 614 3553 809 3609; x_wconf 90' lang='lat' dir='ltr'><strong>dicitur</strong></span> <span class='ocrx_word' id='word_1_514' title='bbox 822 3553 866 3606; x_wconf 92' lang='lat' dir='ltr'><strong>si</strong></span> <span class='ocrx_word' id='word_1_515' title='bbox 884 3549 1246 3606; x_wconf 89' lang='lat' dir='ltr'><strong>denominatio</strong></span> <span class='ocrx_word' id='word_1_516' title='bbox 1262 3550 1337 3617; x_wconf 84' lang='lat' dir='ltr'><strong>lit,</strong></span> <span class='ocrx_word' id='word_1_517' title='bbox 1359 3565 1477 3604; x_wconf 80' lang='lat' dir='ltr'><strong>mox</strong></span> <span class='ocrx_word' id='word_1_518' title='bbox 1491 3551 1847 3605; x_wconf 88' lang='lat' dir='ltr'><strong>convertitur:</strong></span> <span class='ocrx_word' id='word_1_519' title='bbox 1867 3557 1926 3604; x_wconf 93' lang='lat' dir='ltr'><strong>ut</strong></span> <span class='ocrx_word' id='word_1_520' title='bbox 1951 3550 2033 3604; x_wconf 90' lang='lat' dir='ltr'><strong>ala</strong></span> 
     </span>
    </p>
   </div>
   <div class='ocr_carea' id='block_1_65' title="bbox 455 3641 2034 3711">
    <p class='ocr_par' dir='ltr' id='par_1_65' title="bbox 455 3641 2034 3711">
     <span class='ocr_line' id='line_1_65' title="bbox 455 3641 2034 3711; baseline -0.002 -11"><span class='ocrx_word' id='word_1_521' title='bbox 455 3645 645 3700; x_wconf 89' lang='lat' dir='ltr'><strong>dicitur</strong></span> <span class='ocrx_word' id='word_1_522' title='bbox 674 3645 808 3711; x_wconf 85' lang='lat' dir='ltr'><strong>avis,</strong></span> <span class='ocrx_word' id='word_1_523' title='bbox 845 3651 899 3698; x_wconf 92' lang='lat' dir='ltr'><strong>et</strong></span> <span class='ocrx_word' id='word_1_524' title='bbox 927 3651 1070 3698; x_wconf 91' lang='lat' dir='ltr'><strong>recta</strong></span> <span class='ocrx_word' id='word_1_525' title='bbox 1101 3641 1311 3710; x_wconf 89' lang='lat' dir='ltr'><strong>quidem</strong></span> <span class='ocrx_word' id='word_1_526' title='bbox 1342 3651 1424 3696; x_wconf 89' lang='lat' dir='ltr'><strong>est</strong></span> <span class='ocrx_word' id='word_1_527' title='bbox 1453 3641 1566 3696; x_wconf 66' lang='lat' dir='ltr'><strong>haec</strong></span> <span class='ocrx_word' id='word_1_528' title='bbox 1585 3641 1911 3711; x_wconf 73' lang='lat' dir='ltr'><strong>praedicatio,</strong></span> <span class='ocrx_word' id='word_1_529' title='bbox 1943 3643 2034 3698; x_wconf 91' lang='lat' dir='ltr'><strong>sed</strong></span> 
     </span>
    </p>
   </div>
   <div class='ocr_carea' id='block_1_66' title="bbox 459 3733 2034 3805">
    <p class='ocr_par' dir='ltr' id='par_1_66' title="bbox 459 3733 2034 3805">
     <span class='ocr_line' id='line_1_66' title="bbox 459 3733 2034 3805; baseline 0.001 -16"><span class='ocrx_word' id='word_1_530' title='bbox 459 3735 523 3791; x_wconf 88' lang='lat' dir='ltr'><strong>ad</strong></span> <span class='ocrx_word' id='word_1_531' title='bbox 548 3743 789 3791; x_wconf 85' lang='lat' dir='ltr'><strong>naturam</strong></span> <span class='ocrx_word' id='word_1_532' title='bbox 811 3735 1084 3790; x_wconf 85' lang='lat' dir='ltr'><strong>relationis</strong></span> <span class='ocrx_word' id='word_1_533' title='bbox 1100 3734 1414 3804; x_wconf 88' lang='lat' dir='ltr'><strong>incongrua.</strong></span> <span class='ocrx_word' id='word_1_534' title='bbox 1429 3733 1578 3789; x_wconf 78' lang='lat' dir='ltr'><strong>Nunc</strong></span> <span class='ocrx_word' id='word_1_535' title='bbox 1605 3733 1763 3804; x_wconf 89' lang='lat' dir='ltr'><strong>igitur</strong></span> <span class='ocrx_word' id='word_1_536' title='bbox 1783 3735 2034 3805; x_wconf 90' lang='lat' dir='ltr'><strong>quoniam</strong></span> 
     </span>
    </p>
   </div>
   <div class='ocr_carea' id='block_1_67' title="bbox 463 3829 2036 3898">
    <p class='ocr_par' dir='ltr' id='par_1_67' title="bbox 463 3829 2036 3898">
     <span class='ocr_line' id='line_1_67' title="bbox 463 3829 2036 3898; baseline 0.001 -15"><span class='ocrx_word' id='word_1_537' title='bbox 463 3829 566 3883; x_wconf 82' lang='lat' dir='ltr'><strong>dici</strong></span> <span class='ocrx_word' id='word_1_538' title='bbox 598 3842 701 3883; x_wconf 93' lang='lat' dir='ltr'><strong>non</strong></span> <span class='ocrx_word' id='word_1_539' title='bbox 729 3837 905 3898; x_wconf 86' lang='lat' dir='ltr'><strong>potest</strong></span> <span class='ocrx_word' id='word_1_540' title='bbox 933 3830 1043 3884; x_wconf 91' lang='lat' dir='ltr'><strong>avis</strong></span> <span class='ocrx_word' id='word_1_541' title='bbox 1073 3829 1200 3896; x_wconf 61' lang='lat' dir='ltr'><strong>alar,</strong></span> <span class='ocrx_word' id='word_1_542' title='bbox 1232 3829 1426 3883; x_wconf 90' lang='lat' dir='ltr'><strong>dicitur</strong></span> <span class='ocrx_word' id='word_1_543' title='bbox 1453 3835 1628 3882; x_wconf 89' lang='lat' dir='ltr'><strong>autem</strong></span> <span class='ocrx_word' id='word_1_544' title='bbox 1658 3829 1740 3881; x_wconf 92' lang='lat' dir='ltr'><strong>ala</strong></span> <span class='ocrx_word' id='word_1_545' title='bbox 1779 3829 1891 3884; x_wconf 88' lang='lat' dir='ltr'><strong>avis</strong></span> <span class='ocrx_word' id='word_1_546' title='bbox 1913 3869 1926 3892; x_wconf 95' lang='lat'><strong>,</strong></span> <span class='ocrx_word' id='word_1_547' title='bbox 1969 3829 2036 3884; x_wconf 85' lang='lat' dir='ltr'><strong>ab</strong></span> 
     </span>
    </p>
   </div>
   <div class='ocr_carea' id='block_1_68' title="bbox 467 3918 2035 3990">
    <p class='ocr_par' dir='ltr' id='par_1_68' title="bbox 467 3918 2035 3990">
     <span class='ocr_line' id='line_1_68' title="bbox 467 3918 2035 3990; baseline 0 -16"><span class='ocrx_word' id='word_1_548' title='bbox 467 3920 579 3989; x_wconf 89' lang='lat' dir='ltr'><strong>ipsa</strong></span> <span class='ocrx_word' id='word_1_549' title='bbox 605 3919 997 3990; x_wconf 68' lang='lat' dir='ltr'><strong>praedicatione,</strong></span> <span class='ocrx_word' id='word_1_550' title='bbox 1023 3935 1138 3989; x_wconf 65' lang='lat' dir='ltr'><strong>quae</strong></span> <span class='ocrx_word' id='word_1_551' title='bbox 1163 3919 1228 3973; x_wconf 92' lang='lat' dir='ltr'><strong>ad</strong></span> <span class='ocrx_word' id='word_1_552' title='bbox 1260 3919 1401 3974; x_wconf 91' lang='lat' dir='ltr'><strong>aliud</strong></span> <span class='ocrx_word' id='word_1_553' title='bbox 1434 3918 1771 3988; x_wconf 66' lang='lat' dir='ltr'><strong>praedicatur,</strong></span> <span class='ocrx_word' id='word_1_554' title='bbox 1799 3919 1842 3973; x_wconf 89' lang='lat' dir='ltr'><strong>si</strong></span> <span class='ocrx_word' id='word_1_555' title='bbox 1870 3918 2035 3975; x_wconf 66' lang='lat' dir='ltr'><strong>denoo</strong></span> 
     </span>
    </p>
   </div>
   <div class='ocr_carea' id='block_1_69' title="bbox 465 4008 2033 4076">
    <p class='ocr_par' dir='ltr' id='par_1_69' title="bbox 465 4008 2033 4076">
     <span class='ocr_line' id='line_1_69' title="bbox 465 4008 2033 4076; baseline -0.003 -9"><span class='ocrx_word' id='word_1_556' title='bbox 465 4010 691 4067; x_wconf 88' lang='lat' dir='ltr'><strong>minatio</strong></span> <span class='ocrx_word' id='word_1_557' title='bbox 721 4009 807 4076; x_wconf 80' lang='lat' dir='ltr'><strong>ﬁt,</strong></span> <span class='ocrx_word' id='word_1_558' title='bbox 839 4025 959 4064; x_wconf 80' lang='lat' dir='ltr'><strong>mox</strong></span> <span class='ocrx_word' id='word_1_559' title='bbox 1001 4010 1138 4066; x_wconf 88' lang='lat' dir='ltr'><strong>redit</strong></span> <span class='ocrx_word' id='word_1_560' title='bbox 1176 4018 1426 4066; x_wconf 79' lang='lat' dir='ltr'><strong>consueta</strong></span> <span class='ocrx_word' id='word_1_561' title='bbox 1470 4010 1750 4064; x_wconf 87' lang='lat' dir='ltr'><strong>conversio</strong></span> <span class='ocrx_word' id='word_1_562' title='bbox 1779 4008 2033 4063; x_wconf 89' lang='lat' dir='ltr'><strong>relativis.</strong></span> 
     </span>
    </p>
   </div>
   <div class='ocr_carea' id='block_1_70' title="bbox 459 4100 2036 4170">
    <p class='ocr_par' dir='ltr' id='par_1_70' title="bbox 459 4100 2036 4170">
     <span class='ocr_line' id='line_1_70' title="bbox 459 4100 2036 4170; baseline -0.004 -10"><span class='ocrx_word' id='word_1_563' title='bbox 459 4103 592 4160; x_wconf 82' lang='lat' dir='ltr'><strong>Nam</strong></span> <span class='ocrx_word' id='word_1_564' title='bbox 619 4117 738 4159; x_wconf 93' lang='lat' dir='ltr'><strong>cum</strong></span> <span class='ocrx_word' id='word_1_565' title='bbox 766 4101 959 4158; x_wconf 88' lang='lat' dir='ltr'><strong>dicitur</strong></span> <span class='ocrx_word' id='word_1_566' title='bbox 984 4101 1062 4156; x_wconf 89' lang='lat' dir='ltr'><strong>ala</strong></span> <span class='ocrx_word' id='word_1_567' title='bbox 1092 4101 1225 4170; x_wconf 87' lang='lat' dir='ltr'><strong>avis,</strong></span> <span class='ocrx_word' id='word_1_568' title='bbox 1255 4110 1310 4156; x_wconf 91' lang='lat' dir='ltr'><strong>ut</strong></span> <span class='ocrx_word' id='word_1_569' title='bbox 1335 4101 1543 4156; x_wconf 90' lang='lat' dir='ltr'><strong>dicatur</strong></span> <span class='ocrx_word' id='word_1_570' title='bbox 1568 4100 1680 4154; x_wconf 90' lang='lat' dir='ltr'><strong>avis</strong></span> <span class='ocrx_word' id='word_1_571' title='bbox 1708 4100 1826 4167; x_wconf 64' lang='lat' dir='ltr'><strong>alm,</strong></span> <span class='ocrx_word' id='word_1_572' title='bbox 1856 4100 2036 4155; x_wconf 91' lang='lat' dir='ltr'><strong>incon-</strong></span> 
     </span>
    </p>
   </div>
   <div class='ocr_carea' id='block_1_71' title="bbox 460 4192 2038 4263">
    <p class='ocr_par' dir='ltr' id='par_1_71' title="bbox 460 4192 2038 4263">
     <span class='ocr_line' id='line_1_71' title="bbox 460 4192 2038 4263; baseline -0.002 -15"><span class='ocrx_word' id='word_1_573' title='bbox 460 4196 684 4253; x_wconf 89' lang='lat' dir='ltr'><strong>veniens</strong></span> <span class='ocrx_word' id='word_1_574' title='bbox 712 4205 818 4263; x_wconf 88' lang='lat' dir='ltr'><strong>est;</strong></span> <span class='ocrx_word' id='word_1_575' title='bbox 845 4197 889 4251; x_wconf 91' lang='lat' dir='ltr'><strong>si</strong></span> <span class='ocrx_word' id='word_1_576' title='bbox 920 4210 1047 4252; x_wconf 88' lang='lat' dir='ltr'><strong>vero</strong></span> <span class='ocrx_word' id='word_1_577' title='bbox 1073 4209 1140 4250; x_wconf 79' lang='lat' dir='ltr'><strong>ex</strong></span> <span class='ocrx_word' id='word_1_578' title='bbox 1170 4194 1248 4249; x_wconf 92' lang='lat' dir='ltr'><strong>ala</strong></span> <span class='ocrx_word' id='word_1_579' title='bbox 1281 4193 1372 4248; x_wconf 85' lang='lat' dir='ltr'><strong>tiat</strong></span> <span class='ocrx_word' id='word_1_580' title='bbox 1402 4193 1785 4258; x_wconf 90' lang='lat' dir='ltr'><strong>denominatio,</strong></span> <span class='ocrx_word' id='word_1_581' title='bbox 1813 4201 1868 4246; x_wconf 93' lang='lat' dir='ltr'><strong>ut</strong></span> <span class='ocrx_word' id='word_1_582' title='bbox 1895 4192 2038 4246; x_wconf 89' lang='lat' dir='ltr'><strong>dica-</strong></span> 
     </span>
    </p>
   </div>
   <div class='ocr_carea' id='block_1_72' title="bbox 457 4283 2036 4352">
    <p class='ocr_par' dir='ltr' id='par_1_72' title="bbox 457 4283 2036 4352">
     <span class='ocr_line' id='line_1_72' title="bbox 457 4283 2036 4352; baseline -0.004 -10"><span class='ocrx_word' id='word_1_583' title='bbox 457 4295 544 4342; x_wconf 87' lang='lat' dir='ltr'><strong>tur</strong></span> <span class='ocrx_word' id='word_1_584' title='bbox 574 4287 656 4342; x_wconf 81' lang='lat' dir='ltr'><strong>ala</strong></span> <span class='ocrx_word' id='word_1_585' title='bbox 685 4286 830 4352; x_wconf 86' lang='lat' dir='ltr'><strong>alati,</strong></span> <span class='ocrx_word' id='word_1_586' title='bbox 865 4287 940 4341; x_wconf 88' lang='lat' dir='ltr'><strong>sic</strong></span> <span class='ocrx_word' id='word_1_587' title='bbox 969 4287 1250 4341; x_wconf 81' lang='lat' dir='ltr'><strong>conversio</strong></span> <span class='ocrx_word' id='word_1_588' title='bbox 1280 4293 1476 4340; x_wconf 90' lang='lat' dir='ltr'><strong>manet.</strong></span> <span class='ocrx_word' id='word_1_589' title='bbox 1527 4285 1738 4339; x_wconf 81' lang='lat' dir='ltr'><strong>Alatum</strong></span> <span class='ocrx_word' id='word_1_590' title='bbox 1779 4283 1922 4339; x_wconf 89' lang='lat' dir='ltr'><strong>enim</strong></span> <span class='ocrx_word' id='word_1_591' title='bbox 1956 4283 2036 4336; x_wconf 88' lang='lat' dir='ltr'><strong>ala</strong></span> 
     </span>
    </p>
   </div>
   <div class='ocr_carea' id='block_1_73' title="bbox 461 4375 2039 4443">
    <p class='ocr_par' dir='ltr' id='par_1_73' title="bbox 461 4375 2039 4443">
     <span class='ocr_line' id='line_1_73' title="bbox 461 4375 2039 4443; baseline -0.001 -10"><span class='ocrx_word' id='word_1_592' title='bbox 461 4380 659 4434; x_wconf 86' lang='lat' dir='ltr'><strong>alatum</strong></span> <span class='ocrx_word' id='word_1_593' title='bbox 697 4394 818 4435; x_wconf 89' lang='lat' dir='ltr'><strong>esse</strong></span> <span class='ocrx_word' id='word_1_594' title='bbox 854 4380 1109 4443; x_wconf 86' lang='lat' dir='ltr'><strong>dicimus,</strong></span> <span class='ocrx_word' id='word_1_595' title='bbox 1147 4379 1284 4434; x_wconf 89' lang='lat' dir='ltr'><strong>sicut</strong></span> <span class='ocrx_word' id='word_1_596' title='bbox 1312 4379 1446 4432; x_wconf 91' lang='lat' dir='ltr'><strong>alam</strong></span> <span class='ocrx_word' id='word_1_597' title='bbox 1480 4377 1601 4432; x_wconf 87' lang='lat' dir='ltr'><strong>alati</strong></span> <span class='ocrx_word' id='word_1_598' title='bbox 1631 4392 1752 4433; x_wconf 91' lang='lat' dir='ltr'><strong>esse</strong></span> <span class='ocrx_word' id='word_1_599' title='bbox 1776 4377 1936 4431; x_wconf 90' lang='lat' dir='ltr'><strong>alam.</strong></span> <span class='ocrx_word' id='word_1_600' title='bbox 1975 4375 2039 4431; x_wconf 88' lang='lat' dir='ltr'><strong>Et</strong></span> 
     </span>
    </p>
   </div>
   <div class='ocr_carea' id='block_1_74' title="bbox 463 4469 2039 4539">
    <p class='ocr_par' dir='ltr' id='par_1_74' title="bbox 463 4469 2039 4539">
     <span class='ocr_line' id='line_1_74' title="bbox 463 4469 2039 4539; baseline -0.001 -15"><span class='ocrx_word' id='word_1_601' title='bbox 463 4470 563 4526; x_wconf 90' lang='lat' dir='ltr'><strong>hoc</strong></span> <span class='ocrx_word' id='word_1_602' title='bbox 587 4470 726 4525; x_wconf 89' lang='lat' dir='ltr'><strong>idem</strong></span> <span class='ocrx_word' id='word_1_603' title='bbox 755 4471 808 4525; x_wconf 94' lang='lat' dir='ltr'><strong>in</strong></span> <span class='ocrx_word' id='word_1_604' title='bbox 836 4485 985 4526; x_wconf 89' lang='lat' dir='ltr'><strong>remo</strong></span> <span class='ocrx_word' id='word_1_605' title='bbox 1014 4469 1213 4526; x_wconf 88' lang='lat' dir='ltr'><strong>evenit.</strong></span> <span class='ocrx_word' id='word_1_606' title='bbox 1244 4469 1373 4524; x_wconf 80' lang='lat' dir='ltr'><strong>Nam</strong></span> <span class='ocrx_word' id='word_1_607' title='bbox 1396 4470 1651 4539; x_wconf 86' lang='lat' dir='ltr'><strong>quoniam</strong></span> <span class='ocrx_word' id='word_1_608' title='bbox 1678 4484 1860 4525; x_wconf 88' lang='lat' dir='ltr'><strong>remus</strong></span> <span class='ocrx_word' id='word_1_609' title='bbox 1889 4469 2039 4524; x_wconf 89' lang='lat' dir='ltr'><strong>navis</strong></span> 
     </span>
    </p>
   </div>
   <div class='ocr_carea' id='block_1_75' title="bbox 464 4562 2039 4628">
    <p class='ocr_par' dir='ltr' id='par_1_75' title="bbox 464 4562 2039 4628">
     <span class='ocr_line' id='line_1_75' title="bbox 464 4562 2039 4628; baseline 0 -12"><span class='ocrx_word' id='word_1_610' title='bbox 464 4562 685 4628; x_wconf 89' lang='lat' dir='ltr'><strong>dicitur,</strong></span> <span class='ocrx_word' id='word_1_611' title='bbox 724 4572 779 4618; x_wconf 91' lang='lat' dir='ltr'><strong>et</strong></span> <span class='ocrx_word' id='word_1_612' title='bbox 806 4564 938 4619; x_wconf 90' lang='lat' dir='ltr'><strong>remi</strong></span> <span class='ocrx_word' id='word_1_613' title='bbox 968 4563 1122 4618; x_wconf 89' lang='lat' dir='ltr'><strong>navis</strong></span> <span class='ocrx_word' id='word_1_614' title='bbox 1153 4571 1209 4617; x_wconf 93' lang='lat' dir='ltr'><strong>ut</strong></span> <span class='ocrx_word' id='word_1_615' title='bbox 1235 4563 1303 4617; x_wconf 87' lang='lat' dir='ltr'><strong>sit</strong></span> <span class='ocrx_word' id='word_1_616' title='bbox 1341 4563 1480 4618; x_wconf 90' lang='lat' dir='ltr'><strong>nulla</strong></span> <span class='ocrx_word' id='word_1_617' title='bbox 1509 4564 1718 4618; x_wconf 91' lang='lat' dir='ltr'><strong>ratione</strong></span> <span class='ocrx_word' id='word_1_618' title='bbox 1769 4563 2039 4618; x_wconf 69' lang='lat' dir='ltr'><strong>converti.</strong></span> 
     </span>
    </p>
   </div>
   <div class='ocr_carea' id='block_1_76' title="bbox 419 4658 2044 4730">
    <p class='ocr_par' dir='ltr' id='par_1_76' title="bbox 419 4658 2044 4730">
     <span class='ocr_line' id='line_1_76' title="bbox 419 4658 2044 4730; baseline 0.002 -18"><span class='ocrx_word' id='word_1_619' title='bbox 419 4714 423 4722; x_wconf 88' lang='lat'><em>_</em></span> <span class='ocrx_word' id='word_1_620' title='bbox 464 4666 566 4726; x_wconf 91' lang='lat' dir='ltr'><strong>tur,</strong></span> <span class='ocrx_word' id='word_1_621' title='bbox 593 4658 638 4713; x_wconf 88' lang='lat' dir='ltr'><strong>si</strong></span> <span class='ocrx_word' id='word_1_622' title='bbox 657 4673 724 4713; x_wconf 80' lang='lat' dir='ltr'><strong>ex</strong></span> <span class='ocrx_word' id='word_1_623' title='bbox 747 4658 1380 4730; x_wconf 60' lang='lat' dir='ltr'><strong>remojsitdenominatio,</strong></span> <span class='ocrx_word' id='word_1_624' title='bbox 1408 4660 1584 4714; x_wconf 91' lang='lat' dir='ltr'><strong>statim</strong></span> <span class='ocrx_word' id='word_1_625' title='bbox 1609 4659 1782 4715; x_wconf 91' lang='lat' dir='ltr'><strong>reddit</strong></span> <span class='ocrx_word' id='word_1_626' title='bbox 1805 4675 1870 4716; x_wconf 82' lang='lat' dir='ltr'><strong>ex</strong></span> <span class='ocrx_word' id='word_1_627' title='bbox 1895 4674 2044 4715; x_wconf 89' lang='lat' dir='ltr'><strong>more</strong></span> 
     </span>
    </p>
   </div>
   <div class='ocr_carea' id='block_1_77' title="bbox 463 4750 2045 4808">
    <p class='ocr_par' dir='ltr' id='par_1_77' title="bbox 463 4750 2045 4808">
     <span class='ocr_line' id='line_1_77' title="bbox 463 4750 2045 4808; baseline 0.003 -5"><span class='ocrx_word' id='word_1_628' title='bbox 463 4750 759 4805; x_wconf 85' lang='lat' dir='ltr'><strong>conversio.</strong></span> <span class='ocrx_word' id='word_1_629' title='bbox 794 4750 1028 4805; x_wconf 90' lang='lat' dir='ltr'><strong>Dicimus</strong></span> <span class='ocrx_word' id='word_1_630' title='bbox 1051 4752 1193 4805; x_wconf 91' lang='lat' dir='ltr'><strong>enim</strong></span> <span class='ocrx_word' id='word_1_631' title='bbox 1217 4765 1338 4807; x_wconf 88' lang='lat' dir='ltr'><strong>esse</strong></span> <span class='ocrx_word' id='word_1_632' title='bbox 1364 4766 1567 4807; x_wconf 90' lang='lat' dir='ltr'><strong>remum</strong></span> <span class='ocrx_word' id='word_1_633' title='bbox 1591 4753 1797 4808; x_wconf 71' lang='lat' dir='ltr'><strong>remitte</strong></span> <span class='ocrx_word' id='word_1_634' title='bbox 1824 4753 1902 4807; x_wconf 91' lang='lat' dir='ltr'><strong>rei</strong></span> <span class='ocrx_word' id='word_1_635' title='bbox 1923 4766 2045 4808; x_wconf 88' lang='lat' dir='ltr'><strong>esse</strong></span> 
     </span>
    </p>
   </div>
   <div class='ocr_carea' id='block_1_78' title="bbox 427 4825 2046 4909">
    <p class='ocr_par' dir='ltr' id='par_1_78' title="bbox 427 4825 2046 4909">
     <span class='ocr_line' id='line_1_78' title="bbox 427 4825 2046 4909; baseline 0.001 -13"><span class='ocrx_word' id='word_1_636' title='bbox 427 4825 433 4842; x_wconf 82' lang='grc'><strong>’</strong></span> <span class='ocrx_word' id='word_1_637' title='bbox 466 4855 691 4909; x_wconf 87' lang='lat' dir='ltr'><strong>remum,</strong></span> <span class='ocrx_word' id='word_1_638' title='bbox 715 4853 768 4897; x_wconf 89' lang='lat' dir='ltr'><strong>et</strong></span> <span class='ocrx_word' id='word_1_639' title='bbox 789 4841 889 4897; x_wconf 91' lang='lat' dir='ltr'><strong>hoc</strong></span> <span class='ocrx_word' id='word_1_640' title='bbox 914 4841 985 4896; x_wconf 92' lang='lat' dir='ltr'><strong>illi</strong></span> <span class='ocrx_word' id='word_1_641' title='bbox 1010 4844 1360 4898; x_wconf 86' lang='lat' dir='ltr'><strong>convertitur.</strong></span> <span class='ocrx_word' id='word_1_642' title='bbox 1389 4842 1595 4898; x_wconf 85' lang='lat' dir='ltr'><strong>Remita</strong></span> <span class='ocrx_word' id='word_1_643' title='bbox 1622 4845 1763 4899; x_wconf 90' lang='lat' dir='ltr'><strong>enim</strong></span> <span class='ocrx_word' id='word_1_644' title='bbox 1786 4858 1872 4901; x_wconf 90' lang='lat' dir='ltr'><strong>res</strong></span> <span class='ocrx_word' id='word_1_645' title='bbox 1895 4857 2046 4899; x_wconf 88' lang='lat' dir='ltr'><strong>remo</strong></span> 
     </span>
    </p>
   </div>
   <div class='ocr_carea' id='block_1_79' title="bbox 464 4936 2048 5009">
    <p class='ocr_par' dir='ltr' id='par_1_79' title="bbox 464 4936 2048 5009">
     <span class='ocr_line' id='line_1_79' title="bbox 464 4936 2048 5009; baseline 0.002 -19"><span class='ocrx_word' id='word_1_646' title='bbox 464 4936 652 4990; x_wconf 87' lang='lat' dir='ltr'><strong>remita</strong></span> <span class='ocrx_word' id='word_1_647' title='bbox 697 4945 795 4991; x_wconf 87' lang='lat' dir='ltr'><strong>est.</strong></span> <span class='ocrx_word' id='word_1_648' title='bbox 855 4937 993 5007; x_wconf 89' lang='lat' dir='ltr'><strong>Ergo</strong></span> <span class='ocrx_word' id='word_1_649' title='bbox 1035 4953 1100 4992; x_wconf 81' lang='lat' dir='ltr'><strong>ex</strong></span> <span class='ocrx_word' id='word_1_650' title='bbox 1139 4954 1203 4993; x_wconf 91' lang='lat' dir='ltr'><strong>eo</strong></span> <span class='ocrx_word' id='word_1_651' title='bbox 1243 4939 1382 5008; x_wconf 88' lang='lat' dir='ltr'><strong>quod</strong></span> <span class='ocrx_word' id='word_1_652' title='bbox 1425 4940 1569 5009; x_wconf 90' lang='lat' dir='ltr'><strong>prius</strong></span> <span class='ocrx_word' id='word_1_653' title='bbox 1604 4939 1817 5002; x_wconf 88' lang='lat' dir='ltr'><strong>dicitur,</strong></span> <span class='ocrx_word' id='word_1_654' title='bbox 1853 4953 2048 4994; x_wconf 90' lang='lat' dir='ltr'><strong>nomen</strong></span> 
     </span>
    </p>
   </div>
   <div class='ocr_carea' id='block_1_80' title="bbox 467 5027 2047 5100">
    <p class='ocr_par' dir='ltr' id='par_1_80' title="bbox 467 5027 2047 5100">
     <span class='ocr_line' id='line_1_80' title="bbox 467 5027 2047 5100; baseline 0.001 -20"><span class='ocrx_word' id='word_1_655' title='bbox 467 5027 767 5097; x_wconf 85' lang='lat' dir='ltr'><strong>tingendum</strong></span> <span class='ocrx_word' id='word_1_656' title='bbox 799 5038 908 5097; x_wconf 90' lang='lat' dir='ltr'><strong>est,</strong></span> <span class='ocrx_word' id='word_1_657' title='bbox 953 5029 1090 5084; x_wconf 86' lang='lat' dir='ltr'><strong>sicut</strong></span> <span class='ocrx_word' id='word_1_658' title='bbox 1126 5045 1190 5084; x_wconf 82' lang='lat' dir='ltr'><strong>ex</strong></span> <span class='ocrx_word' id='word_1_659' title='bbox 1230 5045 1294 5085; x_wconf 92' lang='lat' dir='ltr'><strong>eo</strong></span> <span class='ocrx_word' id='word_1_660' title='bbox 1333 5030 1472 5100; x_wconf 91' lang='lat' dir='ltr'><strong>quod</strong></span> <span class='ocrx_word' id='word_1_661' title='bbox 1515 5040 1596 5085; x_wconf 89' lang='lat' dir='ltr'><strong>est</strong></span> <span class='ocrx_word' id='word_1_662' title='bbox 1635 5031 1717 5084; x_wconf 89' lang='lat' dir='ltr'><strong>ala</strong></span> <span class='ocrx_word' id='word_1_663' title='bbox 1745 5071 1760 5097; x_wconf 96' lang='lat'><strong>,</strong></span> <span class='ocrx_word' id='word_1_664' title='bbox 1795 5032 2047 5100; x_wconf 86' lang='lat' dir='ltr'><strong>quoniam</strong></span> 
     </span>
    </p>
   </div>
   <div class='ocr_carea' id='block_1_81' title="bbox 468 5117 2045 5192">
    <p class='ocr_par' dir='ltr' id='par_1_81' title="bbox 468 5117 2045 5192">
     <span class='ocr_line' id='line_1_81' title="bbox 468 5117 2045 5192; baseline 0.004 -22"><span class='ocrx_word' id='word_1_665' title='bbox 468 5117 612 5187; x_wconf 89' lang='lat' dir='ltr'><strong>prius</strong></span> <span class='ocrx_word' id='word_1_666' title='bbox 637 5119 702 5172; x_wconf 91' lang='lat' dir='ltr'><strong>ad</strong></span> <span class='ocrx_word' id='word_1_667' title='bbox 732 5133 881 5173; x_wconf 86' lang='lat' dir='ltr'><strong>avem</strong></span> <span class='ocrx_word' id='word_1_668' title='bbox 923 5135 1027 5174; x_wconf 91' lang='lat' dir='ltr'><strong>non</strong></span> <span class='ocrx_word' id='word_1_669' title='bbox 1068 5121 1264 5176; x_wconf 92' lang='lat' dir='ltr'><strong>dicitur</strong></span> <span class='ocrx_word' id='word_1_670' title='bbox 1287 5164 1302 5188; x_wconf 93' lang='lat'><strong>,</strong></span> <span class='ocrx_word' id='word_1_671' title='bbox 1352 5123 1472 5192; x_wconf 89' lang='lat' dir='ltr'><strong>quia</strong></span> <span class='ocrx_word' id='word_1_672' title='bbox 1522 5124 1634 5177; x_wconf 87' lang='lat' dir='ltr'><strong>avis</strong></span> <span class='ocrx_word' id='word_1_673' title='bbox 1673 5123 1737 5177; x_wconf 91' lang='lat' dir='ltr'><strong>ad</strong></span> <span class='ocrx_word' id='word_1_674' title='bbox 1769 5125 1905 5176; x_wconf 91' lang='lat' dir='ltr'><strong>alam</strong></span> <span class='ocrx_word' id='word_1_675' title='bbox 1938 5137 2045 5178; x_wconf 92' lang='lat' dir='ltr'><strong>non</strong></span> 
     </span>
    </p>
   </div>
   <div class='ocr_carea' id='block_1_82' title="bbox 467 5212 2046 5281">
    <p class='ocr_par' dir='ltr' id='par_1_82' title="bbox 467 5212 2046 5281">
     <span class='ocr_line' id='line_1_82' title="bbox 467 5212 2046 5281; baseline 0.002 -17"><span class='ocrx_word' id='word_1_676' title='bbox 467 5212 815 5278; x_wconf 88' lang='lat' dir='ltr'><strong>convertitur,</strong></span> <span class='ocrx_word' id='word_1_677' title='bbox 847 5213 1214 5268; x_wconf 89' lang='lat' dir='ltr'><strong>denominatio</strong></span> <span class='ocrx_word' id='word_1_678' title='bbox 1245 5213 1378 5268; x_wconf 79' lang='lat' dir='ltr'><strong>facta</strong></span> <span class='ocrx_word' id='word_1_679' title='bbox 1407 5222 1519 5281; x_wconf 90' lang='lat' dir='ltr'><strong>est,</strong></span> <span class='ocrx_word' id='word_1_680' title='bbox 1554 5224 1610 5268; x_wconf 93' lang='lat' dir='ltr'><strong>ut</strong></span> <span class='ocrx_word' id='word_1_681' title='bbox 1638 5215 1908 5270; x_wconf 89' lang='lat' dir='ltr'><strong>diceretur</strong></span> <span class='ocrx_word' id='word_1_682' title='bbox 1934 5214 2046 5268; x_wconf 90' lang='lat' dir='ltr'><strong>ala-</strong></span> 
     </span>
    </p>
   </div>
   <div class='ocr_carea' id='block_1_83' title="bbox 469 5304 2046 5375">
    <p class='ocr_par' dir='ltr' id='par_1_83' title="bbox 469 5304 2046 5375">
     <span class='ocr_line' id='line_1_83' title="bbox 469 5304 2046 5375; baseline 0.003 -20"><span class='ocrx_word' id='word_1_683' title='bbox 469 5311 600 5359; x_wconf 89' lang='lat' dir='ltr'><strong>tum.</strong></span> <span class='ocrx_word' id='word_1_684' title='bbox 652 5305 822 5373; x_wconf 78' lang='lat' dir='ltr'><strong>Atque</strong></span> <span class='ocrx_word' id='word_1_685' title='bbox 872 5305 968 5360; x_wconf 86' lang='lat' dir='ltr'><strong>hoc</strong></span> <span class='ocrx_word' id='word_1_686' title='bbox 1018 5315 1102 5361; x_wconf 92' lang='lat' dir='ltr'><strong>est</strong></span> <span class='ocrx_word' id='word_1_687' title='bbox 1144 5305 1283 5375; x_wconf 91' lang='lat' dir='ltr'><strong>quod</strong></span> <span class='ocrx_word' id='word_1_688' title='bbox 1311 5305 1421 5371; x_wconf 90' lang='lat' dir='ltr'><strong>ait,</strong></span> <span class='ocrx_word' id='word_1_689' title='bbox 1455 5307 1498 5359; x_wconf 90' lang='lat' dir='ltr'><strong>si</strong></span> <span class='ocrx_word' id='word_1_690' title='bbox 1528 5304 1702 5360; x_wconf 84' lang='lat' dir='ltr'><strong>abhis</strong></span> <span class='ocrx_word' id='word_1_691' title='bbox 1730 5322 1848 5375; x_wconf 71' lang='lat' dir='ltr'><strong>qua:</strong></span> <span class='ocrx_word' id='word_1_692' title='bbox 1875 5304 2046 5374; x_wconf 84' lang='lat' dir='ltr'><strong>prima</strong></span> 
     </span>
    </p>
   </div>
   <div class='ocr_carea' id='block_1_84' title="bbox 468 5395 2042 5468">
    <p class='ocr_par' dir='ltr' id='par_1_84' title="bbox 468 5395 2042 5468">
     <span class='ocr_line' id='line_1_84' title="bbox 468 5395 2042 5468; baseline 0.003 -20"><span class='ocrx_word' id='word_1_693' title='bbox 468 5404 594 5448; x_wconf 89' lang='lat' dir='ltr'><strong>sunt</strong></span> <span class='ocrx_word' id='word_1_694' title='bbox 637 5395 719 5449; x_wconf 89' lang='lat' dir='ltr'><strong>bis</strong></span> <span class='ocrx_word' id='word_1_695' title='bbox 760 5397 825 5448; x_wconf 89' lang='lat' dir='ltr'><strong>ad</strong></span> <span class='ocrx_word' id='word_1_696' title='bbox 873 5413 990 5467; x_wconf 67' lang='lat' dir='ltr'><strong>quae</strong></span> <span class='ocrx_word' id='word_1_697' title='bbox 1047 5407 1431 5452; x_wconf 87' lang='lat' dir='ltr'><strong>convertuntur</strong></span> <span class='ocrx_word' id='word_1_698' title='bbox 1488 5400 1700 5452; x_wconf 89' lang='lat' dir='ltr'><strong>nomina</strong></span> <span class='ocrx_word' id='word_1_699' title='bbox 1757 5408 2042 5468; x_wconf 86' lang='lat' dir='ltr'><strong>ponantur.</strong></span> 
     </span>
    </p>
   </div>
   <div class='ocr_carea' id='block_1_85' title="bbox 470 5485 2046 5558">
    <p class='ocr_par' dir='ltr' id='par_1_85' title="bbox 470 5485 2046 5558">
     <span class='ocr_line' id='line_1_85' title="bbox 470 5485 2046 5558; baseline 0.005 -20"><span class='ocrx_word' id='word_1_700' title='bbox 470 5485 645 5539; x_wconf 84' lang='lat' dir='ltr'><strong>Prima</strong></span> <span class='ocrx_word' id='word_1_701' title='bbox 696 5502 920 5557; x_wconf 87' lang='lat' dir='ltr'><strong>namque</strong></span> <span class='ocrx_word' id='word_1_702' title='bbox 949 5489 1258 5557; x_wconf 80' lang='lat' dir='ltr'><strong>praedicatio</strong></span> <span class='ocrx_word' id='word_1_703' title='bbox 1283 5499 1365 5545; x_wconf 88' lang='lat' dir='ltr'><strong>est</strong></span> <span class='ocrx_word' id='word_1_704' title='bbox 1395 5490 1462 5544; x_wconf 92' lang='lat' dir='ltr'><strong>ab</strong></span> <span class='ocrx_word' id='word_1_705' title='bbox 1493 5491 1596 5543; x_wconf 87' lang='lat' dir='ltr'><strong>ala.</strong></span> <span class='ocrx_word' id='word_1_706' title='bbox 1646 5489 1878 5558; x_wconf 87' lang='lat' dir='ltr'><strong>Dicimus</strong></span> <span class='ocrx_word' id='word_1_707' title='bbox 1906 5493 2046 5546; x_wconf 89' lang='lat' dir='ltr'><strong>enim</strong></span> 
     </span>
    </p>
   </div>
   <div class='ocr_carea' id='block_1_86' title="bbox 473 5579 2048 5650">
    <p class='ocr_par' dir='ltr' id='par_1_86' title="bbox 473 5579 2048 5650">
     <span class='ocr_line' id='line_1_86' title="bbox 473 5579 2048 5650; baseline 0.005 -18"><span class='ocrx_word' id='word_1_708' title='bbox 473 5579 612 5633; x_wconf 87' lang='lat' dir='ltr'><strong>alam</strong></span> <span class='ocrx_word' id='word_1_709' title='bbox 663 5581 806 5643; x_wconf 88' lang='lat' dir='ltr'><strong>avis,</strong></span> <span class='ocrx_word' id='word_1_710' title='bbox 852 5589 904 5634; x_wconf 89' lang='lat' dir='ltr'><strong>et</strong></span> <span class='ocrx_word' id='word_1_711' title='bbox 951 5581 1050 5635; x_wconf 90' lang='lat' dir='ltr'><strong>hoc</strong></span> <span class='ocrx_word' id='word_1_712' title='bbox 1079 5583 1365 5650; x_wconf 77' lang='lat' dir='ltr'><strong>quaerimus</strong></span> <span class='ocrx_word' id='word_1_713' title='bbox 1391 5591 1447 5636; x_wconf 90' lang='lat' dir='ltr'><strong>ut</strong></span> <span class='ocrx_word' id='word_1_714' title='bbox 1476 5582 1541 5635; x_wconf 87' lang='lat' dir='ltr'><strong>ad</strong></span> <span class='ocrx_word' id='word_1_715' title='bbox 1574 5581 1712 5634; x_wconf 89' lang='lat' dir='ltr'><strong>alam</strong></span> <span class='ocrx_word' id='word_1_716' title='bbox 1742 5581 2048 5650; x_wconf 67' lang='lat' dir='ltr'><strong>praedicatio</strong></span> 
     </span>
    </p>
   </div>
   <div class='ocr_carea' id='block_1_87' title="bbox 471 5674 2050 5745">
    <p class='ocr_par' dir='ltr' id='par_1_87' title="bbox 471 5674 2050 5745">
     <span class='ocr_line' id='line_1_87' title="bbox 471 5674 2050 5745; baseline 0.004 -17"><span class='ocrx_word' id='word_1_717' title='bbox 471 5682 831 5728; x_wconf 81' lang='lat' dir='ltr'><strong>Convertatnr.</strong></span> <span class='ocrx_word' id='word_1_718' title='bbox 875 5674 1012 5744; x_wconf 80' lang='lat' dir='ltr'><strong>Ergo</strong></span> <span class='ocrx_word' id='word_1_719' title='bbox 1043 5675 1110 5728; x_wconf 86' lang='lat' dir='ltr'><strong>ab</strong></span> <span class='ocrx_word' id='word_1_720' title='bbox 1140 5692 1202 5729; x_wconf 91' lang='lat' dir='ltr'><strong>co</strong></span> <span class='ocrx_word' id='word_1_721' title='bbox 1242 5677 1380 5745; x_wconf 93' lang='lat' dir='ltr'><strong>quod</strong></span> <span class='ocrx_word' id='word_1_722' title='bbox 1428 5676 1574 5745; x_wconf 88' lang='lat' dir='ltr'><strong>prius</strong></span> <span class='ocrx_word' id='word_1_723' title='bbox 1616 5674 1830 5741; x_wconf 94' lang='lat' dir='ltr'><strong>dicitur,</strong></span> <span class='ocrx_word' id='word_1_724' title='bbox 1872 5676 1942 5731; x_wconf 90' lang='lat' dir='ltr'><strong>illi</strong></span> <span class='ocrx_word' id='word_1_725' title='bbox 1980 5679 2050 5734; x_wconf 85' lang='lat' dir='ltr'><strong>ad</strong></span> 
     </span>
    </p>
   </div>
   <div class='ocr_carea' id='block_1_88' title="bbox 473 5768 2049 5840">
    <p class='ocr_par' dir='ltr' id='par_1_88' title="bbox 473 5768 2049 5840">
     <span class='ocr_line' id='line_1_88' title="bbox 473 5768 2049 5840; baseline 0.004 -22"><span class='ocrx_word' id='word_1_726' title='bbox 473 5768 610 5836; x_wconf 85' lang='lat' dir='ltr'><strong>quod</strong></span> <span class='ocrx_word' id='word_1_727' title='bbox 649 5768 979 5822; x_wconf 83' lang='lat' dir='ltr'><strong>convertitur</strong></span> <span class='ocrx_word' id='word_1_728' title='bbox 1023 5785 1210 5824; x_wconf 88' lang='lat' dir='ltr'><strong>nomen</strong></span> <span class='ocrx_word' id='word_1_729' title='bbox 1256 5769 1555 5840; x_wconf 83' lang='lat' dir='ltr'><strong>fingendum</strong></span> <span class='ocrx_word' id='word_1_730' title='bbox 1599 5780 1710 5833; x_wconf 91' lang='lat' dir='ltr'><strong>est,</strong></span> <span class='ocrx_word' id='word_1_731' title='bbox 1749 5777 1804 5822; x_wconf 93' lang='lat' dir='ltr'><strong>ut</strong></span> <span class='ocrx_word' id='word_1_732' title='bbox 1840 5785 1899 5823; x_wconf 90' lang='lat' dir='ltr'><strong>ea</strong></span> <span class='ocrx_word' id='word_1_733' title='bbox 1932 5785 2049 5839; x_wconf 72' lang='lat' dir='ltr'><strong>qua:</strong></span> 
     </span>
    </p>
   </div>
   <div class='ocr_carea' id='block_1_89' title="bbox 477 5861 2048 5939">
    <p class='ocr_par' dir='ltr' id='par_1_89' title="bbox 477 5861 2048 5939">
     <span class='ocr_line' id='line_1_89' title="bbox 477 5861 2048 5939; baseline 0.004 -27"><span class='ocrx_word' id='word_1_734' title='bbox 477 5862 619 5928; x_wconf 76' lang='lat' dir='ltr'><strong>prius</strong></span> <span class='ocrx_word' id='word_1_735' title='bbox 651 5861 842 5917; x_wconf 89' lang='lat' dir='ltr'><strong>dicitur</strong></span> <span class='ocrx_word' id='word_1_736' title='bbox 888 5861 1008 5928; x_wconf 71' lang='lat' dir='ltr'><strong>ala,</strong></span> <span class='ocrx_word' id='word_1_737' title='bbox 1045 5863 1117 5918; x_wconf 87' lang='lat' dir='ltr'><strong>rei</strong></span> <span class='ocrx_word' id='word_1_738' title='bbox 1152 5864 1212 5920; x_wconf 87' lang='lat' dir='ltr'><strong>ad</strong></span> <span class='ocrx_word' id='word_1_739' title='bbox 1260 5880 1415 5938; x_wconf 89' lang='lat' dir='ltr'><strong>quam</strong></span> <span class='ocrx_word' id='word_1_740' title='bbox 1468 5862 1796 5939; x_wconf 83' lang='lat' dir='ltr'><strong>convertitur</strong></span> <span class='ocrx_word' id='word_1_741' title='bbox 1845 5861 1924 5918; x_wconf 88' lang='lat' dir='ltr'><strong>sic</strong></span> <span class='ocrx_word' id='word_1_742' title='bbox 1991 5870 2048 5918; x_wconf 89' lang='lat' dir='ltr'><strong>ut</strong></span> 
     </span>
    </p>
   </div>
   <div class='ocr_carea' id='block_1_90' title="bbox 2136 3363 3709 3436">
    <p class='ocr_par' dir='ltr' id='par_1_90' title="bbox 2136 3363 3709 3436">
     <span class='ocr_line' id='line_1_90' title="bbox 2136 3363 3709 3436; baseline 0.004 -19"><span class='ocrx_word' id='word_1_743' title='bbox 2136 3371 2190 3417; x_wconf 89' lang='lat' dir='ltr'><strong>et</strong></span> <span class='ocrx_word' id='word_1_744' title='bbox 2218 3363 2550 3420; x_wconf 77' lang='lat' dir='ltr'><strong>extrinsecus</strong></span> <span class='ocrx_word' id='word_1_745' title='bbox 2591 3365 2982 3436; x_wconf 63' lang='lat' dir='ltr'><strong>praedicantur,</strong></span> <span class='ocrx_word' id='word_1_746' title='bbox 3025 3366 3206 3423; x_wconf 88' lang='lat' dir='ltr'><strong>dicere</strong></span> <span class='ocrx_word' id='word_1_747' title='bbox 3245 3367 3536 3423; x_wconf 90' lang='lat' dir='ltr'><strong>secundum</strong></span> <span class='ocrx_word' id='word_1_748' title='bbox 3571 3366 3709 3424; x_wconf 78' lang='lat' dir='ltr'><strong>acci-</strong></span> 
     </span>
    </p>
   </div>
   <div class='ocr_carea' id='block_1_91' title="bbox 2137 3454 3710 3530">
    <p class='ocr_par' dir='ltr' id='par_1_91' title="bbox 2137 3454 3710 3530">
     <span class='ocr_line' id='line_1_91' title="bbox 2137 3454 3710 3530; baseline 0.003 -21"><span class='ocrx_word' id='word_1_749' title='bbox 2137 3454 2268 3510; x_wconf 92' lang='lat' dir='ltr'><strong>dens</strong></span> <span class='ocrx_word' id='word_1_750' title='bbox 2291 3457 2587 3526; x_wconf 66' lang='lat' dir='ltr'><strong>praedicari.</strong></span> <span class='ocrx_word' id='word_1_751' title='bbox 2619 3459 2818 3514; x_wconf 84' lang='lat' dir='ltr'><strong>Servus</strong></span> <span class='ocrx_word' id='word_1_752' title='bbox 2839 3468 3014 3516; x_wconf 90' lang='lat' dir='ltr'><strong>autem</strong></span> <span class='ocrx_word' id='word_1_753' title='bbox 3044 3460 3188 3530; x_wconf 90' lang='lat' dir='ltr'><strong>prius</strong></span> <span class='ocrx_word' id='word_1_754' title='bbox 3209 3460 3275 3515; x_wconf 87' lang='lat' dir='ltr'><strong>ad</strong></span> <span class='ocrx_word' id='word_1_755' title='bbox 3302 3459 3579 3517; x_wconf 87' lang='lat' dir='ltr'><strong>dominum</strong></span> <span class='ocrx_word' id='word_1_756' title='bbox 3605 3466 3710 3526; x_wconf 86' lang='lat' dir='ltr'><strong>est,</strong></span> 
     </span>
    </p>
   </div>
   <div class='ocr_carea' id='block_1_92' title="bbox 2138 3549 3710 3623">
    <p class='ocr_par' dir='ltr' id='par_1_92' title="bbox 2138 3549 3710 3623">
     <span class='ocr_line' id='line_1_92' title="bbox 2138 3549 3710 3623; baseline 0.003 -19"><span class='ocrx_word' id='word_1_757' title='bbox 2138 3549 2376 3604; x_wconf 92' lang='lat' dir='ltr'><strong>secundo</strong></span> <span class='ocrx_word' id='word_1_758' title='bbox 2415 3565 2544 3606; x_wconf 86' lang='lat' dir='ltr'><strong>vero</strong></span> <span class='ocrx_word' id='word_1_759' title='bbox 2577 3551 2694 3606; x_wconf 91' lang='lat' dir='ltr'><strong>loco</strong></span> <span class='ocrx_word' id='word_1_760' title='bbox 2723 3552 2786 3607; x_wconf 91' lang='lat' dir='ltr'><strong>ad</strong></span> <span class='ocrx_word' id='word_1_761' title='bbox 2819 3551 3110 3608; x_wconf 90' lang='lat' dir='ltr'><strong>hominem.</strong></span> <span class='ocrx_word' id='word_1_762' title='bbox 3156 3553 3360 3608; x_wconf 89' lang='lat' dir='ltr'><strong>Idcirco</strong></span> <span class='ocrx_word' id='word_1_763' title='bbox 3398 3553 3539 3608; x_wconf 91' lang='lat' dir='ltr'><strong>enim</strong></span> <span class='ocrx_word' id='word_1_764' title='bbox 3569 3551 3710 3623; x_wconf 83' lang='lat' dir='ltr'><strong>quod</strong></span> 
     </span>
    </p>
   </div>
   <div class='ocr_carea' id='block_1_93' title="bbox 2138 3641 3708 3711">
    <p class='ocr_par' dir='ltr' id='par_1_93' title="bbox 2138 3641 3708 3711">
     <span class='ocr_line' id='line_1_93' title="bbox 2138 3641 3708 3711; baseline 0.001 -15"><span class='ocrx_word' id='word_1_765' title='bbox 2138 3641 2384 3697; x_wconf 87' lang='lat' dir='ltr'><strong>dominus</strong></span> <span class='ocrx_word' id='word_1_766' title='bbox 2413 3643 2576 3698; x_wconf 91' lang='lat' dir='ltr'><strong>homo</strong></span> <span class='ocrx_word' id='word_1_767' title='bbox 2605 3653 2706 3711; x_wconf 89' lang='lat' dir='ltr'><strong>est,</strong></span> <span class='ocrx_word' id='word_1_768' title='bbox 2741 3645 2858 3700; x_wconf 90' lang='lat' dir='ltr'><strong>ideo</strong></span> <span class='ocrx_word' id='word_1_769' title='bbox 2888 3660 3073 3701; x_wconf 88' lang='lat' dir='ltr'><strong>servus</strong></span> <span class='ocrx_word' id='word_1_770' title='bbox 3103 3645 3167 3700; x_wconf 92' lang='lat' dir='ltr'><strong>ad</strong></span> <span class='ocrx_word' id='word_1_771' title='bbox 3200 3644 3468 3701; x_wconf 91' lang='lat' dir='ltr'><strong>hominem</strong></span> <span class='ocrx_word' id='word_1_772' title='bbox 3497 3645 3708 3700; x_wconf 91' lang='lat' dir='ltr'><strong>dicitur.</strong></span> 
     </span>
    </p>
   </div>
   <div class='ocr_carea' id='block_1_94' title="bbox 2139 3731 3712 3806">
    <p class='ocr_par' dir='ltr' id='par_1_94' title="bbox 2139 3731 3712 3806">
     <span class='ocr_line' id='line_1_94' title="bbox 2139 3731 3712 3806; baseline 0.001 -19"><span class='ocrx_word' id='word_1_773' title='bbox 2139 3731 2206 3787; x_wconf 86' lang='lat' dir='ltr'><strong>Et</strong></span> <span class='ocrx_word' id='word_1_774' title='bbox 2236 3733 2433 3790; x_wconf 91' lang='lat' dir='ltr'><strong>idcirco</strong></span> <span class='ocrx_word' id='word_1_775' title='bbox 2463 3737 2584 3805; x_wconf 88' lang='lat' dir='ltr'><strong>quia</strong></span> <span class='ocrx_word' id='word_1_776' title='bbox 2613 3736 2855 3790; x_wconf 91' lang='lat' dir='ltr'><strong>dominus</strong></span> <span class='ocrx_word' id='word_1_777' title='bbox 2883 3737 3031 3806; x_wconf 86' lang='lat' dir='ltr'><strong>bipes</strong></span> <span class='ocrx_word' id='word_1_778' title='bbox 3055 3745 3169 3802; x_wconf 91' lang='lat' dir='ltr'><strong>est,</strong></span> <span class='ocrx_word' id='word_1_779' title='bbox 3202 3735 3323 3792; x_wconf 92' lang='lat' dir='ltr'><strong>ideo</strong></span> <span class='ocrx_word' id='word_1_780' title='bbox 3352 3751 3538 3793; x_wconf 88' lang='lat' dir='ltr'><strong>servus</strong></span> <span class='ocrx_word' id='word_1_781' title='bbox 3568 3735 3712 3805; x_wconf 68' lang='lat' dir='ltr'><strong>hipe~</strong></span> 
     </span>
    </p>
   </div>
   <div class='ocr_carea' id='block_1_95' title="bbox 2137 3826 3713 3897">
    <p class='ocr_par' dir='ltr' id='par_1_95' title="bbox 2137 3826 3713 3897">
     <span class='ocr_line' id='line_1_95' title="bbox 2137 3826 3713 3897; baseline 0.003 -17"><span class='ocrx_word' id='word_1_782' title='bbox 2137 3826 2221 3882; x_wconf 90' lang='lat' dir='ltr'><strong>dis</strong></span> <span class='ocrx_word' id='word_1_783' title='bbox 2258 3827 2470 3882; x_wconf 89' lang='lat' dir='ltr'><strong>dicitur.</strong></span> <span class='ocrx_word' id='word_1_784' title='bbox 2520 3828 2658 3897; x_wconf 86' lang='lat' dir='ltr'><strong>Ergo</strong></span> <span class='ocrx_word' id='word_1_785' title='bbox 2700 3829 2989 3884; x_wconf 86' lang='lat' dir='ltr'><strong>secundum</strong></span> <span class='ocrx_word' id='word_1_786' title='bbox 3035 3829 3283 3886; x_wconf 88' lang='lat' dir='ltr'><strong>accidens</strong></span> <span class='ocrx_word' id='word_1_787' title='bbox 3321 3830 3453 3885; x_wconf 80' lang='lat' dir='ltr'><strong>dixit</strong></span> <span class='ocrx_word' id='word_1_788' title='bbox 3481 3829 3713 3886; x_wconf 90' lang='lat' dir='ltr'><strong>secundo</strong></span> 
     </span>
    </p>
   </div>
   <div class='ocr_carea' id='block_1_96' title="bbox 2141 3921 3714 3985">
    <p class='ocr_par' dir='ltr' id='par_1_96' title="bbox 2141 3921 3714 3985">
     <span class='ocr_line' id='line_1_96' title="bbox 2141 3921 3714 3985; baseline 0.003 -11"><span class='ocrx_word' id='word_1_789' title='bbox 2141 3921 2278 3985; x_wconf 91' lang='lat' dir='ltr'><strong>loco,</strong></span> <span class='ocrx_word' id='word_1_790' title='bbox 2306 3922 2489 3975; x_wconf 90' lang='lat' dir='ltr'><strong>volens</strong></span> <span class='ocrx_word' id='word_1_791' title='bbox 2516 3921 2807 3975; x_wconf 87' lang='lat' dir='ltr'><strong>ostendere</strong></span> <span class='ocrx_word' id='word_1_792' title='bbox 2834 3932 3141 3976; x_wconf 78' lang='lat' dir='ltr'><strong>exlraneam</strong></span> <span class='ocrx_word' id='word_1_793' title='bbox 3169 3932 3225 3977; x_wconf 91' lang='lat' dir='ltr'><strong>et</strong></span> <span class='ocrx_word' id='word_1_794' title='bbox 3253 3938 3358 3978; x_wconf 90' lang='lat' dir='ltr'><strong>non</strong></span> <span class='ocrx_word' id='word_1_795' title='bbox 3387 3923 3714 3979; x_wconf 88' lang='lat' dir='ltr'><strong>convenien-</strong></span> 
     </span>
    </p>
   </div>
   <div class='ocr_carea' id='block_1_97' title="bbox 2141 4011 3716 4081">
    <p class='ocr_par' dir='ltr' id='par_1_97' title="bbox 2141 4011 3716 4081">
     <span class='ocr_line' id='line_1_97' title="bbox 2141 4011 3716 4081; baseline 0 -15"><span class='ocrx_word' id='word_1_796' title='bbox 2141 4020 2244 4067; x_wconf 90' lang='lat' dir='ltr'><strong>tem</strong></span> <span class='ocrx_word' id='word_1_797' title='bbox 2275 4011 2385 4066; x_wconf 82' lang='lat' dir='ltr'><strong>ileri</strong></span> <span class='ocrx_word' id='word_1_798' title='bbox 2415 4011 2862 4081; x_wconf 83' lang='lat' dir='ltr'><strong>praedicationem,</strong></span> <span class='ocrx_word' id='word_1_799' title='bbox 2897 4013 2940 4067; x_wconf 92' lang='lat' dir='ltr'><strong>si</strong></span> <span class='ocrx_word' id='word_1_800' title='bbox 2980 4012 3097 4081; x_wconf 89' lang='lat' dir='ltr'><strong>quis</strong></span> <span class='ocrx_word' id='word_1_801' title='bbox 3125 4012 3191 4066; x_wconf 89' lang='lat' dir='ltr'><strong>ad</strong></span> <span class='ocrx_word' id='word_1_802' title='bbox 3221 4012 3494 4067; x_wconf 89' lang='lat' dir='ltr'><strong>hominem</strong></span> <span class='ocrx_word' id='word_1_803' title='bbox 3525 4013 3608 4067; x_wconf 89' lang='lat' dir='ltr'><strong>vel</strong></span> <span class='ocrx_word' id='word_1_804' title='bbox 3636 4011 3716 4066; x_wconf 81' lang='lat' dir='ltr'><strong>bi-</strong></span> 
     </span>
    </p>
   </div>
   <div class='ocr_carea' id='block_1_98' title="bbox 2141 4100 3715 4176">
    <p class='ocr_par' dir='ltr' id='par_1_98' title="bbox 2141 4100 3715 4176">
     <span class='ocr_line' id='line_1_98' title="bbox 2141 4100 3715 4176; baseline -0.001 -16"><span class='ocrx_word' id='word_1_805' title='bbox 2141 4106 2330 4176; x_wconf 90' lang='lat' dir='ltr'><strong>pedem</strong></span> <span class='ocrx_word' id='word_1_806' title='bbox 2365 4120 2574 4160; x_wconf 88' lang='lat' dir='ltr'><strong>servurn</strong></span> <span class='ocrx_word' id='word_1_807' title='bbox 2604 4113 2656 4159; x_wconf 91' lang='lat' dir='ltr'><strong>et</strong></span> <span class='ocrx_word' id='word_1_808' title='bbox 2687 4119 2789 4159; x_wconf 92' lang='lat' dir='ltr'><strong>non</strong></span> <span class='ocrx_word' id='word_1_809' title='bbox 2828 4103 2893 4158; x_wconf 91' lang='lat' dir='ltr'><strong>ad</strong></span> <span class='ocrx_word' id='word_1_810' title='bbox 2926 4103 3199 4159; x_wconf 90' lang='lat' dir='ltr'><strong>dominum</strong></span> <span class='ocrx_word' id='word_1_811' title='bbox 3240 4102 3453 4159; x_wconf 79' lang='lat' dir='ltr'><strong>referat.</strong></span> <span class='ocrx_word' id='word_1_812' title='bbox 3498 4100 3715 4159; x_wconf 67' lang='lat' dir='ltr'><strong>Manife«</strong></span> 
     </span>
    </p>
   </div>
   <div class='ocr_carea' id='block_1_99' title="bbox 2141 4195 3718 4274">
    <p class='ocr_par' dir='ltr' id='par_1_99' title="bbox 2141 4195 3718 4274">
     <span class='ocr_line' id='line_1_99' title="bbox 2141 4195 3718 4274; baseline -0.002 -20"><span class='ocrx_word' id='word_1_813' title='bbox 2141 4207 2280 4254; x_wconf 80' lang='lat' dir='ltr'><strong>Stum</strong></span> <span class='ocrx_word' id='word_1_814' title='bbox 2315 4197 2473 4268; x_wconf 84' lang='lat' dir='ltr'><strong>igitur</strong></span> <span class='ocrx_word' id='word_1_815' title='bbox 2500 4207 2581 4252; x_wconf 86' lang='lat' dir='ltr'><strong>est</strong></span> <span class='ocrx_word' id='word_1_816' title='bbox 2605 4197 2852 4268; x_wconf 92' lang='lat' dir='ltr'><strong>quoniam</strong></span> <span class='ocrx_word' id='word_1_817' title='bbox 2884 4198 2935 4274; x_wconf 80' lang='lat' dir='ltr'><strong>in</strong></span> <span class='ocrx_word' id='word_1_818' title='bbox 2964 4197 3044 4253; x_wconf 90' lang='lat' dir='ltr'><strong>his</strong></span> <span class='ocrx_word' id='word_1_819' title='bbox 3075 4212 3284 4270; x_wconf 92' lang='lat' dir='ltr'><strong>quoque</strong></span> <span class='ocrx_word' id='word_1_820' title='bbox 3313 4212 3429 4269; x_wconf 63' lang='lat' dir='ltr'><strong>quae</strong></span> <span class='ocrx_word' id='word_1_821' title='bbox 3459 4195 3718 4251; x_wconf 66' lang='lat' dir='ltr'><strong>confessas</strong></span> 
     </span>
    </p>
   </div>
   <div class='ocr_carea' id='block_1_100' title="bbox 2142 4287 3719 4362">
    <p class='ocr_par' dir='ltr' id='par_1_100' title="bbox 2142 4287 3719 4362">
     <span class='ocr_line' id='line_1_100' title="bbox 2142 4287 3719 4362; baseline -0.003 -15"><span class='ocrx_word' id='word_1_822' title='bbox 2142 4299 2266 4347; x_wconf 81' lang='lat' dir='ltr'><strong>sunt</strong></span> <span class='ocrx_word' id='word_1_823' title='bbox 2307 4290 2372 4345; x_wconf 83' lang='lat' dir='ltr'><strong>ad</strong></span> <span class='ocrx_word' id='word_1_824' title='bbox 2411 4290 2644 4361; x_wconf 89' lang='lat' dir='ltr'><strong>aliqttid,</strong></span> <span class='ocrx_word' id='word_1_825' title='bbox 2675 4300 2728 4346; x_wconf 91' lang='lat' dir='ltr'><strong>et</strong></span> <span class='ocrx_word' id='word_1_826' title='bbox 2759 4291 2810 4346; x_wconf 90' lang='lat' dir='ltr'><strong>in</strong></span> <span class='ocrx_word' id='word_1_827' title='bbox 2850 4291 3040 4362; x_wconf 88' lang='lat' dir='ltr'><strong>quibus</strong></span> <span class='ocrx_word' id='word_1_828' title='bbox 3083 4291 3297 4346; x_wconf 88' lang='lat' dir='ltr'><strong>nomina</strong></span> <span class='ocrx_word' id='word_1_829' title='bbox 3334 4297 3475 4345; x_wconf 89' lang='lat' dir='ltr'><strong>sunt.</strong></span> <span class='ocrx_word' id='word_1_830' title='bbox 3517 4287 3719 4344; x_wconf 81' lang='lat' dir='ltr'><strong>Nomen</strong></span> 
     </span>
    </p>
   </div>
   <div class='ocr_carea' id='block_1_101' title="bbox 2143 4374 3824 4450">
    <p class='ocr_par' dir='ltr' id='par_1_101' title="bbox 2143 4374 3824 4450">
     <span class='ocr_line' id='line_1_101' title="bbox 2143 4374 3824 4450; baseline -0.004 -11"><span class='ocrx_word' id='word_1_831' title='bbox 2143 4383 2283 4439; x_wconf 91' lang='lat' dir='ltr'><strong>enim</strong></span> <span class='ocrx_word' id='word_1_832' title='bbox 2311 4391 2364 4438; x_wconf 91' lang='lat' dir='ltr'><strong>et</strong></span> <span class='ocrx_word' id='word_1_833' title='bbox 2393 4384 2533 4438; x_wconf 89' lang='lat' dir='ltr'><strong>servi</strong></span> <span class='ocrx_word' id='word_1_834' title='bbox 2563 4393 2616 4437; x_wconf 89' lang='lat' dir='ltr'><strong>et</strong></span> <span class='ocrx_word' id='word_1_835' title='bbox 2645 4382 2847 4438; x_wconf 91' lang='lat' dir='ltr'><strong>domini</strong></span> <span class='ocrx_word' id='word_1_836' title='bbox 2879 4381 2932 4437; x_wconf 92' lang='lat' dir='ltr'><strong>in</strong></span> <span class='ocrx_word' id='word_1_837' title='bbox 2965 4397 3062 4438; x_wconf 88' lang='lat' dir='ltr'><strong>usu</strong></span> <span class='ocrx_word' id='word_1_838' title='bbox 3091 4391 3201 4450; x_wconf 89' lang='lat' dir='ltr'><strong>est,</strong></span> <span class='ocrx_word' id='word_1_839' title='bbox 3239 4395 3342 4435; x_wconf 90' lang='lat' dir='ltr'><strong>non</strong></span> <span class='ocrx_word' id='word_1_840' title='bbox 3375 4377 3720 4449; x_wconf 89' lang='lat' dir='ltr'><strong>quemadmo-</strong></span> <span class='ocrx_word' id='word_1_841' title='bbox 3815 4374 3824 4383; x_wconf 88' lang='grc'><em>’</em></span> 
     </span>
    </p>
   </div>
   <div class='ocr_carea' id='block_1_102' title="bbox 2144 4471 3721 4542">
    <p class='ocr_par' dir='ltr' id='par_1_102' title="bbox 2144 4471 3721 4542">
     <span class='ocr_line' id='line_1_102' title="bbox 2144 4471 3721 4542; baseline -0.003 -12"><span class='ocrx_word' id='word_1_842' title='bbox 2144 4476 2269 4530; x_wconf 90' lang='lat' dir='ltr'><strong>dum</strong></span> <span class='ocrx_word' id='word_1_843' title='bbox 2311 4476 2362 4529; x_wconf 93' lang='lat' dir='ltr'><strong>in</strong></span> <span class='ocrx_word' id='word_1_844' title='bbox 2409 4490 2557 4530; x_wconf 91' lang='lat' dir='ltr'><strong>remo</strong></span> <span class='ocrx_word' id='word_1_845' title='bbox 2599 4485 2690 4528; x_wconf 90' lang='lat' dir='ltr'><strong>aut</strong></span> <span class='ocrx_word' id='word_1_846' title='bbox 2735 4475 2785 4528; x_wconf 92' lang='lat' dir='ltr'><strong>in</strong></span> <span class='ocrx_word' id='word_1_847' title='bbox 2827 4474 2945 4539; x_wconf 89' lang='lat' dir='ltr'><strong>ala,</strong></span> <span class='ocrx_word' id='word_1_848' title='bbox 2978 4473 3064 4527; x_wconf 93' lang='lat' dir='ltr'><strong>ubi</strong></span> <span class='ocrx_word' id='word_1_849' title='bbox 3100 4486 3270 4542; x_wconf 89' lang='lat' dir='ltr'><strong>neque</strong></span> <span class='ocrx_word' id='word_1_850' title='bbox 3309 4471 3507 4526; x_wconf 88' lang='lat' dir='ltr'><strong>alatnm</strong></span> <span class='ocrx_word' id='word_1_851' title='bbox 3550 4483 3721 4539; x_wconf 78' lang='lat' dir='ltr'><strong>neque</strong></span> 
     </span>
    </p>
   </div>
   <div class='ocr_carea' id='block_1_103' title="bbox 2146 4563 3720 4635">
    <p class='ocr_par' dir='ltr' id='par_1_103' title="bbox 2146 4563 3720 4635">
     <span class='ocr_line' id='line_1_103' title="bbox 2146 4563 3720 4635; baseline -0.006 -12"><span class='ocrx_word' id='word_1_852' title='bbox 2146 4569 2393 4624; x_wconf 92' lang='lat' dir='ltr'><strong>remitum</strong></span> <span class='ocrx_word' id='word_1_853' title='bbox 2428 4583 2622 4623; x_wconf 93' lang='lat' dir='ltr'><strong>nomen</strong></span> <span class='ocrx_word' id='word_1_854' title='bbox 2673 4567 2788 4632; x_wconf 81' lang='lat' dir='ltr'><strong>fuit,</strong></span> <span class='ocrx_word' id='word_1_855' title='bbox 2828 4567 2926 4621; x_wconf 89' lang='lat' dir='ltr'><strong>nisi</strong></span> <span class='ocrx_word' id='word_1_856' title='bbox 2961 4567 3074 4635; x_wconf 90' lang='lat' dir='ltr'><strong>ipse</strong></span> <span class='ocrx_word' id='word_1_857' title='bbox 3114 4567 3335 4634; x_wconf 82' lang='lat' dir='ltr'><strong>lingeret</strong></span> <span class='ocrx_word' id='word_1_858' title='bbox 3382 4563 3720 4618; x_wconf 81' lang='lat' dir='ltr'><strong>Aristoteles.</strong></span> 
     </span>
    </p>
   </div>
   <div class='ocr_carea' id='block_1_104' title="bbox 2069 4622 3724 4730">
    <p class='ocr_par' dir='ltr' id='par_1_104' title="bbox 2069 4622 3724 4730">
     <span class='ocr_line' id='line_1_104' title="bbox 2069 4622 3724 4730; baseline -0.004 -14"><span class='ocrx_word' id='word_1_859' title='bbox 2069 4622 2123 4684; x_wconf 66' lang='grc' dir='ltr'><strong>Β</strong></span> <span class='ocrx_word' id='word_1_860' title='bbox 2145 4660 2278 4717; x_wconf 87' lang='lat' dir='ltr'><strong>Cum</strong></span> <span class='ocrx_word' id='word_1_861' title='bbox 2301 4676 2425 4730; x_wconf 89' lang='lat' dir='ltr'><strong>ergo</strong></span> <span class='ocrx_word' id='word_1_862' title='bbox 2450 4659 2562 4715; x_wconf 67' lang='lat' dir='ltr'><strong>haec</strong></span> <span class='ocrx_word' id='word_1_863' title='bbox 2581 4659 2650 4713; x_wconf 91' lang='lat' dir='ltr'><strong>ita</strong></span> <span class='ocrx_word' id='word_1_864' title='bbox 2678 4659 2801 4723; x_wconf 92' lang='lat' dir='ltr'><strong>sint,</strong></span> <span class='ocrx_word' id='word_1_865' title='bbox 2819 4656 3154 4711; x_wconf 82' lang='lat' dir='ltr'><strong>manifestum</strong></span> <span class='ocrx_word' id='word_1_866' title='bbox 3176 4665 3258 4712; x_wconf 89' lang='lat' dir='ltr'><strong>est</strong></span> <span class='ocrx_word' id='word_1_867' title='bbox 3279 4653 3527 4726; x_wconf 89' lang='lat' dir='ltr'><strong>quoniam</strong></span> <span class='ocrx_word' id='word_1_868' title='bbox 3551 4654 3595 4708; x_wconf 91' lang='lat' dir='ltr'><strong>si</strong></span> <span class='ocrx_word' id='word_1_869' title='bbox 3618 4667 3724 4710; x_wconf 89' lang='lat' dir='ltr'><strong>non</strong></span> 
     </span>
    </p>
   </div>
   <div class='ocr_carea' id='block_1_105' title="bbox 2148 4745 3727 4822">
    <p class='ocr_par' dir='ltr' id='par_1_105' title="bbox 2148 4745 3727 4822">
     <span class='ocr_line' id='line_1_105' title="bbox 2148 4745 3727 4822; baseline -0.004 -14"><span class='ocrx_word' id='word_1_870' title='bbox 2148 4751 2528 4808; x_wconf 90' lang='lat' dir='ltr'><strong>convenienter</strong></span> <span class='ocrx_word' id='word_1_871' title='bbox 2573 4759 2907 4822; x_wconf 87' lang='lat' dir='ltr'><strong>aptarentur,</strong></span> <span class='ocrx_word' id='word_1_872' title='bbox 2961 4747 3370 4805; x_wconf 88' lang='lat' dir='ltr'><strong>conversionem</strong></span> <span class='ocrx_word' id='word_1_873' title='bbox 3418 4745 3727 4820; x_wconf 67' lang='lat' dir='ltr'><strong>praedicatio</strong></span> 
     </span>
    </p>
   </div>
   <div class='ocr_carea' id='block_1_106' title="bbox 2155 4852 2522 4901">
    <p class='ocr_par' dir='ltr' id='par_1_106' title="bbox 2155 4852 2522 4901">
     <span class='ocr_line' id='line_1_106' title="bbox 2155 4852 2522 4901; baseline -0.011 0"><span class='ocrx_word' id='word_1_874' title='bbox 2155 4860 2260 4901; x_wconf 90' lang='lat' dir='ltr'><strong>non</strong></span> <span class='ocrx_word' id='word_1_875' title='bbox 2297 4852 2522 4899; x_wconf 88' lang='lat' dir='ltr'><strong>teneret.</strong></span> 
     </span>
    </p>
   </div>
   <div class='ocr_carea' id='block_1_107' title="bbox 2223 4953 3726 5032">
    <p class='ocr_par' dir='ltr' id='par_1_107' title="bbox 2223 4953 3726 5032">
     <span class='ocr_line' id='line_1_107' title="bbox 2223 4953 3726 5032; baseline -0.005 -16"><span class='ocrx_word' id='word_1_876' title='bbox 2223 4961 2452 5032; x_wconf 80' lang='lat' dir='ltr'><strong>Amplius</strong></span> <span class='ocrx_word' id='word_1_877' title='bbox 2471 4961 2515 5015; x_wconf 88' lang='lat' dir='ltr'><strong>si</strong></span> <span class='ocrx_word' id='word_1_878' title='bbox 2538 4965 2888 5016; x_wconf 75' lang='lat' dir='ltr'><strong>convenienter</strong></span> <span class='ocrx_word' id='word_1_879' title='bbox 2908 4963 3192 5031; x_wconf 82' lang='lat' dir='ltr'><strong>assignetur</strong></span> <span class='ocrx_word' id='word_1_880' title='bbox 3212 4961 3266 5014; x_wconf 90' lang='lat' dir='ltr'><strong>id</strong></span> <span class='ocrx_word' id='word_1_881' title='bbox 3282 4958 3350 5014; x_wconf 89' lang='lat' dir='ltr'><strong>ad</strong></span> <span class='ocrx_word' id='word_1_882' title='bbox 3368 4958 3506 5028; x_wconf 80' lang='lat' dir='ltr'><strong>quod</strong></span> <span class='ocrx_word' id='word_1_883' title='bbox 3521 4953 3726 5016; x_wconf 84' lang='lat' dir='ltr'><strong>dicitur,</strong></span> 
     </span>
    </p>
   </div>
   <div class='ocr_carea' id='block_1_108' title="bbox 2152 5049 3727 5124">
    <p class='ocr_par' dir='ltr' id='par_1_108' title="bbox 2152 5049 3727 5124">
     <span class='ocr_line' id='line_1_108' title="bbox 2152 5049 3727 5124; baseline -0.007 -15"><span class='ocrx_word' id='word_1_884' title='bbox 2152 5055 2383 5110; x_wconf 82' lang='lat' dir='ltr'><strong>omnibus</strong></span> <span class='ocrx_word' id='word_1_885' title='bbox 2406 5055 2522 5108; x_wconf 87' lang='lat' dir='ltr'><strong>aliis</strong></span> <span class='ocrx_word' id='word_1_886' title='bbox 2543 5054 2942 5122; x_wconf 85' lang='lat' dir='ltr'><strong>circumscriptis</strong></span> <span class='ocrx_word' id='word_1_887' title='bbox 2962 5068 3269 5124; x_wconf 64' lang='lat' dir='ltr'><strong>quacunque</strong></span> <span class='ocrx_word' id='word_1_888' title='bbox 3286 5049 3566 5104; x_wconf 76' lang='lat' dir='ltr'><strong>accidentia</strong></span> <span class='ocrx_word' id='word_1_889' title='bbox 3590 5053 3727 5111; x_wconf 86' lang='lat' dir='ltr'><strong>sunt,</strong></span> 
     </span>
    </p>
   </div>
   <div class='ocr_carea' id='block_1_109' title="bbox 2149 5137 3731 5215">
    <p class='ocr_par' dir='ltr' id='par_1_109' title="bbox 2149 5137 3731 5215">
     <span class='ocr_line' id='line_1_109' title="bbox 2149 5137 3731 5215; baseline -0.007 -16"><span class='ocrx_word' id='word_1_890' title='bbox 2149 5147 2324 5199; x_wconf 83' lang='lat' dir='ltr'><strong>relicto</strong></span> <span class='ocrx_word' id='word_1_891' title='bbox 2346 5145 2458 5200; x_wconf 84' lang='lat' dir='ltr'><strong>solo</strong></span> <span class='ocrx_word' id='word_1_892' title='bbox 2473 5143 2564 5199; x_wconf 87' lang='lat' dir='ltr'><strong>illo</strong></span> <span class='ocrx_word' id='word_1_893' title='bbox 2584 5147 2652 5198; x_wconf 93' lang='lat' dir='ltr'><strong>ad</strong></span> <span class='ocrx_word' id='word_1_894' title='bbox 2667 5147 2806 5215; x_wconf 90' lang='lat' dir='ltr'><strong>quod</strong></span> <span class='ocrx_word' id='word_1_895' title='bbox 2818 5145 3131 5214; x_wconf 88' lang='lat' dir='ltr'><strong>assignatum</strong></span> <span class='ocrx_word' id='word_1_896' title='bbox 3153 5151 3246 5204; x_wconf 90' lang='lat' dir='ltr'><strong>est,</strong></span> <span class='ocrx_word' id='word_1_897' title='bbox 3264 5153 3456 5210; x_wconf 81' lang='lat' dir='ltr'><strong>semper</strong></span> <span class='ocrx_word' id='word_1_898' title='bbox 3475 5137 3542 5191; x_wconf 88' lang='lat' dir='ltr'><strong>ad</strong></span> <span class='ocrx_word' id='word_1_899' title='bbox 3563 5137 3731 5206; x_wconf 86' lang='lat' dir='ltr'><strong>ipsum</strong></span> 
     </span>
    </p>
   </div>
   <div class='ocr_carea' id='block_1_110' title="bbox 2151 5227 3731 5296">
    <p class='ocr_par' dir='ltr' id='par_1_110' title="bbox 2151 5227 3731 5296">
     <span class='ocr_line' id='line_1_110' title="bbox 2151 5227 3731 5296; baseline -0.007 -5"><span class='ocrx_word' id='word_1_900' title='bbox 2151 5237 2502 5291; x_wconf 85' lang='lat' dir='ltr'><strong>convenienter</strong></span> <span class='ocrx_word' id='word_1_901' title='bbox 2535 5236 2758 5290; x_wconf 87' lang='lat' dir='ltr'><strong>dicetur:</strong></span> <span class='ocrx_word' id='word_1_902' title='bbox 2785 5244 2838 5288; x_wconf 89' lang='lat' dir='ltr'><strong>ut</strong></span> <span class='ocrx_word' id='word_1_903' title='bbox 2864 5235 2908 5288; x_wconf 87' lang='lat' dir='ltr'><strong>si</strong></span> <span class='ocrx_word' id='word_1_904' title='bbox 2928 5249 3097 5288; x_wconf 81' lang='lat' dir='ltr'><strong>servus</strong></span> <span class='ocrx_word' id='word_1_905' title='bbox 3130 5231 3329 5284; x_wconf 84' lang='lat' dir='ltr'><strong>dicatur</strong></span> <span class='ocrx_word' id='word_1_906' title='bbox 3353 5229 3421 5281; x_wconf 90' lang='lat' dir='ltr'><strong>ad</strong></span> <span class='ocrx_word' id='word_1_907' title='bbox 3443 5227 3731 5296; x_wconf 84' lang='lat' dir='ltr'><strong>dominum,</strong></span> 
     </span>
    </p>
   </div>
   <div class='ocr_carea' id='block_1_111' title="bbox 2151 5315 3732 5398">
    <p class='ocr_par' dir='ltr' id='par_1_111' title="bbox 2151 5315 3732 5398">
     <span class='ocr_line' id='line_1_111' title="bbox 2151 5315 3732 5398; baseline -0.005 -18"><span class='ocrx_word' id='word_1_908' title='bbox 2151 5329 2544 5398; x_wconf 85' lang='lat' dir='ltr'><strong>circumscriptis</strong></span> <span class='ocrx_word' id='word_1_909' title='bbox 2559 5328 2672 5380; x_wconf 89' lang='lat' dir='ltr'><strong>aliis</strong></span> <span class='ocrx_word' id='word_1_910' title='bbox 2694 5326 2923 5380; x_wconf 88' lang='lat' dir='ltr'><strong>omnibus</strong></span> <span class='ocrx_word' id='word_1_911' title='bbox 2937 5339 3048 5393; x_wconf 74' lang='lat' dir='ltr'><strong>qua:</strong></span> <span class='ocrx_word' id='word_1_912' title='bbox 3065 5330 3180 5377; x_wconf 86' lang='lat' dir='ltr'><strong>sunt</strong></span> <span class='ocrx_word' id='word_1_913' title='bbox 3197 5321 3483 5376; x_wconf 84' lang='lat' dir='ltr'><strong>accidentia</strong></span> <span class='ocrx_word' id='word_1_914' title='bbox 3501 5315 3732 5386; x_wconf 87' lang='lat' dir='ltr'><strong>domino,</strong></span> 
     </span>
    </p>
   </div>
   <div class='ocr_carea' id='block_1_112' title="bbox 2154 5408 3732 5489">
    <p class='ocr_par' dir='ltr' id='par_1_112' title="bbox 2154 5408 3732 5489">
     <span class='ocr_line' id='line_1_112' title="bbox 2154 5408 3732 5489; baseline -0.004 -19"><span class='ocrx_word' id='word_1_915' title='bbox 2154 5428 2206 5471; x_wconf 87' lang='lat' dir='ltr'><strong>ut</strong></span> <span class='ocrx_word' id='word_1_916' title='bbox 2225 5435 2333 5473; x_wconf 86' lang='lat' dir='ltr'><strong>esse</strong></span> <span class='ocrx_word' id='word_1_917' title='bbox 2352 5421 2598 5489; x_wconf 80' lang='lat' dir='ltr'><strong>bipedem,</strong></span> <span class='ocrx_word' id='word_1_918' title='bbox 2619 5419 2696 5470; x_wconf 83' lang='lat' dir='ltr'><strong>vel</strong></span> <span class='ocrx_word' id='word_1_919' title='bbox 2715 5417 2938 5471; x_wconf 68' lang='lat' dir='ltr'><strong>scientiae</strong></span> <span class='ocrx_word' id='word_1_920' title='bbox 2953 5413 3342 5483; x_wconf 87' lang='lat' dir='ltr'><strong>susceptibilem,</strong></span> <span class='ocrx_word' id='word_1_921' title='bbox 3357 5408 3437 5466; x_wconf 78' lang='lat' dir='ltr'><strong>vel</strong></span> <span class='ocrx_word' id='word_1_922' title='bbox 3455 5410 3732 5478; x_wconf 79' lang='lat' dir='ltr'><strong>hominem,</strong></span> 
     </span>
    </p>
   </div>
   <div class='ocr_carea' id='block_1_113' title="bbox 2153 5502 3732 5572">
    <p class='ocr_par' dir='ltr' id='par_1_113' title="bbox 2153 5502 3732 5572">
     <span class='ocr_line' id='line_1_113' title="bbox 2153 5502 3732 5572; baseline -0.006 -9"><span class='ocrx_word' id='word_1_923' title='bbox 2153 5509 2326 5563; x_wconf 87' lang='lat' dir='ltr'><strong>relicto</strong></span> <span class='ocrx_word' id='word_1_924' title='bbox 2371 5508 2480 5563; x_wconf 88' lang='lat' dir='ltr'><strong>solo</strong></span> <span class='ocrx_word' id='word_1_925' title='bbox 2520 5508 2753 5572; x_wconf 88' lang='lat' dir='ltr'><strong>domino,</strong></span> <span class='ocrx_word' id='word_1_926' title='bbox 2792 5521 2989 5569; x_wconf 86' lang='lat' dir='ltr'><strong>semper</strong></span> <span class='ocrx_word' id='word_1_927' title='bbox 3013 5520 3184 5559; x_wconf 85' lang='lat' dir='ltr'><strong>servus</strong></span> <span class='ocrx_word' id='word_1_928' title='bbox 3223 5503 3415 5556; x_wconf 88' lang='lat' dir='ltr'><strong>dicetur</strong></span> <span class='ocrx_word' id='word_1_929' title='bbox 3445 5502 3513 5556; x_wconf 91' lang='lat' dir='ltr'><strong>ad</strong></span> <span class='ocrx_word' id='word_1_930' title='bbox 3546 5502 3732 5572; x_wconf 86' lang='lat' dir='ltr'><strong>ipsum,</strong></span> 
     </span>
    </p>
   </div>
   <div class='ocr_carea' id='block_1_114' title="bbox 2151 5596 3736 5656">
    <p class='ocr_par' dir='ltr' id='par_1_114' title="bbox 2151 5596 3736 5656">
     <span class='ocr_line' id='line_1_114' title="bbox 2151 5596 3736 5656; baseline -0.004 0"><span class='ocrx_word' id='word_1_931' title='bbox 2151 5617 2322 5656; x_wconf 83' lang='lat' dir='ltr'><strong>servus</strong></span> <span class='ocrx_word' id='word_1_932' title='bbox 2346 5603 2480 5654; x_wconf 82' lang='lat' dir='ltr'><strong>enim</strong></span> <span class='ocrx_word' id='word_1_933' title='bbox 2500 5599 2692 5655; x_wconf 86' lang='lat' dir='ltr'><strong>domini</strong></span> <span class='ocrx_word' id='word_1_934' title='bbox 2714 5615 2884 5653; x_wconf 86' lang='lat' dir='ltr'><strong>servus</strong></span> <span class='ocrx_word' id='word_1_935' title='bbox 2916 5597 3123 5653; x_wconf 75' lang='lat' dir='ltr'><strong>dicitur.</strong></span> <span class='ocrx_word' id='word_1_936' title='bbox 3161 5596 3221 5653; x_wconf 86' lang='lat' dir='ltr'><strong>Si</strong></span> <span class='ocrx_word' id='word_1_937' title='bbox 3248 5606 3416 5652; x_wconf 86' lang='lat' dir='ltr'><strong>autem</strong></span> <span class='ocrx_word' id='word_1_938' title='bbox 3437 5613 3538 5652; x_wconf 88' lang='lat' dir='ltr'><strong>non</strong></span> <span class='ocrx_word' id='word_1_939' title='bbox 3558 5609 3736 5652; x_wconf 81' lang='lat' dir='ltr'><strong>conve-</strong></span> 
     </span>
    </p>
   </div>
   <div class='ocr_carea' id='block_1_115' title="bbox 2154 5691 3736 5763">
    <p class='ocr_par' dir='ltr' id='par_1_115' title="bbox 2154 5691 3736 5763">
     <span class='ocr_line' id='line_1_115' title="bbox 2154 5691 3736 5763; baseline -0.006 -14"><span class='ocrx_word' id='word_1_940' title='bbox 2154 5696 2348 5749; x_wconf 87' lang='lat' dir='ltr'><strong>nienter</strong></span> <span class='ocrx_word' id='word_1_941' title='bbox 2373 5693 2618 5748; x_wconf 86' lang='lat' dir='ltr'><strong>reddatur</strong></span> <span class='ocrx_word' id='word_1_942' title='bbox 2645 5691 2698 5745; x_wconf 89' lang='lat' dir='ltr'><strong>id</strong></span> <span class='ocrx_word' id='word_1_943' title='bbox 2720 5691 2786 5745; x_wconf 89' lang='lat' dir='ltr'><strong>ad</strong></span> <span class='ocrx_word' id='word_1_944' title='bbox 2817 5691 2955 5762; x_wconf 88' lang='lat' dir='ltr'><strong>quod</strong></span> <span class='ocrx_word' id='word_1_945' title='bbox 2988 5692 3194 5757; x_wconf 84' lang='lat' dir='ltr'><strong>dicitur,</strong></span> <span class='ocrx_word' id='word_1_946' title='bbox 3217 5692 3606 5763; x_wconf 84' lang='lat' dir='ltr'><strong>circumscriptis</strong></span> <span class='ocrx_word' id='word_1_947' title='bbox 3629 5704 3736 5744; x_wconf 80' lang='lat' dir='ltr'><strong>om-</strong></span> 
     </span>
    </p>
   </div>
   <div class='ocr_carea' id='block_1_116' title="bbox 2155 5783 3728 5857">
    <p class='ocr_par' dir='ltr' id='par_1_116' title="bbox 2155 5783 3728 5857">
     <span class='ocr_line' id='line_1_116' title="bbox 2155 5783 3728 5857; baseline -0.006 -18"><span class='ocrx_word' id='word_1_948' title='bbox 2155 5788 2300 5841; x_wconf 90' lang='lat' dir='ltr'><strong>nibus</strong></span> <span class='ocrx_word' id='word_1_949' title='bbox 2337 5786 2476 5850; x_wconf 85' lang='lat' dir='ltr'><strong>aliis,</strong></span> <span class='ocrx_word' id='word_1_950' title='bbox 2507 5785 2778 5856; x_wconf 82' lang='lat' dir='ltr'><strong>relictoque</strong></span> <span class='ocrx_word' id='word_1_951' title='bbox 2814 5783 2902 5838; x_wconf 85' lang='lat' dir='ltr'><strong>illo</strong></span> <span class='ocrx_word' id='word_1_952' title='bbox 2933 5785 3042 5838; x_wconf 87' lang='lat' dir='ltr'><strong>solo</strong></span> <span class='ocrx_word' id='word_1_953' title='bbox 3073 5787 3140 5838; x_wconf 90' lang='lat' dir='ltr'><strong>ad</strong></span> <span class='ocrx_word' id='word_1_954' title='bbox 3171 5785 3303 5857; x_wconf 86' lang='lat' dir='ltr'><strong>quod</strong></span> <span class='ocrx_word' id='word_1_955' title='bbox 3345 5787 3597 5839; x_wconf 86' lang='lat' dir='ltr'><strong>redditum</strong></span> <span class='ocrx_word' id='word_1_956' title='bbox 3637 5787 3728 5840; x_wconf 82' lang='lat' dir='ltr'><strong>est,</strong></span> 
     </span>
    </p>
   </div>
   <div class='ocr_carea' id='block_1_117' title="bbox 2157 5872 3725 5952">
    <p class='ocr_par' dir='ltr' id='par_1_117' title="bbox 2157 5872 3725 5952">
     <span class='ocr_line' id='line_1_117' title="bbox 2157 5872 3725 5952; baseline -0.011 -14"><span class='ocrx_word' id='word_1_957' title='bbox 2157 5901 2255 5939; x_wconf 84' lang='lat' dir='ltr'><strong>non</strong></span> <span class='ocrx_word' id='word_1_958' title='bbox 2287 5886 2478 5939; x_wconf 83' lang='lat' dir='ltr'><strong>dicetur</strong></span> <span class='ocrx_word' id='word_1_959' title='bbox 2514 5883 2581 5936; x_wconf 89' lang='lat' dir='ltr'><strong>ad</strong></span> <span class='ocrx_word' id='word_1_960' title='bbox 2615 5883 2788 5940; x_wconf 86' lang='lat' dir='ltr'><strong>aliud:</strong></span> <span class='ocrx_word' id='word_1_961' title='bbox 2812 5883 3097 5952; x_wconf 84' lang='lat' dir='ltr'><strong>assignetur</strong></span> <span class='ocrx_word' id='word_1_962' title='bbox 3128 5884 3254 5940; x_wconf 88' lang='lat' dir='ltr'><strong>enim</strong></span> <span class='ocrx_word' id='word_1_963' title='bbox 3289 5896 3458 5936; x_wconf 81' lang='lat' dir='ltr'><strong>servus</strong></span> <span class='ocrx_word' id='word_1_964' title='bbox 3493 5872 3725 5932; x_wconf 77' lang='lat' dir='ltr'><strong>hominis,</strong></span> 
     </span>
    </p>
   </div>
  </div>
