4280 6268
563 433 660 508 εὶὲἳ

1757 444 1866 498 ΑΝ.
1907 443 2113 499 MANL.
2151 441 2309 503 ειν.
2349 443 2572 503 ΒΟΕΤΙΙ

3715 447 3820 504 '2‘28

567 575 612 617 et
637 565 720 617 ala
756 563 878 628 aris,
907 557 1444 626 circumscribaturque
1483 560 1544 613 ιώ
1593 558 1790 612 homine
1839 574 1943 613 esse
1981 559 2144 611 domi-
2168 561 2220 619 Α
2246 536 2470 628 :equalia
2509 567 2632 615 esse
2661 567 2889 628 Oportet.
2924 558 3056 615 Nam
3083 559 3126 615 si
3169 573 3270 614 una
3317 573 3402 614 res
3439 558 3686 629 amplior,
3716 560 3819 613 alia

568 663 720 720 num,
759 665 859 710 non
900 656 1122 725 amplius
1159 669 1330 709 servits
1368 653 1435 705 ad
1473 651 1723 704 hominem
1762 649 1989 718 dicetur,
2028 665 2143 701 cum

565 750 697 801 enim
734 749 968 801 dominus
1004 763 1102 799 non
1132 747 1222 810 sit,
1248 759 1416 798 servus
1451 758 1552 796 non
1581 746 1674 796 est.
1707 741 1958 797 Similiter
1976 750 2142 795 autem

563 849 608 891 et
631 841 692 892 de
711 855 834 894 ave:
855 838 1112 890 adimatur
1142 836 1206 888 ab
1225 850 1282 888 ea
1310 834 1501 887 alutam
1535 848 1657 897 esse,
1684 848 1785 886 non
1803 831 1899 885 erit
1921 830 2140 898 amplius

562 921 649 982 alla
679 932 744 982 ad
778 927 990 996 aliquid,
1021 941 1134 979 cum
1168 925 1300 976 enim
1331 939 1431 978 non
1461 924 1526 977 sit
1565 922 1784 989 alatum,
1817 936 1906 974 nec
1933 920 2017 974 ala
2044 919 2141 972 erit

559 1022 801 1092 alittljtlt.
845 1019 1014 1082 Quare
1052 1026 1246 1085 Oportet
1281 1016 1545 1086 assignare
1589 1015 1641 1067 id
1677 1017 1748 1069 ad
1782 1014 1921 1085 quod
1962 1028 2139 1066 conve-

561 1115 751 1164 nienter
793 1109 998 1161 dicitur.
1042 1107 1113 1159 Ac
1151 1106 1194 1159 si
1234 1108 1299 1160 sit
1339 1120 1519 1160 nomen
1561 1109 1801 1177 positum,
1835 1105 2004 1175 facilis
2042 1114 2139 1158 ertt

559 1202 867 1272 dssignatio;
890 1203 968 1256 sin
994 1211 1159 1254 autem
1182 1212 1280 1253 non
1309 1199 1393 1264 sit,
1423 1202 1639 1266 fortasse
1673 1200 1767 1252 erit
1799 1202 2136 1252 necessarium

558 1297 746 1366 ﬁngere
768 1298 981 1360 nomen;
1003 1295 1048 1347 si
1071 1293 1143 1346 sic
1172 1303 1342 1346 autem
1371 1293 1674 1355 reddantur,
1691 1292 2013 1360 manifestum
2039 1301 2134 1356 est,

554 1391 790 1461 quoniam
813 1390 982 1443 omnia
1001 1389 1210 1443 relativo
1229 1388 1505 1441 conversim
1527 1386 1776 1438 dicentur.

627 1489 784 1544 Aliud
835 1497 1043 1557 quoque
1096 1485 1330 1541 validum
1390 1484 1595 1539 addidit
1654 1491 2024 1550 argumentum
2079 1474 2130 1531 in

556 1582 698 1636 omni
730 1581 1020 1636 secundum
1056 1579 1120 1633 ad
1146 1577 1369 1647 aliquid,
1403 1575 1782 1646 pra-dicatione
1815 1573 1982 1626 solam
2013 1585 2136 1628 esse

554 1672 930 1744 assignatinnis
959 1670 1385 1726 convenientiam
1417 1667 1812 1738 requirendam.
1843 1666 1958 1732 Quo
1987 1664 2128 1718 enim

555 1775 900 1836 permanente
938 1764 1146 1818 cunctis
1200 1762 1320 1816 aliis
1383 1758 1728 1831 pereuntibus
1783 1755 2127 1815 relativorum

2246 650 2405 706 fuerit
2431 652 2622 717 minor,
2659 652 3068 708 conversionem
3099 666 3203 707 non
3245 651 3462 716 habent,
3493 666 3613 705 nam
3659 650 3711 704 in
3755 664 3822 706 eo

2243 744 2384 813 quod
2424 756 2507 799 est
2545 746 2627 800 ala
2671 746 2805 812 avis,
2841 745 3017 800 minus
3054 754 3141 800 est
3181 743 3296 798 avis
3348 743 3451 808 ala,
3486 743 3648 797 multa
3676 743 3819 800 enim

2244 845 2370 888 sunt
2397 849 2514 904 qua:
2541 838 2655 890 alas
2685 837 2885 892 habent
2925 845 2980 891 et
3021 851 3148 892 aves
3185 851 3289 890 non
3319 846 3661 906 sunt;atque
3696 836 3820 892 ideo

2240 929 2520 984 conversio
2557 945 2663 984 non
2709 930 2787 984 lit.
2836 929 2902 984 Et
2944 930 2994 984 in
3026 944 3093 984 eo
3119 929 3259 999 quod
3295 938 3378 984 est
3419 943 3599 983 remus
3644 931 3815 995 navis,

2240 1021 2412 1090 major
2440 1032 2518 1076 est
2549 1023 2703 1078 navis
2737 1037 2909 1089 remo,
2944 1023 3125 1078 multa:
3148 1022 3291 1076 enim
3333 1036 3494 1075 naves
3522 1029 3648 1074 sunt
3683 1036 3815 1090 qua-

2239 1129 2356 1168 rum
2396 1115 2526 1169 remi
2561 1130 2666 1168 non
2704 1125 2862 1178 sunt;
2891 1127 3056 1184 quare
3097 1115 3150 1168 in
3191 1113 3275 1168 bis
3315 1113 3458 1168 nulla
3489 1122 3661 1182 potest
3690 1129 3810 1168 esse

2239 1206 2537 1260 conversio.
2566 1205 2623 1261 Si
2647 1221 2776 1260 vero
2795 1206 2902 1260 sint
2929 1206 3155 1275 aequalia
3188 1215 3244 1260 ut
3275 1205 3416 1259 filius
3444 1215 3606 1274 atque
3634 1216 3807 1273 pater,

2237 1299 2523 1352 conversio
2573 1313 2675 1351 non
2721 1297 2872 1367 fugit.
2907 1297 3186 1366 Nunquam
3217 1297 3357 1350 enim
3398 1303 3482 1350 est
3521 1296 3660 1350 [ilius
3707 1296 3808 1352 nisi

2238 1389 2423 1454 patris,
2460 1398 2514 1441 et
2556 1401 2742 1442 rursus
2780 1403 3046 1457 nunquam
3087 1398 3235 1456 pater
3269 1398 3347 1440 est
3380 1388 3480 1440 nisi
3511 1388 3626 1440 lilii.
3668 1388 3809 1454 Quo-

2234 1482 2388 1532 circa.
2423 1479 2643 1547 aequalia
2707 1493 2826 1533 esse
2869 1489 3079 1546 oportet
3119 1493 3451 1548 quaecunque
3497 1479 3561 1532 ad
3609 1479 3808 1545 aliquid

2237 1571 2609 1638 praedicantur.
2643 1570 2841 1624 Horum
2873 1585 3002 1626 vero
3031 1570 3076 1624 si
3107 1586 3300 1624 nomen
3338 1569 3409 1625 sit
3439 1572 3688 1640 positum,
3720 1587 3810 1640 po-

2231 1659 2349 1714 sitis
2382 1660 2690 1715 nominibus
2718 1662 2795 1716 uti
2826 1671 3055 1731 oportet.
3105 1663 3162 1718 Si
3195 1677 3321 1717 vero
3353 1679 3546 1718 nomen
3578 1665 3808 1731 positum

2233 1763 2338 1801 non
2386 1748 2478 1813 sit,
2504 1763 2569 1802 ex
2611 1747 2694 1803 his
2723 1765 2843 1820 qua:
2877 1749 2928 1803 in
2977 1750 3142 1819 prima
3176 1749 3554 1819 praedicatione
3577 1761 3701 1806 sunt
3731 1761 3808 1821 (ιιι

553 1833 863 1926 praedicatio
883 1864 1112 1920 constat,
1143 1862 1196 1908 et
1219 1867 1327 1923 quo
1351 1859 1605 1920 pereunte
1625 1849 1832 1904 cunctis
1859 1847 1976 1901 aliis
2008 1862 2133 1915 ρει·-
2229 1842 2476 1909 superius
2501 1841 2700 1896 dictum
2737 1833 2842 1912 est)
2875 1857 3067 1896 nomen
3103 1851 3314 1911 oportet
3356 1845 3636 1914 efﬁngere.
3658 1845 3807 1912 Quod

550 1947 905 2012 manentibus,
943 1947 1008 2001 ad
1043 1943 1245 2016 aliquid
1288 1944 1597 2014 praedicatio
1633 1956 1737 1994 non
1771 1947 1968 2003 manet,
1998 1937 2126 1992 illud
2156 1931 2205 1992 B
2231 1934 2276 1988 si
2307 1936 2376 1990 ita
2408 1935 2701 1990 reddantur
2729 1944 2784 1989 nt
2805 1950 2965 1990 omne
2994 1935 3060 1990 ad
3100 1934 3301 2004 aliquid
3332 1940 3715 1992 convenienter
3740 1938 3805 1992 ad

550 2053 631 2099 est
681 2042 745 2097 ad
771 2041 914 2111 quod
941 2038 1323 2095 convenienter
1356 2035 1586 2091 nominis
1623 2034 1813 2090 relatio
1844 2033 2123 2086 referatur.
2173 2058 2175 2060 -

549 2132 646 2200 Qui
684 2133 826 2187 enim
866 2130 1118 2186 dominus
1145 2141 1248 2194 est,
1281 2127 1422 2182 idem
1453 2135 1509 2180 et
1555 2123 1714 2178 homo
1744 2132 1846 2189 est,
1881 2122 2126 2190 idemque

548 2225 724 2296 bipes,
752 2226 892 2281 idem
920 2238 1130 2294 quoque
1158 2222 1396 2278 scientia:
1423 2221 1802 2292 perceptibilis.
1822 2218 1897 2273 Ad
1913 2218 2125 2288 quodli-

547 2317 638 2374 bet
673 2316 832 2388 igitur
869 2316 1056 2371 borum
1086 2329 1275 2370 servus
1310 2329 1412 2369 non
1447 2312 1837 2383 praedicabitur,
1870 2313 1915 2366 si
1953 2311 2126 2365 domi-

546 2419 648 2466 ιιιιε
687 2421 792 2464 non
822 2410 926 2475 sit;
963 2408 1104 2479 quod
1142 2407 1188 2462 si
1219 2407 1468 2462 dominus
1498 2406 1587 2472 sit,
1617 2406 1822 2459 etiamsi
1851 2403 2127 2473 quodlibet

545 2500 741 2556 borum
770 2509 973 2568 pereat,
1010 2498 1140 2552 nihil
1179 2497 1400 2566 impedit
1442 2495 1891 2566 prmdiCationem.
1926 2493 2127 2549 Praedi-

547 2601 698 2648 cetur
721 2591 862 2646 enim
892 2603 1085 2644 servus
1113 2589 1179 2642 ad
1207 2588 1501 2653 dominum,
1531 2597 1587 2642 et
1610 2588 1679 2642 ab
1697 2603 1763 2642 eo
1793 2597 1989 2643 caetera
2032 2602 2126 2658 pe-

545 2687 826 2741 rimantur.
883 2685 1111 2740 Pereant
1157 2686 1297 2739 enim
1329 2683 1395 2738 ab
1425 2699 1489 2737 eo
1531 2683 1676 2754 quod
1719 2694 1809 2739 εει¹
1848 2684 2031 2749 homo,
2060 2697 2124 2739 ao

545 2776 716 2845 bipes,
744 2777 883 2845 quod
933 2774 1175 2830 scientiae
1224 2773 1608 2846 perceptibilis,
1641 2773 1723 2829 bis
1758 2774 2003 2828 nnttiibus
2032 2789 2124 2841 pe-

545 2865 845 2932 reuntibus,
871 2866 1120 2922 dominus
1155 2866 1300 2922 solus
1339 2874 1685 2936 permaneat;
1724 2865 1936 2921 caeteris
1963 2865 2124 2935 igitur

545 2957 909 3027 pereuntibus,
935 2971 1125 3012 servus
1147 2966 1321 3012 tamen
1342 2956 1688 3011 nihilominus
1708 2954 1903 3012 dicitur
1926 2955 1991 3009 ad
2021 2956 2120 3009 do-

545 3050 771 3117 minum,
827 3049 894 3104 ad
949 3050 1219 3105 hominem
1272 3064 1402 3104 vero
1453 3065 1554 3102 non
1601 3049 1816 3114 dicitur,
1864 3056 2120 3127 pereunte

544 3145 685 3206 enim
711 3143 914 3199 domini
943 3142 1178 3210 nomine,
1208 3143 1347 3196 servi
1379 3141 1444 3194 ad
1479 3140 1750 3197 hominem
1787 3139 1930 3194 nulla
1979 3154 2120 3207 pra:-

543 3233 738 3290 dicatio
765 3244 868 3301 est,
895 3235 1033 3302 quod
1065 3235 1107 3289 si
1137 3233 1204 3288 ad
1242 3233 1517 3287 dominum
1548 3247 1736 3286 servus
1777 3247 1882 3286 non
1912 3230 2119 3285 refera-

2229 2028 2370 2097 quod
2399 2029 2593 2082 dicitur
2622 2030 2962 2098 prmdicetur,
3001 2037 3056 2082 et
3083 2028 3306 2098 aequalis
3345 2029 3447 2084 erit
3476 2029 3808 2098 praedicatio,

2228 2128 2283 2172 ci.
2309 2132 2430 2174 mox
2467 2119 2842 2175 conversionis
2897 2120 3174 2188 reciproca
3215 2128 3401 2173 natura
3443 2120 3807 2189 subsequitur.

2227 2210 2445 2264 Constat
2489 2210 2648 2279 igitur
2691 2211 2868 2265 omnia
2899 2210 3120 2265 relativa
3164 2210 3230 2264 ad
3274 2213 3641 2267 convertentia
3683 2213 3808 2272 dici.

2231 2300 2321 2358 llis
2345 2301 2486 2355 aliud
2519 2302 2788 2370 proprium
2808 2302 3004 2371 iungit.

2310 2401 2556 2456 Videntur
2587 2414 2757 2456 autent
2781 2403 2848 2455 ad
2877 2403 3077 2473 aliquid
3111 2406 3263 2458 simul
3291 2421 3398 2460 esse
3429 2416 3636 2473 natura,
3673 2421 3721 2462 et
3759 2411 3808 2464 in

2227 2494 2457 2564 pluribus
2487 2495 2690 2564 quidem
2714 2510 2888 2548 verum
2915 2506 3012 2549 est.
3041 2494 3102 2549 lu
3135 2496 3390 2566 aliquibus
3432 2509 3602 2550 autem
3639 2514 3808 2553 verum

2228 2600 2327 2638 non
2356 2595 2466 2640 est:
2497 2588 2649 2639 simul
2680 2587 2811 2640 enim
2845 2588 3062 2656 duplum
3088 2597 3183 2656 est,
3212 2599 3259 2642 et
3283 2589 3592 2657 dimidium;
3620 2601 3666 2645 et
3694 2607 3808 2646 cum

2225 2677 2291 2731 sit
2321 2677 2616 2746 dimidium,
2648 2677 2866 2748 duplum
2894 2687 3006 2742 est;
3033 2689 3082 2732 et
3105 2695 3221 2732 cum
3252 2681 3314 2733 sit
3353 2681 3607 2748 dominus,
3639 2699 3806 2739 servus

2225 2777 2329 2832 est;
2355 2779 2401 2821 et
2431 2785 2545 2822 cum
2569 2771 2633 2824 sit
2656 2784 2848 2836 servus,
2881 2771 3119 2824 dominus
3139 2781 3231 2826 est.
3263 2771 3511 2827 Similiter
3535 2786 3701 2828 autem
3731 2776 3806 2832 Itis

2223 2873 2270 2916 et
2293 2863 2422 2930 alia,
2446 2865 2599 2916 simul
2619 2864 2773 2917 etiam
2798 2865 3039 2934 auferunt
3070 2864 3176 2918 haec
3203 2882 3307 2919 sese
3337 2867 3566 2921 invicem.
3593 2869 3653 2921 Si
3680 2870 3807 2923 enim

2225 2971 2322 3008 non
2347 2958 2412 3008 sit
2438 2957 2675 3025 duplum,
2707 2973 2812 3011 non
2843 2969 2914 3011 est
2939 2960 3229 3024 dimidium,
3260 2970 3306 3013 et
3331 2962 3375 3014 si
3414 2977 3508 3014 not
3548 2973 3621 3016 est
3652 2962 3777 3016 dimi
3789 2991 3806 3006 ο

2223 3046 2388 3110 dium,
2412 3057 2513 3099 nan
2539 3057 2613 3100 est
2639 3049 2878 3117 duplum,
2910 3052 3144 3105 similiter
3168 3063 3334 3106 autem
3364 3061 3410 3105 et
3438 3055 3490 3106 in
3519 3055 3637 3110 aliis
3662 3071 3775 3125 qua:
3797 3089 3802 3094 -

2221 3154 2417 3208 cunque
2454 3141 2576 3192 talia
2605 3150 2739 3194 sunt.

2297 3238 2394 3292 Illa
2415 3239 2572 3294 simul
2604 3255 2725 3295 esse
2759 3240 3010 3298 dicuntur
3036 3260 3372 3318 quaecunque
3419 3248 3539 3304 talia
3570 3261 3714 3322 sunt,
3749 3261 3804 3311 ut

543 3335 650 3390 tur,
685 3337 970 3395 pereatque
1001 3325 1201 3379 domini
1228 3339 1443 3388 nomen,
1477 3324 1723 3378 omnibus
1749 3323 1871 3378 aliis
1899 3337 2123 3379 tuauen-
2144 3299 2193 3364 θ
2228 3345 2334 3386 uno
2365 3333 2536 3399 posito
2559 3332 2798 3402 quolibet
2831 3335 2973 3390 aliud
3012 3299 3316 3394 necessarii)
3343 3299 3716 3412 subsequatur:

543 3417 704 3482 tibus,
737 3432 842 3471 non
873 3418 974 3471 erit
1013 3416 1339 3486 praedicatio.
1371 3414 1658 3471 Auli-ratur
1695 3415 1837 3470 enim
1874 3416 2121 3471 dominus

543 3515 597 3563 et
623 3515 832 3561 maneat
869 3505 1049 3578 homo,
1079 3514 1134 3560 et
1169 3506 1340 3576 bipes,
1374 3515 1425 3558 et
1463 3505 1700 3560 scientiae
1733 3505 2114 3575 perceptibilis,

541 3613 649 3655 non
686 3605 859 3668 potest
899 3597 1004 3652 dici
1045 3611 1233 3652 servus
1263 3596 1514 3662 hominis,
1557 3596 1640 3652 vel
1670 3610 1858 3652 servus
1889 3596 2115 3665 bipedis.

544 3689 770 3745 Domino
797 3689 940 3744 enim
963 3705 1068 3744 non
1097 3696 1346 3742 manente
1373 3701 1558 3744 servus
1588 3687 1794 3743 interit:
1819 3703 1986 3758 quare
1999 3703 2115 3742 ma-

543 3789 704 3836 nente
728 3779 946 3835 domino
974 3781 1040 3835 ad
1071 3779 1211 3849 quod
1242 3795 1427 3835 servus
1467 3779 1846 3834 convenienter
1880 3788 2114 3850 aptatur,

531 3871 745 3934 cunctis
773 3870 892 3925 aliis
922 3869 1290 3941 pereuntibus,
1324 3871 1631 3942 praedicatio
1663 3881 1881 3937 manet;
1909 3872 2119 3926 sublato

539 3976 669 4017 vero
712 3963 949 4032 domino,
995 3963 1061 4018 ad
1084 3978 1242 4032 quem
1282 3972 1365 4018 est
1403 3961 1730 4018 conveniens
1781 3963 2113 4032 praedicatio,

537 4054 744 4109 cunctis
764 4053 884 4109 aliis
915 4055 1254 4128 manentibus
1300 4054 1608 4124 praedicatio
1643 4070 1745 4109 non
1775 4065 1878 4110 est.
1911 4055 2112 4109 Eodem

535 4145 699 4201 modo
727 4145 887 4199 etiam
916 4145 984 4200 de
1030 4144 1149 4211 ala;
1185 4144 1284 4200 nisi
1316 4144 1457 4200 enim
1488 4145 1554 4200 ad
1583 4146 1781 4200 alatum
1824 4147 2109 4214 referatur,

535 4239 743 4294 cunctis
779 4238 898 4292 aliis
937 4238 1278 4292 manentibus
1305 4240 1506 4308 integra
1536 4238 1844 4307 praedicatio
1870 4253 1977 4293 non
2003 4233 2108 4294 est.

537 4328 686 4386 Adeo
708 4342 815 4385 non
845 4327 1018 4384 selum
1046 4343 1150 4383 non
1178 4331 1524 4393 convertitur,
1558 4329 1652 4384 sed
1684 4345 1781 4384 nec
1804 4330 2112 4398 praedicatio

537 4421 642 4476 ulla
665 4422 787 4489 erit,
813 4421 916 4477 nisi
947 4421 1134 4477 relatio
1158 4420 1208 4476 ei
1235 4421 1300 4474 ad
1323 4418 1462 4492 quod
1486 4419 1870 4475 convenienter
1916 4419 2112 4474 dicitur

536 4515 853 4585 assignetur.
902 4514 1074 4570 Simul
1104 4514 1261 4570 etiam
1305 4513 1420 4568 haec
1463 4527 1672 4583 quoque
1694 4528 1780 4567 ars
1820 4523 1901 4566 est
1946 4523 2001 4566 et
2030 4511 2108 4565 via

515 4606 811 4676 ,noscendi.
833 4619 955 4660 cum
981 4605 1033 4660 in
1059 4614 1244 4659 natura
1271 4605 1434 4659 multa
1465 4612 1615 4671 sunt,
1639 4603 1865 4687 adquod
1895 4597 2108 4674 potissi-

2224 3441 2330 3480 ttuo
2361 3427 2598 3495 quolibet
2639 3439 2920 3499 perempto
2949 3430 3091 3486 aliud
3134 3434 3308 3488 modis
3339 3437 3586 3492 omnibus
3618 3437 3802 3494 interi-

2222 3527 2419 3581 matur,
2449 3528 2506 3570 ut
2538 3528 2688 3588 pater
2712 3529 2766 3574 et
2802 3519 2963 3575 filius.
2995 3521 3125 3576 Nam
3167 3538 3290 3578 cum
3327 3537 3478 3595 pater
3504 3537 3602 3596 est,
3638 3530 3802 3588 filium

2221 3623 2434 3678 quoque
2477 3625 2596 3664 esse
2628 3626 2848 3667 necesse
2872 3623 2994 3674 est;
3034 3630 3155 3670 cum
3201 3617 3271 3670 sit
3321 3599 3483 3685 liiius,
3517 3630 3667 3691 pater
3699 3633 3801 3679 est.

2219 3698 2426 3757 Rursus
2459 3703 2502 3755 si
2537 3713 2720 3771 pereat
2753 3704 2915 3771 ﬁlius,
2949 3715 3152 3775 patrem
3183 3725 3396 3780 quoque
3425 3714 3600 3780 perire
3635 3716 3801 3771 mania

2222 3790 2418 3845 festum
2447 3803 2550 3860 est,
2576 3809 2680 3847 non
2711 3795 2849 3864 quod
2889 3806 3070 3866 pereat
3101 3800 3212 3868 ipsa
3239 3801 3563 3872 substantia,
3590 3814 3646 3860 ut
3674 3821 3798 3876 per-

2218 3892 2381 3938 eunte
2410 3884 2637 3941 Hectore
2667 3886 2909 3960 Priamus
2935 3899 3132 3957 pereat,
3160 3892 3251 3946 sed
3275 3895 3416 3962 perit
3444 3895 3554 3965 ipsa
3587 3897 3797 3953 relatio.

2219 3976 2356 4045 Ergo
2379 3981 2628 4046 quoniam
2660 3978 2741 4032 vel
2771 3979 3089 4048 interempto
3121 3985 3286 4051 patris
3312 3988 3551 4053 nomine,
3583 3987 3674 4042 lilii
3704 4004 3800 4045 no.

2217 4084 2338 4122 men
2372 4071 2527 4137 perit,
2559 4070 2766 4125 sublato
2795 4088 3006 4141 quoque
3044 4074 3134 4127 lilii
3169 4077 3383 4133 nomine
3409 4093 3599 4135 nomen
3633 4083 3798 4151 patris

2219 4160 2376 4228 perit.
2413 4159 2592 4214 Posito
2623 4161 2783 4215 etiam
2809 4171 2960 4232 patre
2983 4161 3033 4216 in
3061 4165 3466 4237 snbstantiaque
3480 4171 3791 4236 constituto,

2214 4249 2307 4304 lilii
2353 4266 2566 4320 quoque
2610 4267 2804 4306 nomen
2863 4253 3114 4322 infertur,
3146 4265 3201 4310 et
3244 4258 3418 4326 posito
3448 4259 3542 4314 lilii
3580 4260 3794 4319 nomine

2213 4342 2452 4411 sequitur
2485 4342 2651 4411 patris
2681 4353 2734 4398 et
2770 4358 2796 4396 a
2834 4345 2998 4414 patris
3031 4346 3246 4402 nomine
3277 4364 3543 4420 nunquam
3572 4365 3792 4421 separa-

2215 4441 2318 4499 tur,
2352 4433 2550 4488 idcirco
2574 4445 2723 4504 pater
2753 4445 2807 4491 et
2844 4437 2986 4493 tilins
3020 4439 3175 4494 simul
3207 4457 3327 4497 esse
3353 4441 3624 4500 dicuntur.
3653 4445 3793 4518 Ergo

2213 4527 2369 4580 simul
2401 4541 2462 4581 ea
2486 4537 2610 4581 sunt
2638 4544 2756 4598 quae
2785 4543 2843 4582 se
2884 4530 3109 4585 invicem
3141 4533 3222 4589 vel
3257 4533 3571 4592 interimunt
3597 4538 3684 4594 vel
3715 4539 3793 4595 in-

2213 4614 2414 4682 ferunt,
2447 4626 2497 4670 et
2524 4617 2696 4672 dehis
2723 4618 2935 4683 quidem
2961 4625 3076 4690 ipse
3106 4630 3371 4691 posterius
3405 4635 3617 4683 tractat.
3641 4628 3791 4686 Nunc

513 4714 678 4768 [mum
707 4697 896 4754 relatio
926 4699 1262 4767 praedicetur.
1293 4697 1422 4751 Nam
1449 4711 1567 4752 cum
1601 4699 1651 4749 in
1679 4695 1900 4780 domino
1932 4695 2018 4764 sit,
2052 4707 2105 4752 et
2137 4676 2190 4741 θ
2214 4718 2389 4761 autem
2432 4708 2534 4762 hoc
2572 4724 2781 4779 quoque
2822 4676 3002 4766 inesse
3043 4676 3275 4770 reiativis
3311 4719 3576 4786 exposuit,
3609 4718 3792 4775 dicens

532 4791 716 4853 homo,
749 4797 803 4843 et
824 4789 1040 4854 animal,
1070 4797 1125 4844 et
1154 4789 1446 4857 disciplinae
1472 4771 1905 4858 perceptibile,et
1930 4789 2100 4860 bipes,

532 4877 585 4933 in
609 4891 764 4930 servo
793 4875 1000 4946 quoque
1046 4879 1206 4944 idem,
1257 4878 1324 4932 ad
1354 4871 1492 4947 quod
1537 4878 1726 4934 borum
1770 4889 1864 4940 aut
1901 4881 2103 4936 domini

532 4982 726 5023 nomen
754 4979 841 5021 aut
859 4967 996 5021 servi
1021 4967 1220 5022 referre
1249 4970 1531 5036 possimus,
1560 4971 1635 5024 sic
1652 4971 1968 5025 ostenditur.
1988 4973 2102 5037 Qua

529 5057 674 5115 enini
712 5051 769 5115 re
807 5047 1054 5113 matteiiie
1093 5049 1314 5113 Sublatis
1343 5059 1551 5114 abieris
1594 5059 1902 5130 praedicatio
1933 5058 2097 5129 valet,

529 5149 584 5208 et
638 5155 739 5224 qua
779 5145 836 5208 te
878 5152 1082 5206 stiblata
1113 5146 1322 5207 umeris
1364 5147 1723 5220 manentibus,
1763 5150 2104 5222 inteibip‘itur

528 5235 857 5321 praedicatio,-
905 5242 972 5298 ad
1011 5237 1139 5299 illud
1181 5235 1367 5300 réldtio
1412 5239 1708 5301 rcctisslme
1760 5239 2100 5315 praedicatur.

528 5319 622 5392 llis
649 5331 807 5407 igitur
836 5333 1018 5405 positis
1043 5329 1204 5391 totius
1225 5323 1522 5406 argumenti
1545 5327 1649 5390 vim
1673 5335 2102 5407 sententls‘tiiqtte

502 5419 818 5495 'concludii,
862 5428 936 5484 ait
981 5421 1122 5485 euiin
1150 5445 1163 5482 :
1193 5427 1372 5484 omnia
1400 5425 1729 5500 quaecunque
1779 5425 1846 5485 ad
1892 5428 2092 5500 aliquid

526 5513 650 5574 sunt
675 5519 823 5593 aequa
861 5522 1235 5594 praedicatione
1263 5521 1536 5578 converti:
1577 5522 1678 5577 hoc
1703 5531 1877 5578 autem
1912 5524 2097 5594 hujus-

501 5608 669 5668 ‘r'nodi
699 5628 799 5670 est.
827 5601 1162 5686 Quaecunque
1192 5617 1332 5671 enim
1362 5609 1428 5669 a’d
1463 5627 1521 5670 se
1561 5617 1786 5671 invict-in
1818 5619 2096 5686 aequaliter

527 5698 902 5776 'prtedi'ca'ntur,
934 5703 988 5762 iit
1011 5707 1362 5763 conversione
1391 5707 1527 5762 facta
1569 5711 1964 5779 retorquentur,
2007 5705 2096 5764 illa

524 5793 713 5866 aequali
755 5795 940 5852 natura
979 5812 1024 5852 et
1064 5799 1398 5855 dimensione
1426 5795 1644 5854 fundata
1691 5809 1836 5866 sunt,
1871 5799 1925 5854 tit
1971 5801 2095 5855 Sunt

525 5888 737 5970 propria
767 5896 819 5947 et
843 5888 1044 5959 species
1096 5889 1332 5945 Relativa
1361 5904 1574 5962 quoque
1602 5900 1659 5947 ιιι
1688 5897 2091 5959 convertantur,

2208 4799 2444 4854 relativis
2465 4815 2677 4878 quoque
2703 4811 2899 4856 essent
2925 4804 3081 4859 simul
3111 4805 3214 4859 sint
3237 4823 3250 4871 ;
3281 4822 3402 4862 nam
3425 4823 3546 4864 cum
3573 4810 3790 4880 duplum

2207 4892 2297 4958 sit,
2316 4893 2593 4948 dimidium
2613 4902 2714 4959 est,
2741 4904 2792 4948 et
2809 4910 2928 4950 cum
2943 4879 3246 4966 dimidium,
3260 4899 3499 4968 duplum.
3519 4879 3684 4971 llujus
3699 4919 3790 4958 au-

2210 4995 2312 5040 tem
2326 4995 2696 5054 argumentum
2712 4994 2814 5052 est,
2835 4987 2974 5056 quod
2989 4989 3308 5057 interempto
3332 4991 3494 5068 duplo
3516 4994 3788 5049 dimidium

2209 5081 2366 5147 perit.
2395 5078 2595 5135 Rursus
2613 5096 2822 5150 quoque
2846 5080 3004 5149 duplo
3025 5084 3335 5147 constituto,
3357 5084 3634 5140 dimidium
3663 5100 3787 5142 con-

2207 5173 2464 5226 stituitur.
2483 5171 2646 5242 Igitur
2668 5176 2920 5242 quoniam
2944 5174 3158 5244 duplum
3182 5184 3343 5245 atque
3356 5177 3631 5232 dimidium
3651 5181 3786 5236 rela-

2211 5263 2312 5318 tiva
2326 5273 2469 5331 sunt,
2486 5273 2539 5318 et
2555 5265 2831 5336 itmcsimnl
2852 5274 2976 5319 sunt
2994 5275 3199 5329 natura,
3225 5265 3276 5320 id
3301 5266 3507 5336 estipsa
3534 5274 3786 5340 essentia,

2207 5364 2260 5410 et
2285 5354 2383 5430 lioc
2403 5354 2740 5409 manifestum
2765 5367 2846 5409 est
2869 5370 3080 5425 quoque
3101 5356 3334 5411 relativis
3355 5358 3620 5427 accidere,
3645 5370 3704 5418 ut
3719 5364 3787 5419 si-

2207 5444 2314 5499 mul
2344 5453 2529 5499 natura
2543 5459 2660 5498 esse
2675 5444 2975 5499 videantur.
2993 5444 3131 5500 Idem
3153 5460 3364 5516 quoque
3385 5456 3471 5504 est
3498 5447 3633 5505 ineo
3647 5452 3786 5521 quod

2204 5546 2286 5590 est
2311 5550 2500 5591 servus
2535 5543 2591 5590 et
2624 5535 2893 5591 dominus.
2935 5534 3066 5592 Nam
3099 5539 3350 5607 quoniam
3394 5541 3669 5598 alterutris
3708 5541 3783 5599 in-

2205 5628 2476 5695 teremptis
2525 5636 2746 5697 uterque
2801 5625 3030 5697 deperit,
3077 5638 3132 5683 et
3187 5628 3448 5687 alterutro
3495 5635 3782 5689 constituto

2204 5732 2428 5789 uterque
2481 5721 2747 5785 subsistit,
2795 5730 3006 5776 constat
3047 5737 3259 5779 servum
3305 5735 3464 5795 atque
3508 5725 3779 5780 dominum

2201 5827 2319 5867 cum
2357 5813 2461 5867 sint
2490 5813 2554 5866 ad
2589 5813 2636 5866 al
2664 5815 2788 5882 quid
2822 5813 2978 5868 simul
3009 5830 3128 5870 esse
3157 5825 3366 5872 natura.
3400 5815 3502 5871 Sed
3549 5817 3658 5869 lucc
3711 5818 3778 5872 ita

2202 5917 2346 5976 sunt,
2378 5919 2434 5962 nt
2473 5912 2580 5964 sint
2622 5909 2836 5978 quidem
2876 5910 2928 5964 in
2973 5909 3226 5975 relativis,
3273 5911 3367 5967 sed
3406 5912 3650 5966 onmibus
3698 5911 3779 5971 bis
