4280 6268
422 378 530 453 m

430 598 551 653 dam
595 598 812 653 relative
848 604 1071 667 quorum
1107 604 1269 652 utiuti
1312 598 1456 665 prius
1486 604 1676 653 natura
1727 597 1818 663 sit,
1860 596 2001 668 quod

430 688 545 758 ipse
577 696 762 743 rursus
790 687 1006 761 adjecit.

501 790 621 843 Non
657 788 824 844 autem
864 790 917 843 in
947 789 1180 845 omnibus
1204 793 1427 846 relatim
1452 804 1622 846 verum
1647 791 1848 845 videtur
1898 802 2003 845 esse

431 893 485 934 ut
516 883 612 934 sint
640 882 796 937 simul
824 888 1035 937 natura.
1066 881 1255 937 Scibile
1287 884 1421 936 enini
1451 882 1663 937 scientia
1689 883 1831 953 prius
1856 878 2003 935 nbis-

384 1020 387 1021 ν
428 974 598 1026 raliter
625 982 730 1027 esse
748 974 969 1028 videtur.
1016 973 1251 1045 Namque
1269 984 1323 1028 ut
1356 975 1633 1041 plurimum
1687 974 1828 1040 prius
1856 979 2005 1029 rebus

426 1064 806 1118 subsistentibus
844 1065 1084 1120 scientias
1110 1066 1415 1133 accepimus.
1465 1065 1529 1120 In
1560 1070 1734 1137 paucis
1775 1076 1890 1119 vero
1929 1068 2007 1120 vel

426 1170 491 1207 nu
514 1155 575 1208 lis
607 1156 702 1210 hoc
722 1157 837 1227 quis
862 1159 1096 1228 reperiet,
1121 1159 1273 1213 simul
1299 1173 1414 1213 cum
1434 1160 1595 1214 scibili
1616 1161 1879 1215 scientiam
1899 1168 2007 1216 esse

428 1249 631 1316 factum.
1944 1272 1949 1277 '

502 1336 786 1405 Proposuit
824 1354 930 1393 non
960 1338 1015 1392 in
1051 1339 1301 1395 militibus
1344 1340 1582 1397 relativis
1615 1356 1737 1397 esse
1788 1342 1907 1407 hoc,
1950 1353 2008 1399 ut

429 1424 708 1479 videamur
736 1428 898 1481 simul
942 1442 1063 1483 esse
1112 1430 1465 1495 natura;boe
1507 1442 1681 1486 autem
1713 1436 1902 1503 probat
1942 1444 2004 1488 ex

442 1517 557 1583 his,
589 1519 730 1587 quod
780 1519 1031 1589 quoniam
1072 1522 1296 1576 scientia
1342 1521 1408 1578 ad
1437 1524 1638 1593 aliquid
1672 1535 1754 1580 est
1784 1527 2006 1597 (Scibilis

432 1615 569 1669 enim
612 1615 687 1669 rei
730 1616 952 1671 scientia
979 1616 1218 1686 dicitur),
1252 1618 1357 1672 non
1398 1621 1591 1687 poterit
1611 1620 1729 1675 esse
1758 1622 2002 1686 scientia,

430 1707 528 1761 nisi
554 1709 624 1761 sit
650 1723 735 1763 res
755 1694 1081 1777 aliqua-qua:
1124 1709 1249 1763 sciri
1280 1711 1466 1779 possit;
1510 1710 1658 1766 iisne
1684 1714 1862 1768 antem
1898 1714 2006 1783 prl-

428 1812 564 1853 mam
613 1813 732 1853 esse
780 1814 1001 1853 necesse
1028 1809 1131 1863 est,
1174 1809 1231 1853 ut
1280 1800 1329 1854 In
1361 1800 1664 1857 matheseos
1699 1802 1999 1873 disciplina.

429 1890 633 1946 Scimus
661 1891 802 1944 enim
834 1892 1154 1960 triangulum
1178 1894 1286 1946 tres
1313 1892 1597 1946 interiores
1626 1867 1851 1964 angulos
1870 1892 2005 1948 duo-
2035 1867 2084 1928 Β

431 1980 527 2037 bus
562 1984 722 2037 rectis
750 1982 955 2052 angulis
983 1997 1166 2052 aequos
1198 1983 1418 2039 habere.
1459 1984 1610 2039 Unde
1657 2001 1880 2042 necesse
1925 1997 2008 2042 est

432 2072 577 2141 prius
606 2073 765 2127 inisse
791 2072 928 2141 quod
958 2074 1081 2128 sciri
1126 2084 1330 2142 posset,
1366 2085 1550 2144 postea
1598 2082 1727 2132 vero
1761 2078 1827 2132 ad
1870 2079 2007 2133 hanc

433 2177 544 2217 rem
576 2174 754 2232 aptam
788 2162 951 2217 fuisse
976 2164 1240 2219 notitiam.
1277 2166 1451 2233 Atque
1482 2166 1583 2221 hoc
1612 2168 1858 2237 estquod
1890 2172 1963 2223 ait
1989 2186 2003 2224 :

431 2251 665 2320 Namque
709 2254 761 2307 in
814 2254 1054 2321 pluribus
1096 2255 1513 2311 subsistentibus
1551 2257 1710 2312 rebus
1757 2258 2009 2315 scientias

432 2343 739 2411 accipimus.
754 2342 921 2397 Prius
946 2344 1088 2398 enim
1119 2344 1277 2399 rebus
1298 2346 1605 2400 constitutis
1619 2358 1675 2402 et
1699 2348 1852 2417 quasi
1874 2363 2006 2419 pra-

431 2434 612 2504 positis
640 2434 878 2489 scientia:
906 2436 1045 2489 ratio
1074 2437 1332 2506 sequitur.
1360 2438 1537 2505 Quare
1566 2454 1671 2494 non
1695 2448 1781 2495 est
1808 2443 1860 2495 in
1888 2458 2005 2497 om-

433 2524 585 2579 nibus
628 2525 865 2580 relativis
906 2525 1066 2580 simul
1090 2541 1210 2582 esse
1241 2538 1450 2582 natura.
1480 2528 1611 2583 Nam
1642 2545 1763 2585 eum
1787 2532 2005 2587 scientia

434 2623 486 2671 et
530 2615 720 2671 scibile
762 2615 986 2669 relativa
1029 2617 1158 2683 sint,
1190 2618 1458 2686 antiquius
1496 2629 1579 2673 est
1632 2620 1818 2675 scibile
1850 2637 2007 2691 quam

436 2708 672 2763 scientia.
712 2707 864 2775 Quod
896 2723 1022 2762 vero
1065 2707 1405 2778 interposuit,
1449 2710 1499 2764 in
1547 2712 1727 2780 paucis
1756 2714 1897 2769 enim
1925 2714 2008 2771 vel

436 2796 597 2851 nullis
622 2795 725 2851 hoc
748 2796 866 2865 quis
896 2796 1185 2865 perspiciet
1211 2798 1369 2853 simul
1396 2813 1516 2854 cum
1538 2799 1709 2854 seibili
1735 2802 2009 2857 scientiam

436 2868 651 2954 iactam,
678 2887 784 2943 tale
799 2898 899 2943 est.
920 2889 1185 2955 Quasdam
1203 2907 1431 2960 namque
1454 2909 1539 2948 res
1558 2893 1767 2950 animus
1784 2896 1883 2951 sibi
1900 2899 2012 2966 ipse

438 2981 709 3052 conﬁngit,
738 2989 799 3036 ut
818 2982 1134 3046 chimcram,
1186 2984 1269 3039 vel
1300 2994 1631 3052 centaurum,
1664 2988 1743 3041 vel
1772 2988 1874 3043 alia
1907 2988 2008 3043 hu-

440 3072 690 3141 iusmodi,
717 3088 835 3142 quae
864 3082 989 3127 tunc
1013 3075 1275 3141 sciuntur,
1307 3090 1428 3130 cum
1460 3091 1522 3149 ea
1548 3076 1648 3131 sibi
1677 3078 1887 3133 animus
1913 3078 2011 3134 tin-

445 3166 612 3220 xerit.
635 3164 783 3220 Tunc
803 3177 981 3221 autem
1010 3181 1131 3247 esse
1163 3168 1444 3237 incipiunt,
1472 3168 1684 3238 quando
1706 3170 1931 3239 primum
1957 3171 2010 3225 in

438 3349 690 3419 opinione
718 3348 927 3403 verisata
965 3350 1095 3416 sint,
1124 3359 1178 3405 et
1220 3350 1335 3405 haec
1366 3350 1523 3405 simul
1574 3350 1771 3408 habent
1808 3371 1926 3410 esse
1962 3365 2017 3411 et

438 3444 587 3499 sciri.
615 3443 749 3498 Nam
773 3445 1025 3510 quoniam
1046 3443 1097 3497 in
1121 3444 1374 3512 opinione
1401 3453 1715 3511 nascuntur,
1749 3462 1870 3502 mox
1896 3462 2017 3504 esse

440 3536 722 3607 incipiunt,
752 3538 846 3592 sed
868 3551 987 3591 cum
1015 3537 1064 3589 in
1090 3536 1296 3590 ratione
1320 3546 1465 3606 sunt,
1490 3547 1616 3593 tunc
1633 3553 1818 3593 eorum
1845 3539 2017 3594 scien-

439 3631 511 3685 tia
541 3631 767 3701 capitur.
817 3610 975 3700 lgitur
1006 3643 1125 3683 mox
1159 3639 1216 3682 ut
1245 3626 1464 3694 iuerint,
1510 3645 1635 3683 mox
1674 3631 1936 3694 sciuntur,
1962 3638 2021 3686 et

440 3733 724 3777 esteorum
748 3720 970 3775 scientia
986 3735 1108 3775 cum
1130 3712 1442 3775 éorumdem
1461 3721 1690 3775 essentia
1713 3721 2017 3791 conjuncta.

443 3809 680 3880 Namque
709 3819 989 3878 antequam
1017 3810 1248 3864 chimeru
1297 3808 1609 3879 ﬁngeretur,
1643 3802 1779 3865 sicut
1817 3811 1926 3881 ipsa
1962 3812 2015 3866 in

448 3901 593 3957 nulla
626 3900 876 3970 opinione
912 3898 1101 3969 fuerat,
1136 3904 1205 3956 ita
1246 3917 1457 3971 quoque
1493 3902 1609 3971 ejus
1649 3902 1869 3957 scientia
1910 3918 2014 3959 non

448 4003 582 4048 erat.
635 3991 921 4063 Postquam
959 4006 1083 4047 vero
1132 3993 1243 4063 ipsa
1290 3994 1586 4048 animarum
1639 3995 2017 4065 imaginatione

444 4084 735 4140 constituta
773 4095 872 4147 est,
915 4083 1029 4154 ejus
1067 4100 1276 4156 quoque
1312 4100 1431 4139 cum
1477 4086 1588 4154 ipsa
1641 4084 2015 4154 imaginatione

444 4175 663 4231 scientia
692 4184 977 4230 consecuta
1002 4183 1085 4231 est
1118 4189 1135 4229 :
1165 4184 1325 4244 atque
1358 4166 1478 4230 ideo
1503 4177 1579 4230 ait
1602 4175 1655 4231 in
1703 4166 1884 4245 paucis
1917 4176 2019 4231 hoc

445 4260 601 4337 posse
625 4266 874 4335 perspici,
900 4272 956 4321 ut
979 4263 1137 4321 simul
1163 4264 1284 4321 cum
1316 4264 1534 4321 scientia
1578 4265 1766 4321 scibile
1816 4265 1906 4332 sit,
1960 4276 2017 4321 ut

445 4358 499 4414 in
544 4357 641 4413 hac
678 4357 865 4413 eadem
909 4358 1169 4423 chimera,
1210 4373 1329 4426 qua:
1372 4373 1491 4413 cum
1537 4358 1599 4411 sit
1643 4342 1864 4426 scibiiis,
1896 4374 2017 4413 cum

445 4449 661 4506 scientia
694 4461 815 4506 nata
848 4446 948 4506 est.
987 4450 1090 4505 Sed
1132 4450 1382 4519 quoniam
1427 4449 1558 4505 nihil
1600 4450 1742 4520 quod
1794 4451 1846 4505 in
1892 4452 2019 4507 sub-

446 4544 635 4609 stantia
674 4546 777 4597 non
829 4550 1126 4611 permanet,
1170 4557 1342 4613 neque
1396 4543 1447 4597 in
1489 4543 1712 4599 veritate
1751 4544 2014 4611 consistit,

446 4588 635 4609 --_..-,..
674 4588 777 4597 ..νη
829 4588 1126 4611 ,-....-.---,
1170 4588 1341 4613 -.-Ἰ-ν
1500 4588 1711 4599 ,ηπ-,ν
1752 4588 2014 4611 ..-..-.--..,

444 4631 564 4686 sciri
596 4639 770 4701 potest
797 4631 1037 4701 (scientia
1068 4631 1209 4686 enim
1241 4634 1322 4686 est
1350 4648 1528 4687 rerum
1560 4648 1677 4703 qua:
1710 4634 1834 4690 sunt
1862 4642 2012 4689 com-‘
2042 4588 2098 4661 ὓ

444 4723 733 4793 prehensio
762 4722 1045 4791 veritatis),
1069 4729 1124 4778 et
1167 4722 1425 4793 quidquid
1467 4724 1568 4779 sibi
1606 4724 1815 4781 animus
1843 4723 2015 4796 lingit,

443 4817 526 4871 vel
575 4816 949 4887 imaginatione
993 4815 1211 4885 reperit,
1258 4832 1377 4870 eum
1423 4817 1474 4871 in
1515 4812 1804 4873 substantia
1858 4828 2018 4887 atque

442 4911 668 4966 veritate
693 4912 1040 4966 constitutum
1066 4926 1173 4964 non
1194 4910 1281 4977 sit,
1310 4910 1435 4965 illud
1467 4922 1624 4979 posse
1653 4911 1777 4966 sciri
1808 4927 1913 4968 non
1939 4912 2016 4967 di-

443 5002 604 5067 citur,
632 5015 791 5071 atque
836 5001 957 5056 ideo
995 5017 1100 5056 non
1149 5011 1231 5057 est
1258 5017 1443 5057 eorum
1492 5002 1712 5057 scientia
1741 5002 1846 5057 ulla
1898 5014 2017 5073 qute

442 5092 558 5149 sola
583 5093 962 5163 imaginat'one
990 5093 1305 5150 subsistunt.
1332 5095 1536 5150 Idcirco
1563 5095 1738 5165 itaque
1768 5094 2019 5153 dubitans

442 5188 597 5256 diiit,
625 5192 675 5245 in
702 5192 881 5259 paucis
910 5192 1052 5247 enim
1076 5192 1155 5247 vel
1182 5192 1363 5247 nullis.
1396 5193 1517 5248 Haec
1542 5194 1682 5249 enim
1711 5196 1825 5263 ipsa
1854 5207 2017 5263 pauca

440 5280 517 5335 ita
556 5282 781 5350 quisque
819 5283 1071 5353 reperiet,
1102 5292 1160 5337 ut
1198 5283 1241 5337 si
1286 5283 1349 5336 ad
1383 5299 1564 5338 veram
1601 5286 1862 5339 rationem
1890 5284 2019 5339 esa-

441 5370 902 5439 minationemque
940 5374 1305 5438 contenderit,
1350 5372 1490 5427 nulla
1535 5389 1655 5429 esse
1706 5374 2015 5444 perpendat.

441 5460 597 5528 Quod
622 5463 664 5514 si
688 5461 963 5531 quiaquam
990 5464 1243 5519 cllitnerte
1270 5465 1444 5536 aliqua
1478 5468 1595 5518 ess‘e
1628 5466 1901 5520 scientiam
1933 5467 2015 5522 di-

442 5560 547 5615 cat,
584 5558 704 5620 quae
743 5560 849 5606 non
890 5562 992 5619 est,
1023 5566 1325 5625 quanquam
1367 5557 1467 5611 hoc
1514 5557 1698 5610 falsum
1730 5558 1820 5621 sit,
1852 5560 2027 5615 tamen

446 5646 551 5701 hoc
578 5660 792 5717 quoque
824 5661 1084 5703 concesso
1118 5652 1283 5719 pauca
1310 5654 1467 5705 erunt
1512 5648 1560 5703 id
1588 5650 1779 5720 quibus
1807 5652 2027 5709 scientia

342 5737 371 5787 ι’
439 5751 566 5793 cum
595 5738 769 5795 seiblii
798 5739 958 5795 simul
984 5748 1169 5799 natura
1198 5740 1285 5797 sit.
1313 5739 1487 5797 multis
1514 5740 1655 5797 enim
1692 5740 1849 5798 rebus
1875 5751 2028 5801 aute-

448 5830 635 5891 ttositis
663 5840 717 5888 et
744 5831 1052 5888 constitutis
1080 5832 1295 5891 scicntia
1326 5833 1582 5891 nascitur.
1617 5832 1875 5902 Quocirca
1920 5849 2030 5891 non

1394 394 1452 451 tv
1491 382 1926 450 careedtttss
1968 382 2413 452 ARISTOTELIS
2452 397 2579 453 ιιι).
2628 399 2688 454 ιι.

328 534 343 547 ε
426 506 547 577 qua:
574 514 701 562 sunt
729 498 793 561 ad
820 506 1012 575 aliquid
1062 508 1165 560 non
1198 508 1495 576 teqttentttr.
1526 505 1663 561 Sunt
1684 506 1830 561 enim
1856 512 2003 576 quas-
2029 506 2077 565 Α
2108 505 2158 558 in
2189 508 2437 561 omnibus
2471 500 2714 563 relativis
2745 525 2927 565 verum
2951 521 3053 575 est,
3086 520 3144 566 ut
3170 512 3325 565 simul
3352 525 3471 567 esse
3500 522 3690 568 natura

3577 383 3686 456 ξω

2108 596 2352 651 dicantur
2378 616 2390 650 :
2425 607 2481 653 et
2505 602 2643 653 sicut
2673 599 2862 654 falsum
2888 601 3014 655 illud
3039 613 3142 669 est,
3177 604 3226 655 in
3258 600 3415 657 nullis
3445 606 3543 657 hoc
3572 618 3693 660 esse

2111 687 2368 753 relativis,
2404 690 2474 742 ita
2505 689 2695 744 falsum
2714 700 2797 745 est
2828 704 3011 746 rursus
3036 692 3086 745 in
3117 693 3383 748 omnibus.
3412 693 3519 749 Sed
3549 693 3691 749 hunc

2110 788 2390 833 tractatum
2425 780 2632 850 longius
2663 784 2813 837 texit.
2909 785 2915 790 ’

2176 879 2411 945 Amplius
2440 883 2615 936 scibile
2640 884 2844 953 quidem
2862 885 3118 939 sublatum
3162 887 3316 940 simul
3337 892 3504 957 aufert
3529 889 3692 943 scien-

2107 970 2250 1034 tiam,
2302 974 2511 1026 scientia
2542 990 2653 1028 vero
2696 976 2849 1028 simul
2881 992 2980 1029 non
3013 984 3179 1043 παίει-ι
3227 976 3421 1031 scibile.
3470 978 3608 1032 Nam
3648 981 3692 1034 si
3764 1012 3765 1015 η

2104 1063 2280 1116 scibile
2308 1080 2406 1118 non
2432 1065 2519 1131 sit,
2549 1082 2649 1119 non
2678 1078 2749 1120 est
2778 1068 3021 1132 scientia;
3043 1069 3252 1121 scien'ia
3277 1084 3389 1122 vero
3410 1070 3455 1121 si
3476 1087 3573 1123 non
3602 1072 3688 1138 sit,

2108 1152 2236 1206 nihil
2260 1156 2487 1222 prohibet
2526 1172 2631 1210 esse
2676 1158 2869 1223 scibile,
2913 1164 3045 1212 relut
3085 1157 3265 1212 circuli
3292 1164 3602 1229 quadratum
3648 1164 3691 1216 si

2107 1244 2258 1297 modo
2289 1256 2361 1298 est
2397 1248 2610 1313 scibi'is,
2652 1250 2864 1303 scientia
2899 1252 3146 1320 siquidem
3173 1254 3286 1324 ejus
3322 1253 3549 1306 nonduin
3591 1263 3688 1325 est,

2106 1338 2221 1405 ipsa
2247 1355 2360 1393 vero
2390 1342 2582 1398 scibilis
2608 1356 2699 1399 est.

2178 1438 2416 1493 Diximus
2447 1440 2538 1495 illa
2570 1458 2687 1497 esse
2706 1442 2885 1511 simul,
2914 1461 3241 1517 quacunque
3266 1447 3523 1502 alterutro
3544 1462 3672 1502 con-

2107 1531 2311 1593 stituto,
2347 1532 2428 1586 vel
2459 1534 2720 1589 alterutro
2753 1537 3094 1607 interempto,
3121 1539 3279 1595 simul
3316 1550 3536 1610 utraque
3557 1555 3687 1595 cou-

2106 1617 2480 1690 stituerentur,
2504 1625 2580 1678 vel
2606 1625 2766 1679 etiam
2785 1629 3195 1695 perimerentur.
3220 1632 3521 1686 Constituto
3541 1633 3684 1688 enim
3728 1643 3741 1651 ‘

2107 1719 2168 1765 ut
2206 1710 2274 1765 sit
2308 1723 2480 1782 pater,
2516 1718 2869 1773 constituetur
2898 1734 3016 1774 esse
3055 1720 3213 1787 illius,
3246 1730 3301 1775 et
3337 1733 3485 1791 pater
3528 1722 3685 1779 simul

2110 1802 2273 1857 Infert
2315 1806 2663 1863 substantiam
2694 1810 2808 1863 iilil.
2844 1810 3044 1867 Eodem
3085 1822 3296 1883 quoque
3341 1812 3502 1869 modo
3548 1815 3685 1871 illius

2111 1896 2270 1950 simul
2311 1898 2471 1953 infert
2516 1901 2834 1956 vocabulum
2877 1904 3063 1972 patris,
3097 1906 3202 1960 non
3246 1914 3329 1961 est
3356 1906 3499 1962 enim
3546 1906 3687 1963 ﬁlius

2110 1984 2212 2039 nisi
2248 1987 2440 2054 patris.
2485 1989 2687 2045 Eodem
2726 2000 2939 2063 quoque
2968 1994 3126 2050 modo
3167 1997 3338 2052 altero
3368 1999 3689 2067 interempto

2109 2086 2397 2148 utrumque
2438 2081 2614 2151 perire
2646 2092 2869 2141 necesse
2899 2097 3001 2153 est,
3032 2088 3260 2143 alterum
3302 2092 3477 2145 autem
3517 2091 3688 2147 altero

2112 2168 2255 2235 prius
2286 2170 2468 2226 multis
2495 2172 2691 2237 dicitur
2714 2176 2908 2244 modis;
2943 2177 3037 2233 sed
3066 2179 3207 2248 quod
3234 2194 3372 2235 nunc
3401 2182 3690 2249 quatrimus

2111 2259 2217 2312 tale
2242 2269 2342 2313 est.
2367 2260 2501 2317 Nam
2528 2262 2704 2332 priora
2734 2265 2821 2319 illa
2851 2274 2971 2321 esse
2992 2267 3261 2336 dicuntur,
3294 2285 3411 2340 qua:
3442 2272 3552 2341 ipsa
3574 2276 3689 2342 qni-

2110 2350 2232 2405 dem
2265 2362 2541 2424 perempts
2565 2366 2652 2411 res
2669 2357 2802 2412 alias
2828 2359 3044 2427 tollunt,
3078 2363 3186 2431 ipSa
3211 2367 3339 2418 verti
3361 2364 3502 2418 illata
3529 2372 3690 2435 atque

2110 2443 2399 2499 constituta
2455 2446 2615 2503 simul
2655 2462 2743 2504 res
2772 2449 2902 2506 alias
2935 2466 3040 2507 non
3084 2454 3338 2523 interdht,
3365 2462 3423 2510 ut
3448 2464 3531 2512 est
3554 2466 3691 2513 unus

2112 2545 2273 2606 atque
2288 2537 2415 2593 duo.
2442 2538 2766 2611 lutet-empto
2781 2543 2922 2598 enim
2937 2550 3063 2609 utro,
3088 2546 3193 2601 duo
3205 2548 3417 2619 quoque
3444 2550 3686 2618 pereunt.

2113 2626 2265 2683 Unde
2294 2630 2434 2685 enim
2465 2638 2549 2685 est
2593 2633 2752 2688 unius
2799 2636 2850 2689 in
2882 2634 3088 2692 duobus
3129 2641 3436 2708 geminatio,
3471 2641 3514 2696 si
3555 2644 3691 2697 unus

2112 2718 2376 2775 intereat?
2404 2721 2705 2778 Constituto
2736 2736 2863 2779 Vt'rn
2893 2738 3056 2797 atque
3103 2732 3275 2799 posito
3324 2740 3381 2786 ut
3424 2735 3493 2788 sit
3533 2736 3689 2800 unus,

2112 2809 2346 2863 nondum
2374 2810 2481 2865 duo
2509 2822 2652 2867 sunt.
2686 2814 2928 2870 Nondum
2963 2829 3047 2872 est
3074 2822 3215 2873 enim
3248 2821 3379 2875 iacta
3425 2824 3578 2877 unius
3603 2832 3692 2893 ge-

2112 2899 2353 2954 minatio.
2385 2901 2524 2972 Ergo
2552 2903 2798 2958 dicuntur
2839 2906 2930 2960 illa
2978 2909 3151 2977 priora
3192 2924 3331 2979 esse,
3366 2926 3694 2985 quaecunque

2114 2992 2214 3045 alia
2246 2992 2409 3047 simul
2434 2994 2647 3063 quidem
2688 2996 2835 3052 litata
2870 3010 2974 3054 nun
3010 3001 3268 3069 inferunt,
3297 3004 3392 3061 s‘ed
3427 3009 3694 3074 perimunt

2115 3081 2454 3153 interempta.
2487 3084 2687 3141 Scluile
2714 3098 2844 3156 ergo
2874 3099 2928 3146 et
2954 3094 3230 3148 scientiam
3261 3111 3364 3150 non
3392 3094 3509 3153 esse
3537 3098 3695 3157 simul

2076 3182 2205 3262 Bitia
2257 3194 2344 3238 res
2398 3186 2606 3254 probat;
2663 3188 2803 3255 quod
2838 3190 2880 3244 si
2914 3194 3032 3261 quis
3067 3208 3181 3248 rem
3225 3196 3466 3253 scibiletti
3520 3197 3691 3269 tollat,

441 3257 688 3328 opinione
729 3267 1031 3313 versantur.
1078 3240 1229 3313 Tunc
1277 3259 1437 3328 igitur
1484 3237 1742 3327 sciuntur,
1790 3277 1910 3317 eum
1961 3237 2086 3318 inc

2117 3276 2396 3331 scientiam
2413 3288 2625 3349 quoque
2645 3283 2942 3338 sustulerit.
2958 3283 3105 3340 Nulla
3130 3298 3301 3357 potest
3316 3291 3454 3345 enim
3472 3290 3693 3352 scientia

2118 3380 2454 3437 permanere,
2478 3371 2523 3425 Si
2554 3385 2641 3428 res
2662 3380 2781 3444 quib
2811 3377 2937 3431 sciti
2965 3380 3131 3448 possit
3154 3380 3398 3437 intereat.
3427 3382 3507 3440 Δι’
3520 3386 3565 3440 si
3587 3385 3694 3443 sei-

2119 3456 2227 3514 bile
2254 3474 2377 3515 esse
2406 3465 2725 3531 constituas,
2765 3472 2869 3521 nco
2901 3470 3120 3526 otnnino
3151 3464 3374 3528 scientia
3416 3476 3695 3548 ctihséqui—

2119 3557 2225 3604 tur.
2258 3550 2559 3609 Infantibus
2603 3558 2745 3611 enim
2793 3572 2854 3612 ea
2905 3562 3055 3617 nobis
3094 3566 3211 3633 αιιώ
3259 3574 3402 3621 nunc
3452 3548 3697 3626 novimus

2118 3653 2294 3709 erant,
2319 3655 2375 3700 et
2397 3646 2449 3701 in
2478 3662 2592 3704 suae
2618 3658 2824 3707 naturte.
2846 3655 3139 3711 substantia
3171 3656 3581 3733 pet-insuebant,
3602 3664 3696 3721 sed

2116 3748 2303 3790 eorum
2352 3738 2492 3807 pud
2542 3740 2639 3795 nos
2684 3744 2902 3798 scientia
2955 3761 3058 3800 non
3098 3756 3231 3803 erat.
3285 3751 3459 3807 Multae
3487 3756 3698 3825 quoque

2118 3834 2243 3879 sunt
2265 3837 2427 3893 artes,
2460 3845 2592 3900 quas
2624 3848 2745 3888 esse
2773 3836 2987 3903 quidem
3020 3839 3071 3892 in
3103 3852 3212 3893 sua:
3252 3839 3455 3899 natura:
3494 3848 3698 3903 ratione

2121 3918 2498 3987 perspicimus,
2536 3936 2760 3990 quarum
2812 3928 3085 3994 neglectus
3133 3932 3409 3986 scientiam
3460 3936 3693 3991 sitstullt.

2120 4007 2447 4079 Multumque
2474 4026 2573 4079 ego
2598 4015 2708 4082 ipse
2732 4016 2839 4082 jam
2874 4026 3050 4072 metuo
3085 4034 3153 4072 ne
3204 4019 3305 4074 hoc
3329 4023 3609 4081 verissime
3629 4028 3696 4083 de

2090 4099 2374 4174 .omnibns
2418 4102 2610 4158 studiis
2654 4103 2963 4162 liberalibus
3003 4107 3229 4166 dicatur.
3262 4111 3522 4179 Quocirca
3554 4118 3606 4171 si
3647 4128 3700 4178 et

2122 4194 2401 4249 scientiam
2432 4196 2698 4252 sublatum
2728 4200 2917 4257 scibile
2942 4202 3177 4273 perimit,
3205 4214 3258 4263 et
3281 4205 3482 4262 illatum
3512 4209 3700 4268 selbile

2121 4288 2399 4345 scientiam
2441 4306 2546 4345 non
2594 4292 2771 4357 infert,
2818 4310 2990 4365 neque
3017 4297 3313 4363 constituit,
3344 4299 3490 4366 prius
3520 4308 3601 4354 est
3646 4300 3699 4356 id

2121 4368 2261 4448 quod
2305 4382 2429 4436 sciri
2474 4392 2648 4451 potest
2692 4400 2850 4454 quam
2897 4386 3022 4440 illud
3066 4388 3206 4457 quod
3248 4390 3701 4457 comprehendere

2122 4471 2375 4528 videlicet
2402 4484 2561 4544 atque
2584 4476 2865 4545 complecti
2894 4477 3101 4532 notitia.
3130 4479 3244 4547 ipse
3272 4488 3452 4534 autem
3477 4482 3539 4537 ad
3564 4482 3700 4540 hanc

2122 4577 2235 4617 rem
2279 4565 2714 4619 obscuriSsimum
2764 4567 3123 4622 commodavit
3172 4569 3499 4636 exemplum.
3550 4571 3700 4628 Solet

2120 4652 2263 4707 enim
2296 4653 2349 4706 in
2371 4656 2659 4723 geometria
2711 4654 3012 4724 hujusmodi
3044 4671 3164 4713 esse
3192 4659 3503 4729 prepositio.
3535 4660 3699 4718 iube-

2122 4759 2242 4799 mur
2264 4746 2404 4799 enim
2439 4745 2713 4815 proposito
2758 4755 2985 4817 quatuor
3012 4747 3240 4806 laterum
3272 4751 3468 4821 spatio,
3498 4755 3703 4825 aequale

2122 4834 2440 4905 triangulum
2487 4838 2835 4907 constituere,
2884 4848 2940 4893 et
2977 4839 3201 4897 lat-imus
3242 4842 3343 4899 hoc
3381 4845 3562 4904 modo.
3623 4846 3703 4903 Sit

2121 4935 2354 4997 quatuor
2398 4927 2620 4984 laterum
2656 4929 2881 4999 spatium
2909 4948 2940 4984 a
2962 4931 3011 4997 ὁ,
3040 4943 3253 5002 oportet
3271 4950 3400 5004 ergo
3418 4951 3450 4989 a
3472 4936 3502 4989 lt
3529 4938 3704 5005 spatio

2126 5019 2331 5089 aequale
2362 5020 2680 5089 triangu‘um
2717 5023 3065 5089 constituere,
3098 5036 3151 5080 et
3185 5036 3243 5081 ut
3280 5028 3349 5080 sit
3375 5025 3592 5095 duplum
3614 5044 3649 5082 α
3675 5030 3705 5083 ὁ

2125 5113 2297 5180 spatio
2324 5127 2353 5165 c
2379 5112 2414 5165 tl
2450 5128 2478 5166 e
2510 5113 2539 5183 f
2566 5114 2817 5181 spatium.
2867 5114 3101 5171 Ducatur
3138 5117 3402 5187 angularia
3434 5133 3464 5170 ε
3504 5121 3548 5188 f,
3580 5118 3704 5175 dico

2123 5203 2374 5272 quoniam
2404 5221 2431 5256 c
2457 5192 2492 5256 ά
2520 5204 2887 5273 [triangulum
2913 5207 3117 5276 aequale
3137 5217 3217 5261 est
3243 5192 3285 5261 α’
3305 5206 3334 5260 b
3362 5209 3555 5278 spatio,
3574 5226 3704 5280 quo-

2124 5293 2267 5346 niam
2296 5308 2323 5345 c
2347 5290 2382 5344 ά
2403 5308 2430 5346 ε
2453 5294 2727 5362 [spatium
2747 5294 2964 5365 duplum
2986 5288 3070 5351 est
3094 5312 3125 5349 a
3152 5298 3179 5350 b
3204 5297 3407 5368 spatio:
3431 5316 3463 5354 α
3488 5302 3517 5355 b
3549 5304 3705 5374 igitur

2126 5398 2153 5436 ε
2179 5384 2212 5437 d
2240 5401 2266 5437 e
2295 5383 2499 5452 [spatii
2534 5385 2793 5440 medietas
2822 5397 2924 5449 est,
2959 5386 3229 5456 angularia
3256 5390 3398 5446 enim
3426 5396 3455 5464 ι’
3481 5410 3509 5448 c
3536 5404 3703 5453 totum

2130 5493 2156 5528 c
2184 5474 2218 5526 ά
2249 5467 2275 5527 e
2303 5474 2577 5557 [spatium
2611 5475 2840 5530 medium
2870 5478 3074 5533 dividit.
3106 5480 3235 5557 Qum
3261 5490 3437 5539 autem
3467 5487 3706 5555 ejusdem

2132 5577 2256 5621 sunt
2288 5566 2480 5632 media,
2517 5548 2615 5622 ε’Βί
2643 5569 2861 5635 mqnalia
2897 5580 3040 5636 sunt,
3069 5589 3096 5625 c
3126 5574 3159 5625 d
3194 5554 3404 5644 figitur
3443 5548 3513 5632 et-
3539 5597 3567 5633 c
3612 5599 3638 5635 e
3689 5584 3707 5649 Ι

2135 5656 2452 5729 triangulum
2504 5676 2533 5711 a
2578 5659 2604 5711 b
2647 5654 2819 5729 spitlio
2857 5662 3060 5731 aequale
3103 5675 3205 5721 est.
3242 5666 3515 5738 Proposito
3550 5666 3706 5747 igitur

2132 5740 2307 5821 spatio
2330 5748 2365 5805 ἁ
2384 5748 2435 5819 lt,
2468 5767 2677 5821 aequum
2711 5742 3027 5825 triangulum
3056 5748 3403 5817 constitutum
3433 5774 3517 5820 est
3550 5740 3640 5820 c-d
3662 5766 3703 5830 [ο

2133 5838 2276 5911 quod
2306 5843 2587 5913 oportebat
2613 5842 2807 5902 facere.
2853 5843 3052 5902 Eodem
3084 5864 3295 5921 quoque
3332 5840 3489 5917 modo
3518 5848 3701 5914 ,λωί-
