4280 6268
626 432 693 487 ‘25

701 430 721 483 ι

1346 549 1416 610 iiii
1580 560 1581 565 ‘
1628 563 1653 597 a

974 876 998 912 ε
1039 843 1126 924 nul
1351 843 1429 910 'xt-t
1645 843 1731 924 Iiiij

1110 1175 1144 1224 b
1359 1176 1427 1235 iiij

728 1298 758 1347 d
1348 1300 1391 1348 vi
1402 1300 1428 1358 ij
2011 1308 2039 1346 c

650 1367 752 1727 nn‘
914 1521 992 1556 xvi
1314 1370 2009 1724 3/
2031 1363 2043 1724 Ι
2064 1513 2129 1575 iiii

736 1732 759 1781 f
1342 1733 1421 1795 viij
1454 1732 1460 1736 ’
2010 1742 2040 1779 e

602 1861 711 1910 tum
733 1860 815 1910 est
835 1854 877 1907 si
906 1851 975 1908 sit
998 1852 1325 1927 propositum
1348 1842 1548 1907 circqu
1570 1866 1780 1922 aequum
1814 1852 1927 1907 ﬁeri
1950 1847 2181 1921 quadra-

603 1956 730 2000 tum.
779 1944 1106 2012 Quadratum
1147 1958 1274 2012 ergo
1310 1951 1395 1999 est
1422 1943 1562 2014 quod
1593 1944 1888 2014 mqualibus
1924 1942 2180 1999 lateribus

604 2054 788 2094 mnnes
815 2047 1039 2108 quatuor
1060 2038 1284 2107 angulos
1313 2052 1495 2108 aequos
1517 2036 1701 2103 habet,
1734 2037 1787 2092 id
1802 2044 2099 2103 estrectos,
2129 2046 2182 2091 et

604 2129 908 2185 Aristotelis
944 2128 1158 2199 quidem
1190 2128 1519 2199 temporibus
1574 2145 1681 2185 non
1712 2129 1877 2185 fuisse
1908 2132 2181 2185 inventum

603 2222 829 2278 videtur.
856 2222 982 2279 Post
1007 2237 1135 2279 vero
1157 2233 1429 2293 repertum
1447 2231 1553 2290 est,
1574 2222 1729 2293 cujus
1750 2222 2000 2293 quoniam
2026 2224 2181 2295 longa

603 2312 987 2369 demonstratio
1014 2321 1116 2382 est,
1150 2313 1607 2384 praetermittenda
1627 2323 1728 2370 est.
1745 2314 1919 2386 Atque
1953 2314 2055 2370 hoc
2077 2322 2179 2381 est,

602 2405 740 2475 quod
781 2405 874 2471 ait,
914 2404 1060 2461 velut
1102 2405 1286 2463 circuli
1331 2405 1657 2475 quadratura
1688 2425 1701 2459 :
1735 2421 1858 2462 nam
1887 2406 2029 2463 sicut
2074 2420 2186 2460 ma-

604 2506 762 2551 nente
799 2495 1082 2566 quadrato,
1116 2497 1252 2553 linea
1299 2512 1394 2569 per
1423 2498 1699 2569 obliquum
1729 2499 1888 2554 ducta
1921 2499 2182 2570 triangula

604 2585 768 2655 ﬁgura
799 2584 1136 2655 producitur;
1171 2587 1242 2641 ita
1286 2586 1487 2642 circulo
1517 2603 1622 2643 non
1652 2596 1856 2643 mutato
1884 2575 2188 2659 circumpo-

603 2674 719 2732 sitis
747 2675 978 2747 angulis,
1005 2677 1096 2748 qui
1126 2685 1180 2732 et
1210 2676 1375 2749 ipsius
1400 2677 1587 2733 circuli
1618 2678 1877 2734 lateribus
1910 2679 2189 2749 aequaliter

603 2772 925 2843 diriguntur,
958 2772 1201 2844 quadrati
1232 2774 1401 2829 forma
1432 2774 1728 2845 consurgit,
1760 2774 1904 2845 quod
1947 2774 1967 2846 (
1992 2783 2049 2829 ut
2093 2788 2187 2843 po-

606 2864 828 2934 tuimus)
857 2865 1161 2936 conjectura
1192 2864 1548 2935 depinximus.
1578 2864 1709 2920 Cum
1737 2864 1878 2920 enim
1905 2864 2066 2919 alicui
2087 2866 2189 2920 cir-

605 2958 724 3014 culo
752 2973 959 3030 asquum
985 2959 1301 3030 quadratum
1329 2958 1691 3021 constituitur,
1725 2958 1778 3013 in
1808 2957 2188 3029 quadraturam

605 3050 789 3107 circuli
833 3050 975 3106 illius
1029 3066 1279 3107 mensura
1324 3049 1603 3122 redigitur.
1634 3048 1786 3105 Nunc
1817 3064 1945 3120 ergo
1981 3050 2085 3105 hoc
2109 3057 2191 3104 est

606 3143 745 3214 quod
767 3143 919 3211 dicit,
942 3151 1000 3198 ut
1024 3142 1209 3200 circuli
1235 3142 1577 3213 quadratura,
1606 3141 1659 3198 id
1677 3152 1759 3198 est
1783 3144 1919 3212 aequi
1943 3141 2187 3214 quadrati

606 3237 669 3297 ad
699 3238 953 3295 circulum
985 3237 1299 3294 constitutio
1337 3237 1383 3291 si
1423 3226 1539 3291 ﬁeri
1582 3244 1779 3305 potest,
1821 3245 1875 3290 et
1913 3235 1957 3289 si
1993 3250 2079 3289 res
2108 3242 2189 3290 est

606 3344 723 3400 qtta‘.
746 3329 868 3385 sciri
906 3329 1096 3399 possit,
1137 3327 1361 3384 scientia
1406 3325 1619 3397 quidem
1665 3326 1783 3396 ejus
1824 3325 2057 3381 nondum
2106 3326 2188 3380 iu-

607 3429 765 3476 venta
804 3428 907 3476 est.
949 3419 1194 3475 Nondum
1232 3419 1377 3474 enim
1420 3419 1702 3491 quisquam
1747 3418 1846 3487 sub
1899 3418 2187 3475 Aristotele

606 3525 818 3581 aequum
846 3508 1164 3581 quadratum
1195 3510 1400 3566 circulo
1439 3511 1809 3567 constituerat.
1841 3509 1994 3579 Quod
2021 3511 2065 3565 si
2105 3520 2188 3566 est

606 3600 777 3674 aliqua
818 3601 934 3672 ejus
971 3601 1195 3658 scientia
1237 3617 1357 3672 qua:
1397 3602 1632 3659 nondum
1666 3612 1879 3673 reperta
1908 3611 2013 3669 est,
2041 3612 2185 3659 certe

605 3696 753 3766 prius
778 3704 862 3752 est
899 3694 1041 3767 quod
1075 3695 1203 3751 sciri
1246 3696 1435 3767 possit,
1466 3706 1590 3766 post
1619 3710 1747 3752 vero
1777 3696 2017 3751 scientia.
2053 3695 2184 3752 Nam

552 3800 553 3803 ‘
606 3804 727 3845 cum
757 3796 935 3859 posset
976 3788 1265 3845 Aristotele
1294 3788 1416 3844 vivo
1443 3788 1566 3845 sciri
1613 3788 1797 3844 circuli
1838 3789 2183 3860 quadratum,

606 3880 749 3937 nulla
784 3888 963 3936 tamen
1015 3880 1187 3935 adhuc
1231 3880 1347 3950 ejus
1393 3880 1613 3937 scientia
1643 3891 1854 3953 reperta
1891 3892 1995 3949 est,
2026 3890 2188 3951 atque

608 3969 730 4027 ideo
758 3971 904 4041 prius
924 3980 1041 4028 erat
1059 3971 1201 4043 quod
1232 3972 1355 4029 sciri
1388 3981 1587 4043 posset,
1611 3988 1769 4044 quam
1794 3974 1961 4045 ipsius
1988 3974 2064 4030 rei
2084 3974 2185 4029 ulla

608 4062 814 4119 noﬁﬁa.

676 4163 929 4233 Amplius,
971 4165 1182 4220 animali
1223 4167 1425 4236 quidem
1460 4167 1680 4234 sublato,
1705 4183 1806 4222 non
1842 4178 1915 4223 est
1951 4169 2181 4235 scientia,

608 4254 859 4310 scibilium
886 4269 1002 4309 vero
1028 4255 1253 4325 plurima
1278 4272 1383 4311 esse
1410 4259 1677 4329 contingit.

682 4356 843 4413 Addit
866 4356 1006 4412 aliud
1034 4356 1255 4412 validius
1270 4368 1662 4428 argumentum,
1689 4360 1834 4430 prius
1857 4374 1976 4416 esse
2001 4359 2185 4415 scibile

610 4450 851 4506 scientia.
883 4448 1012 4505 lllttd
1043 4449 1185 4506 enim
1214 4458 1394 4505 notum
1425 4460 1508 4505 est
1536 4450 1580 4507 si
1612 4466 1705 4522 pr
1732 4450 1990 4507 desidiam
2022 4450 2187 4505 disci-

610 4540 752 4612 plina
781 4540 1055 4611 depereat,
1085 4542 1304 4597 interire
1318 4540 1529 4611 quidem
1553 4544 1853 4610 scientiam,
1880 4544 1973 4599 sed
2003 4542 2188 4599 scibile

1821 441 1927 498 AN.
1972 440 2195 495 MANL.‘
2220 438 2370 497 SEV.
2413 437 2637 494 BOETII

3756 437 3860 493 2'52

2198 555 2247 615 Α
2278 562 2449 607 autem
2471 569 2591 618 non,
2621 562 2693 605 est
2718 558 2887 605 autem
2908 549 3115 620 sensile,
3140 558 3396 621 ut‘rarpus
3417 549 3663 619 calidum,
3688 550 3859 621 dulce,
3920 596 3939 614 ρ

2278 661 2510 700 amarum
2531 653 2577 698 et
2598 643 2704 698 alia
2729 645 2901 697 omnia
2927 659 3238 713 quacunque
3265 642 3473 699 sensilia
3493 653 3628 698 sunt.

2348 749 2401 803 Id
2434 764 2666 818 namque
2696 748 2943 819 proponit
2981 749 3231 805 Sensibus
3269 749 3517 805 inveniri.
3550 749 3687 806 Dicit
3715 751 3859 807 enim

2276 856 2436 896 sensu
2466 843 2614 912 prius
2652 857 2773 899 esse
2813 842 3263 914 sensibile..Quod
3301 845 3573 900 communi
3620 848 3859 916 priorum

2277 931 2596 989 difﬁnitione
2622 934 2897 1005 probabile
2918 950 3038 990 esse
3062 936 3358 992 constituit.
3383 936 3591 993 Dictum
3608 947 3691 994 est
3704 953 3859 994 nam-

2278 1040 2382 1095 que
2425 1025 2513 1080 illa
2550 1041 2672 1083 esse
2714 1028 2888 1097 priora
2926 1042 3044 1099 sum
3079 1026 3237 1083 simul
3274 1027 3485 1100 quidem
3540 1030 3859 1101 interempta

2281 1118 2629 1185 perimerent,
2662 1135 2767 1176 non
2812 1130 2989 1176 autem
3029 1123 3111 1177 sin
3134 1123 3186 1177 ul
3216 1122 3336 1177 aliis
3376 1122 3709 1195 interemptis
3746 1124 3859 1192 ipsa

2280 1211 2550 1282 deperire,
2566 1222 2624 1269 ut
2639 1213 2824 1269 orbem
2846 1214 2973 1269 solis
2996 1215 3145 1285 prius
3160 1215 3385 1271 dicimus
3402 1217 3620 1287 proprio
3635 1217 3856 1282 lumine,

2284 1305 2493 1361 sublato
2519 1307 2661 1362 enim
2692 1307 2846 1375 orbe,
2879 1308 3055 1363 lumen
3096 1309 3221 1365 illttd
3251 1309 3392 1381 quod
3421 1311 3489 1367 ab
3512 1325 3577 1367 eo
3605 1320 3684 1368 est
3713 1312 3857 1384 peni-

2283 1405 2369 1453 tus
2394 1414 2498 1452 non
2528 1399 2787 1465 manebit;
2810 1400 3019 1455 sublato
3036 1401 3236 1455 lumine
3263 1401 3417 1470 solis,
3439 1402 3582 1457 orbis
3604 1403 3855 1459 manebit.
3884 1402 3888 1406 “

2285 1489 2359 1544 lta
2389 1504 2601 1561 quoque
2629 1507 2771 1547 nunc
2800 1492 2851 1546 in
2879 1491 3244 1560 sensibilibus,
3276 1501 3435 1564 atque
3476 1494 3528 1549 in
3562 1495 3676 1566 ipso
3702 1508 3860 1551 sensu

2286 1596 2405 1637 esse
2446 1582 2745 1652 proposuit,
2787 1582 2999 1638 sublato
3028 1583 3170 1654 quod
3211 1582 3396 1639 sentiri
3444 1584 3635 1654 possit,
3679 1600 3866 1642 sensus

2289 1672 2505 1727 omnino
2534 1672 2776 1729 sublatus
2792 1682 2895 1730 est.
2923 1675 3105 1744 Neque
3126 1675 3268 1731 enim
3292 1688 3413 1731 esse
3435 1676 3632 1745 poterit
3651 1690 3866 1745 sensus,

2284 1779 2403 1819 cum
2430 1764 2573 1835 quod
2602 1766 2771 1836 possit
2799 1767 3000 1822 sentire
3028 1780 3131 1821 non
3164 1766 3383 1823 invenit.
3415 1766 3570 1835 Quod
3599 1768 3644 1823 si
3672 1782 3863 1826 sensus

2285 1860 2505 1912 omnino
2533 1856 2808 1930 depereat,
2843 1857 3098 1914 sensibile
3128 1857 3459 1928 permanebit
3485 1875 3500 1924 ;
3532 1868 3587 1915 et
3625 1859 3727 1916 hoc
3756 1859 3863 1916 evi-
3944 1858 3949 1859 “

2290 1952 2540 2009 dentibus
2566 1954 2743 2009 ﬁrmat
2777 1954 3059 2023 exemplis.
3088 1954 3217 2009 Nam
3264 1970 3386 2010 cum
3418 1970 3480 2011 ea
3511 1971 3631 2027 quae
3653 1966 3777 2012 sunt
3814 1956 3865 2016 in

2285 2044 2470 2113 rebus,
2515 2045 2599 2099 vel
2656 2045 2970 2115 incorporea
3020 2045 3148 2111 sint,
3187 2045 3273 2101 vel
3318 2055 3465 2102 certe
3501 2061 3786 2119 corporea,
3816 2057 3866 2105 ει

2284 2137 2542 2210 quidquid
2573 2139 2638 2194 ad
2670 2140 2914 2210 corporis
2955 2141 3232 2196 materiam
3283 2140 3473 2197 referri
3520 2151 3715 2215 potest,
3768 2142 3869 2199 hoc

2287 2245 2540 2285 sensuum
2567 2232 2812 2288 varietati
2838 2232 3132 2302 subjaceat,
3164 2233 3419 2305 quidquid
3465 2233 3529 2289 ad
3558 2234 3867 2307 incorpora-

2285 2320 2351 2378 lia
2382 2322 2685 2380 intellectus
2714 2327 2920 2381 ratione
2941 2335 2996 2382 et
3016 2326 3382 2396 speculatione
3432 2334 3693 2383 teneatur.
3738 2330 3869 2387 Cum

2286 2413 2353 2469 sit
2377 2429 2567 2470 sensus
2596 2416 2770 2471 omnis
2810 2418 2861 2472 in
2893 2431 3142 2487 corpore,
3160 2418 3217 2472 ‘si
3253 2432 3447 2488 corpus
3476 2414 3724 2487 ihtereat,
3750 2434 3869 2476 cum

2288 2505 2503 2560 omnino
2525 2520 2720 2576 corpus
2744 2521 2848 2562 non
2873 2508 2965 2575 sit,
2989 2508 3238 2578 quoniam
3260 2524 3379 2580 qua:
3408 2520 3534 2566 sunt
3554 2511 3867 2585 incorporea

2287 2595 2473 2650 sentiri
2502 2610 2613 2650 non
2636 2606 2881 2666 possunt,
2913 2607 2970 2653 et
2994 2614 3113 2668 quae
3140 2599 3327 2655 sentiri
3353 2609 3596 2670 poterant
3621 2604 3869 2660 interem-

2289 2697 2376 2757 pta
2400 2696 2545 2757 sunt,
2578 2675 2797 2743 omnino
2818 2702 3007 2744 sensus
3035 2692 3317 2746 evertitur.
3346 2692 3451 2749 Sed
3483 2694 3529 2750 si
3566 2709 3753 2753 sensus
3774 2711 3869 2752 au-

2288 2778 2512 2852 feratur,
2544 2785 2815 2841 sensibilia
2852 2787 3238 2856 permanebunt
3269 2806 3280 2842 :
3314 2798 3369 2844 et
3399 2793 3651 2860 quoniam
3682 2807 3869 2850 sensus

2290 2876 2597 2932 animalium
2629 2877 2904 2934 effectivus
2935 2889 3035 2944 est,
3062 2895 3210 2951 aequa
3245 2880 3328 2937 est
3366 2890 3712 2956 utrorumque
3746 2900 3871 2958 per-

2290 2969 2453 3035 ditio;
2485 2970 2599 3026 sive
2619 2972 2761 3025 enim
2785 2971 3063 3028 sustuleris
3077 2975 3296 3042 animal,
3317 2990 3505 3033 sensus
3530 2980 3741 3049 peribit,
3760 2979 3871 3040 sive

2292 3076 2480 3116 sensus
2508 3072 2837 3130 evertantur,
2865 3066 3116 3122 animalia
3140 3082 3350 3138 quoque
3372 3069 3577 3125 sublata
3599 3081 3741 3127 sunt.
3765 3072 3869 3130 Sed

2291 3155 2490 3210 eversis
2520 3164 2677 3226 atque
2726 3158 3059 3228 interemptis
3100 3163 3423 3219 animalibus
3467 3178 3592 3223 cum
3643 3167 3869 3238 pr0priis

2290 3247 2559 3314 sensibus,
2591 3260 2903 3318 permanent
2919 3266 3143 3323 corpora
3160 3269 3279 3326 quae
3298 3255 3476 3312 anima
3499 3273 3604 3314 non
3632 3261 3869 3327 utuntur,

2289 3339 2429 3407 quod
2460 3338 2507 3394 si
2545 3339 2769 3397 sublatis
2806 3342 3126 3400 animalibus
3164 3346 3517 3419 sensibusque
3555 3347 3867 3419 deperditis,

2286 3446 2511 3501 corpora
2534 3432 2821 3489 inanimata
2853 3435 3173 3506 subsistunt,
3201 3453 3323 3495 cum
3357 3453 3580 3510 corpora
3623 3441 3728 3497 sint
3748 3456 3869 3514 qua

2289 3526 2477 3581 sentiri
2509 3537 2763 3597 possunt,
2799 3529 3049 3585 animalia
3078 3546 3198 3602 qua:
3221 3522 3424 3589 sentire
3465 3534 3674 3590 valeant
3708 3534 3753 3591 si
3788 3536 3869 3592 in-

2288 3628 2550 3690 terempta
2581 3621 2709 3689 sint,
2740 3632 2989 3679 manente
3016 3623 3253 3679 sensibili
3295 3640 3488 3695 sensus
3523 3642 3743 3684 eversus
3768 3638 3868 3686 est.

2288 3713 2402 3771 Non
2456 3713 2615 3786 igitur
2640 3716 2779 3771 sicut
2805 3716 3072 3774 sensibilis
3102 3720 3444 3791 interemptio
3470 3732 3659 3778 sensus
3688 3723 3869 3780 interi-

2288 3810 2401 3876 mit,
2433 3811 2510 3867 sic
2532 3825 2782 3868 sensuum
2809 3813 3162 3883 perditionem
3210 3818 3502 3873 exstinctio
3532 3817 3865 3874 sensibilium

2288 3905 2590 3961 comitatur.
2618 3904 2674 3961 Id
2705 3921 2831 3962 vero
2854 3906 3015 3962 etiam
3048 3906 3147 3961 hoc
3187 3910 3499 3977 probabitur
3531 3917 3867 3981 argumento,

2289 4005 2411 4052 ante
2437 3998 2579 4053 enim
2604 4013 2762 4068 quam
2793 4006 2911 4055 actu
2943 4000 3058 4068 ipso
3083 3999 3281 4070 aliquid
3330 4001 3647 4069 sentiamus,
3681 4014 3869 4060 sensus

2290 4103 2393 4143 non
2423 4099 2525 4144 est.
2549 4088 2679 4145 Nam
2740 4090 3047 4162 priusquam
3078 4090 3233 4146 dulce
3272 4091 3475 4161 aliquid
3503 4093 3868 4162 degustemus,

2288 4184 2518 4254 gustatio
2545 4183 2656 4253 ipsa
2681 4182 2975 4239 dulcedinis
3007 4198 3110 4239 non
3135 4193 3249 4253 est;
3274 4185 3415 4256 quod
3459 4194 3633 4241 autem
3663 4184 3867 4255 gustari

2292 4275 2474 4345 possit,
2501 4276 2550 4330 id
2570 4283 2671 4342 est,
2706 4278 2832 4346 mel,
2856 4278 2939 4333 vel
2972 4278 3246 4349 quodlibet
3263 4279 3403 4333 aliud
3418 4280 3647 4348 prOpriaz
3662 4287 3868 4336 natura:

2289 4368 2494 4423 ratione
2540 4370 2804 4423 consistit.
2850 4368 3113 4437 Quocirca
3149 4371 3304 4441 prius
3343 4385 3462 4426 esse
3500 4371 3641 4441 quod
3679 4371 3867 4428 sentiri

2291 4463 2475 4545 possit,
2505 4472 2624 4534 post
2654 4479 2781 4519 vero
2804 4477 2995 4520 sensus
3028 4463 3317 4520 Aristotele
3350 4472 3567 4521 auctore
3609 4466 3866 4522 ﬁrmatur.

2362 4566 2595 4637 Amplius
2623 4582 2801 4621 sensus
2826 4568 3027 4637 quidem
3049 4569 3203 4623 simul
3233 4584 3347 4621 cum
3379 4578 3581 4623 sensato
3608 4569 3688 4637 ﬁt,
3718 4570 3870 4624 simul

608 4646 939 4702 permanere.
960 4632 1157 4690 Scibi'e
1177 4644 1355 4690 autem
1377 4635 1497 4690 dico
1517 4636 1655 4707 quod
1682 4637 1803 4693 sciri
1828 4635 2014 4708 possit.
2032 4635 2183 4705 Quod

2255 4660 2420 4724 tenim
2471 4667 2517 4714 et
2567 4660 2762 4714 animal
2795 4660 2852 4730 ﬁt
2892 4670 2937 4715 et
2979 4677 3177 4715 sensus.
3213 4660 3415 4716 Sensile
3453 4671 3622 4717 autem
3651 4674 3766 4717 ante
3798 4671 3869 4718 est

608 4724 655 4780 si
681 4725 899 4781 omnino
924 4727 1117 4782 animal
1144 4743 1248 4782 non
1279 4726 1368 4795 sit,
1400 4742 1519 4784 cum
1551 4731 1669 4800 quis
1698 4729 1838 4785 scire
1870 4730 2037 4800 possit
2064 4742 2180 4785 om-

609 4813 737 4868 nino
768 4830 873 4869 nen
904 4815 1080 4879 fuerit,
1110 4820 1331 4874 scientia
1362 4820 1576 4889 quidem
1608 4821 1718 4890 ipsa
1753 4822 1989 4877 funditus
2017 4823 2180 4875 inter-

608 4903 704 4960 ibit
736 4921 748 4957 :
785 4903 915 4959 nihil
944 4918 1121 4961 tamen
1154 4908 1399 4976 prohibet
1421 4925 1541 4965 esse
1580 4925 1641 4965 ea
1672 4927 1789 4980 quae
1836 4922 2184 4981 permanente

609 4998 824 5054 animali
868 4998 1037 5070 possit
1080 4999 1398 5071 inquirentis
1436 5003 1649 5058 animus
1694 5006 1933 5061 scientia:
1977 5004 2185 5060 ratione

607 5090 914 5162 complecti.

681 5200 928 5258 Similiter
953 5199 1031 5258 his
1058 5218 1165 5258 sese
1191 5201 1377 5259 habent
1420 5214 1468 5260 et
1505 5220 1565 5261 ea
1603 5222 1716 5279 qua:
1755 5207 1819 5261 de
1853 5224 2017 5269 sensu
2044 5220 2184 5279 sunt,

610 5296 789 5351 sensile
825 5299 959 5351 enim
1000 5300 1142 5369 prius
1180 5314 1335 5369 quant
1363 5314 1538 5355 sensus
1568 5300 1769 5355 videtur
1796 5319 1918 5357 esse.
1968 5301 2185 5358 Sublata

609 5388 743 5443 enim
767 5390 938 5446 senslli
964 5390 1118 5447 simul
1164 5395 1395 5465 aufertur
1421 5410 1598 5449 sensus
1621 5410 1640 5449 :
1657 5412 1832 5450 sensus
1858 5413 1974 5451 vero
2002 5399 2189 5452 sensile

610 5494 713 5536 non
739 5482 894 5536 simul
919 5485 1108 5554 aufert.
1125 5483 1317 5541 Sensus
1344 5487 1477 5542 enim
1504 5489 1640 5541 circa
1675 5504 1856 5559 corpus
1888 5498 1934 5543 et
1980 5491 2031 5543 in
2049 5489 2185 5560 [cor-

613 5588 733 5641 pore
755 5585 892 5641 sunt,
918 5577 1139 5632 sensibili
1166 5590 1335 5634 autem
1364 5591 1646 5653 perempto,
1671 5593 1985 5653 peremptum
2032 5591 2101 5637 est
2141 5592 2186 5635 et

614 5674 813 5736 corpus,
840 5670 1023 5723 sensile
1060 5669 1191 5724 enim
1228 5680 1299 5724 est
1346 5680 1392 5725 et
1430 5687 1659 5743 corpus;
1695 5689 1811 5727 cum
1846 5689 1961 5727 vero
2004 5688 2186 5744 corpus

615 5766 719 5808 non
738 5756 822 5823 sit,
852 5758 1082 5815 sublatus
1111 5770 1253 5816 estet
1280 5778 1474 5819 sensus.
1507 5766 1680 5831 Quare
1702 5766 1857 5823 simul
1886 5772 2053 5840 aufert
2074 5784 2189 5823 sen-

616 5845 708 5903 sile
738 5863 958 5917 sensum,
1005 5840 1196 5907 sensus
1224 5873 1336 5910 t'ero
1375 5859 1557 5913 sensile
1616 5878 1714 5913 non
1758 5863 1913 5916 tollt.
1964 5864 2187 5920 Animali

612 5940 752 5998 enim
770 5955 1046 6013 perempto,
1074 5961 1246 6002 sensus
1275 5948 1475 6016 quidem
1518 5965 1799 6022 prrcmptns
1828 5967 1917 6022 est,
1956 5960 2187 6015 sensibile

2282 4769 2438 4821 quam
2474 4769 2649 4807 sensus
2680 4761 2825 4806 esset.
2859 4750 3003 4824 Ignis
3029 4754 3159 4807 enim
3199 4762 3249 4806 et
3292 4768 3425 4823 aqua
3463 4764 3511 4808 et
3550 4755 3652 4808 alia
3689 4756 3865 4826 hujus-

2290 4846 2448 4913 modi,
2478 4865 2538 4901 ex
2561 4848 2742 4914 quibus
2772 4849 2936 4919 ipsum
2967 4847 3160 4901 animal
3191 4854 3413 4916 ronslat,
3442 4859 3559 4903 ante
3584 4860 3700 4904 sunt
3721 4866 3871 4919 quant

2285 4939 2475 4992 animal
2500 4940 2563 4992 sit
2587 4940 2815 5008 omnino,
2842 4941 2918 4994 vel
2943 4957 3140 4996 sensus.
3170 4940 3340 5006 Quare
3356 4942 3497 5010 prius
3519 4943 3703 4997 sensile
3717 4958 3870 5011 quam

2284 5046 2458 5085 sensus
2488 5048 2594 5085 esse
2615 5033 2829 5086 videtur.

2360 5131 2413 5185 In
2442 5134 2753 5201 compositis
2791 5136 2951 5191 rebus
2980 5147 3139 5207 atque
3169 5154 3233 5194 ex
3265 5137 3384 5193 aliis
3419 5136 3622 5207 junctis
3666 5136 3871 5206 priores

2298 5235 2422 5279 sunt
2451 5224 2534 5279 lue
2563 5240 2651 5281 res
2678 5244 2796 5295 quas
2835 5239 3165 5299 componunt
3192 5229 3391 5299 aliquid
3422 5228 3536 5299 ipsa
3576 5228 3872 5287 substantia

2291 5329 2446 5385 quam
2474 5328 2821 5387 componunt.
2858 5320 3094 5389 Namque
3122 5336 3242 5375 cum
3280 5334 3475 5390 corpus
3512 5321 3761 5377 animalis
3806 5321 3873 5379 sit

2291 5422 2356 5487 εξ
2380 5407 2522 5479 igne,
2553 5424 2697 5475 aere,
2729 5426 2861 5482 aqua
2892 5422 3131 5480 etterra,
3164 5413 3338 5484 priora
3362 5414 3479 5470 hare
3500 5430 3623 5471 esse
3652 5428 3872 5472 necesse

2292 5510 2371 5556 est
2399 5517 2557 5573 quam
2596 5504 2769 5574 ipsum
2799 5507 2869 5560 sit
2910 5506 3107 5561 animal
3159 5507 3302 5579 quod
3334 5508 3423 5564 illa
3451 5510 3715 5565 elementa
3746 5522 3870 5563 con~

2285 5594 2532 5665 jungunt.
2564 5596 2674 5652 Hoc
2702 5613 2910 5669 quoque
2937 5600 3098 5655 etiam
3138 5601 3191 5656 in
3239 5601 3358 5657 aliis
3397 5612 3560 5673 patet,
3591 5616 3711 5657 nam
3748 5613 3867 5654 cum

2289 5687 2358 5741 sit
2384 5687 2517 5743 liber
2540 5704 2607 5743 ex
2631 5691 2896 5760 versibus,
2929 5691 3077 5762 prior
3096 5703 3179 5751 est
3203 5710 3451 5759 versuum
3479 5703 3663 5750 natura
3709 5704 3866 5760 quam

2294 5779 2432 5834 libri.
2462 5780 2701 5852 Cumque
2744 5799 2932 5841 versus
2970 5796 3181 5843 constet
3213 5787 3391 5843 verbis
3438 5795 3598 5857 atque
3639 5779 3866 5839 nomini-

2292 5872 2409 5939 bus,
2441 5888 2489 5931 ct
2523 5878 2731 5931 cit-teris
2760 5893 2890 5948 quas
2921 5881 3253 5948 grammatici
3288 5890 3462 5951 partes
3488 5876 3742 5935 orationis
3769 5890 3867 5930 vo-

2291 5973 2433 6032 cant,
2462 5966 2571 6021 lucc
2599 5982 2659 6022 ex
2694 5969 2893 6037 quibus
2926 5970 3037 6041 ipse
3064 5987 3249 6028 versus
3283 5980 3485 6028 constat
3528 5984 3681 6026 versu
3750 5967 3865 6039 ipso
