4280 6268
321 279 429 338 235

1266 275 1334 333 lN
1366 270 1800 331 CATEGOBIAS
1837 264 2285 326 ARISTOTELIS
2325 264 2453 321 LIB.
2494 264 2558 322 11.

3465 257 3573 313 εει

306 396 480 466 priora
504 409 628 453 esse
644 408 866 452 necesse
891 401 992 450 est.
1021 390 1279 459 Quocirca
1304 403 1494 446 sensus
1518 400 1728 459 quoque
1750 383 1881 457 ipsis
1908 383 1958 444 Α
1977 380 2068 452 jus
2104 394 2310 445 manus,
2342 386 2389 433 et
2428 376 2684 449 quoddam
2725 381 2903 443 caput,
2953 389 3056 429 non
3112 370 3303 428 dicitur
3351 370 3576 444 alicujus

302 490 410 562 iam
430 489 748 560 compositis
770 486 1084 544 animalibus
1111 483 1438 555 supervenit.
1463 480 1594 538 Nam
1616 494 1738 535 cum
1768 477 1883 533 ani-

260 610 265 615 ~
307 583 417 641 mal
456 591 668 639 constet
706 597 771 638 ex
809 588 1036 651 quatuor
1076 576 1376 642 elementis,
1422 584 1476 629 et
1516 586 1636 628 cum
1691 582 1886 627 sensus

305 692 524 747 semper
574 686 815 732 naturam
867 670 1175 727 animalium
1222 667 1525 732 comitetur,
1583 677 1704 719 cum
1754 660 1885 732 ipsis

310 768 625 824 animalibus
648 780 836 822 sensus
866 764 981 820 ﬁeri
1010 775 1065 820 et
1093 763 1239 819 nasci
1268 774 1493 816 necesse
1520 765 1622 813 est.
1656 753 1809 824 Quod
1839 751 1887 808 si

311 875 430 916 cum
479 858 810 926 animalibus,
859 856 912 912 id
961 863 1045 911 est
1089 850 1401 924 compositis
1456 847 1638 914 rebus,
1695 856 1887 900 sensus

313 952 563 1014 nascitur,
584 950 722 1005 sicut
741 947 958 1004 animali
986 947 1163 1017 priora
1186 954 1309 1001 sunt
1330 958 1390 999 ea
1413 958 1479 998 ex
1499 940 1691 1011 quibus
1709 936 1887 1007 ipsum

314 1044 503 1098 animal
532 1051 760 1106 constat,
794 1041 872 1096 sic
907 1052 1119 1109 quoque
1162 1051 1325 1091 sensu
1372 1032 1464 1104 qui
1507 1045 1626 1086 cum
1670 1025 1889 1082 animali

314 1134 564 1197 nascitur,
590 1132 677 1187 illa
708 1132 889 1202 priora
921 1137 1064 1193 sunt,
1096 1126 1382 1203 exquibus
1409 1120 1653 1177 animalis
1698 1125 1891 1172 natura

312 1224 668 1296 conjungitur.
698 1222 1052 1292 Conjungitur
1090 1228 1265 1273 autem
1305 1215 1500 1271 animal
1548 1221 1707 1281 atque
1743 1224 1893 1264 com-

313 1312 527 1387 ponitur
580 1331 648 1370 ex
684 1324 912 1383 quatuor
953 1302 1252 1366 elementis.
1298 1307 1536 1375 Quatuor
1584 1304 1742 1372 igitur
1786 1300 1897 1355 ele-

314 1417 493 1463 menta
519 1420 682 1462 sensu
714 1405 890 1475 priora
922 1412 1067 1467 sunt,
1097 1402 1189 1456 sed
1216 1409 1444 1469 quatuor
1480 1397 1746 1451 elementa
1775 1407 1897 1447 cor-

315 1513 447 1568 pora
474 1505 625 1564 sunt,
648 1509 845 1565 corpus
871 1508 1001 1548 vero
1029 1506 1189 1547 omne
1211 1488 1465 1545 sensibile
1485 1494 1585 1541 est.
1624 1484 1778 1539 Prius
1803 1481 1901 1552 igi-

319 1595 405 1642 tur
430 1584 687 1641 sensibile
715 1599 874 1656 quam
919 1595 1109 1638 sensus
1137 1589 1238 1635 cst.
1271 1578 1473 1634 Sensus
1503 1575 1644 1631 enim
1672 1590 1791 1629 cum
1839 1588 1899 1629 re
1962 1600 1969 1607 ο

318 1676 619 1747 composita
647 1676 902 1738 nascitur,
937 1674 1021 1727 illa
1046 1686 1176 1727 vero
1202 1685 1320 1741 quae
1344 1676 1671 1738 componunt
1696 1674 1748 1720 et
1775 1681 1897 1720 seu-

1987 473 2246 545 quoddam
2278 476 2452 539 caput,
2484 465 2574 522 sed
2596 466 2818 540 alicujus
2849 476 3021 533 caput.
3056 462 3303 521 Similiter
3324 470 3495 516 autem
3526 467 3578 516 et

1985 564 2040 618 in
2060 561 2294 618 secundis
2320 558 2639 624 substantiis,
2662 566 2816 629 atque
2858 556 2952 612 hoc
2980 555 3180 626 quidem
3221 554 3275 608 in
3319 552 3575 624 pluribus,

1988 664 2046 711 ut
2076 656 2227 710 homo
2256 669 2358 708 non
2389 650 2577 706 dicitur
2619 646 2846 721 alicujus
2881 645 3053 715 homo,
3089 661 3180 701 nec
3219 645 3306 700 bos
3353 642 3579 714 alicujus

1990 750 2100 815 bos,
2133 762 2225 803 nec
2245 746 2444 818 lignum
2473 743 2695 815 alicujus
2725 738 2943 812 lignum,
2970 738 3058 794 sed
3079 739 3301 811 alicujus
3327 736 3580 807 possessio

1991 838 2200 894 dicitur.
2246 834 2313 891 In
2345 832 2644 905 huiusmodi
2682 848 2801 903 ergo
2842 830 3169 900 manifestum
3221 835 3297 883 est
3339 828 3583 898 quoniam

1992 949 2093 987 non
2116 942 2190 986 est
2219 931 2285 985 ad
2316 928 2536 999 aliquid.
2566 925 2633 981 In
2659 923 2916 993 aliquibus
2938 938 3054 977 vero
3084 921 3321 976 secundis
3342 921 3584 974 substan-

1995 1026 2076 1079 tiis
2112 1024 2261 1078 habet
2291 1022 2517 1091 aliquam
2548 1018 2936 1083 dubitationem,
2970 1023 3027 1068 ut
3063 1021 3217 1082 caput
3244 1010 3465 1082 alicujus
3494 1026 3584 1063 ca.-

1995 1124 2086 1187 put
2113 1116 2318 1182 dicitur,
2363 1123 2410 1168 et
2442 1128 2625 1167 manus
2666 1109 2889 1182 alicujus
2924 1121 3103 1159 manus
3140 1103 3347 1165 dicitur,
3392 1110 3438 1154 et
3478 1102 3584 1154 sin-

1995 1207 2121 1279 gula
2163 1205 2481 1279 ltujusmodi.
2534 1204 2704 1271 Quare
2732 1201 2839 1256 [nec
2874 1198 3090 1269 fortasse
3137 1197 3203 1249 ad
3242 1193 3439 1264 aliquid
3479 1206 3584 1246 esse

1996 1299 2253 1353 uidentur.

2069 1412 2265 1467 Contra
2296 1423 2361 1465 ea
2392 1423 2513 1479 quae
2552 1404 2797 1476 superius
2818 1403 3084 1473 disputata
3122 1407 3248 1458 sunt
3277 1392 3585 1465 liujusmodi

2000 1504 2197 1561 nodum
2253 1502 2566 1574 quaestionis
2612 1498 2884 1569 opposuit,
2930 1496 3179 1566 quoniam
3221 1493 3363 1549 enim
3412 1488 3584 1559 prima

2001 1595 2247 1652 dilliuitio
2289 1594 2635 1649 relativorum
2679 1592 2868 1655 luerat,
2902 1590 2987 1642 illa
3031 1601 3151 1641 esse
3186 1583 3405 1641 relativa
3434 1594 3586 1650 qum-

2002 1703 2213 1757 cunque
2251 1686 2354 1741 hoc
2400 1686 2572 1755 ipsum
2603 1684 2744 1753 quod
2773 1689 2958 1738 essent
2991 1678 3216 1734 aliorum
3256 1676 3584 1739 dicerentur,

320 1769 491 1825 sibilia
521 1775 667 1832 sunt,
695 1775 749 1823 et
788 1767 971 1836 priora
1004 1764 1120 1833 ipso
1161 1760 1481 1831 composito.
1517 1756 1899 1815 Universaliter
1926 1758 1977 1821 Β
2002 1756 2296 1834 secandum
2333 1775 2471 1830 hanc
2501 1773 2879 1828 άηηηίιίοηεη,
2913 1777 3134 1841 possunt
3167 1766 3409 1837 mundam
3459 1764 3589 1819 sub.

322 1860 465 1918 enim
494 1859 539 1914 si
580 1873 699 1929 quae
726 1856 848 1911 duae
899 1870 987 1911 res
1028 1854 1132 1909 sint
1175 1852 1351 1915 simul,
1387 1866 1507 1906 cum
1533 1849 1783 1921 qualibet
1812 1863 1902 1905 res

324 1970 427 2010 una
453 1966 637 2008 earum
667 1948 813 2021 prior
838 1947 926 2013 sit,
964 1956 1019 2004 et
1059 1947 1228 2001 altera
1264 1945 1412 2015 prior
1453 1942 1577 2012 erit,
1607 1950 1665 1996 ut
1702 1941 1903 1996 animal

328 2056 486 2116 atque
539 2056 749 2109 sensus,
791 2056 910 2095 cum
960 2051 1185 2110 utraque
1232 2037 1394 2093 simul
1449 2034 1906 2104 sunt,tsimulque

331 2148 640 2203 nascuntur,
668 2151 786 2191 cum
813 2141 1041 2205 quatuor
1069 2133 1335 2188 elementa
1365 2144 1485 2201 quae
1512 2138 1639 2184 sunt
1677 2125 1908 2183 sensibi-

331 2232 398 2288 lia
422 2226 595 2302 priora
626 2230 734 2285 sint
751 2243 906 2299 quam
930 2226 1149 2293 animal,
1171 2240 1334 2280 sensu
1358 2237 1568 2295 quoque
1592 2236 1712 2277 esse
1730 2221 1907 2291 priora

331 2339 551 2383 necesse
580 2333 682 2393 est,
714 2322 966 2395 quocirca
1005 2319 1271 2376 conclusit
1296 2318 1481 2373 dicens
1508 2333 1520 2369 :
1554 2316 1730 2383 Quare
1760 2313 1910 2385 prius

334 2432 486 2489 quam
509 2428 699 2472 sensus
723 2411 976 2469 sensibile
993 2425 1112 2467 esse
1135 2408 1363 2465 videtur.
1388 2407 1496 2464 Sed
1512 2406 1752 2477 quidam,
1777 2421 1913 2476 quo-

334 2525 454 2567 rum
482 2506 813 2580 Porphyrius
838 2518 1049 2576 quoque
1076 2517 1216 2558 unus
1245 2509 1353 2569 est,
1378 2510 1622 2556 nstruont
1653 2500 1707 2554 in
1738 2497 1915 2554 omni-

337 2601 434 2659 bus
461 2584 646 2659 verum
673 2612 793 2655 esse
821 2596 1076 2663 relativis,
1104 2602 1164 2649 ut
1188 2593 1345 2649 simul
1371 2600 1563 2647 natura
1585 2591 1715 2657 sint,
1746 2588 1915 2644 veluti

340 2695 510 2765 ipsum
536 2706 751 2764 quoque
785 2702 1003 2746 sensum
1038 2695 1093 2743 et
1137 2685 1416 2742 scientiam
1461 2698 1569 2739 non
1610 2680 1919 2753 praecedere

341 2784 530 2841 scibile
541 2791 703 2854 atque
725 2779 1003 2849 sensibile,
1019 2777 1114 2834 sed
1138 2777 1294 2833 simul
1321 2790 1460 2842 esse,
1482 2790 1641 2845 quam
1668 2773 1919 2844 quoniam

342 2874 518 2933 brevis
545 2881 629 2930 est
650 2873 842 2939 oratio,
871 2885 975 2926 non
997 2868 1258 2942 gravabor
1289 2881 1580 2938 apponere.
1615 2864 1704 2921 Ait
1731 2863 1874 2920 enim
1901 2879 1918 2920 :

342 2967 400 3024 Si
427 2965 713 3038 cujuslibet
736 2963 959 3019 scientia
982 2977 1089 3018 non
1120 2960 1211 3026 sit,
1240 2960 1413 3030 ipsum
1438 2956 1579 3028 quod
1610 2972 1702 3027 per
1731 2971 1791 3012 se
1822 2971 1922 3025 po-

346 3058 475 3116 terit
502 3071 816 3128 permanere
852 3053 1040 3111 scibile
1071 3068 1191 3109 esse
1218 3066 1321 3107 non
1370 3051 1594 3121 poterit,
1626 3059 1680 3105 ut
1724 3049 1767 3103 si
1812 3047 1925 3102 for-

348 3165 561 3207 marum
588 3148 808 3205 scientia
838 3154 1042 3219 pereat,
1080 3145 1209 3216 ipsa:
1236 3143 1464 3200 fortasse
1499 3143 1682 3198 formae
1714 3155 1926 3213 perma-
1951 3126 2000 3192 C

352 3251 536 3306 neant,
565 3240 793 3311 atquein
814 3239 991 3310 priore
1018 3248 1207 3293 natura
1229 3237 1552 3301 consistant,
1574 3235 1785 3290 scibiles
1802 3248 1929 3289 vero

351 3350 461 3394 non
488 3334 614 3390 sint.
654 3330 784 3389 Cum
813 3334 955 3390 enim
984 3331 1208 3387 scientia
1253 3345 1373 3401 quae
1416 3328 1544 3384 illud
1576 3329 1931 3398 comprehen-

256 3486 259 3487 ν
355 3428 481 3484 dere
511 3427 699 3498 possit,
728 3441 833 3482 non
857 3426 947 3489 sit,
971 3423 1082 3493 ipsa
1108 3436 1319 3494 quoque
1337 3421 1462 3477 sciri
1492 3435 1597 3475 non
1626 3428 1802 3491 potest
1821 3434 1930 3475 res.

356 3519 593 3591 Namque
623 3518 798 3575 omnis
841 3531 929 3574 res
959 3516 1184 3572 scientia
1226 3514 1414 3580 scitur,
1451 3527 1571 3582 quae
1611 3510 1656 3567 si
1701 3527 1806 3567 non
1839 3513 1931 3579 sit,

356 3613 481 3681 sciri
510 3629 616 3669 non
652 3613 839 3683 possit.
886 3610 1052 3666 Porro
1081 3618 1257 3664 autem
1284 3623 1371 3663 res
1402 3622 1521 3677 qua:
1548 3608 1670 3663 sciri
1703 3622 1809 3661 non
1841 3621 1937 3677 po-

357 3714 467 3762 test
490 3704 692 3761 scibilis
721 3718 830 3759 non
857 3712 959 3759 est.
1002 3701 1112 3757 lloc
1139 3700 1281 3756 idem
1317 3698 1385 3756 de
1428 3713 1589 3754 sensu
1619 3698 1884 3768 gustantis
1918 3714 1947 3761 :_

359 3797 405 3853 si
432 3805 623 3867 gustus
647 3796 791 3851 enim
822 3802 1022 3865 pereat,
1052 3794 1156 3849 mel
1186 3792 1409 3847 forsitan
1448 3792 1807 3861 permanebit,
1834 3806 1936 3860 gu-

363 3886 556 3944 stabile
575 3893 756 3941 autem
789 3901 894 3940 non
920 3884 1041 3940 erit.
1068 3884 1141 3939 Ita
1170 3899 1382 3956 quoque
1408 3884 1630 3939 omnino
1658 3884 1701 3938 si
1744 3896 1941 3939 sensus

365 3986 579 4047 pereat,
608 3990 695 4032 res
720 3974 932 4046 quidem
957 3989 1075 4045 quae
1098 3976 1281 4031 sentiri
1319 3983 1567 4046 poterant
1606 3975 1733 4041 sint,
1765 3973 1942 4029 sensi-

364 4068 503 4126 biles
522 4082 653 4124 vero
674 4080 779 4123 non
804 4067 911 4123 sint
937 4080 1096 4123 sensu
1110 4056 1394 4137 pereunte.
1426 4067 1491 4122 Et
1517 4068 1743 4121 fortasse
1771 4080 1946 4136 neque

364 4158 590 4217 scientia
619 4173 794 4229 neque
817 4153 1005 4215 sensus
1029 4158 1319 4215 secundum
1346 4159 1642 4214 sentientes
1664 4159 1949 4229 speculan-

365 4251 464 4309 dus
497 4259 599 4318 est,
643 4250 740 4308 sed
780 4251 1071 4309 secundum
1129 4251 1298 4322 ipsam
1342 4262 1587 4307 naturam
1627 4266 1746 4322 qua:
1784 4264 1953 4305 sensu

368 4344 541 4400 valeat
566 4330 970 4415 comprehendi.
1000 4342 1240 4413 Namque
1266 4356 1356 4399 res
1376 4357 1710 4414 quaecunque
1737 4328 1833 4413 per
1855 4356 1954 4396 na-

369 4435 837 4491 turamseusibilis
862 4443 961 4504 est,
989 4450 1105 4491 eam
1135 4450 1350 4507 quoque
1380 4435 1436 4489 iu
1465 4445 1652 4491 natura
1682 4450 1800 4501 sua,
1827 4450 1955 4505 pro-

370 4526 546 4596 prium
598 4540 811 4583 sensum
861 4543 969 4598 quo
1011 4528 1198 4584 sentiri
1247 4528 1435 4598 possit,
1479 4526 1677 4584 habere
1727 4540 1950 4583 necesse

374 4627 478 4675 est.
506 4617 571 4672 Et
598 4618 948 4688 quodcunque
992 4620 1117 4674 sciri
1167 4629 1342 4690 potest
1387 4634 1480 4688 per
1509 4628 1776 4685 naturam,
1808 4633 1949 4673 nun-

372 4725 531 4782 quam
572 4712 739 4781 possit
785 4709 1010 4780 addisci,
1043 4712 1144 4768 nisi
1194 4710 1445 4781 quaedam
1489 4713 1607 4781 ejus
1640 4712 1715 4771 .in
1762 4718 1953 4765 natura

372 4804 594 4860 scientia
612 4814 937 4860 versaretur.
970 4804 1094 4859 Haec
1115 4804 1462 4876 Porphyrius.
1488 4804 1592 4862 Sed
1616 4818 1715 4861 nos
1740 4805 1807 4860 ad
1829 4805 1956 4860 Ari-

374 4898 579 4952 stotelis
607 4897 851 4952 ordinem
882 4903 1194 4967 textumque
1235 4896 1536 4952 veniamus.
1578 4896 1818 4968 Namque
1865 4896 1961 4953 ille

374 4988 567 5059 adjecit
596 5005 803 5060 quoqu:
832 4989 963 5045 alias
981 4990 1328 5060 quaestiones.

384 5086 388 5090 ’
446 5090 614 5147 Habet
638 5100 807 5147 autem
833 5093 1181 5163 quastionem,
1215 5102 1383 5148 utrum
1409 5093 1556 5148 nulla
1581 5093 1867 5148 substantia
1886 5091 1958 5148 ad

379 5190 573 5262 aliquid
592 5182 1270 5262 dicatumquemadmodum
1304 5192 1525 5261 videtur,
1554 5194 1597 5248 si
1634 5192 1730 5248 hoc
1758 5194 1961 5249 contin-

375 5292 460 5358 gat
484 5284 763 5339 secundum
803 5286 1054 5355 quasdam
1087 5284 1339 5341 secundas
1369 5285 1711 5350 substantias;
1747 5302 1866 5339 nam
1907 5286 1999 5339 in'

375 5375 555 5446 primis
588 5376 885 5430 substantiis
923 5392 1095 5431 verum
1133 5387 1227 5446 est,
1284 5392 1407 5431 nam
1442 5392 1601 5448 neque
1648 5383 1754 5430 tota
1803 5391 1966 5444 neque

375 5478 551 5537 partes
578 5467 645 5520 ad
674 5466 873 5537 aliquid
911 5467 1172 5535 dicuntur,
1202 5486 1321 5523 nam
1349 5446 1537 5539 aliquis
1576 5467 1728 5521 homo
1756 5483 1855 5521 non
1886 5446 1991 5521 (11·-Δ

375 5562 511 5615 citur
535 5557 759 5628 alicujus
782 5558 968 5627 aliquis
997 5561 1168 5630 homo,
1195 5578 1354 5631 neque
1381 5559 1569 5631 aliquis
1600 5558 1707 5625 bos,
1744 5558 1969 5629 alicujus

376 5652 566 5723 aliquis
605 5650 715 5705 bos.
749 5649 1000 5705 Similiter
1021 5661 1191 5706 autem
1216 5661 1264 5708 et
1306 5661 1475 5723 partes
1504 5667 1523 5706 :
1557 5649 1792 5722 quwdam
1835 5650 1971 5704 enim

376 5762 562 5803 manus
591 5758 693 5799 non
719 5741 909 5796 dicitur
936 5743 1159 5815 alicujus
1190 5745 1425 5817 quazdam
1446 5757 1649 5811 manus,
1681 5741 1769 5797 sed
1811 5742 1972 5797 alicu-

668 5837 947 5906 Psraoa.
1000 5834 1205 5903 LXIV
1221 5882 1237 5902 .

1420 5970 1456 5981 ,η

2006 1870 2214 1926 stantia:
2255 1867 2426 1924 videri
2454 1881 2575 1924 esse
2619 1864 3051 1933 relativae;qnod
3081 1862 3125 1918 si
3152 1861 3244 1928 sit,
3275 1858 3591 1915 substantias

2006 1963 2061 2018 in
2087 1961 2463 2017 dillinitionem
2486 1958 2840 2014 accidentium
2868 1963 3161 2010 transeunt.
3187 1951 3319 2007 Nam
3340 1966 3459 2005 cum
3482 1950 3591 2005 sint

2008 2052 2306 2110 accidentia
2338 2052 2588 2118 relativa,
2615 2051 2659 2106 si
2690 2065 2822 2121 quas
2847 2046 3176 2103 substantias
3199 2044 3449 2099 relativas
3472 2054 3593 2097 esse

2010 2145 2375 2211 concedimus,
2411 2144 2464 2198 in
2490 2142 2844 2198 accidentium
2884 2154 3107 2194 numero
3151 2134 3425 2208 ponendas
3473 2146 3595 2187 esse

2010 2235 2374 2302 censebimus,
2407 2232 2502 2289 sed
2544 2233 2644 2288 hoc
2672 2228 2999 2286 contrarium
3040 2237 3141 2283 est.
3192 2226 3247 2282 Si
3286 2225 3428 2280 enim
3469 2222 3622 2283 sub-,

2013 2327 2209 2382 Stantia
2239 2327 2291 2381 in
2319 2325 2564 2395 subjecto
2599 2337 2705 2377 non
2735 2330 2839 2389 est,
2873 2318 3124 2376 accidens
3154 2327 3332 2371 autem
3370 2316 3423 2369 in
3468 2314 3586 2369 sub-

2012 2420 2157 2491 jecto
2184 2428 2287 2485 est,
2319 2418 2408 2487 qui
2454 2416 2571 2472 lieri
2612 2423 2788 2485 potest
2816 2423 2871 2468 ut
2901 2412 3040 2467 idem
3070 2419 3127 2466 et
3161 2410 3212 2464 in
3252 2407 3492 2477 subjecto
3530 2410 3600 2461 sit

2016 2524 2072 2569 et
2101 2514 2153 2567 in
2185 2511 2425 2582 subjecto
2456 2524 2562 2565 non
2600 2508 2701 2564 sit?
2732 2506 2921 2563 Utrum
2959 2512 3136 2558 autem
3164 2502 3331 2573 possit
3354 2500 3601 2572 quadam

2018 2605 2311 2660 substantia
2330 2600 2686 2659 accidentium
2708 2598 2983 2667 suscipere
3012 2596 3295 2660 rationem,
3321 2594 3423 2649 hoc
3441 2592 3603 2649 modo

2019 2699 2372 2769 quaerendum
2420 2705 2524 2752 est.
2584 2692 2780 2749 Primae
2834 2704 3062 2760 namque
3110 2688 3420 2744 substantiae
3476 2687 3607 2757 ipsa

2022 2792 2237 2863 quidem
2267 2790 2330 2844 ad
2348 2785 2547 2858 aliquid
2576 2800 2681 2840 non
2704 2784 2977 2850 dicuntur,
3007 2796 3181 2850 neque
3206 2788 3384 2849 partes
3410 2781 3607 2848 prima-

2024 2900 2142 2939 rum
2169 2882 2583 2939 substantiarum
2614 2891 2747 2948 quas
2778 2868 2919 2945 ipsas
2945 2888 3154 2945 quoque
3180 2874 3232 2927 in
3262 2872 3449 2941 primis
3476 2873 3607 2927 sub-

2025 2977 2241 3033 stantiis
2272 2988 2635 3031 numeramus.
2675 2970 2926 3026 Socrates
2954 2968 3097 3023 enim
3138 2981 3242 3021 non
3273 2964 3466 3020 dicitur
3508 2965 3609 3018 ali-

2028 3072 2180 3142 cujus
2218 3068 2407 3139 aliquis
2453 3067 2724 3129 Socrates,
2769 3078 2869 3117 nec
2924 3062 3084 3116 homo
3138 3058 3361 3127 alicujus
3421 3058 3613 3127 aliquis

2033 3165 2214 3228 homo,
2246 3176 2346 3217 nec
2370 3160 2467 3215 bos
2490 3158 2717 3225 alicujus
2738 3154 2930 3225 aliquis
2951 3154 3068 3219 bos,
3102 3167 3277 3223 neque
3305 3157 3483 3222 partes
3508 3149 3614 3219 pris

2032 3269 2239 3312 marum
2266 3249 2683 3307 substantiarum
2715 3261 2833 3317 quae
2864 3246 2993 3315 ipsa:
3022 3258 3234 3315 quoque
3265 3248 3390 3297 sunt
3429 3240 3616 3310 prima:

2033 3342 2369 3400 substantiae.
2404 3340 2577 3408 Caput
2607 3339 2750 3393 enim
2784 3350 2889 3391 non
2919 3333 3119 3391 dicitur
3149 3333 3373 3403 alicujus
3398 3330 3620 3400 aliquod

2034 3446 2212 3507 caput,
2245 3433 2339 3489 sed
2370 3440 2573 3487 tantum
2604 3429 2830 3499 alicujus
2858 3438 3036 3498 caput,
3065 3434 3120 3483 et
3141 3440 3331 3481 manus
3357 3439 3463 3481 non
3490 3424 3622 3480 dici-

2038 3540 2124 3584 tur
2148 3526 2372 3595 alicujus
2401 3524 2581 3595 aliqua
2611 3537 2822 3586 manus,
2866 3520 2961 3577 sed
3001 3528 3206 3576 tantum
3239 3518 3463 3588 alicujus
3511 3532 3624 3573 mas

2040 3632 2163 3675 nus.
2196 3619 2373 3686 Quare
2406 3631 2580 3686 neque
2606 3614 2795 3685 primae
2838 3612 3170 3678 substantiae,
3212 3626 3385 3681 neque
3422 3612 3625 3681 prima-

2043 3726 2159 3767 rum
2191 3707 2610 3765 substantiarum
2650 3714 2830 3775 partes
2871 3703 2939 3758 ad
2988 3703 3301 3759 relationem
3334 3702 3438 3758 dici
3478 3712 3629 3771 pote-

2043 3813 2187 3858 runt.
2202 3801 2353 3870 Quod
2369 3803 2410 3856 si
2427 3799 2691 3855 secundas
2702 3811 2912 3867 quoque
2923 3795 3245 3850 substantias
3264 3798 3629 3865 speculemur,

2046 3910 2147 3952 nec
2192 3895 2322 3965 ipsa:
2361 3907 2575 3964 quoque
2613 3890 2682 3945 ad
2724 3888 2922 3957 aliquid
2964 3888 3230 3943 dicentur.
3261 3889 3444 3958 Neque
3482 3891 3634 3946 enim

2046 3989 2242 4045 dicitur
2261 3985 2453 4040 animal
2486 3983 2711 4051 alicujus
2733 3995 2853 4035 esse
2870 3979 3088 4046 animal,
3111 3987 3203 4032 aut
3231 3978 3390 4032 homo
3407 3980 3634 4048 alicujus

2049 4097 2169 4139 esse
2191 4080 2372 4135 homo.
2397 4076 2547 4143 Quod
2575 4074 2620 4129 si
2643 4076 2761 4143 quis
2776 4071 2916 4127 dicat
2936 4085 3091 4141 posse
3107 4084 3235 4128 esse
3254 4070 3637 4125 animalalicu-

2048 4176 2155 4246 jus,
2191 4182 2243 4227 ut
2270 4184 2466 4241 equum
2498 4181 2698 4232 meum,
2725 4163 2810 4220 vel
2837 4161 3111 4232 quodlibet
3153 4159 3320 4227 aliud,
3344 4174 3450 4216 non
3485 4159 3540 4215 in
3570 4173 3637 4214 eo

2052 4262 2196 4336 quod
2214 4258 2408 4316 animal
2422 4266 2528 4325 est,
2544 4257 2637 4313 sed
2655 4257 2706 4312 in
2722 4270 2787 4312 eo
2798 4254 2938 4327 quod
2953 4264 3037 4313 est
3051 4254 3316 4324 possessio
3328 4252 3521 4307 dicitur
3533 4251 3640 4305 ali-

2056 4357 2230 4426 cujus,
2244 4363 2297 4409 et
2314 4353 2391 4408 sic
2408 4366 2514 4407 non
2531 4348 2724 4405 dicitur
2738 4346 2937 4403 animal
2950 4345 3171 4414 alicujus
3183 4341 3403 4409 animal,
3415 4340 3509 4398 sed
3525 4342 3644 4396 anis

2060 4449 2215 4503 malis
2238 4444 2525 4516 possessio,
2542 4442 2766 4510 alicujus
2789 4440 3079 4511 possessio.
3100 4438 3241 4507 Ergo
3262 4451 3436 4504 neque
3456 4437 3646 4506 prima

2059 4540 2395 4606 substantiar,
2413 4551 2584 4606 neque
2600 4546 2777 4605 partes
2792 4534 3081 4604 primarum
3097 4531 3534 4599 substantiarum,
3551 4546 3646 4586 neu

2063 4648 2167 4704 que
2179 4630 2426 4685 secunda:
2440 4624 2754 4681 substantia:
2767 4623 2831 4678 ad
2852 4623 3051 4693 aliquid
3062 4623 3328 4678 dicuntur.
3344 4622 3648 4677 Partesau-

2065 4740 2172 4784 tem
2199 4722 2555 4781 secundarum
2585 4718 3005 4776 substantiarum
3038 4716 3103 4772 ad
3125 4715 3325 4787 aliquid
3349 4717 3448 4773 hoc
3471 4718 3652 4786 ipsum

2067 4817 2208 4892 quod
2230 4828 2354 4871 sunt
2371 4813 2639 4870 dicuntur.
2660 4812 2731 4867 Ca
2742 4820 2831 4880 put
2850 4810 2994 4866 enim
3014 4808 3240 4880 alicujus
3258 4820 3417 4882 caput
3436 4808 3655 4876 dicitur,

2066 4897 2329 4981 siquidem
2378 4904 2596 4977 capitati
2624 4912 2782 4975 caput
2822 4902 3084 4970 dicemus,
3116 4911 3172 4958 et
3196 4916 3386 4958 manus
3431 4902 3655 4969 alicujus

2070 5020 2280 5061 manus.
2317 5000 2591 5072 Siquidem
2622 5014 2688 5056 ex
2730 5012 2891 5053 manu
2934 5011 3129 5053 nomen
3158 4994 3357 5067 lingere
3385 4994 3659 5061 volumus,

2071 5098 2139 5154 ad
2168 5095 2307 5167 quod
2337 5109 2526 5151 manus
2552 5091 2742 5148 referri
2779 5091 2970 5162 possit,
3004 5090 3142 5145 sicut
3167 5097 3326 5158 caput
3359 5088 3425 5143 ad
3456 5088 3659 5156 capita-

2077 5202 2212 5257 tum,
2244 5200 2300 5244 et
2338 5189 2390 5243 in
2425 5186 2545 5242 aliis
2595 5184 2812 5255 quidem
2842 5183 3005 5239 rebus
3032 5181 3221 5239 eodem
3262 5179 3443 5234 modo.
3478 5178 3584 5237 Sed
3612 5179 3659 5235 si

2075 5291 2258 5354 partes
2286 5278 2645 5335 secundarum
2674 5273 3089 5329 substantiarum
3121 5270 3425 5327 accidentes
3454 5270 3583 5336 sint,
3606 5279 3663 5327 et

2081 5374 2211 5444 ipsae
2242 5368 2491 5425 secunda:
2512 5364 2824 5422 substantiae
2844 5363 3150 5419 accidentes
3169 5368 3347 5426 erunt,
3378 5370 3468 5417 aut
3493 5361 3537 5417 si
3561 5359 3665 5419 hoc

2080 5480 2191 5521 non
2222 5463 2417 5533 placet,
2444 5458 2766 5515 constabunt
2789 5456 3037 5513 secunda:
3063 5456 3375 5511 substantiae
3402 5470 3467 5510 es
3503 5458 3667 5526 parti-

2082 5559 2183 5612 bus
2208 5552 2596 5620 accidentibus,
2626 5550 2766 5623 quod
2814 5549 2926 5605 lieri
2971 5548 3176 5619 nequit.
3219 5547 3356 5615 Quid
3400 5547 3559 5619 igitur
3588 5548 3668 5604 di.

2084 5649 2311 5707 cendutu
2355 5647 2474 5702 est?
2502 5656 2591 5701 aut
2633 5645 2777 5700 enim
2813 5641 3066 5699 dilliuitio
3096 5642 3444 5698 relativorum
3488 5658 3674 5713 repre-

1993 5809 2020 5828 ,ν
2086 5741 2372 5802 lieudenda
2392 5750 2492 5813 est,
2517 5748 2607 5799 aut
2632 5738 2787 5800 aliter
2803 5734 3056 5799 solvenda
3078 5735 3346 5795 dubietas.
3371 5736 3477 5797 Sed
3500 5739 3676 5812 posita

3196 5828 3237 5904 8
