4280 6268
640 333 744 392 255

1883 335 1995 393 AN.
2033 331 2240 391 MANL.
2282 330 2433 390 SEV.
2480 329 2701 386 BOETII

3804 329 3908 401 ξδσ

586 471 592 478 ·
641 462 801 523 atque
844 453 1132 509 constituta
1177 451 1341 525 priori
1385 452 1704 509 diffluitione
1726 496 1739 520 ,
1782 465 1898 521 qua:
1945 449 2075 504 dicit
2125 449 2214 503 illa
2245 447 2304 514 Α
2329 456 2595 511 naturam,
2630 444 2890 514 medietas
2920 457 3050 500 vero
3083 443 3379 514 secundum
3410 448 3734 524 quaternarii
3770 449 3910 524 rela-

589 579 596 588 -
640 558 764 600 esse
807 544 1032 600 relativa
1074 560 1196 614 quae
1236 545 1288 600 id
1327 545 1466 615 quod
1513 553 1636 598 sunt
1680 542 1906 597 aliorum
1947 540 2217 603 dicuntur,

593 674 604 684 .
640 635 728 689 hic
764 637 1075 704 qumstionis
1120 635 1288 702 nodps
1333 634 1468 688 solvi
1513 648 1618 688 non
1670 629 1884 705 poterit,
1913 629 2056 700 quod
2105 628 2220 700 ipse

639 726 956 781 Aristoteles
981 725 1079 781 hac
1106 724 1443 795 adiunctione
1470 733 1713 779 testatur.

713 837 776 893 Si
801 839 958 907 igitur
979 836 1282 906 sufﬁcienter
1309 849 1485 888 eorum
1511 851 1625 907 quw
1648 844 1766 890 sunt
1791 834 1860 888 ad
1889 832 2083 905 aliquid
2115 833 2220 902 dif-

643 931 811 1000 finitio
838 931 1096 999 assignato
1125 935 1220 992 est,
1245 936 1332 981 aut
1356 927 1508 981 nimis
1536 926 1761 998 difﬁcile,
1789 934 1877 980 aut
1907 924 2219 997 impossibile

595 1028 606 1036 ’
639 1032 711 1078 est
742 1021 1021 1084 ostendere,
1050 1023 1291 1092 quoniam
1320 1022 1467 1075 nulla
1495 1020 1779 1076 substantia
1802 1018 1868 1072 ad
1911 1015 2108 1088 aliQuid
2143 1015 2222 1068 di-

640 1117 791 1166 citur.
826 1113 888 1167 Si
918 1123 1084 1166 autem
1110 1130 1214 1166 non
1250 1113 1573 1183 sufﬁcienter,
1615 1113 1703 1165 sed
1734 1121 1849 1165 sunt
1894 1110 1961 1162 ad
2002 1109 2217 1176 aliquid,

637 1203 818 1271 quibus
848 1203 941 1256 hoc
971 1203 1133 1273 ipsum
1166 1219 1290 1268 esse,
1326 1211 1400 1256 est
1434 1202 1503 1255 ad
1541 1195 1736 1270 aliquid
1764 1198 2140 1273 quodammodo
2167 1213 2222 1250 se

637 1295 838 1357 habere,
865 1297 1079 1364 fortasse
1109 1294 1304 1359 aliquid
1322 1295 1390 1347 ad
1419 1294 1514 1348 ista
1553 1295 1768 1348 dicetur.
1803 1291 1960 1346 Prior
1979 1307 2096 1346 vero
2120 1291 2221 1364 dif.

636 1385 801 1453 finitio
858 1384 1082 1455 sequitur
1130 1384 1334 1454 quidem
1385 1386 1559 1438 omnia
1608 1384 1850 1449 relativo,
1905 1399 2009 1437 non
2058 1393 2222 1435 tamen

634 1477 774 1548 quod
803 1478 917 1548 ipsa
953 1479 1057 1531 sint
1098 1478 1166 1530 ad
1207 1478 1403 1550 aliquid
1433 1488 1507 1533 est
1552 1477 1648 1532 hoc
1687 1479 1824 1548 quod
1853 1493 1913 1532 ea
1956 1477 2070 1548 ipsa
2110 1490 2222 1546 qua:

634 1582 756 1627 sunt
784 1574 1006 1628 aliorum
1028 1589 1137 1629 esse
1157 1573 1421 1627 dicuntur.

709 1685 984 1754 Proposita
1022 1700 1153 1756 ergo
1193 1696 1352 1757 atque
1397 1685 1602 1740 ﬁrmata
1650 1683 1829 1756 priore
1878 1682 2220 1739 relativorum

636 1779 950 1833 difﬁnitione
979 1778 1197 1835 difﬁcile
1227 1778 1438 1834 defendi
1465 1777 1682 1847 poterit,
1705 1785 1798 1831 aut
1827 1774 2052 1842 fortasse
2079 1790 2220 1831 nun-

639 1886 823 1940 quam,
850 1870 1108 1940 quasdam
1142 1870 1468 1925 substantias
1500 1884 1606 1924 non
1633 1883 1754 1925 esse
1775 1868 2064 1924 relativas.-
2088 1866 2220 1922 Nam

634 1961 679 2015 si
710 1961 775 2014 ad
804 1961 1004 2030 aliquid
1038 1961 1123 2014 illa
1151 1970 1297 2027 sunt,
1332 1975 1666 2030 quaecunque
1697 1960 1747 2015 id
1776 1959 1918 2029 quod
1947 1967 2072 2014 sunt
2092 1960 2223 2014 alio-

633 2066 754 2106 rum
783 2051 1052 2118 dicuntur,
1101 2062 1156 2106 nt
1193 2053 1245 2105 id
1291 2052 1434 2123 quod
1464 2062 1545 2107 est
1585 2063 1746 2122 caput
1787 2051 2000 2123 capitati
2028 2051 2223 2106 dicitur

635 2151 815 2209 caput,
865 2143 1081 2198 habebit
1129 2142 1291 2213 igitur
1335 2145 1631 2199 subStantia
1678 2159 1798 2214 quae
1827 2154 1906 2200 est
1957 2154 2116 2213 caput
2155 2143 2222 2200 ad

635 2233 832 2303 liquid
887 2235 1225 2303 relationem,
1275 2245 1328 2291 et
1374 2236 1440 2291 ita
1496 2237 1598 2292 erit
1651 2238 1947 2294 substantia
2002 2239 2221 2294 relativa

601 2351 604 2354 -
626 2333 793 2394 ‘atque
814 2324 1086 2391 accidens,
1118 2325 1257 2396 quod
1280 2337 1365 2382 est
1395 2329 1751 2398 impossibile.
1776 2330 1950 2397 Quare
1973 2331 2222 2396 quoniam

636 2415 903 2485 proposita
935 2427 1096 2486 atque
1123 2419 1410 2472 constituta
1445 2418 1625 2489 priore
1653 2418 1979 2474 difﬁnitione
2000 2420 2115 2475 haec
2140 2423 2223 2474 itt-

636 2509 984 2564 commoditas
1025 2509 1078 2564 in
1120 2509 1472 2579 dispositione
1517 2497 1887 2582 consequitur,
1917 2520 1973 2566 ut
2019 2523 2228 2568 constet

635 2602 773 2654 ratio
817 2617 922 2654 non
966 2603 1192 2671 integra:
1221 2599 1579 2666 difﬁnitionis,
1621 2603 1914 2673 as:ignatio
1961 2614 2230 2673 permute-

633 2701 738 2746 tur.
776 2693 864 2747 Ait
892 2693 1035 2747 enim
1084 2707 1187 2746 non
1228 2707 1345 2746 esse
1381 2691 1638 2761 integram
1682 2693 2056 2747 difiinitioiiem
2103 2709 2222 2762 qua:

637 2799 794 2851 supra
820 2785 887 2838 sit
912 2783 1139 2847 reddita,
1171 2798 1269 2838 nec
1291 2785 1460 2854 magis
1486 2785 1571 2838 illa
1599 2800 1720 2839 esse
1752 2783 1816 2838 ad
1849 2784 2068 2854 aliquid,
2101 2799 2220 2854 qua)

632 2875 689 2929 id
720 2875 859 2943 quod
892 2883 1016 2928 sunt
1054 2873 1281 2929 aliorum
1324 2875 1593 2942 dicuntur,
1631 2876 1805 2944 potius
1829 2890 1989 2945 quam
2022 2891 2081 2930 ea
2109 2877 2232 2946 qui-'

635 2964 738 3020 bus
777 2967 948 3035 ipsum
985 2981 1106 3021 esse
1144 2976 1226 3021 est
1268 2966 1335 3020 ad
1381 2967 1578 3036 aliquid
1619 2967 2016 3035 quodammodo
2045 2980 2105 3022 se
2135 2965 2251 3020 ha-‘

636 3061 784 3114 bere.
837 3058 941 3114 Sed
986 3058 1216 3114 fortasse
1255 3059 1500 3113 videatur
1557 3059 1873 3128 quibusdam
1932 3059 2228 3115 inconsulte

636 3151 935 3220 legentibus
956 3159 1010 3203 et
1040 3148 1260 3203 minime
1292 3149 1778 3212 considerantilms,
1825 3150 1875 3204 id
1907 3149 2048 3217 quod
2078 3148 2220 3202 difﬁ-

637 3241 737 3294 niri
785 3248 1116 3307 oportuerat,
1157 3238 1257 3291 hoc
1302 3239 1353 3290 in
1399 3237 1720 3290 dil'ﬁnitione
1760 3251 1881 3291 esse
1928 3247 2219 3306 sumptum,

639 3329 775 3397 quod
826 3335 909 3381 est
962 3327 1389 3379 vitiosissimum.
1433 3325 1488 3379 Si
1533 3325 1675 3379 enim
1728 3325 1929 3380 idcirco
1975 3317 2223 3400 difﬁnitio

639 3416 882 3479 sumitur,
915 3425 974 3468 ut
1003 3431 1088 3470 res
1109 3415 1175 3469 de
1194 3431 1295 3484 qua
1325 3416 1578 3484 quaeritur
1600 3417 1923 3484 assignetur,
1948 3433 2069 3487 quae
2110 3433 2222 3472 ma-

639 3507 715 3578 gis
735 3507 1073 3575 estapertior
1097 3505 1369 3569 difiinitio,
1403 3507 1446 3560 si
1493 3522 1551 3561 re
1578 3507 1692 3574 ipsa
1726 3523 1886 3576 quam
1922 3507 2069 3562 diflin
2097 3515 2135 3572 t,
2169 3510 2219 3562 in

635 3598 992 3664 assignatione
1035 3595 1369 3649 difﬁnitionis
1415 3595 1631 3650 utatur?
1680 3595 1938 3652 Difﬁnitio
1993 3613 2222 3668 namque

639 3690 839 3744 idcirco
867 3687 1126 3751 redditur,
1161 3695 1220 3740 ut
1247 3700 1333 3740 res
1365 3687 1431 3742 de
1468 3689 1619 3756 cujus
1659 3690 1872 3758 quidem
1923 3703 2042 3744 esse
2069 3689 2224 3744 dubi-

640 3788 798 3843 tatur,
829 3777 1150 3831 difﬁnitione
1173 3775 1408 3845 pateﬁat.
1439 3776 1592 3844 Quod
1628 3778 1674 3832 si
1717 3793 1828 3833 rem
1861 3781 2029 3848 ipsam
2060 3794 2219 3849 quam

633 3867 852 3937 difﬂuit,
884 3868 937 3921 in
965 3865 1286 3922 difﬁnitione
1329 3868 1641 3936 protulerit,
1679 3868 1848 3923 nihilo
1880 3870 2088 3939 planior
2123 3871 2225 3926 dif-

632 3958 914 4023 iuitiosit,
949 3965 1006 4012 ut
1031 3959 1075 4012 si
1105 3960 1223 4026 quis
1267 3959 1540 4012 hominem
1579 3959 1812 4015 diffinire
1845 3963 2028 4015 volens
2057 3963 2220 4030 dicat,

632 4054 739 4108 hoc
765 4049 934 4116 ipsum
963 4063 1084 4102 esse
1114 4049 1381 4104 hominem
1410 4051 1553 4117 quod
1589 4051 1880 4105 hominem.
1914 4053 1986 4107 lla
2011 4070 2222 4124 quoque

632 4156 744 4198 non
769 4140 1258 4206 considerantibus,
1285 4145 1603 4199 Aristoteles
1647 4146 1991 4201 relazivorum
2023 4147 2223 4202 diffini-

632 4234 840 4292 aionem
859 4233 1155 4286 reddidisse
1175 4234 1462 4287 videbitur.
1485 4236 1727 4290 Aitcnim
1757 4253 1876 4292 esse
1907 4241 1969 4291 ad
2000 4240 2218 4310 aliquid,

632 4328 828 4397 quibus
873 4327 974 4381 hoc
1012 4326 1185 4394 ipsum
1213 4341 1332 4382 esse
1360 4338 1442 4382 est
1471 4329 1536 4382 ad
1584 4331 1782 4400 aliquid
1825 4333 2221 4399 quodammodo

632 4435 696 4478 se
725 4420 946 4483 habere,
974 4434 1035 4471 ac
1061 4419 1106 4471 si
1135 4419 1337 4473 diceret
1367 4438 1376 4471 2
1409 4420 1481 4473 Ea
1510 4433 1629 4473 sunt
1661 4423 1724 4473 ad
1766 4422 1982 4491 aliquid,
2013 4439 2130 4492 quae
2161 4439 2220 4479 se

634 4510 705 4572 ad
735 4511 930 4581 aliquid
958 4510 1355 4579 quodammodo
1395 4511 1611 4566 habent.
1639 4509 1743 4567 Sed
1777 4514 2029 4567 minutius
2058 4523 2217 4584 atque

631 4605 842 4662 acutius
901 4606 1402 4670 considerantibus,
1445 4607 1536 4678 γῆς
1605 4605 1829 4675 integra:
1880 4607 2216 4661 diftinitionis

632 4707 884 4767 prompte
908 4706 1069 4767 atque
1111 4700 1370 4753 veraciter
1400 4698 1711 4768 apparebit;
1755 4714 1860 4754 non
1899 4701 2040 4756 enim
2071 4702 2121 4755 in
2152 4717 2217 4757 eo

632 4789 776 4856 quod
821 4796 904 4841 est
941 4789 1067 4856 dici,
1111 4789 1177 4842 ad
1227 4789 1425 4858 aliquid
1457 4791 1884 4858 consideramus,
1917 4791 2009 4847 sed
2057 4793 2109 4847 in
2152 4809 2218 4849 eo

631 4878 778 4947 quod
803 4887 880 4929 est
908 4892 1057 4943 esse;
1082 4894 1144 4932 ea
1173 4895 1401 4948 namque
1429 4891 1552 4934 sunt
1580 4885 1821 4949 relativo,
1852 4900 1972 4952 quae
2006 4892 2054 4938 in
2088 4902 2218 4956 qua-

631 4965 756 5030 dam
791 4971 1190 5034 comparatione
1220 4977 1274 5022 et
1315 4970 1586 5023 telationis
1616 4971 1928 5027 habitudine
1967 4976 2217 5029 conside-

631 5068 835 5132 ramus,
865 5066 918 5110 ιιι
948 5058 1319 5126 quateruarius
1351 5073 1630 5126 numerus,
1663 5061 1840 5115 ethoc
1871 5064 2043 5131 ipsum
2072 5069 2212 5133 quod

631 5157 718 5208 est
746 5162 867 5204 esse
887 5147 1102 5213 dicitur,
1133 5148 1183 5202 id
1215 5158 1295 5203 est
1314 5157 1561 5218 quatuor,
1595 5158 1648 5205 et
1678 5150 1819 5204 aliud
1846 5153 2133 5221 quoddam,
2163 5157 2214 5210 id

633 5258 716 5302 est
735 5247 972 5316 duplum,
1005 5256 1062 5300 ut
1093 5248 1134 5300 si
1166 5248 1231 5300 ad
1272 5247 1533 5302 hinarium
1566 5250 1892 5305 conferatur.
1929 5251 2034 5308 Sed
2075 5255 2214 5323 quod

633 5339 700 5394 de
722 5339 1062 5408 quater-nario
1086 5353 1306 5393 numero
1329 5338 1578 5404 dicimus,
1600 5343 1997 5409 quaternarium
2031 5344 2128 5398 hoc
2149 5347 2215 5400 ad

632 5431 800 5500 Ipsius
839 5433 1162 5504 quaternarii
1216 5432 1420 5486 numeri
1473 5443 1717 5487 naturam
1769 5435 2021 5492 refertur.
2064 5441 2215 5505 Quod

632 5538 762 5579 vero
794 5524 1042 5590 duplum,
1087 5539 1190 5579 non
1237 5535 1318 5579 est
1350 5524 1448 5578 hoc
1477 5527 1822 5593 quaternarii,
1866 5528 1958 5583 sed
1990 5529 2216 5586 duorum

633 5612 702 5672 ad
732 5612 872 5680 quod
895 5614 1112 5682 duplum
1144 5616 1358 5678 dicitur,
1383 5629 1436 5670 et
1464 5617 1529 5670 ad
1555 5618 1696 5686 quod
1722 5623 1934 5689 propria
1961 5623 2218 5678 relatione

633 5707 852 5774 duplum
895 5717 997 5761 est.
1050 5707 1292 5762 Binarius
1331 5724 1542 5779 quoque
1572 5725 1829 5767 numerus
1877 5723 1930 5766 et
1980 5715 2218 5778 binarios

632 5806 737 5860 ut.
771 5807 826 5854 et
864 5799 1143 5866 nimietas,
1193 5801 1428 5858 binarius
1467 5803 1681 5870 quidem
1729 5807 2021 5864 secundum
2061 5822 2212 5866 suam

2277 533 2284 540 ’
2326 539 2547 594 tionem.
2574 537 2833 606 Quocirca
2866 537 2920 593 in
2959 539 3361 610 comparatione
3386 537 3615 612 quadam
3658 549 3817 610 atque
3856 541 3906 595 in

2322 631 2634 688 habitudine
2663 647 2724 686 ea
2749 647 2868 703 quae
2898 643 3022 688 sunt
3047 633 3113 692 ad
3146 631 3346 703 aliquid
3375 631 3752 706 speculamur;
3781 647 3913 702 qua-

2323 728 2586 780 ternarius
2615 726 2756 780 enim
2787 727 2836 780 in
2863 741 2929 794 eo
2950 725 3090 796 quod
3113 727 3488 796 quaternaritts
3515 733 3600 795 est
3624 726 3691 782 ad
3711 725 3910 796 aliquid

2323 832 2427 869 non
2459 815 2673 886 dicitur,
2705 815 2757 870 in
2782 831 2847 870 eo
2878 831 3008 870 vero
3035 815 3178 886 quod
3207 825 3291 871 est
3317 815 3536 886 duplus,
3567 815 3796 886 duorum
3826 832 3913 876 re-

2322 906 2513 962 lativus
2535 916 2635 974 est,
2662 906 2869 962 scilicet
2888 906 2953 960 ad
2973 906 3240 966 binarium
3268 916 3630 980 comparatus.
3667 906 3911 966 Binarius

2321 1013 2533 1069 quoque
2565 999 2613 1052 in
2647 1013 2712 1053 eo
2734 996 2876 1070 quod
2895 1007 3020 1052 sunt
3041 997 3169 1064 duo,
3199 996 3264 1066 ad
3291 997 3489 1067 aliquid
3521 1011 3626 1052 non
3655 997 3908 1060 refertur,

2322 1092 2415 1146 sed
2457 1091 2508 1144 in
2541 1107 2605 1147 eo
2636 1093 2776 1162 quod
2826 1101 2904 1147 est
2948 1090 3232 1159 medietas,
3264 1090 3471 1152 scilicet
3503 1089 3576 1161 ad
3618 1099 3910 1160 quaterna-

2323 1181 2459 1234 rium
2497 1191 2855 1250 comparatus.
2893 1181 3060 1250 Ergo,
3090 1191 3147 1234 ut
3183 1181 3256 1234 sit
3289 1179 3482 1249 duplus
3512 1178 3906 1251 quaternarius,

2323 1283 2428 1323 non
2459 1270 2688 1335 duobus,
2717 1269 2808 1323 sed
2825 1269 3109 1336 medietate
3136 1277 3276 1339 eget,
3300 1277 3359 1330 ut
3385 1270 3456 1326 sit
3476 1268 3735 1328 medietas
3757 1267 3911 1332 bna-

2295 1354 2457 1426 lrius,
2498 1375 2602 1413 non
2636 1360 3003 1430 quaternario,
3037 1359 3132 1414 sed
3177 1359 3339 1428 duplo
3367 1374 3503 1428 opus
3539 1367 3645 1428 est.
3681 1358 3912 1418 Videsne

2300 1447 2384 1506 ἰιι
2412 1451 2723 1506 habitudine
2765 1451 2993 1520 quadam
3037 1461 3090 1505 et
3127 1451 3532 1518 comparatione
3574 1462 3662 1503 res
3687 1448 3828 1512 aliud
3859 1449 3911 1509 iu

2297 1537 2515 1597 natura
2541 1542 2861 1610 retinentes,
2896 1539 3037 1595 aliud
3073 1550 3252 1595 tamen
3302 1540 3367 1593 ad
3412 1555 3470 1602 se
3508 1538 3734 1610 invicem
3761 1536 3913 1594 sint?

2228 1627 2234 1634 ”
2325 1642 2378 1685 et
2409 1631 2509 1685 hoc
2540 1645 2646 1685 non
2678 1645 2750 1686 ex
2794 1630 3032 1706 propria,
3063 1630 3159 1685 sed
3189 1645 3254 1684 ex
3297 1629 3532 1688 invicem
3584 1640 3771 1696 natura
3800 1643 3913 1686 mu-

2327 1732 2563 1790 tuentur,
2617 1738 2736 1778 nam
2780 1721 2923 1793 quod
2969 1731 3049 1776 est
3092 1720 3286 1790 duplus
3323 1734 3578 1798 numerus
3623 1733 3690 1788 ex
3737 1717 3913 1776 medio

2248 1823 2299 1886 Β
2327 1816 2508 1883 trahit,
2534 1813 2673 1884 quod
2698 1823 2781 1868 est
2811 1812 3071 1868 medietas
3093 1827 3160 1866 ex
3183 1804 3363 1881 duplo,
3394 1820 3552 1884 atque
3582 1811 3681 1865 hoe
3708 1809 3775 1882 iis
3793 1823 3912 1880 qua)

2324 1917 2447 1962 sunt
2479 1907 2543 1960 ad
2574 1904 2772 1976 aliquid
2801 1915 2957 1959 extra
2987 1904 3185 1969 evenit,
3219 1912 3272 1957 et
3297 1903 3414 1962 ideo.
3439 1899 3569 1960 nihil
3595 1899 3912 1970 patientibus

2325 2015 2498 2072 neque
2536 1996 2852 2069 permutatis
2901 1995 3034 2068 ipsis
3064 2011 3183 2067 quae
3221 1993 3286 2048 ad
3339 1993 3539 2061 aliquid
3588 1990 3912 2062 referuntur,

2325 2091 2437 2161 ipsa
2465 2091 2529 2145 ad
2555 2088 2751 2162 aliquid
2787 2090 2936 2154 ﬁunt,
2965 2089 3095 2143 nihil
3119 2089 3259 2142 enim
3285 2092 3584 2156 permutato
3610 2083 3677 2151 de
3701 2091 3913 2153 quater-

2326 2188 2479 2241 nario
2509 2185 2701 2256 duplus
2740 2185 2853 2256 ipse
2881 2194 2982 2250 est,
3019 2167 3063 2237 si
3110 2183 3179 2249 ad
3217 2181 3483 2250 binarium
3531 2179 3812 2241 referatur,
3865 2185 3914 2233 et

2325 2278 2460 2333 nihil
2491 2279 2557 2331 de
2588 2277 2800 2331 binario
2831 2282 3154 2346 permutato,
3179 2275 3437 2341 medietas
3467 2285 3550 2344 est
3580 2275 3839 2340 binarius,
3871 2275 3915 2331 si

2327 2369 2393 2424 ad
2425 2367 2824 2439 quaternarintn
2857 2365 3072 2420 dicitur.
3115 2365 3258 2434 Ergo
3289 2365 3640 2434 relativorunt
3687 2364 3791 2432 hoc
3833 2373 3927 2436 est

2315 2461 2470 2528 esse,
2505 2461 2556 2514 id
2588 2470 2664 2513 est
2697 2460 2812 2512 haec
2841 2473 3024 2512 eorum
3060 2466 3243 2524 natura
3289 2465 3450 2525 atque
3483 2455 3779 2526 substantia
3813 2463 3915 2528 est,

2329 2566 2387 2610 ut
2416 2555 2467 2608 id
2499 2539 2796 2622 quodsuut
2825 2554 2890 2605 ad
2919 2549 3118 2621 aliquid
3153 2549 3478 2619 referantur,
3515 2548 3565 2614 id
3591 2561 3804 2620 est-non
3829 2561 3916 2616 sp-

2329 2646 2438 2701 lum
2490 2642 2678 2699 referri
2727 2643 2992 2709 dicantur,
3042 2641 3135 2696 sed
3178 2642 3341 2696 etiam
3392 2641 3712 2698 referantur.
3745 2642 3917 2712 Atque

2332 2739 2436 2792 hoc
2476 2746 2559 2792 est
2594 2733 2733 2804 quod
2777 2735 2873 2800 ait,
2921 2733 3013 2787 sed
3055 2740 3179 2804 sunt
3228 2731 3294 2787 ad
3341 2733 3537 2800 aliquid
3584 2731 3780 2806 quibus
3818 2731 3917 2790 hoc

2323 2831 2502 2898 ipsum
2538 2840 2660 2879 esse
2691 2835 2774 2878 est
2823 2823 2890 2876 ad
2933 2821 3130 2892 aliquid
3178 2820 3577 2892 quodammodo
3612 2835 3673 2898 se
3701 2820 3917 2892 habere,

2324 2906 2391 2970 ac
2420 2916 2462 2969 si
2497 2915 2700 2969 diceret
2732 2929 2960 2983 quorum
2992 2911 3288 2980 substantia
3319 2923 3399 2967 est
3430 2912 3497 2970 ad
3534 2912 3735 2989 aliquid
3773 2912 3918 2989 aliud

2329 3005 2537 3070 referri,
2570 3016 2620 3059 et
2647 3021 2764 3074 qua:
2787 3006 2855 3058 ita
2886 3012 3009 3056 sunt
3038 3013 3094 3057 ut
3122 3002 3235 3073 ipsa
3271 3003 3322 3058 id
3353 3005 3491 3072 quod
3521 2987 3648 3081 sunt
3677 3004 3743 3068 ad
3772 2987 3917 3079 aliud

2327 3099 2647 3161 refeiantur,
2680 3106 2732 3151 et
2757 3111 2876 3151 esse
2903 3109 3088 3149 eorum
3121 3094 3193 3150 sit
3218 3095 3280 3148 ad
3311 3094 3508 3164 aliquid
3533 3095 3676 3150 aliud
3701 3095 3918 3170 referri,

2251 3191 2300 3257 ο
2329 3189 2422 3245 sed
2448 3204 2552 3242 non
2577 3188 2754 3242 omnia
2785 3174 2902 3255 qua:
2927 3185 3177 3240 dicuntur
3205 3185 3270 3240 ad
3299 3184 3466 3252 aliud,
3497 3193 3694 3256 etesse
3715 3188 3783 3262 de
3813 3170 3918 3252 alio

2328 3291 2656 3337 mutuantur.
2709 3279 2804 3334 llla
2861 3294 3091 3348 namque
3121 3277 3370 3333 difﬁnitio
3409 3278 3572 3350 prior,
3614 3280 3783 3352 major
3813 3277 3916 3356 est,

2327 3369 2705 3425 diffluitionem
2751 3383 2981 3438 namque
3030 3369 3380 3424 relativorum
3428 3383 3775 3441 supergressa
3812 3378 3915 3436 est,

2329 3460 2554 3518 includit
2583 3461 2725 3517 enim
2764 3477 2824 3516 ea
2867 3475 3081 3531 quoque
3111 3475 3231 3532 quae
3279 3460 3498 3514 relativa
3541 3474 3647 3514 non
3687 3467 3832 3526 sunt,
3863 3467 3916 3522 et

2327 3563 2777 3636 quemadmodum
2817 3561 3091 3616 hominem
3137 3575 3259 3615 cum
3306 3561 3448 3628 dico,
3489 3561 3766 3618 mortalem
3795 3577 3918 3636 etuti

2328 3659 2450 3720 esse
2490 3677 2715 3719 necesse
2743 3672 2847 3729 est,
2877 3677 2998 3717 cum
3035 3661 3157 3717 dico
3190 3662 3496 3734 mortalem,
3534 3678 3642 3722 non
3695 3677 3918 3734 necesse

2328 3775 2411 3834 cst
2450 3778 2569 3819 esse
2606 3763 2901 3832 hominem,
2947 3760 3019 3818 ita
3059 3775 3273 3836 quoque
3312 3776 3376 3817 ea
3419 3777 3539 3834 qua
3588 3763 3687 3818 hoc
3741 3761 3916 3832 ipsum

2327 3857 2468 3927 quod
2501 3867 2623 3912 sunt
2652 3873 2715 3911 ex
2744 3856 2916 3911 altero
2943 3855 3182 3924 trahunt,
3215 3863 3270 3910 et
3296 3870 3417 3918 esse
3441 3839 3648 3921 habent
3677 3857 3745 3914 ad
3779 3856 3916 3914 alte-

2328 3948 2440 4006 rius
2477 3950 2815 4013 relationem,
2851 3956 2904 4002 ct
2948 3961 3068 4004 esse
3111 3961 3266 4002 suum
3306 3947 3372 4017 ad
3416 3947 3640 4008 alterius
3678 3948 3917 4010 referunt

2327 4045 2802 4112 nuncupationem.
2835 4043 2963 4111 Quae
2994 4056 3122 4098 vero
3151 4042 3218 4098 ad
3246 4041 3389 4097 aliud
3417 4051 3618 4098 tantum
3645 4040 3912 4105 dicuntur,

2327 4150 2434 4190 non
2461 4149 2682 4190 necesse
2715 4145 2818 4198 est,
2845 4143 2904 4188 ut
2929 4147 3051 4188 esse
3073 4147 3227 4196 suum
3250 4131 3316 4187 ad
3342 4131 3538 4201 aliquid
3565 4130 3792 4188 habeant
3823 4145 3912 4186 re-

2327 4233 2515 4295 latum,
2551 4247 2657 4302 quo
2689 4232 3042 4299 posteriorem
3084 4231 3455 4292 difﬁnitionem
3497 4229 3812 4299 suscipiant,
3857 4239 3913 4286 et

2325 4321 2428 4376 ista
2457 4324 2718 4392 sententia
2743 4322 2974 4378 breviter
3003 4323 3320 4388 includatur,
3344 4329 3402 4378 ut
3423 4336 3752 4393 quaecunque
3775 4328 3912 4379 hane

2325 4414 2377 4466 di
2406 4415 2700 4470 finitionem
2749 4416 3106 4484 susceperint,
3141 4427 3195 4470 ut
3231 4413 3330 4478 hoc
3358 4414 3533 4482 ipsum
3571 4427 3692 4469 esse
3730 4415 3802 4470 sit
3845 4414 3911 4470 ad
3955 4398 3962 4406 ’

2324 4504 2523 4573 aliquid
2548 4505 2941 4576 quodammodo
2967 4520 3027 4560 se
3053 4505 3272 4568 habere,
3300 4505 3532 4562 habeant
3549 4520 3668 4560 eam
3699 4521 3914 4576 quoque

2324 4595 2720 4672 dil'ﬁnitmnem,
2755 4611 2874 4666 qua:
2921 4605 3004 4654 est
3045 4598 3268 4652 relativa
3316 4613 3438 4654 esse
3483 4612 3817 4668 quaecunque
3860 4599 3912 4654 id

2323 4692 2464 4762 quod
2495 4702 2617 4746 sunt
2647 4693 2873 4758 aliorum
2905 4691 3170 4757 dicuntur,
3213 4706 3333 4762 quae
3365 4707 3496 4749 vero
3524 4695 3660 4749 hanc
3709 4695 3913 4750 habue-

2325 4788 2434 4842 rint
2457 4786 2826 4842 difﬁnitiouem
2860 4788 2998 4852 illam
3031 4802 3136 4842 non
3166 4790 3470 4844 necesSario
3495 4789 3745 4854 habeant,
3774 4797 3830 4842 ut
3851 4802 3913 4842 ea

2324 4896 2446 4949 quae
2479 4889 2600 4933 sunt
2627 4879 2690 4933 ad
2723 4878 2941 4949 aliquid,
2976 4881 3136 4934 etiam
3168 4882 3232 4935 ad
3281 4882 3478 4952 aliquid
3509 4882 3772 4936 dicantur.
3806 4880 3912 4935 Sed

2326 4987 2387 5026 ea
2413 4987 2531 5040 qttze
2559 4973 2810 5026 dicuntur
2839 4971 2903 5025 ad
2938 4973 3160 5041 aliquid,
3193 4990 3301 5028 non
3339 4974 3560 5030 omnino
3595 4973 3660 5026 ad
3711 4971 3913 5040 aliquid

2325 5065 2457 5127 sint,
2499 5064 2636 5133 quod
2679 5066 2717 5116 si
2743 5063 2840 5118 ista
2869 5063 3116 5126 diffinitio
3145 5067 3412 5135 posterior
3451 5063 3759 5130 recipiatur,
3793 5079 3917 5132 qua:

2326 5155 2456 5210 dicit
2488 5171 2548 5209 ca
2581 5170 2698 5210 esse
2741 5157 2804 5210 ad
2841 5155 3062 5232 aliquid,
3093 5158 3283 5226 quibus
3332 5157 3432 5212 hoc
3475 5156 3648 5226 ipsum
3680 5171 3802 5215 esse
3832 5169 3916 5214 est

2325 5249 2393 5303 ad
2422 5249 2619 5318 aliquid
2653 5249 3048 5320 quodammodo
3079 5263 3136 5316 se
3181 5248 3396 5312 habere,
3437 5249 3634 5326 poterit
3669 5250 3916 5319 superior

2326 5341 2462 5397 solvi
2492 5340 2772 5418 dubitatio,
2803 5356 2906 5414 quo
2949 5340 3185 5395 dicamus
3219 5339 3267 5394 id
3293 5339 3433 5406 quod
3475 5340 3588 5408 ipse
3618 5341 3916 5410 posteriore

2327 5437 2689 5504 diSputatione
2712 5444 2926 5489 secutus
2953 5445 3053 5488 est.
3085 5433 3234 5500 Quod
3266 5443 3441 5488 autem
3472 5433 3584 5488 ait:
3615 5434 3764 5490 Prior
3788 5448 3915 5490 vero

2327 5532 2580 5590 difﬁuitio
2609 5531 2848 5605 sequitur
2877 5532 3090 5600 quidem
3121 5531 3299 5588 omnia
3333 5531 3577 5597 relative,
3603 5546 3710 5588 non
3739 5539 3913 5584 tuneo

2327 5623 2433 5680 hoc
2462 5626 2539 5679 eis
2570 5634 2816 5689 estesse,
2848 5625 2988 5696 quod
3040 5622 3147 5680 sint
3173 5623 3239 5678 ad
3284 5623 3506 5694 aliquid,
3539 5622 3681 5693 quod
3711 5635 3771 5676 ea
3801 5621 3911 5687 ipsa
4001 5698 4012 5704 _

2326 5731 2447 5785 quae
2469 5726 2591 5770 sunt
2615 5717 2838 5770 aliorum
2872 5716 3142 5779 dicuntur,
3170 5715 3270 5772 hoc
3299 5726 3378 5774 est
3407 5715 3548 5786 quod
3576 5729 3683 5769 non
3715 5711 3916 5766 idcirco

2327 5799 2526 5874 aliquid
2559 5807 2839 5863 relativum
2868 5820 2989 5864 esse
3019 5807 3237 5894 dicitur,
3267 5807 3521 5892 quoniam
3535 5803 3767 5888 alterius
3792 5816 3915 5860 esse
