4280 6268
320 279 419 336 237
1290 264 1355 326 IN
1393 265 1821 326 CATEGORIAS
1859 262 2306 322 ARISTOTELIS
2345 264 2473 319 LIB.
2508 262 2572 319 ll.
3477 262 3585 323 238

321 397 532 452 dicitur.
557 392 665 450 Sed
694 402 823 447 tunc
850 384 1042 447 merito
1068 402 1156 446 res
1180 384 1353 458 aliqua
1378 388 1653 441 relationis
1682 385 1897 439 nomine
1925 382 1978 449 Δ
2005 380 2225 437 Azlneae,
2256 387 2309 431 et
2335 376 2560 433 .lEneam
2586 379 2813 435 diflinite
2840 380 3007 436 lilium
3035 395 3156 436 esse
3177 390 3433 451 agnoscet
3453 422 3468 447 ,
3501 387 3586 438 vel

319 488 703 549 continebitur,
738 486 946 555 quoties
983 497 1088 537 non
1133 482 1304 535 solum
1348 482 1414 532 ad
1445 477 1642 547 aliquid
1687 475 1901 537 dicitur,
2009 473 2053 526 si
2108 471 2389 525 indilﬁnite
2440 472 2585 525 novit
2638 474 2885 541 quoniam
2940 485 3093 543 pater
3137 484 3251 539 est,
3305 474 3587 530 indifﬁnite

322 581 419 636 sed
451 583 554 635 hoc
584 582 755 648 ipsum
786 593 904 632 esse
931 576 1047 645 ejus
1074 574 1139 628 ad
1171 573 1367 642 aliquid
1392 582 1473 626 est
1512 569 1906 641 quodammodo
2008 563 2169 618 etiam
2202 563 2439 616 sciturus
2469 574 2550 617 est
2583 564 2839 631 quoniam
2874 565 2962 643 lilii
2996 576 3147 632 pater
3175 574 3277 621 est.
3314 566 3378 619 Et
3404 580 3588 621 rur-us

325 690 384 729 se
416 674 631 728 habere.
663 672 837 737 Quare
877 668 1002 739 quid
1047 668 1183 723 hanc
1216 665 1589 720 difliuitionem
1634 664 1905 733 praprium

328 777 706 836 consequatur,
740 767 851 833 ipse
877 762 1098 817 addidit.

401 858 482 911 Ea:
508 859 585 910 his
610 873 725 926 ergo
746 856 1069 924 manifestum
1103 860 1176 905 est
1215 851 1351 921 quod
1380 849 1423 904 si
1448 850 1561 919 quis
1588 846 1783 917 aliquid
1820 861 1906 900 eo—

325 964 436 1001 rum
457 962 567 1015 quae
591 955 704 999 sunt
727 945 794 998 ad
821 942 1015 1013 aliquid
1043 941 1251 1011 cli/finite
1274 941 1417 1003 sciet,
1446 949 1491 990 et
1518 936 1650 991 illud
1679 936 1747 989 ad
1771 934 1906 1006 quod

326 1039 511 1091 dicitur
528 1037 738 1106 ili/ﬁnite
761 1036 985 1088 sciturus
1013 1042 1104 1087 est.
1150 1032 1211 1088 Si
1243 1033 1376 1085 enim
1404 1032 1518 1099 quis
1550 1030 1683 1082 novit
1712 1027 1908 1095 aliquid

323 1127 457 1197 quod
482 1136 552 1179 est
583 1142 757 1179 eorum
784 1140 898 1195 quin
924 1135 1041 1177 sunt
1065 1123 1258 1191 aliquid
1288 1121 1383 1192 (est
1411 1130 1575 1175 autem
1607 1137 1714 1174 esse
1734 1135 1909 1172 eorum

322 1235 432 1288 quae
451 1227 568 1272 sunt
589 1219 658 1271 ad
684 1216 885 1287 aliquid
914 1216 1047 1269 idem
1068 1215 1203 1284 quod
1230 1215 1297 1267 ad
1319 1214 1513 1283 aliquid
1536 1211 1909 1281 quodammodo

321 1326 374 1365 se
396 1311 624 1379 habere),
654 1321 701 1364 et
729 1308 864 1363 illud
898 1307 1029 1361 novit
1056 1307 1123 1357 ad
1156 1306 1291 1376 quod
1332 1306 1426 1357 hoc
1459 1304 1835 1356 quodammodo
1861 1315 1911 1352 se

321 1397 490 1452 habet.

396 1488 683 1556 Proprium
731 1486 967 1541 relativis
1009 1483 1303 1539 secundum
1345 1498 1461 1537 eam
1505 1497 1624 1552 qua:
1670 1482 1913 1548 superius

324 1578 469 1633 dicta
500 1586 585 1631 est
614 1576 993 1631 dilﬁnitionem
1041 1575 1143 1629 hoc
1180 1590 1299 1629 esse
1335 1574 1639 1637 conﬁrmat,
1686 1573 1824 1641 quod
1869 1572 1911 1625 si

296 1667 460 1737 -quis~
494 1666 546 1719 id
586 1666 728 1735 quod
778 1673 862 1719 est
898 1664 961 1719 ad
992 1664 1191 1734 aliquid
1238 1662 1461 1717 dillinite
1510 1664 1629 1729 scit,
1664 1663 1912 1731 quoniam

2009 746 2238 800 sciturus
2288 760 2500 814 quoque
2550 756 2633 801 est
2682 746 2964 801 indil’linite
3008 750 3258 813 quoniam
3304 750 3470 818 patris
3511 757 3593 804 est

2012 842 2172 894 lilius.
2207 840 2544 894 Manifestum
2576 848 2661 895 est
2689 856 2819 919 ergo
2849 840 3099 907 quoniam
3129 856 3192 897 ea
3221 857 3340 908 quae
3374 852 3499 896 sunt
3528 840 3594 895 ad

2010 932 2245 1002 aliquid,
2283 933 2327 987 si
2358 932 2583 986 dillinite
2621 933 2684 987 ad
2721 931 2921 1002 aliquid
2972 948 3092 987 esse
3134 932 3394 1001 sciantur,
3433 936 3595 988 etiam

2014 1025 2140 1077 illud
2172 1024 2404 1079 dilftnite
2431 1023 2707 1079 sciendum
2741 1035 2822 1079 est
2852 1024 2918 1079 ad
2949 1026 3089 1094 quod
3133 1024 3220 1077 illa
3264 1023 3593 1081 referuntur.

2012 1118 2164 1182 Quod
2194 1118 2245 1171 in
2275 1118 2591 1173 substantiis
2620 1133 2722 1173 non
2751 1120 2941 1174 eodem
2972 1119 3133 1173 modo
3162 1114 3282 1174 esse
3308 1116 3600 1174 Aristotele

2023 1213 2311 1281 probamus
2341 1222 2593 1283 auctore,
2626 1214 2719 1281 qui
2757 1213 2915 1282 hujus
2943 1210 3254 1282 quaesdonis
3292 1214 3486 1267 seriem
3530 1212 3600 1268 ita

2012 1305 2302 1358 concludit.

2086 1396 2249 1465 Caput
2290 1412 2424 1459 vero,
2470 1405 2515 1449 et
2551 1413 2755 1460 manus,
2799 1406 2845 1449 et
2884 1396 3069 1449 horum
3089 1395 3296 1466 singula
3342 1409 3455 1466 quae
3484 1393 3603 1448 sub-

2013 1485 2217 1537 stantia:
2244 1496 2361 1537 sunt
2386 1527 2399 1549 ,
2431 1485 2525 1539 hoc
2556 1487 2721 1554 ipsum
2764 1488 2900 1554 quod
2936 1494 3056 1539 sunt
3094 1496 3165 1541 est
3201 1488 3331 1540 scire
3369 1485 3600 1554 iii/ﬁnite.

2018 1574 2095 1625 Ad
2126 1575 2261 1641 quod
2299 1584 2470 1627 autem
2512 1576 2775 1639 dicantur,
2818 1593 2917 1629 non
2956 1587 3027 1629 est
3068 1576 3410 1629 necessarium
3451 1574 3601 1629 scire.

2016 1662 2177 1733 Cujus
2206 1665 2341 1716 enim
2375 1674 2529 1730 caput
2564 1665 2658 1717 hoc
2682 1707 2696 1729 ,
2733 1665 2807 1718 vel
2836 1666 2988 1735 cujus
3026 1682 3209 1721 manus
3246 1666 3349 1730 sit,
3391 1681 3491 1719 non
3531 1674 3608 1719 est

322 1759 608 1815 relativum
634 1769 733 1821 est,
757 1767 812 1812 et
840 1756 967 1811 illud
991 1756 1057 1809 ad
1081 1755 1221 1825 quod
1248 1755 1430 1809 referri
1460 1764 1654 1822 potest,
1684 1755 1911 1809 dillinite
1943 1763 1988 1824 Β
2014 1755 2143 1806 scire
2186 1753 2399 1823 (li/ﬁnite
2424 1794 2438 1820 ,
2486 1770 2641 1820 quare
2690 1771 2792 1807 non
2835 1764 2987 1808 erunt
3029 1756 3135 1809 hie.-
3174 1754 3241 1807 ad
3281 1753 3500 1832 aliquid.
3544 1750 3609 1809 Si

323 1852 556 1908 sciturus
580 1860 663 1906 est
683 1849 808 1919 quid
841 1849 932 1915 sit,
962 1863 1083 1901 nam
1113 1848 1331 1902 relative
1359 1862 1419 1901 ea
1450 1856 1574 1900 sunt
1599 1847 1789 1916 quibus
1816 1846 1913 1900 hoc

326 1956 409 2004 est
435 1962 555 2001 esse
600 1947 664 1999 ad
694 1943 894 2014 aliquid
918 1942 1313 2012 quodammodo
1335 1957 1394 1995 se
1423 1941 1643 2004 habere,
1663 1940 1914 2010 quoaiam

296 2048 387 2093 'ut
410 2041 484 2092 sit
512 2037 883 2107 quater-uarius
915 2034 1130 2103 duplum
1162 2050 1191 2087 a
1225 2032 1433 2087 binario
1480 2030 1662 2085 trahit.
1703 2031 1760 2084 Si
1801 2033 1920 2099 quis

325 2132 485 2186 novit
511 2145 631 2183 esse
660 2128 1053 2198 quaternarium
1087 2140 1371 2180 numerum
1406 2123 1652 2189 duplum,
1684 2131 1738 2177 et
1762 2121 1921 2176 bina-

324 2223 474 2279 rium
500 2222 799 2274 necessario
824 2222 1053 2273 sciturus
1077 2228 1158 2271 est
1185 2229 1307 2270 esse
1329 2212 1631 2278 dimidium,
1665 2210 1731 2265 ad
1763 2226 1922 2281 quem

323 2315 708 2385 quaternarius
737 2312 929 2382 duplus
960 2320 1042 2367 est
1095 2311 1203 2363 fieri
1230 2326 1245 2375 ;
1276 2311 1416 2363 enim
1462 2307 1608 2361 nullo
1637 2306 1797 2360 modo
1832 2322 1926 2375 po-

326 2417 456 2471 test,
490 2416 547 2461 ut
574 2420 695 2459 cum
718 2406 835 2473 quis
866 2403 1069 2457 noverit
1093 2402 1321 2469 aliquam
1350 2415 1461 2453 rem
1481 2413 1603 2453 esse
1644 2398 1926 2452 relativam

327 2496 583 2559 difﬂuite,
615 2510 720 2549 non
746 2493 870 2548 illud
899 2507 1111 2563 quoque
1140 2492 1274 2546 sciat
1314 2490 1380 2544 sd
1413 2490 1553 2558 quod
1587 2490 1680 2542 illa
1712 2503 1798 2543 res
1842 2487 1927 2542 di-

330 2591 478 2643 citur
498 2588 761 2650 diflinite;
795 2585 951 2654 hujus
973 2594 1149 2637 autem
1182 2584 1258 2637 rei
1286 2597 1389 2637 una
1424 2579 1671 2650 probatio
1702 2590 1781 2632 est
1813 2595 1931 2649 qua:

334 2679 759 2736 exdillinitiOue
789 2676 955 2731 venit.
984 2675 1211 2730 Diffiuita
1247 2674 1391 2729 enim
1429 2682 1555 2727 sunt
1595 2670 1685 2725 illa
1718 2685 1838 2725 esse
1866 2669 1933 2724 ad

334 2775 567 2845 aliquid,
599 2786 829 2842 quorum
861 2784 921 2824 ea
949 2776 1091 2824 esset
1112 2766 1431 2830 substantia,
1460 2773 1517 2818 ut
1539 2760 1935 2833 quodammodo

336 2880 401 2921 se
419 2868 489 2919 ad
510 2864 711 2930 aliquid
739 2862 1019 2925 haberent,
1045 2857 1185 2927 quod
1215 2859 1257 2910 si
1281 2857 1392 2909 scio
1417 2852 1816 2923 quaternarium
1840 2867 1935 2905 nu-

336 2974 559 3015 merum
588 2972 709 3012 esse
739 2958 985 3025 duplum,
1016 2967 1081 3007 eo
1112 2949 1252 3021 qttod
1280 2948 1347 3003 ad
1381 2948 1644 3003 binarium
1676 2944 1934 3014 quodam-

343 3054 520 3108 modo
580 3050 963 3119 coniungatur,
1025 3045 1200 3100 nullus
1256 3042 1656 3113 quaternarium
1716 3039 1934 3106 duplum

2018 1859 2128 1896 cera
2175 1860 2275 1896 non
2318 1854 2433 1896 sunt
2475 1844 2581 1896 lucc
2620 1844 2866 1910 relativo,
2912 1862 3085 1900 verum
3126 1848 3221 1901 erit
3262 1847 3431 1902 dicere
3466 1845 3609 1918 quod

2020 1931 2163 1985 nulla
2191 1932 2475 1986 substantia
2505 1934 2833 1988 relativorum
2862 1945 2956 1989 est.

2095 2034 2147 2085 In
2178 2034 2377 2100 capite,
2409 2032 2598 2102 inquit,
2624 2043 2679 2089 et
2710 2034 2761 2088 in
2792 2051 2973 2103 manu,
3002 2044 3058 2091 et
3086 2037 3138 2090 in
3152 2036 3274 2091 aliis
3288 2038 3602 2093 substantiis

2029 2139 2134 2177 non
2167 2132 2249 2177 est
2276 2138 2460 2177 verum
2484 2165 2500 2190 ,
2532 2126 2786 2194 quoniam
2823 2128 2868 2181 si
2902 2128 3024 2197 quis
3057 2129 3256 2198 aliquid
3296 2129 3485 2185 horum
3510 2130 3613 2185 ali-

2023 2217 2176 2285 cujus
2205 2229 2327 2270 esse
2361 2217 2542 2279 novit,
2571 2226 2624 2271 et
2652 2216 2716 2271 ad
2747 2218 2945 2287 aliquid
2977 2218 3124 2274 aliud
3156 2220 3377 2284 referri,
3410 2220 3612 2276 idcirco

2026 2321 2079 2365 et
2121 2312 2184 2365 ad
2230 2327 2385 2382 quam
2432 2310 2702 2365 referatur
2740 2304 3224 2368 dilfinite'sciturus
3272 2323 3374 2368 est.
3406 2314 3463 2369 Si
3493 2314 3616 2383 quis

2027 2406 2168 2460 enim
2198 2414 2388 2474 operto
2417 2406 2591 2473 capite
2622 2413 2781 2474 atque
2816 2406 3067 2459 omnibus
3106 2405 3363 2460 membris
3399 2420 3615 2460 manum

2032 2498 2173 2551 foras
2214 2507 2437 2561 exerat,
2487 2496 2829 2551 manifestum
2873 2506 2957 2551 est
2995 2499 3248 2568 quoniam
3290 2512 3481 2553 manus
3524 2497 3620 2552 illa

2030 2590 2258 2659 alicujus
2289 2604 2477 2644 manus
2507 2599 2590 2644 est
2608 2629 2624 2655 ,
2652 2591 2805 2657 cujus
2832 2600 3010 2645 autem
3038 2606 3227 2647 manus
3254 2592 3360 2657 sit,
3388 2591 3495 2647 dici
3518 2589 3621 2648 dif-

2034 2683 2181 2737 ﬁnite
2221 2696 2324 2735 non
2364 2691 2565 2753 potest.
2608 2682 2865 2736 Similiter
2907 2698 3121 2752 quoque
3164 2685 3387 2752 Opertis
3412 2684 3623 2751 oculis,

2034 2771 2274 2842 facieque
2320 2772 2494 2827 velata
2546 2772 2591 2824 si
2634 2768 2919 2839 cujuslibet
2962 2782 3122 2842 caput
3174 2774 3445 2841 aspicias,
3494 2773 3623 2830 illud

2035 2865 2249 2934 quidem
2277 2874 2439 2932 caput
2464 2863 2692 2932 alicujus
2718 2878 2837 2917 esse
2864 2878 2967 2917 non
2995 2863 3241 2929 dubitas,
3268 2866 3422 2933 cujus
3442 2877 3624 2922 autem

2035 2956 2105 3009 sit
2129 2953 2353 3008 difliuite
2384 2970 2487 3007 non
2520 2953 2778 3021 proferes.
2806 2953 2982 3021 Quare
3012 2956 3263 3025 quoniam
3296 2956 3410 3011 haec
3437 2956 3625 3025 hujus-

2043 3046 2184 3099 modi
2216 3053 2373 3110 sunt,
2402 3052 2461 3098 ut
2485 3044 2529 3098 si
2558 3044 2677 3114 quis
2702 3060 2766 3099 ea
2795 3044 3021 3100 diflinite
3050 3047 3184 3101 sciat
3212 3062 3332 3102 esse
3356 3047 3625 3117 alicujus,

339 3160 481 3201 esse
518 3146 711 3214 poterit
737 3144 897 3207 scire,
929 3140 1031 3195 nisi
1059 3141 1147 3209 qui
1178 3138 1314 3193 sciet
1340 3135 1676 3190 medietatem
1703 3148 1823 3189 esse
1860 3134 1937 3186 bi-
1963 3134 2009 3196 C
2040 3137 2192 3205 cujus
2224 3137 2331 3190 sint
2356 3177 2371 3202 ,
2404 3136 2631 3190 dilfinite
2658 3137 2797 3192 scire
2827 3152 2931 3192 non
2960 3141 3187 3206 poterit,
3217 3155 3249 3194 a
3278 3140 3628 3203 relativorum

340 3236 585 3297 narium,
612 3245 663 3287 et
691 3235 788 3287 hoc
814 3230 1029 3302 quidem
1050 3232 1103 3283 in
1124 3228 1371 3282 omnibus
1392 3226 1781 3280 consideretur.
1807 3223 1939 3277 Nam

336 3328 389 3382 si
428 3325 777 3393 nesciatquis
801 3323 865 3376 ad
891 3320 1019 3392 quid
1056 3317 1257 3388 aliquid
1293 3319 1557 3372 referatur
1601 3330 1786 3371 eorum
1820 3329 1941 3383 qua:

339 3417 575 3470 relativa
610 3424 755 3479 sunt,
787 3412 916 3466 illud
945 3426 1161 3482 quoque
1189 3408 1476 3478 ignorabit,
1516 3414 1691 3461 utrum
1721 3406 1942 3460 omnino

333 3505 408 3560 ad
436 3506 640 3575 aliquid
666 3504 949 3568 referatur,
976 3503 1118 3571 quod
1138 3502 1221 3555 nis
1244 3501 1423 3555 verbis
1438 3498 1758 3554 Aristoteles
1780 3498 1937 3553 dicit:

418 3620 487 3675 Si
519 3618 650 3671 enim
677 3618 729 3670 id
757 3634 856 3670 non
886 3616 1077 3668 noverit
1106 3614 1342 3676 omnino,
1387 3611 1455 3665 ad
1494 3610 1631 3682 quod
1676 3612 1771 3664 hoc
1810 3626 1940 3680 quo-

332 3710 633 3763 dammodo
663 3723 714 3760 se
744 3707 890 3759 liabet
912 3750 925 3769 ,
960 3721 1049 3757 nec
1080 3705 1122 3757 si
1149 3704 1215 3756 ad
1247 3703 1443 3770 aliquid
1481 3701 1860 3771 quodammodo
1893 3715 1947 3753 se

332 3799 507 3852 habet
537 3799 757 3851 sciturus
786 3806 896 3857 est,
926 3797 1011 3847 sed
1044 3796 1096 3847 in
1136 3793 1353 3863 singulis
1394 3793 1565 3861 palam
1602 3793 1696 3844 Itoc
1732 3800 1845 3844 est:
1878 3788 1946 3844 Ut

330 3890 447 3943 hoc
496 3889 543 3940 si
582 3890 693 3954 quis
732 3888 867 3938 novit
909 3886 1112 3953 (tt/ﬁnite
1141 3883 1275 3951 quod
1317 3891 1387 3936 est
1432 3882 1689 3949 duplum,
1720 3891 1769 3935 et
1798 3886 1947 3953 cujus

330 3980 591 4047 duplum
611 3986 681 4029 est
701 4014 718 4040 ,
738 3991 854 4027 mox
876 3974 1079 4043 (li/ﬁnite
1108 3976 1240 4027 nouit
1262 4014 1278 4040 ,
1306 3975 1348 4027 si
1372 3989 1489 4039 vero
1515 3974 1711 4027 nullius
1736 3974 1948 4042 di/ﬂnite

327 4070 504 4125 novit
534 4110 547 4133 ,
581 4068 752 4136 ipsum
790 4065 1038 4134 duplum,
1082 4080 1237 4134 neque
1281 4065 1324 4117 si
1374 4074 1446 4117 est
1486 4064 1699 4135 duplum
1742 4066 1948 4119 omnino

327 4162 520 4215 novit.
560 4158 811 4213 Similiter
837 4165 1005 4209 autem
1032 4164 1078 4209 et
1109 4155 1205 4209 hoc
1247 4156 1446 4221 aliquid
1466 4196 1483 4221 ,
1512 4156 1555 4208 si
1586 4156 1723 4209 novit
1762 4157 1949 4227 aliquis

308 4252 495 4325 quod
530 4250 714 4302 melius
740 4257 811 4302 est
853 4249 1089 4317 diﬂiuite,
1132 4256 1180 4300 et
1220 4262 1320 4316 quo
1364 4246 1539 4299 melius
1578 4256 1681 4307 est,
1723 4263 1951 4299 necessa-

328 4350 491 4400 rium
527 4352 603 4395 est
637 4358 799 4395 nosse.
843 4338 1123 4408 Indiﬁinite
1160 4347 1331 4391 autem
1362 4353 1461 4389 non
1500 4337 1622 4389 sciet
1678 4338 1816 4405 quod
1858 4336 1951 4389 hoc

306 4447 411 4491 est
486 4436 670 4503 pejore
718 4430 933 4494 melius,
975 4429 1148 4499 opinio
1193 4429 1328 4481 enim
1367 4427 1420 4479 id
1462 4426 1666 4494 quidem
1709 4428 1808 4489 sit,
1850 4442 1951 4478 non

321 4526 649 4592 disciplina
670 4566 684 4588 ,
709 4540 809 4575 non
850 4524 985 4574 enim
1016 4522 1136 4573 sciet
1167 4527 1341 4589 exacte
1366 4519 1505 4588 quod
1533 4529 1603 4571 est
1637 4519 1811 4589 pejore
1852 4534 1954 4571 me-

320 4622 447 4675 lius
475 4657 494 4683 ,
543 4618 591 4668 si
626 4618 756 4668 enim
791 4615 863 4667 sic
898 4612 1182 4682 contingit,
1223 4609 1355 4662 nihil
1390 4617 1463 4662 est
1506 4611 1652 4679 pejus
1691 4625 1770 4663 eo.
1809 4608 1953 4674 Qua-

317 4720 578 4782 propter
612 4706 781 4772 palam
811 4717 880 4757 est
922 4701 1059 4768 quod
1089 4705 1130 4753 si
1168 4700 1362 4751 noverit
1397 4700 1509 4766 quis
1546 4699 1743 4768 aliquid
1777 4698 1956 4751 relati—

311 4816 531 4857 vorum
559 4792 776 4865 cli/ﬁnite
801 4792 1143 4847 necessarium
1169 4799 1240 4845 est
1264 4800 1313 4845 et
1337 4790 1467 4843 illud
1497 4791 1562 4842 ad
1602 4791 1740 4860 quod
1765 4792 1951 4843 dicitur

307 4892 573 4961 sli/ﬁnite
605 4903 770 4939 nosse.

395 4979 609 5049 Hujus
634 4990 846 5046 quoque
878 4978 953 5029 rei
987 4974 1231 5042 exempla
1265 4973 1601 5041 persequitur
1636 4972 1821 5027 dit-ens
1850 4988 1862 5026 :
1896 4970 1955 5025 Si

307 5076 582 5145 duplum
628 5071 693 5123 ad
737 5069 934 5136 aliquid
972 5082 1097 5121 esse
1130 5068 1372 5119 novimus
1392 5107 1407 5130 ,
1436 5066 1633 5120 scimus
1664 5080 1873 5134 quoque
1904 5062 1956 5117 id

299 5172 497 5242 cujus
536 5164 774 5230 duplum
803 5172 882 5217 est
908 5178 923 5226 ;
960 5161 1098 5230 quod
1127 5160 1171 5213 si
1206 5162 1472 5215 nescimus
1505 5158 1552 5211 id
1581 5158 1732 5226 cujus
1758 5168 1838 5211 est
1860 5158 1959 5211 du-

298 5267 482 5338 plum
512 5302 531 5328 ,
577 5257 806 5324 duplum
841 5265 1018 5308 autem
1051 5268 1171 5315 esse
1199 5253 1486 5322 cujuslibet
1514 5251 1589 5305 rei
1617 5267 1679 5306 ex
1712 5252 1813 5305 hoc
1842 5260 1922 5306 est
1942 5293 1955 5317 ,

296 5355 473 5432 quod
516 5352 582 5406 ei
626 5350 697 5402 sit
728 5348 990 5401 medietas
1011 5388 1025 5411 ,
1061 5348 1233 5415 ipsam
1265 5360 1477 5415 quoque
1507 5359 1620 5397 rem
1652 5360 1770 5411 qua:
1799 5344 1960 5413 dupla

291 5455 417 5518 sit,
464 5455 689 5502 utrum
719 5439 879 5507 dupla
920 5441 992 5491 sit
1031 5439 1173 5492 scire
1220 5454 1322 5490 non
1364 5449 1670 5504 possumus.
1710 5436 1767 5487 Si
1806 5436 1963 5504 igitur

289 5542 596 5604 dimi-ite
638 5532 882 5583 novimus
911 5532 1201 5597 quamlibet
1234 5531 1380 5583 illam
1409 5544 1526 5583 rem
1556 5542 1678 5582 esse
1709 5529 1962 5596 duplam,

287 5641 495 5698 etiam
573 5620 750 5690 cujus
799 5620 955 5689 dupla
1002 5632 1084 5675 est
1132 5621 1361 5675 difﬁnite
1408 5634 1507 5675 nos
1553 5621 1696 5674 scire
1742 5635 1963 5676 necesse

286 5738 409 5792 est;
453 5726 549 5783 Ut
592 5715 655 5772 si
682 5715 829 5771 novit
856 5714 973 5783 quis
1002 5713 1290 5768 Anchisem
1334 5725 1545 5783 patrem
1575 5712 1804 5766 dil’linite
1844 5727 1962 5769 esse

1846 5970 1847 5975 ‘
1879 5967 1917 5985 *4⁸

2044 3228 2399 3291 dil‘linitione,
2452 3243 2677 3297 quorum
2728 3229 2772 3283 si
2818 3244 2919 3283 una
2960 3245 3047 3284 res
3097 3230 3628 3307 quzelibet'difﬁuite

2044 3321 2244 3375 sciatur
2273 3333 2393 3373 esse
2420 3319 2486 3373 ad
2515 3319 2713 3388 aliquid
2732 3360 2747 3385 ,
2780 3320 2872 3374 illa
2902 3336 3115 3391 quoque
3142 3337 3229 3377 res
3260 3323 3326 3377 ad
3353 3339 3511 3394 quain
3544 3324 3624 3381 di-

2050 3413 2213 3479 citur,
2247 3410 2473 3465 difﬂuite
2499 3410 2686 3477 scitur,
2728 3413 3045 3468 substantiae
3083 3426 3451 3486 segregantur.
3491 3415 3631 3473 Sub-

2044 3506 2341 3576 jittientlum
2374 3516 2549 3561 tamen
2583 3516 2663 3562 est
2696 3507 2823 3562 illud
2857 3525 3094 3578 quoque,
3125 3512 3265 3580 quod
3295 3515 3516 3575 omnino
3541 3529 3634 3572 ve-

2047 3620 2164 3658 rum
2195 3616 2300 3669 eSt,
2347 3604 2398 3658 in
2431 3604 2842 3658 diflinitionibns
2871 3620 2981 3660 rem
3012 3604 3182 3674 ipsam
3220 3624 3339 3677 qua:
3376 3608 3635 3665 difliuitut'
3690 3623 3697 3631 ‘

2048 3696 2186 3750 sumi
2214 3711 2319 3749 non
2348 3705 2625 3764 Oportere.
2657 3697 2814 3750 Multa
2845 3700 2988 3753 enim
3019 3708 3146 3753 sunt
3174 3715 3295 3770 qua:
3324 3701 3481 3757 aliter
3512 3718 3637 3770 pro-

2051 3787 2293 3841 feruntur
2325 3797 2379 3843 et
2405 3787 2766 3851 difliuiuntur,
2801 3798 2855 3843 et
2891 3790 3049 3844 aliter
3089 3793 3447 3861 accipiuntur,
3492 3806 3551 3851 ut
3589 3797 3639 3852 si

2049 3880 2172 3949 quis
2216 3879 2361 3933 dicat
2401 3879 2579 3932 album
2621 3894 2743 3933 esse
2785 3879 3023 3934 colorem
3070 3885 3222 3951 nigro
3269 3888 3629 3953 contrarium,

2053 3981 2232 4041 potest
2274 3971 2372 4024 hoc
2419 3981 2471 4024 et
2516 3971 2568 4023 iu
2614 3984 2841 4038 corpore
2880 3972 3082 4037 accipi,
3128 3966 3356 4041 namque
3396 3986 3449 4028 et
3489 3978 3641 4030 color

2056 4063 2235 4115 album
2264 4061 2479 4127 dicitur,
2503 4070 2556 4113 ct
2583 4075 2778 4129 corpus
2800 4061 2941 4129 quod
2971 4061 3095 4115 allio
3124 4063 3426 4133 participat.
3457 4064 3639 4121 albqu

2055 4154 2383 4207 numinatur.
2416 4151 2675 4219 Quocirca
2710 4166 2777 4207 ne
2809 4155 2929 4221 quis
2963 4165 3110 4223 putet
3153 4157 3260 4211 tale
3300 4157 3481 4212 album
3521 4173 3643 4214 esse

2054 4245 2337 4303 diiliuitum
2361 4286 2376 4311 ,
2413 4247 2550 4315 quod
2585 4246 2649 4299 ad
2684 4246 3140 4315 participationem
3173 4250 3279 4304 albi
3311 4260 3367 4305 et
3395 4250 3643 4317 Corporis

2058 4338 2343 4401 referatur,
2370 4339 2439 4390 ita
2471 4339 2752 4393 dicendum
2784 4349 2862 4396 est
2892 4357 2903 4392 :
2934 4343 3130 4396 Album
3159 4350 3241 4396 e~t
3264 4342 3405 4410 quod
3435 4357 3554 4394 eum
3588 4344 3643 4398 in

2057 4430 2322 4499 aliquibus
2369 4440 2488 4494 est,
2531 4439 2639 4483 tum
2682 4431 2832 4484 color
2876 4432 3026 4500 nigro
3068 4436 3421 4488 contrarium.
3466 4436 3644 4503 Atque

2063 4521 2133 4575 ita
2192 4538 2301 4574 rem
2350 4521 2517 4588 ipsam
2561 4522 2616 4573 in
2662 4537 2758 4575 sita
2805 4522 3031 4576 difliuiti:
3057 4539 3122 4577 ne
3164 4526 3458 4592 sumimus,
3502 4529 3644 4595 quod

2067 4615 2271 4667 scilicet
2302 4613 2655 4678 Aristotcles,
2699 4613 2748 4664 id
2780 4623 2857 4666 est
2889 4629 3001 4667 rem
3036 4615 3204 4682 ip~am
3237 4632 3354 4683 quae
3383 4619 3644 4671 d.lliuitur

2068 4707 2118 4758 in
2149 4703 2470 4757 dtllinilione
2510 4705 2646 4755 sumi
2691 4718 2794 4756 non
2835 4716 3120 4771 oportere,
3162 4708 3299 4760 inter
3338 4708 3647 4766 verisimilia

2069 4795 2363 4862 topicorum
2407 4793 2580 4861 posuit
2618 4808 2952 4861 argnmcnia.
2994 4796 3140 4850 Nunc
3179 4809 3355 4852 autem
3401 4812 3521 4869 post
3562 4819 3649 4855 re-

2070 4886 2351 4938 lativortun
2403 4882 2855 4953 disputationem,
2908 4887 2975 4941 ad
3022 4888 3280 4957 majorem
3322 4907 3422 4945 nos
3462 4894 3527 4945 de
3568 4892 3649 4947 his

2069 4978 2228 5031 rebus
2263 4986 2545 5029 tractatum
2578 4979 2851 5033 studiosus
2882 4979 3071 5035 doctor
3099 4982 3359 5047 Imitatur,
3388 4982 3570 5037 dicens
3596 5000 3612 5035 :

2142 5068 2384 5123 Fortasse
2414 5072 2618 5140 difﬁcile
2647 5083 2720 5125 est
2750 5072 2812 5126 de
2842 5075 3138 5143 Itujusmadi
3163 5076 3309 5129 rebus
3338 5076 3650 5144 conﬁdenter

2069 5161 2331 5214 declarare
2352 5202 2366 5227 ,
2399 5162 2498 5214 nisi
2527 5177 2662 5233 sa’pe
2693 5173 3005 5230 pertractata
3030 5166 3129 5219 sint
3148 5206 3166 5233 ,
3197 5165 3455 5219 dubitasse
3481 5174 3651 5220 autem

2066 5257 2129 5311 de
2157 5257 2234 5309 Itis
2261 5257 2475 5328 singulis
2504 5273 2607 5310 non
2630 5257 2721 5311 erit
2746 5257 2949 5311 inutile.

2144 5348 2294 5414 Quod
2359 5348 2567 5401 scilicet
2630 5363 2901 5415 nunquam
2968 5348 3205 5414 diceret,
3271 5348 3373 5403 nisi
3430 5362 3528 5403 nos
3583 5350 3652 5409 ad

2075 5438 2331 5507 majorem
2371 5438 2633 5493 acuminis
2678 5440 3115 5494 exercitationem
3145 5439 3652 5496 considerationem.

2074 5547 2178 5601 que
2221 5542 2516 5587 revocaret.
2557 5532 2709 5598 Quod
2742 5533 2993 5601 quoniam
3036 5532 3155 5599 ejus
3192 5543 3274 5587 est
3310 5534 3653 5605 adhortatio,

2078 5640 2175 5679 nos
2201 5638 2415 5695 quoque
2452 5624 2502 5677 iu
2536 5621 2657 5677 aliis
2687 5622 2755 5676 de
2786 5622 2868 5677 bis
2909 5623 3068 5676 rebus
3108 5623 3470 5682 dubitationes
3518 5627 3657 5684 solu.

2077 5716 2357 5786 tionesque
2389 5730 2587 5786 ponere
2616 5712 2838 5772 minime
2898 5710 3227 5767 ravabimur.
3256 5710 3259 5711 ⁷

2008 658 2050 709 si
2086 656 2313 710 Aineam
2343 654 2464 723 quis
2504 654 2790 708 indiflinite
2825 657 2971 708 novit
3008 659 3256 724 quoniam
3299 658 3436 711 lilius
3474 665 3588 724 est,
3670 644 3673 655 ’

3683 5826 3705 5863 1
3724 5790 3729 5801 .
