4280 6268
670 306 778 372 εδει

1890 312 2000 369 ΑΝ.
2042 308 2249 369 MANL.
2292 307 2446 366 SEV.
2490 304 2711 364 ΒΟΕΤΥΙ

3838 294 3951 354 240

1786 445 2165 549 LIBER
2226 439 2817 547 TERTIUS.
2872 552 2873 555 γ

741 838 1008 919 consueta
1041 837 1095 896 in
1134 834 1399 910 principio
1438 833 1664 906 quaestio
1701 838 1786 891 est
1822 846 1918 888 cur
1944 838 2065 902 post
2104 828 2246 886 rela-
2274 829 2332 891 Α

671 933 839 989 tionis
880 931 1355 1002 praedicamentum
1396 926 1807 996 disputationem
1849 922 2121 994 qualitatis
2163 937 2255 991 asc

668 1041 885 1095 gressus
908 1034 989 1080 est
1010 1065 1025 1090 ,
1054 1024 1194 1094 quod
1222 1023 1379 1078 nimis
1406 1021 1676 1076 curiosum
1707 1028 1809 1074 est.
1842 1008 2082 1071 Mirabile
2111 1015 2254 1069 enim

669 1116 844 1179 fuerat
886 1130 983 1171 cur
1024 1124 1142 1184 post
1186 1113 1499 1184 quantitatis
1539 1109 1781 1166 ordinem
1823 1123 1927 1161 non
1967 1106 2145 1160 statim
2187 1104 2257 1159 de

669 1209 928 1277 qualitate
953 1206 1233 1275 coepisset,
1267 1203 1363 1260 sed
1404 1203 1653 1273 quoniam
1690 1198 1971 1269 quantitati
2010 1195 2254 1266 quaedam

667 1299 947 1355 relationis
984 1297 1301 1361 admiscuit,
1348 1304 1403 1351 et
1442 1292 1855 1364 disputationem
1896 1290 1964 1345 de
1999 1288 2255 1343 relatione

667 1393 1039 1463 continuavit,
1066 1392 1269 1447 idcirco
1297 1406 1400 1445 non
1431 1400 1512 1445 est
1540 1386 1783 1443 mirabile
1807 1395 1926 1455 post
1949 1381 2253 1453 expeditam

674 1485 954 1540 relationis
986 1484 1449 1554 interpositionem
1477 1481 1542 1535 ad
1567 1480 1839 1549 qualitatis
1865 1491 1984 1531 eum
2009 1474 2256 1529 ordinem

664 1579 953 1634 revertisse
974 1618 988 1642 ,
1018 1578 1321 1647 quanqua’m
1354 1575 1514 1650 etiam
1547 1589 1611 1626 ex
1646 1571 1746 1625 hoc
1771 1582 1981 1639 quoque
2010 1575 2154 1620 recta
2185 1564 2256 1617 sit

663 1670 856 1725 series.
902 1667 1035 1723 Nam
1074 1678 1193 1738 post
1239 1680 1490 1733 magnum
1532 1676 1861 1733 parvumque
1904 1657 2084 1712 statim
2128 1670 2253 1724 pro-

663 1762 847 1831 portio
887 1770 942 1816 et
984 1759 1228 1829 quaedam
1261 1758 1325 1811 ad
1358 1755 1499 1810 aliud
1527 1753 1858 1823 comparatio
1888 1748 2251 1818 consequitur,

665 1866 725 1909 ut
754 1856 825 1911 sit
854 1862 944 1908 aut
970 1853 1142 1922 majus
1167 1861 1259 1906 aut
1284 1850 1485 1914 minus,
1514 1857 1603 1902 aut
1632 1846 1837 1916 aequale
1863 1844 1944 1898 vel
1970 1840 2249 1910 inatquale,

663 1962 784 2018 qua:
814 1957 938 2001 sunt
965 1932 1031 2000 ad
1062 1943 1287 2013 aliquid.
1323 1943 1450 1997 Post
1479 1940 1595 1995 hmo
1632 1948 1811 1994 autem
1853 1935 2055 1990 innasci
2094 1926 2256 2003 quas-

661 2051 768 2107 que
798 2051 1022 2091 necesse
1052 2046 1135 2091 est
1177 2034 1453 2103 passiones
1474 2074 1488 2098 ,
1536 2046 1655 2100 quae
1692 2045 1722 2084 a
1761 2026 2034 2097 qualitatis
2064 2032 2254 2078 natura

661 2142 774 2182 non
803 2126 1134 2196 discrepant,
1168 2136 1225 2179 ut
1249 2124 1458 2183 album.
1494 2123 1575 2177 vel
1616 2121 1856 2190 nigrum,
1895 2117 1979 2172 vel
2019 2115 2249 2170 calidum

2448 665 2518 682 ἰ

2873 824 2961 882 DE
2998 822 3417 895 QUALITATE.

2435 940 2743 1007 Qualitatem
2771 945 2938 994 autem
2971 938 3107 1007 dico,
3151 937 3430 993 secundum
3456 952 3612 1010 quam
3638 934 3814 1007 quales
3840 933 3947 1005 qui-

2361 1011 2479 1065 dam
2509 1012 2765 1065 dicuntur.

2434 1124 2529 1178 Hic
2550 1124 2812 1194 queritur
2835 1137 2932 1177 cur
2954 1122 3191 1177 omnium
3221 1122 3275 1177 in
3297 1119 3685 1191 disceptatione
3706 1116 3946 1173 demissi.

2359 1230 2477 1269 mus
2519 1224 2628 1269 tam
2670 1214 2927 1283 culpabili
2970 1215 3294 1288 qualitatem
3329 1214 3559 1268 termino
3602 1210 3942 1266 diffinitionis

2358 1304 2654 1358 incluserit.
2701 1303 3017 1359 Voleutibus
3054 1305 3197 1360 enim
3238 1305 3391 1381 nobis
3429 1304 3560 1374 quid
3597 1305 3668 1359 sit
3706 1304 3938 1375 qualitas

2361 1397 2537 1460 scire,
2572 1396 2642 1449 ita
2678 1398 3006 1464 reSpondet:
3047 1397 3278 1466 qualitas
3316 1405 3398 1452 est
3436 1396 3731 1453 secundum
3783 1411 3940 1466 quam

2360 1490 2547 1558 quales
2573 1488 2788 1558 quidam
2812 1478 3084 1544 dicuntur.
3109 1489 3251 1544 Nihil
3272 1491 3416 1546 enim
3441 1491 3616 1544 minus
3637 1489 3738 1545 erit
3757 1489 3943 1543 obscu-

2361 1580 2473 1634 rius
2499 1590 2659 1647 atque
2702 1581 3089 1650 ignorabilius.
3129 1581 3273 1652 quod
3313 1582 3422 1647 ait,
3467 1580 3757 1636 secundum
3786 1593 3944 1649 quam

2358 1672 2546 1741 quales
2575 1673 2844 1739 dicuntur,
2877 1690 3033 1744 quam
3076 1677 3120 1728 si
3158 1675 3227 1729 de
3265 1674 3380 1744 ipsa
3420 1674 3533 1728 sola
3577 1673 3832 1744 qualitate
3861 1673 3945 1727 di-

2361 1763 2547 1817 xisset.
2594 1764 2725 1818 Nam
2769 1766 2821 1819 si
2871 1766 2945 1819 illi
2982 1774 3106 1820 sunt
3142 1765 3362 1835 quales,
3393 1766 3483 1834 qui
3513 1766 3819 1835 qualitatem
3853 1764 3942 1818 112-

2358 1854 2525 1923 bent,
2562 1866 2617 1910 ut
2646 1858 2881 1912 sciantur
2907 1857 3091 1927 quales
3111 1896 3125 1922 ,
3151 1858 3299 1927 prius
3320 1856 3551 1925 qualitas
3577 1857 3942 1925 cognoscenda

2359 1956 2463 2000 est.
2496 1946 2743 2015 Amplius
2775 1962 2987 2016 quoque
3017 1946 3149 2000 nihil
3180 1946 3357 2000 differt
3384 1945 3586 2000 dixisse
3623 1959 3740 1999 eam
3773 1945 3942 2014 quali-

2360 2032 2525 2091 tatem
2568 2038 2861 2093 secundum
2888 2052 3047 2107 quam
3075 2038 3259 2105 quales
3295 2036 3507 2106 quidam
3537 2034 3808 2102 dicuntur,
3839 2044 3944 2089 tan-

2358 2143 2519 2197 quam
2563 2129 2608 2183 si
2653 2129 2861 2183 diceret
2904 2142 3021 2183 eam
3065 2143 3186 2184 esse
3228 2129 3538 2197 qualitatem
3574 2144 3692 2198 quae
3722 2127 3946 2198 qualitas

661 2218 749 2274 vel
795 2218 1080 2287 frigidum,
1123 2216 1209 2271 vel
1250 2227 1580 2285 quacunque
1625 2212 1709 2266 his
1750 2220 1873 2265 sunt
1912 2204 2247 2271 consimilia,

2355 2219 2449 2274 sit.
2478 2217 2612 2272 Nam
2645 2220 2722 2272 sic
2749 2219 3056 2289 qualitatem
3098 2218 3331 2274 ditfinire
3369 2220 3557 2273 volens
3596 2219 3710 2271 ait:
3747 2219 3947 2272 Secun—

662 2325 784 2381 qua:
826 2308 1137 2379 przedicatio
1174 2307 1451 2377 qualitatis
1489 2303 1735 2360 includit.
1769 2302 1864 2357 Est
1898 2315 2028 2355 vero
2068 2298 2254 2352 titulus

664 2403 826 2471 hujus
854 2400 1114 2471 propositi
1160 2399 1230 2455 de
1270 2398 1412 2468 quali
1455 2405 1511 2452 et
1555 2396 1623 2451 de
1666 2394 1946 2464 qualitate.
1988 2390 2257 2458 Qua‘ritur

662 2495 803 2551 enim
835 2507 933 2548 cur
961 2493 1010 2548 ei
1044 2506 1148 2547 non
1180 2500 1272 2545 aut
1300 2490 1367 2544 de
1398 2488 1543 2558 quali
1576 2487 1777 2542 dixisse
1798 2528 1813 2552 ,
1846 2496 1938 2539 aut
1977 2484 2044 2538 de
2085 2481 2256 2551 quali-

662 2595 772 2641 tate
816 2584 1132 2650 suffecerit,
1182 2581 1325 2651 quod
1369 2580 1470 2634 hoc
1516 2580 1674 2633 modo
1716 2577 1964 2632 solvitur.
2021 2574 2257 2629 Dicimus

663 2678 807 2732 enim
837 2674 995 2744 quale
1031 2686 1135 2727 non
1164 2686 1272 2725 uno
1312 2670 1471 2724 modo
1493 2711 1506 2733 ,
1539 2669 1852 2739 qualitatem
1883 2681 2021 2739 vero
2041 2665 2252 2733 simpli-

662 2767 819 2822 citer.
864 2764 1033 2834 Quale
1073 2763 1214 2819 enim
1255 2761 1483 2816 dicimus
1523 2770 1575 2814 et
1618 2759 1787 2828 ipsam
1826 2755 2173 2826 qualitatem,
2204 2763 2259 2809 et

662 2859 810 2915 illam
856 2873 973 2913 rem
1014 2872 1135 2928 quae
1178 2855 1434 2926 qualitate
1468 2853 1555 2907 illa
1600 2852 1916 2922 participat,
1968 2859 2025 2903 ttt
2065 2849 2257 2902 albedo

662 2951 876 3023 quidem
918 2950 1148 3020 qualitas
1191 2958 1309 3013 est,
1349 2947 1439 3017 qui
1485 2959 1612 2999 vero
1643 2945 1923 3014 participat
1955 2941 2256 2997 albetlinem

663 3044 816 3098 albus
848 3042 1062 3096 dicitur.
1104 3039 1210 3095 Sed
1252 3049 1308 3093 et
1342 3038 1645 3092 albedinem
1691 3037 1859 3104 ipsam
1897 3033 2256 3089 communiter

661 3137 823 3208 quale
849 3135 1077 3190 dicimus
1100 3178 1115 3203 ,
1150 3133 1201 3187 id
1240 3143 1323 3187 est
1362 3133 1530 3200 ipsam
1579 3130 1791 3200 proprie
1827 3128 2136 3198 qualitatem
2158 3168 2173 3191 ,
2202 3133 2259 3179 et

662 3229 844 3284 album
885 3227 1113 3282 dicimus
1156 3226 1349 3296 quale,
1394 3225 1525 3279 illud
1570 3223 1781 3279 scilicet
1820 3222 1960 3292 quod
2002 3221 2253 3291 superius

663 3318 1056 3389 comprehensa
1084 3318 1345 3388 qualitate
1384 3318 1691 3386 participat.
1736 3315 1811 3369 lta
1840 3329 1967 3384 ergo
1996 3324 2050 3369 et
2082 3315 2254 3384 ipsam

672 3410 987 3482 qualitatem
1018 3417 1075 3465 et
1109 3424 1222 3464 rem
1274 3423 1393 3477 qua:
1428 3406 1684 3477 qualitate
1724 3406 2005 3476 participat
2027 3448 2040 3474 ,
2078 3405 2254 3475 qualia

662 3504 1017 3560 communiter
1058 3500 1431 3572 appellamus,
1483 3500 1714 3570 qualitas
1761 3513 1889 3552 vero
1937 3497 2255 3567 simpliciter

2358 2312 2487 2366 dum
2514 2328 2672 2381 quam
2701 2314 2885 2381 quales
2911 2312 3123 2383 quidam
3152 2323 3299 2368 sunt.
3322 2313 3526 2369 Rursuts
3546 2313 3591 2368 si
3616 2315 3737 2382 quis
3764 2313 3949 2383 quales

2359 2403 2570 2473 aliquos
2600 2403 2838 2459 diffinire
2868 2404 3135 2470 voluerit,
3167 2404 3356 2460 eodem
3389 2405 3551 2459 modo
3580 2405 3763 2460 dicere
3800 2414 3949 2475 pote-

2360 2496 2465 2560 rit,
2508 2495 2596 2564 qui
2635 2497 2685 2548 in
2728 2510 2787 2551 se
2825 2496 3060 2550 retinent
3098 2496 3330 2565 aliquam
3361 2497 3696 2565 qualitatem.
3724 2495 3874 2563 Quod
3903 2497 3948 2552 si

2361 2585 2590 2657 qualitas
2618 2587 2830 2655 quidem
2860 2587 2987 2656 quid
3030 2587 3102 2642 sit
3140 2603 3233 2656 per
3261 2590 3457 2659 quale,
3500 2588 3627 2659 quid
3667 2599 3841 2645 autem
3880 2588 3948 2644 sit

2333 2677 2519 2757 quale
2547 2720 2561 2745 ,
2596 2679 2875 2746 superiore
2918 2679 3174 2748 qualitate
3204 2689 3569 2745 mOnstratur,
3614 2678 3745 2734 nihil
3776 2678 3947 2734 inter-

2361 2767 2464 2821 erit
2504 2769 2686 2824 dicere
2713 2769 3024 2837 qualitatem
3056 2784 3175 2824 esse
3200 2810 3215 2833 ,
3262 2769 3607 2838 qualitatem,
3631 2784 3789 2840 quam
3819 2784 3948 2839 qua-

2360 2859 2572 2914 litatem
2605 2876 2726 2915 esse
2747 2904 2761 2928 ,
2796 2861 3091 2917 secundum
3121 2876 3278 2932 quam
3308 2862 3496 2932 quales
3522 2861 3795 2917 dicuntur.
3840 2860 3945 2917 Sed

2361 2952 2406 3005 si
2432 2952 2681 3014 ordinata
2706 2953 2957 3008 diffinitio
2984 2954 3249 3024 generalis
3269 2962 3321 3008 et
3343 2954 3393 3008 in
3422 2954 3524 3008 hoc
3548 2955 3948 3023 generalissimo

2360 3056 2558 3111 genere
2592 3044 2715 3110 poni
2752 3045 3050 3111 potuisset,
3080 3053 3226 3100 recte
3253 3046 3539 3116 culpabilis
3566 3046 3945 3101 determinatio

2362 3133 2655 3188 videretur.
2692 3133 2842 3189 Nunc
2868 3144 3046 3190 autem
3077 3137 3273 3192 frustra
3302 3137 3664 3204 contenditur,
3693 3153 3813 3193 cum
3836 3138 3946 3207 jam

2363 3225 2385 3295 (
2408 3234 2463 3279 ut
2492 3240 2634 3294 szepe
2664 3227 2861 3282 dictum
2889 3228 3010 3299 est)
3037 3228 3419 3299 descriptionis
3448 3231 3626 3300 potius
3663 3231 3779 3287 loco
3810 3231 3950 3288 hunc

2363 3316 2647 3371 terminum
2677 3333 2834 3386 quam
2867 3319 3093 3389 alicujus
3124 3320 3462 3378 diffinitionis
3492 3323 3775 3377 addiderit.
3807 3325 3950 3390 Quo-

2361 3408 2502 3462 circa
2528 3411 2571 3461 si
2602 3408 2901 3480 designatio
2934 3418 3140 3467 tantum
3172 3412 3440 3483 quaedam,
3474 3424 3527 3469 et
3551 3412 3950 3484 quodammodo

2337 3479 2706 3555 adumbratio
2731 3479 2821 3556 rei
2865 3502 2983 3571 ejus
3024 3502 3092 3558 de
3130 3479 3235 3574 qua
3280 3479 3642 3575 quaeritur,'et
3678 3519 3782 3558 non
3812 3505 3951 3560 diffi—

663 3594 879 3651 dicitur.
925 3592 1032 3649 Res
1071 3593 1213 3648 enim
1258 3592 1371 3661 ipsa
1408 3588 1529 3661 quae
1558 3590 1862 3660 participari
1891 3597 2107 3659 potest,
2140 3589 2252 3644 sola
2282 3580 2329 3642 C
2360 3593 2494 3648 nitio
2531 3603 2614 3648 est
2642 3635 2657 3659 ,
2702 3594 2932 3649 absurda
2972 3596 3240 3651 calumnia
3278 3607 3401 3664 cst,
3445 3597 3607 3653 rebus
3652 3597 3951 3655 netioribus

580 3694 589 3704 ’
666 3687 906 3759 qualitas
942 3687 1271 3742 nominatur.
1312 3684 1419 3739 Res
1455 3698 1584 3739 vero
1616 3698 1737 3754 quae
1778 3683 2089 3752 participat,
2122 3699 2253 3752 qua-

664 3779 835 3834 litatis
859 3777 1120 3833 vocabulo
1148 3792 1253 3832 non
1290 3785 1519 3840 tenetur,
1555 3784 1612 3830 ut
1651 3775 1844 3830 albedo
1881 3775 2108 3845 qualitas
2139 3775 2258 3844 qni-

662 3870 786 3926 dem
817 3879 932 3937 est,
960 3870 1113 3943 albus
1138 3884 1267 3925 vero
1296 3869 1525 3940 qualitas
1552 3885 1660 3923 non
1691 3878 1792 3923 est.
1830 3868 2098 3922 Ditl‘erunt
2129 3882 2257 3936 ergo

660 3966 770 4022 hoc
798 3965 939 4036 quod
971 3964 1199 4035 dicimus
1231 3964 1391 4033 quale
1430 3972 1481 4018 et
1514 3963 1745 4033 qualitas
1767 4003 1780 4028 ,
1821 3963 1961 4031 quod
1993 3960 2117 4015 illud
2159 3959 2258 4013 du-

660 4056 893 4129 pliciter,
933 4057 1024 4113 illa
1068 4056 1384 4123 simpliciter
1426 4055 1745 4125 appellatur.
1788 4054 2048 4120 Quocirca
2088 4068 2258 4123 quan-

665 4166 829 4221 quam
866 4151 1083 4221 quidam
1124 4159 1319 4220 negent
1351 4149 1492 4204 hunc
1522 4150 1728 4204 titulum
1769 4147 2067 4203 Aristotelis
2102 4159 2252 4212 esse,

663 4244 913 4315 idemque
942 4244 1263 4299 confirment
1294 4244 1592 4313 posteriore
1618 4242 1923 4310 adjectione
1953 4244 2243 4308 signatum,

666 4352 764 4393 nos
794 4346 972 4391 tamen
1008 4334 1236 4390 dicimus
1276 4343 1502 4403 propter
1536 4333 1821 4403 quamdam
1864 4332 2139 4384 nominum
2182 4330 2257 4383 si-

668 4427 1025 4483 militudinem
1053 4424 1528 4481 demonstrandam
1567 4434 1852 4492 utrumque
1891 4423 2164 4491 posuisse,
2200 4431 2258 4475 ttt

666 4518 801 4572 nihil
847 4516 1050 4572 distare
1092 4515 1338 4569 videatur
1377 4524 1553 4569 utrum
1596 4514 1753 4584 quale
1796 4527 1861 4567 an
1902 4512 2166 4581 qualitas,
2205 4510 2256 4566 id

670 4608 814 4679 quod
854 4609 1158 4678 appositum
1196 4616 1279 4662 est
1314 4607 1784 4677 praedicamentum
1820 4606 2056 4671 dicatur;
2100 4604 2257 4675 quale

671 4701 816 4757 enim
850 4702 1017 4771 ipsam
1045 4700 1330 4770 aliquoties
1359 4714 1471 4754 rem
1505 4698 1595 4770 (ut
1621 4697 1886 4768 diximus)
1918 4699 2256 4769 qualitatem-

664 4809 768 4861 quc
813 4794 1100 4860 significat.
1145 4794 1227 4850 Sit
1268 4809 1395 4862 ergo
1435 4809 1499 4846 ex
1546 4793 1705 4847 rebus
1750 4802 1961 4861 sumpta
2008 4789 2257 4844 diffinitio

664 4881 954 4952 qualitatis.
978 4883 1131 4947 Quod
1164 4900 1291 4937 vero
1322 4887 1533 4951 inquam
1567 4882 1938 4937 dittinitionetn
1963 4926 1977 4949 ,
2012 4882 2259 4952 quodque

2338 3702 2450 3765 res
2483 3687 2777 3757 ignotiores
2807 3688 3118 3757 probantem
3147 3705 3253 3745 non
3283 3700 3406 3746 ante
3434 3700 3715 3761 perspecta
3749 3690 3951 3747 descri-

2361 3778 2560 3848 ptionis
2589 3780 2798 3834 ratione
2824 3781 3061 3850 culpare.
3097 3782 3229 3836 Illud
3261 3793 3440 3838 autem
3470 3785 3589 3855 quis
3616 3784 3821 3840 dubitet
3847 3799 3950 3839 no-

2360 3869 2524 3925 tiores
2553 3886 2672 3926 esse
2700 3887 2795 3926 eos
2820 3874 2908 3942 qui
2940 3873 3127 3942 quales
3157 3883 3312 3941 sunt,
3339 3875 3426 3929 illa
3459 3876 3570 3944 ipsa
3599 3890 3661 3930 ex
3690 3891 3793 3945 qua
3821 3890 3950 3945 qua~

2360 3961 2439 4017 les
2487 3962 2737 4017 dicuntur
2777 3963 3054 4033 qualitate,
3112 3974 3169 4018 ut
3199 3965 3428 4035 quilibet
3467 3967 3623 4021 albus
3660 3966 3839 4021 notior
3867 3974 3950 4022 est

2362 4054 2475 4122 ipsa
2501 4046 2783 4109 albedinc?
2804 4046 2931 4109 Nam
2961 4057 3005 4109 si
3035 4056 3228 4111 albedo
3255 4059 3485 4128 qualitas
3508 4070 3621 4125 est,
3648 4059 3799 4114 albus
3822 4073 3948 4113 vero

2362 4148 2428 4200 ab
2472 4147 2755 4212 albe’dine,
2791 4148 2842 4202 id
2881 4158 2963 4203 est
3016 4163 3044 4201 a
3084 4150 3380 4219 qualitate,
3425 4152 3801 4223 denominatus
3839 4159 3945 4216 est,

2362 4239 2516 4293 albus
2558 4240 2658 4293 erit
2696 4239 2867 4309 qualis
2911 4242 3215 4297 nominatus
3257 4243 3325 4299 ab
3366 4243 3613 4298 albcdine
3662 4244 3943 4311 qualitate.

2361 4332 2511 4399 Quod
2536 4333 2601 4399 si,
2629 4341 2688 4386 ut
2733 4333 2931 4389 dictum
2969 4344 3073 4402 est,
3125 4337 3304 4391 notior
3347 4335 3496 4390 albus
3544 4343 3627 4390 est
3664 4334 3944 4400 albedinc,

2360 4424 2531 4494 qualis
2564 4425 2741 4478 notior
2768 4426 2873 4479 erit
2899 4427 3188 4497 qualitate,
3221 4428 3361 4482 sicut
3389 4426 3772 4497 grammaticus
3802 4440 3946 4496 quo-

2362 4532 2465 4586 que
2490 4517 2667 4572 notior
2687 4529 2767 4573 est
2789 4522 3153 4589 grammatica.
3173 4521 3563 4577 Grammaticus
3580 4536 3793 4593 quoque
3816 4536 3946 4591 qua-

2366 4610 2432 4665 lis
2459 4618 2544 4665 est
2573 4610 2977 4682 denominatus,
3006 4615 3212 4670 scilicet
3238 4632 3267 4670 a
3294 4616 3640 4686 grammatica
3669 4614 3942 4685 qualitate.

2362 4703 2550 4760 Omnia
2597 4707 2737 4761 enim
2786 4723 2904 4777 qua:
2963 4709 3210 4764 sensibus
3261 4710 3502 4778 subjecta
3558 4717 3683 4763 sunt
3737 4708 3945 4761 notiora

2362 4807 2487 4851 sunt
2534 4799 2686 4854 nobis
2735 4815 2894 4870 quam
2944 4815 3006 4854 ea
3057 4816 3176 4870 quae
3225 4802 3477 4855 sensibus
3526 4814 3633 4855 non
3674 4806 3946 4854 tenentur.

2364 4891 2537 4957 Quare
2580 4893 2709 4959 nihil
2751 4893 2976 4963 impedit
3018 4893 3416 4949 describentem
3457 4902 3511 4949 et
3554 4889 3948 4962 quodammodo

661 4975 913 5043 ευρθτίυε
943 4974 995 5027 in
1029 4973 1149 5027 aliis
1194 4986 1407 5042 (ιιιοίιιιθ
1436 4974 1873 5042 Ρΐωάίείιῐηθηῑῖδ
1895 5015 1908 5039 ,
1943 4975 2132 5028 θοάοω
2164 4988 2250 5028 διι-
2277 4969 2332 5030 Ῑ)
2360 4992 2606 5039 naturam
2640 4983 2718 5038 rei
2746 4984 2863 5053 ejus
2891 4983 2960 5039 de
2986 5000 3087 5054 qua
3130 4986 3390 5056 qumritur
3423 4984 3790 5054 designantem
3812 5022 3828 5050 ,
3863 4997 3948 5037 res

666 5078 786 5118 mus
826 5062 907 5117 usi
946 5063 1245 5131 vocabulo,
1288 5060 1464 5115 nullus
1501 5062 1789 5117 arbitretur
1823 5062 2125 5131 generalem
2162 5080 2251 5136 me

664 5156 1037 5212 tliffiuitionem
1075 5154 1320 5209 voluisse
1360 5154 1609 5223 signare,
1655 5155 1747 5208 sed
1788 5154 2120 5208 difiinitionis
2156 5171 2251 5208 no-

666 5264 793 5304 men
840 5249 899 5319 in
923 5263 1035 5304 rem
1066 5245 1441 5313 descriptionis
1466 5244 1711 5312 accipiat.
1762 5245 1817 5299 In
1853 5245 1934 5298 his
1959 5245 2100 5299 enim
2131 5260 2249 5314 qua:

664 5340 1068 5409 generalissima
1097 5353 1295 5409 genera
1322 5348 1480 5404 sunt,
1523 5335 1773 5391 diffinitio
1811 5336 1973 5408 qumri
2013 5353 2116 5390 non
2157 5337 2250 5391 dc-

663 5434 788 5499 bet,
816 5433 910 5488 sed
941 5432 1229 5501 descriptio
1258 5431 1500 5500 quaedam
1534 5440 1738 5483 natura:
1761 5415 1783 5493 ,’
1809 5444 1914 5483 non
1960 5427 2101 5482 enim
2147 5443 2245 5497 po-

664 5535 768 5580 test
798 5525 1021 5580 inveniri
1052 5525 1299 5578 dil'finitio
1326 5523 1439 5593 ejus
1488 5524 1563 5577 rei
1608 5538 1730 5592 qua:
1771 5536 1938 5592 genus
1980 5522 2094 5589 ipsa
2139 5523 2243 5590 sit,

662 5625 717 5671 et
755 5630 871 5687 qua:
908 5631 1075 5684 genus
1115 5618 1316 5670 nullum
1358 5615 1572 5671 habeat.
1616 5616 1874 5681 Quocirca
1919 5612 2000 5665 his
2046 5629 2244 5681 propo-

661 5706 811 5769 sitis,
858 5716 1018 5777 atque
1059 5718 1214 5764 antea
1254 5710 1591 5779 constitutis,
1642 5708 2002 5780 incipiendum
2048 5716 2132 5762 est
2176 5706 2244 5763 de

661 5796 940 5873 qualitate.

2360 5076 2657 5145 ignotiores
2685 5077 2985 5133 notioribus
3015 5080 3335 5147 approbare.

2430 5164 2525 5217 Est
2555 5175 2721 5220 autem
2743 5168 2966 5236 qualitas
2989 5184 3157 5221 eorum
3178 5183 3292 5236 qua:
3314 5165 3656 5237 multipliciter
3677 5166 3943 5235 dicuntur,

2357 5263 2405 5309 et
2431 5272 2531 5309 una
2553 5257 2759 5325 quidem
2782 5258 2973 5323 species
2995 5258 3255 5336 qualitatis
3282 5256 3479 5310 habitas
3506 5264 3554 5308 et
3578 5257 3844 5327 dispositio
3867 5256 3948 5308 di-

2357 5347 2507 5399 citur.
2556 5346 2743 5415 Di/I'ert
2782 5356 2952 5401 autem
2977 5348 3181 5401 habitus
3212 5364 3243 5399 a
3273 5346 3637 5418 dispositione,
3666 5346 3806 5416 quod
3834 5360 3948 5414 per-

2360 5440 2641 5493 manentior
2670 5449 2714 5494 et
2743 5440 3037 5493 diuturnior
3068 5447 3161 5493 est.
3200 5438 3349 5492 Tales
3375 5449 3545 5492 autem
3578 5446 3693 5492 sunt
3724 5437 3948 5490 scientia

2355 5537 2401 5581 et
2427 5530 2670 5595 virtutes;
2703 5531 2917 5583 scientia
2946 5517 3082 5582 enim
3110 5530 3309 5583 videtur
3338 5546 3445 5583 esse
3473 5528 3875 5599 pet-manentium
3901 5534 3949 5579 et

2351 5636 2526 5673 eorum
2555 5635 2665 5687 qua:
2695 5619 2989 5689 difﬁcillime
3015 5629 3345 5684 moveantur,
3371 5621 3416 5673 si
3436 5620 3552 5690 quis
3583 5622 3661 5672 vel
3683 5615 3947 5669 mediocri-

2349 5718 2425 5765 ter
2454 5720 2619 5765 sumat
2650 5712 2947 5779 scientiam,
2982 5712 3078 5765 nisi
3105 5711 3239 5783 forte
3268 5710 3479 5782 grandis
3509 5705 3817 5778 permutatio
3849 5708 3943 5776 fa-

2350 5814 2437 5859 cta
2460 5802 2524 5859 sit
2540 5844 2555 5875 ,
2579 5801 2654 5858 vel
2676 5800 2736 5859 ab
2755 5801 3059 5877 egritudine
3082 5841 3097 5875 ,
3123 5803 3201 5861 vel
3224 5801 3287 5859 ab
3313 5802 3487 5876 atiquo
3506 5793 3827 5876 hujttsmodi.
3860 5793 3949 5857 Sis
