4280 6268
357 371 454 435 241

1323 365 1391 423 ΙΝ
1428 362 1865 424 CATEGORIAS
1903 354 2352 424 ARISTOTELIS
2390 364 2519 422 LIB.
2561 364 2644 423 Ill.

3523 376 3629 431 24%

353 490 549 548 utiliter
579 491 753 541 autem
790 481 840 539 Et
875 482 1064 548 virtus,
1104 487 1158 533 ut
1187 479 1392 550 justitia
1423 490 1469 533 et
1506 480 1871 551 temperantia,
1900 488 1947 533 et
1976 480 2027 541 Α
2057 481 2461 551 perntanentior
2489 490 2571 536 est
2594 522 2608 545 ,
2641 481 2690 534 in
2723 481 2905 537 habitu
2930 491 3009 537 est
3031 528 3045 553 ,
3075 484 3167 541 ille
3196 499 3326 541 vero
3357 485 3443 555 qui
3476 485 3630 543 facile

279 568 308 615 '-'
355 579 569 652 singula
600 577 780 631 talium
802 589 901 627 non
924 573 1155 625 videntur
1175 586 1319 641 posse
1341 569 1495 640 facile
1517 570 1755 633 amoveri,
1785 584 1944 638 neque

356 670 513 743 facile
538 664 838 737 permutari.
861 662 1165 730 A/I'ectiones
1186 676 1303 715 vero
1327 660 1569 713 dicuntur
1590 675 1703 726 qua:
1721 670 1838 713 sunt
1860 663 1940 728 fa-

358 760 459 815 cile
484 757 691 813 mobiles
720 765 767 810 et
794 756 893 809 cito
921 752 1306 825 permutabiles,
1334 760 1389 804 ut
1412 750 1551 805 calor
1580 760 1627 804 et
1659 751 1936 823 frigidius,

356 850 557 907 sanitas
593 858 639 902 et
668 845 919 919 aegritudo
940 886 956 912 ,
988 853 1035 897 et
1064 842 1170 896 alia
1201 842 1519 914 hujusmodi.
1550 840 1777 909 A/ﬁcitur
1800 842 1938 894 enim

356 941 494 993 circa
521 954 606 992 eas
631 936 778 988 homo
799 933 1197 1003 quodantmodo,
1224 934 1419 1001 citoque
1438 940 1777 1001 permutatur,
1803 939 1849 984 et
1874 947 1937 984 ea:

356 1029 525 1082 calido
551 1027 769 1096 frigidus
790 1025 880 1094 ﬁt,
905 1034 953 1078 et
973 1040 1035 1078 ea:
1053 1023 1268 1079 sanitate
1290 1023 1343 1076 in
1363 1022 1712 1094 tegritttdinem
1734 1023 1932 1077 transit.

357 1117 603 1174 Similiter
622 1121 793 1168 autem
815 1114 869 1167 in
891 1113 1032 1180 aliis,
1057 1113 1158 1167 nisi
1181 1114 1313 1183 forte
1336 1113 1387 1165 in
1414 1112 1490 1166 his
1513 1127 1709 1182 quoque
1739 1112 1936 1165 contin-

355 1220 439 1284 gat
459 1219 666 1282 propter
686 1208 929 1278 temporis
958 1206 1329 1277 longitudinem
1354 1206 1407 1258 in
1430 1212 1668 1257 naturam
1692 1206 1935 1275 cujusque

355 1302 655 1372 transferri,
687 1309 744 1354 ut
772 1296 1075 1353 insanabilis
1097 1337 1113 1361 ,
1150 1297 1232 1350 vel
1274 1295 1478 1366 diﬂicile
1516 1294 1717 1348 mobilis
1756 1296 1939 1349 existat

353 1392 599 1463 allectus,
631 1407 779 1463 quem
800 1392 915 1459 jam
944 1387 1152 1459 quilibet
1180 1386 1525 1439 habitudinem
1552 1392 1709 1438 vocet.

432 1508 691 1576 Proponit
736 1501 1049 1573 qualitatem
1098 1498 1469 1569 multipliciter
1511 1497 1656 1563 dici,
1697 1512 1816 1568 quae
1855 1512 1940 1553 res

356 1599 526 1656 traxit
549 1597 758 1667 aliquos
785 1595 841 1650 in
867 1606 1102 1649 errorem
1124 1635 1139 1660 ,
1169 1600 1229 1646 ut
1255 1592 1335 1647 eis
1364 1589 1596 1658 suspicio
1625 1598 1940 1645 nasceretur

354 1689 703 1750 Aristotelem
734 1686 957 1742 credere
985 1683 1293 1754 qualitatem
1340 1682 1605 1751 :equivoce
1648 1681 1933 1736 nominari.

356 1783 489 1840 Nam
512 1781 559 1835 si
581 1778 758 1834 omnis
784 1773 1142 1846 tequivocatio
1167 1772 1532 1841 multipliciter
1556 1771 1770 1838 dicitur,
1803 1787 1940 1842 quas

2050 575 2318 643 p’Tlllll‘US
2352 583 2436 628 est
2458 614 2474 639 ,
2506 574 2557 627 in
2618 573 2928 642 affectione,
2959 577 3027 629 ita
3053 578 3182 633 nihil
3236 578 3377 633 aliud
3409 579 3629 637 interest

2050 664 2192 719 inter
2242 664 2482 719 habitum
2533 673 2695 734 atque
2742 666 3171 735 dispositionem.
3214 670 3344 724 Nam
3383 673 3627 741 quamvis

2047 754 2453 825 permanentior
2486 756 2556 809 sit
2586 756 2797 811 habitus
2817 798 2831 822 ,
2866 757 3023 813 facile
3048 775 3179 814 vero
3203 761 3417 817 mobilis
3440 763 3625 832 dispo-

2046 846 2170 900 sitio
2191 888 2203 910 ,
2234 861 2339 900 non
2371 846 2470 900 nisi
2499 854 2704 901 tantum
2741 846 3083 903 diuturnitate
3120 848 3371 905 differunt
3413 867 3621 922 perina-

2047 936 2228 992 nendi.
2265 937 2414 993 Unde
2448 938 2503 992 fit
2533 948 2593 992 ut
2619 953 2814 1009 genere
2844 948 2897 994 et
2928 940 3107 1010 specie
3134 940 3347 997 habitus
3374 957 3405 995 a
3434 942 3618 1013 dispo-

2044 1027 2238 1084 sitione
2280 1044 2385 1085 non
2424 1028 2711 1100 discrepet.
2754 1032 3015 1100 Quocirca
3058 1039 3205 1088 recte
3246 1047 3364 1103 quas
3394 1049 3620 1092 numero

2045 1118 2161 1173 solo
2189 1118 2498 1186 distabant,
2527 1135 2632 1176 non
2664 1123 2843 1191 specie
2870 1122 2969 1178 sub
2997 1122 3152 1178 unius
3179 1124 3377 1193 speciei
3415 1139 3619 1180 nuncu-

2048 1208 2271 1278 patione
2306 1217 2531 1279 utraque
2571 1218 2696 1265 sunt
2735 1212 2803 1266 ab
2844 1210 3134 1268 Aristotele
3167 1213 3438 1284 proposita
3462 1258 3477 1284 ,
3520 1212 3621 1270 sed

2046 1311 2134 1357 est
2162 1301 2351 1358 horum
2382 1303 2595 1374 propria
2635 1302 2969 1369 differentia,
3010 1305 3151 1377 quod
3190 1305 3401 1362 habitus
3428 1306 3624 1362 diutis-

2047 1394 2181 1450 sime
2213 1404 2589 1464 permanentes
2620 1395 2999 1465 dispositiones
3025 1406 3172 1453 sunt.
3205 1398 3493 1469 Dispositio
3519 1414 3619 1456 au-

2048 1491 2154 1539 tem
2186 1483 2340 1539 facile
2372 1483 2583 1539 mobilis
2633 1484 2879 1552 habitus,
2925 1487 3019 1543 sed
3060 1488 3102 1542 si
3145 1488 3335 1543 horum
3376 1490 3619 1560 exempla

2044 1591 2344 1646 quteramus
2367 1618 2382 1643 ,
2411 1576 2526 1632 haec
2554 1587 2809 1648 poterunt
2839 1580 3087 1635 inveniri.
3119 1580 3469 1637 Habitudines
3493 1590 3619 1637 sunt

2042 1676 2102 1721 ut
2135 1676 2278 1723 artes
2302 1710 2316 1735 ,
2356 1668 2691 1739 disciplinae,
2734 1671 2979 1727 virtutes.
3026 1671 3156 1729 Nam
3192 1688 3281 1729 ars
3322 1688 3428 1729 non
3460 1674 3618 1731 facile

2040 1758 2252 1813 mobilis
2276 1759 2489 1814 videtur
2513 1769 2569 1815 et
2587 1760 2887 1818 diutissime
2907 1773 3204 1834 permanet.
3230 1765 3341 1822 [loc
3361 1766 3503 1821 enim
3525 1781 3615 1823 ars

359 1875 479 1931 litas
504 1882 680 1929 autem
713 1868 1008 1926 secundum
1039 1865 1379 1921 Aristotelem
1410 1865 1522 1935 ipsa
1548 1879 1761 1935 quoque
1790 1865 1931 1918 mul-
1962 1846 2011 1908 Β
2038 1855 2153 1923 ipsa
2192 1850 2481 1909 ῐηεάἷιθιιιι·
2522 1865 2579 1909 ιιι
2615 1872 2712 1910 “iu
2751 1865 2909 1927 atque
2948 1859 3326 1914 exercitatione
3368 1875 3473 1915 non
3516 1874 3617 1930 pe-

361 1968 612 2036 tipliciter
650 1962 967 2033 appellatur,
1014 1956 1311 2015 secundum
1353 1956 1698 2012 Aristotelem
1740 1970 1935 2012 nomen

358 2057 632 2131 qualitatis
655 2055 981 2124 aequivocum
1010 2060 1114 2108 est.
1142 2050 1252 2106 Nos
1277 2065 1406 2105 vero
1436 2050 1772 2106 defendimus
1800 2051 1937 2105 mul-

362 2149 621 2221 tipliciter
655 2146 793 2212 dici,
837 2158 956 2201 esse
995 2157 1105 2199 non
1146 2157 1251 2197 una
1301 2149 1506 2196 tantum
1550 2140 1938 2211 signiﬁcatione

358 2222 647 2301 nominari.
698 2238 900 2293 Dicitur
941 2236 1087 2293 enim
1129 2234 1329 2306 aliquid
1376 2232 1743 2302 multipliciter
1788 2231 1933 2295 dici,

360 2351 478 2393 cum
519 2343 575 2390 et
611 2333 885 2402 aaquivoce
926 2330 1144 2399 dicitur,
1187 2338 1237 2384 et
1279 2327 1495 2383 diverso
1535 2324 1693 2381 modo
1730 2323 1799 2379 de
1829 2325 1939 2379 suis

360 2426 635 2499 speciebus
660 2422 1035 2493 multipliciter
1058 2419 1401 2492 prmdicatur.
1434 2418 1500 2473 Et
1529 2417 1829 2471 communis
1858 2422 1941 2471 est

360 2516 632 2588 multiplex
677 2514 1000 2584 appellatio,
1048 2512 1208 2566 etiam
1246 2511 1300 2564 itt
1339 2508 1422 2564 his
1472 2506 1778 2563 nominibus
1818 2520 1937 2575 quae

360 2609 517 2666 veluti
544 2620 743 2678 genera
774 2605 843 2660 de
872 2602 1152 2674 speciebus
1181 2601 1454 2665 dicuntur,
1483 2600 1630 2654 velut
1666 2598 1936 2668 aequivoca

362 2701 427 2757 de
455 2699 727 2769 subjectis.
753 2695 993 2766 Namque
1018 2704 1073 2749 et
1096 2693 1291 2748 animal
1320 2691 1692 2761 multipliciter
1720 2690 1931 2745 dicitur.

358 2790 487 2847 Nam
529 2791 575 2846 si
617 2789 802 2845 multa:
848 2787 957 2842 sint
1001 2786 1208 2855 species
1264 2798 1384 2854 quae
1424 2780 1641 2837 animali
1680 2781 1936 2850 subjecta:

359 2890 510 2947 sunt,
534 2881 707 2953 ipsum
729 2892 940 2950 quoque
960 2874 1328 2946 multipliciter
1349 2871 1743 2944 quodammodo
1765 2871 1937 2927 nomi-

360 2982 532 3029 natur.
564 2972 726 3028 lstam
764 2977 939 3024 autem
973 2966 1471 3036 multiplicationem
1493 3005 1508 3031 ,
1539 2979 1650 3019 non
1677 2963 1743 3018 ad
1772 2963 1937 3034 tequi-

360 3065 689 3121 vocationem
716 3062 965 3119 retulisse
992 3059 1334 3117 Aristotelem
1357 3098 1371 3123 ,
1402 3057 1496 3113 sed
1524 3057 1782 3126 potiusut
1809 3070 1936 3125 qua-

362 3159 566 3218 litatem
608 3173 772 3229 genus
813 3171 935 3212 esse
976 3160 1339 3226 proponeret,
1379 3151 1467 3205 illa
1510 3164 1599 3205 res
1637 3156 1929 3212 monstrat,

2042 1954 2177 2001 reat.
2220 1947 2350 2012 Quis
2385 1947 2528 2001 enim
2564 1957 2645 2002 est
2684 1950 2774 2019 qui
2811 1950 2989 2006 sciens
3027 1960 3176 2007 recte
3210 1953 3616 2021 grammaticam

2042 2035 2187 2090 nulla
2225 2036 2277 2090 vi
2326 2038 2719 2094 interveniente
2761 2040 3038 2095 validioris
3077 2042 3342 2112 passionis
3389 2042 3618 2098 amisit!

2042 2125 2237 2181 Fertur
2265 2127 2405 2181 enim
2435 2128 2647 2197 quidam
2678 2142 2922 2184 summus
2949 2139 3134 2188 orator
3177 2133 3491 2203 egritudine
3529 2134 3618 2190 le-

2043 2215 2332 2287 bribusque
2360 2217 2646 2286 decoctus,
2680 2235 2892 2275 omnem
2924 2221 3218 2278 litterarum
3248 2224 3489 2281 amisisse
3519 2225 3618 2282 do-

2044 2306 2270 2361 ctrinam
2291 2347 2306 2372 ,
2340 2306 2393 2362 in
2422 2307 2541 2362 aliis
2570 2324 2700 2364 vero
2729 2313 2890 2365 rebus
2927 2326 3091 2368 sanus
3132 2329 3196 2369 ac
3230 2314 3330 2370 sibi
3368 2325 3620 2374 constans

2042 2402 2097 2449 et
2124 2396 2176 2449 in
2207 2396 2351 2450 omni
2383 2412 2442 2452 re
2472 2408 2690 2468 vegetus
2720 2402 3100 2469 permansisse.
3148 2404 3435 2475 Disciplina
3484 2422 3618 2479 quo«

2042 2500 2147 2555 que
2192 2486 2356 2541 etiam
2399 2490 2509 2557 ipsa
2551 2500 2633 2543 est
2672 2490 2725 2544 in
2767 2494 3160 2560 permutatione
3199 2496 3452 2554 difficilis.
3486 2500 3619 2568 Quis

2040 2578 2183 2634 enim
2210 2580 2387 2636 sciens
2414 2581 2757 2652 lriangulum,
2786 2583 2995 2641 duobus
3020 2587 3239 2644 directis
3264 2591 3490 2661 angulis,
3512 2599 3621 2649 tres

2040 2669 2324 2726 interiores
2365 2672 2570 2728 similes
2613 2673 2810 2731 habere
2852 2679 3109 2748 angulos,
3162 2680 3299 2737 hanc
3338 2684 3616 2742 scientiam

2041 2769 2240 2828 printer
2269 2761 2377 2816 vim
2410 2761 2501 2833 (ut
2529 2762 2729 2818 dictum
2757 2766 2869 2834 est)
2910 2767 3144 2824 fortioris
3184 2772 3450 2840 passionis
3482 2778 3620 2833 ami-

2041 2850 2153 2903 sit?
2178 2850 2417 2906 Virtutes
2437 2866 2649 2922 quoque
2673 2855 2725 2908 in
2751 2856 2939 2911 eodem
2968 2873 3165 2927 genere
3193 2864 3449 2929 ponendas
3471 2877 3617 2924 sunt.

2044 2939 2224 2995 Virtus
2251 2943 2395 2997 enim
2429 2944 2531 2997 nisi
2572 2946 2792 3002 difficile
2833 2951 3107 3007 mutabilis
3145 2967 3249 3007 non
3292 2964 3408 3022 est,
3444 2972 3620 3029 neque

2043 3033 2188 3088 enim
2216 3034 2355 3105 quod
2386 3036 2551 3090 semel
2574 3036 2716 3105 juste
2753 3037 2955 3107 judicat
2978 3040 3155 3109 justus
3179 3052 3264 3098 est
3283 3085 3299 3109 ,
3332 3060 3505 3116 neque
3529 3050 3620 3118 qui

2042 3126 2210 3179 semel
2252 3125 2571 3180 adulterium
2613 3126 2758 3197 facit,
2808 3138 2891 3184 est
2920 3130 3159 3197 adulter,
3211 3134 3305 3189 sed
3352 3149 3473 3191 cum
3516 3136 3619 3195 ista

362 3249 503 3322 quod
545 3217 654 3313 δεῖ,
687 3256 741 3303 et
773 3260 872 3301 una
913 3217 1126 3315 quidem
1170 3217 1379 3312 species
1418 3239 1685 3311 qualitatis
1724 3238 1936 3293 habitus
1964 3224 2010 3289 C
2042 3217 2288 3322 Vf"_‘"l'~°5
2314 3217 2678 3322 οοείιαιίίήίιυεξ
2706 3223 3079 3322 βεξωθηεϐῇῑο
3120 3224 3437 3322 AristOIeles
3474 3229 3621 3322 enim

366 3340 679 3409 allectioque
703 3337 919 3394 dicitur.
963 3334 1096 3390 Nam
1130 3335 1219 3403 qui
1248 3332 1480 3403 speciem
1509 3331 1633 3385 dicit
1662 3345 1781 3386 esse
1809 3345 1938 3399 qua-

364 3431 519 3489 litatis
568 3430 808 3485 habitum
859 3436 916 3484 et
966 3425 1342 3489 affectionem,
1390 3422 1507 3494 quis
1557 3437 1679 3477 eum
1727 3421 1937 3476 dubitet

365 3524 529 3594 ipsam
575 3521 893 3594 qualitatem
940 3518 1048 3572 vim
1094 3516 1342 3570 obtinere
1388 3513 1603 3585 generis
1650 3512 1937 3566 arbitrari?

363 3613 468 3672 Cur
495 3629 623 3672 vero
660 3612 790 3670 dicit
832 3625 991 3665 unatn
1032 3608 1264 3679 speciem
1307 3621 1425 3662 esse
1466 3605 1773 3675 qualitatis,
1816 3621 1937 3660 cum

367 3708 605 3778 geminas
627 3704 991 3777 proposuerit,
1016 3700 1378 3756 habitudinem
1402 3699 1607 3755 scilicet
1627 3707 1682 3754 et
1700 3698 1938 3753 affectio-

367 3815 526 3865 nem,
556 3796 837 3869 quicritur.
872 3793 1002 3850 Nam
1029 3794 1074 3848 si
1117 3807 1278 3846 unum
1322 3791 1568 3860 idemque
1613 3789 1683 3844 sit
1726 3789 1940 3844 habitus

372 3897 429 3946 et
456 3888 703 3952 alfcrtlo,
746 3885 1011 3954 superflua
1048 3892 1127 3939 est
1165 3882 1398 3953 ejusdem
1440 3881 1516 3936 rei
1557 3880 1779 3950 repetita
1822 3895 1943 3945 t-ro-

370 3979 603 4050 positio,
637 3977 719 4032 sin
750 3989 879 4032 vero
919 3973 1194 4040 differant,
1238 3971 1403 4043 quare
1441 3970 1687 4026 ditl‘erant
1726 3971 1944 4025 investi-

369 4070 605 4143 gandum
635 4075 739 4124 est.
776 4068 984 4122 Genere
1012 4065 1153 4141 enim
1184 4080 1249 4121 ne
1279 4065 1513 4132 distent,
1555 4062 1642 4116 illa
1684 4077 1770 4119 res
1808 4078 1943 4132 prte-

370 4163 551 4228 venit,
579 4159 722 4233 quod
757 4169 979 4229 utraque
1007 4156 1107 4213 sub
1151 4158 1404 4227 qualitate
1433 4154 1726 4209 constituit.
1759 4153 1944 4208 Restat

369 4272 495 4328 ergo
524 4265 582 4311 ut
608 4262 702 4310 aut
734 4252 914 4323 specie
952 4251 1298 4319 discrepent,
1338 4257 1431 4302 aut
1469 4262 1731 4310 numero;
1775 4246 1868 4302 sed
1899 4246 1945 4300 si

374 4348 548 4418 specie
575 4346 979 4414 discreparent,
1014 4356 1119 4396 non
1151 4342 1217 4395 ab
1243 4339 1533 4395 Aristotele
1560 4355 1658 4409 pro
1687 4353 1789 4392 una
1819 4352 1943 4405 spe-

372 4443 455 4496 cie
486 4420 826 4509 ponerentur.
860 4435 1145 4505 Reliquum
1172 4444 1255 4487 est
1282 4432 1440 4498 igitur
1466 4447 1525 4486 ea
1554 4448 1724 4500 neque
1750 4444 1948 4501 genere

376 4542 558 4601 neque
577 4531 753 4600 specie
781 4528 996 4583 differre
1017 4570 1032 4592 ,
1066 4526 1159 4580 sed
1191 4539 1433 4579 numero.
1468 4524 1691 4578 llabitus
1718 4536 1947 4593 namque

2042 3308 2268 3367 virtutes
2296 3324 2401 3364 non
2429 3319 2579 3378 putat
2601 3310 2856 3367 scientias
2874 3353 2891 3379 ,
2914 3322 2974 3369 ut
2995 3312 3265 3383 Socrates,
3292 3318 3385 3373 sed
3409 3318 3620 3377 habitus

2043 3403 2095 3457 in
2131 3402 2331 3457 Ethicis
2360 3403 2472 3457 suis
2501 3418 2621 3460 esse
2648 3403 2905 3460 declarat.
2949 3406 3210 3474 Quocirca
3250 3415 3461 3468 constat
3499 3426 3624 3469 esse

2044 3493 2255 3548 habitus
2308 3494 2571 3551 stabiliter
2617 3506 3027 3565 permanentes,
3079 3499 3405 3574 difficileque
3450 3513 3623 3561 muta-

2043 3583 2215 3651 biles,
2250 3585 2362 3640 ‘ltoc
2401 3592 2605 3640 tantum
2646 3598 2905 3658 excepto,
2949 3599 3007 3645 ut
3049 3604 3153 3646 non
3194 3605 3288 3648 eas
3328 3594 3409 3649 vis
3447 3594 3623 3666 aliqua

2045 3676 2219 3744 major
2263 3677 2490 3746 alicujus
2532 3680 2945 3749 permutationis
2990 3682 3230 3753 impellat
3267 3693 3321 3740 et
3357 3685 3622 3744 destruat.

2044 3768 2357 3825 Atlectionis
2379 3785 2505 3825 vero
2528 3772 2735 3840 species
2757 3782 2914 3842 sunt,
2937 3783 2996 3830 ut
3019 3776 3295 3834 calefactio
3318 3787 3479 3851 atque
3505 3797 3624 3851 per-

2047 3862 2220 3918 frictio
2242 3903 2255 3927 .
2289 3878 2342 3918 et
2373 3864 2637 3932 aegritudo
2665 3873 2825 3935 atque
2853 3868 3053 3921 sanitas
3075 3910 3090 3935 ,
3122 3884 3243 3925 cum
3270 3872 3338 3926 ad
3369 3887 3462 3928 eas
3490 3889 3625 3946 quo-

2047 3952 2333 4007 dammodo
2362 3954 2430 4007 sit
2456 3953 2617 4008 homo
2643 3954 2933 4025 dispositus
2960 3967 3119 4027 atque
3143 3959 3387 4025 affectus,
3414 3977 3519 4016 non
3552 3972 3626 4019 ta-

2050 4060 2173 4098 men
2208 4044 2610 4097 immutabiliter
2640 4054 2727 4097 aut
2754 4046 2946 4102 caloris
2974 4048 3283 4116 qualitatem
3314 4049 3509 4105 habeat
3534 4064 3627 4110 aut

2048 4136 2295 4206 frigoris,
2334 4135 2473 4190 sicut
2512 4151 2611 4192 nec
2649 4147 2910 4208 perpetuo
2940 4139 3181 4201 sanitatis
3233 4150 3323 4196 aut
3366 4153 3628 4212 perpetuo

2050 4220 2573 4298 mgritudiuiszuin
2607 4231 2767 4284 etiam
2808 4230 2853 4286 si
2892 4247 2995 4303 qua
3034 4240 3159 4288 sunt
3195 4249 3314 4305 quae
3354 4249 3447 4304 per
3484 4234 3629 4306 longi

2051 4324 2305 4391 temporis
2346 4322 2719 4393 aegritudinem
2763 4326 3081 4396 corporibus
3115 4326 3520 4382 immutabiliter
3548 4328 3628 4383 in-

2050 4415 2333 4479 durantur,
2367 4425 2425 4469 ιιι
2453 4432 2513 4470 ea
2541 4416 2651 4486 jam
2694 4416 2746 4471 in
2789 4429 3031 4474 naturam
3073 4420 3468 4488 quodammodo
3505 4436 3627 4477 cor-

2054 4507 2197 4577 poris
2228 4506 2492 4576 cujusquc
2524 4506 2869 4572 transierint,
2910 4517 2965 4562 ut
3006 4508 3051 4562 si
3088 4510 3207 4579 quis
3245 4522 3529 4578 percussus
3554 4515 3629 4568 ci-

374 4593 651 4696 αεεροείιίο
682 4623 822 4678 idem
853 4629 937 4675 ρει
962 4619 1256 4676 secundum
1288 4620 1521 4691 speciem
1548 4661 1562 4684 ν
1590 4619 1682 4673 sed
1724 4633 1949 4673 ηιηηριιο
1976 4593 2030 4654 D
2056 4597 2307 4651 catt-icem
2348 4594 2506 4696 faciat
2544 4594 2927 4661 insanabilem,
2961 4595 3039 4651 illi
3082 4610 3149 4650 ex
3188 4597 3537 4661 dispositione
3574 4608 3629 4656 et

376 4726 579 4773 tantum
637 4724 693 4770 et
740 4714 954 4784 propria
1012 4711 1240 4781 quadam
1293 4712 1548 4781 qualitate
1603 4710 1947 4765 dissentiunt.

370 4807 784 4878 Dispositioncm
841 4818 968 4858 vero
1008 4803 1297 4860 indiscrete
1341 4804 1483 4858 idem
1532 4804 1669 4871 quod
1709 4804 1948 4858 affectio-

380 4914 500 4953 nem
528 4912 684 4953 voco.
714 4896 846 4951 Nam
878 4896 1015 4950 sicut
1038 4895 1287 4951 Socrates
1326 4910 1354 4948 a
1400 4894 1623 4949 Platone
1661 4895 1788 4948 nihil
1832 4895 1951 4965 qui-

374 4993 492 5049 dem
537 4991 827 5047 secundum
873 4991 1040 5058 ipsam
1084 4988 1430 5043 humanitatis
1471 4988 1707 5057 speciem
1748 4986 1950 5041 (ἣξει-ου

378 5092 463 5152 pat
482 5125 497 5145 ,
536 5082 646 5137 sola
679 5090 853 5137 tamen
880 5081 1111 5150 propria:
1140 5094 1387 5148 personae
1418 5079 1671 5148 qualitate
1700 5077 1951 5147 disjttncti

372 5182 532 5239 sunt,
565 5174 633 5229 ita
666 5187 878 5244 quoque
901 5170 1182 5241 dispositio
1212 5182 1370 5241 atque
1394 5170 1625 5236 habitus,
1652 5184 1750 5223 nec
1774 5170 1952 5238 potius

371 5266 476 5321 ltoc
502 5265 660 5321 modo
690 5265 926 5329 distant;
958 5263 1052 5318 sed
1083 5260 1531 5333 quemadmodum
1564 5260 1679 5328 ipse
1704 5260 1953 5314 Socrates

371 5357 498 5412 dum
529 5365 676 5413 esset
703 5356 990 5423 parvulus,
1033 5362 1157 5423 post
1201 5367 1330 5407 vero
1370 5352 1664 5420 pubescens
1709 5366 1738 5403 a
1778 5351 1956 5419 seipso

367 5449 625 5513 distabat,
660 5446 852 5501 eodem
882 5460 1095 5516 quoque
1122 5444 1283 5500 modo
1314 5444 1527 5498 habitus
1557 5450 1610 5497 et
1640 5442 1914 5508 dispositio
1941 5461 1953 5495 :

365 5553 605 5610 namque
636 5537 848 5591 habitus
894 5536 1044 5590 firma
1086 5546 1171 5591 est
1208 5535 1523 5604 dispositio,
1565 5531 1774 5587 alTeCIio
1814 5532 1958 5586 infir-

367 5647 491 5691 mus
530 5638 615 5686 est
655 5626 873 5682 habitus
895 5665 910 5691 ,
939 5636 999 5679 ιιι
1025 5626 1471 5696 quemadmodum
1503 5624 1661 5676 distat
1692 5623 1841 5677 albus
1871 5637 1959 5677 co-

370 5728 454 5784 lor
478 5725 547 5782 ab
578 5723 703 5778 albo
734 5719 948 5785 colore,
979 5720 1023 5774 si
1056 5721 1107 5774 iu
1142 5720 1343 5790 pictura
1375 5719 1461 5773 hic
1489 5716 1703 5788 quidem
1748 5732 1956 5787 perma-

371 5827 529 5881 neat.
563 5816 653 5873 ille
682 5826 818 5871 vero
844 5811 1024 5867 statim
1056 5810 1321 5880 periturus
1350 5811 1452 5881 sit,
1485 5809 1585 5867 nisi
1618 5807 1755 5881 quod
1795 5808 1839 5883 is
1866 5809 1957 5878 qui

2056 4687 2338 4741 affectione
2377 4684 2592 4754 quidam
2623 4685 2791 4738 factus
2822 4695 2903 4739 est
2933 4687 3162 4743 habitus.
3193 4690 3451 4755 Quocirca
3481 4701 3629 4753 recte

2057 4780 2253 4833 dictum
2284 4786 2369 4833 est
2398 4777 2777 4846 dispositiones
2808 4778 3132 4835 inveteratas
3174 4780 3381 4837 habitus
3431 4784 3626 4843 facere.

2055 4872 2186 4928 Nam
2218 4887 2338 4926 cum
2371 4870 2617 4941 quaelibet
2646 4871 2923 4941 dispositio
2963 4888 3280 4942 permanens
3317 4884 3371 4932 et
3410 4879 3637 4940 difficile.

2056 4963 2268 5019 mobilis
2298 4964 2436 5019 facta
2463 4963 2558 5029 sit,
2590 4963 2676 5018 illa
2702 4962 2812 5032 jam
2844 4979 2949 5021 non
2974 4965 3253 5036 dispositio
3278 4977 3371 5023 aut
3394 4970 3628 5037 affectio,

2057 5054 2151 5110 sed
2178 5054 2391 5110 habitus
2420 5055 2689 5109 vocandus
2720 5064 2820 5110 est.

2130 5158 2457 5229 Manifestum
2476 5167 2550 5210 est
2579 5168 2747 5211 autem
2775 5159 3017 5228 quoniam
3042 5161 3152 5214 haec
3177 5160 3351 5215 volunt
3376 5161 3633 5215 Itabt'tttdi.

2058 5268 2144 5305 nes
2172 5251 2446 5315 nominari,
2475 5265 2587 5318 quia
2615 5260 2732 5303 sunt
2754 5251 3079 5304 diuturniora
3106 5262 3153 5305 et
3174 5253 3373 5325 difficile
3401 5253 3631 5310 mobilia.

2058 5344 2364 5414 Namquein
2390 5342 2674 5410 disciplinis
2700 5359 2799 5396 non
2829 5342 3044 5396 multum
3073 5344 3341 5396 retinentes
3367 5345 3455 5396 sed
3482 5346 3633 5414 facile

2060 5438 2283 5499 mobiles,
2318 5451 2417 5487 non
2447 5435 2685 5486 dicuntur
2709 5434 2931 5486 habitum
2958 5432 3160 5497 habere,
3185 5436 3413 5505 quamvis
3441 5440 3539 5491 sint
3565 5439 3635 5492 ad

2059 5526 2352 5593 disciplinas
2382 5527 2526 5594 pejus
2554 5525 2630 5576 vel
2652 5525 2827 5576 melius
2848 5523 3102 5594 dispositi.
3141 5526 3311 5592 Quare
3340 5526 3510 5594 diﬂ’ert
3539 5530 3636 5583 Ita-

2060 5622 2191 5673 bitus
2219 5636 2248 5670 a
2277 5617 2623 5688 dispositione,
2646 5618 2784 5684 quod
2812 5617 2905 5671 ItOc
2931 5616 3133 5685 quidem
3161 5618 3314 5689 facile
3334 5620 3516 5676 mobile
3539 5634 3634 5690 est,

2058 5711 2188 5765 illud
2218 5726 2333 5763 vero
2359 5707 2647 5761 diuturnius
2671 5716 2716 5758 et
2747 5709 2949 5779 difﬁcile
2973 5709 3175 5767 mobile.

2138 5802 2361 5858 Habitus
2392 5814 2509 5857 csse
2537 5798 2820 5871 qualitates
2848 5800 3062 5860 difﬁcile
3092 5801 3319 5865 mobiles
3347 5811 3403 5866 et
3426 5804 3632 5876 diutor.
