4280 6268
577 220 609 254 ι

628 331 733 395 245

1826 332 1937 391 ΑΝ.
1977 336 2185 391 MANL.
2228 338 2379 396 δεῖν.
2422 345 2644 402 ΒΟΕΤΙΙ

3777 351 3885 409 ευ

627 438 849 512 nissime
876 461 1251 523 permanentes
1272 453 1377 510 hoc
1396 463 1711 527 argumento
1731 456 2034 527 confirmat,
2060 460 2200 529 quod
2230 464 2281 523 Α
2308 477 2577 530 nunquam
2606 463 2670 516 ad
2702 479 2761 518 ea
2796 465 3084 534 dispositus
3108 468 3199 522 fuit
3224 468 3435 537 aliquis,
3464 468 3553 536 qui
3584 467 3754 522 adhuc
3779 486 3883 527 non

626 560 718 601 eos
763 546 957 615 quibus
980 546 1236 616 quaelibet
1262 548 1484 601 scientia
1532 548 1786 611 traditur,
1820 548 1865 603 si
1894 550 1960 602 ab
1986 550 2066 606 eis
2096 568 2202 605 non

623 638 836 694 fortiter
858 638 1184 707 addiscatur,
1207 640 1325 709 ejus
1348 641 1422 694 rei
1447 656 1603 709 quam
1627 641 1837 696 discunt
1859 643 2094 697 habitum
2119 660 2203 698 re-

623 730 795 785 tinere
818 744 925 785 non
947 731 1194 785 dicimus.
1216 731 1316 797 Qui
1336 732 1477 785 enim
1508 732 1709 787 litteras
1734 733 1945 788 discens
1965 735 2201 791 nondum

620 820 801 875 Soluto
823 835 984 875 cursu
1020 823 1286 876 sermonis
1306 860 1321 883 ,
1350 821 1440 874 sed
1468 822 1767 891 syllabatim
1805 824 2200 892 quodammodo

622 919 783 981 atque
807 912 1059 967 intercise
1105 926 1197 980 per
1236 912 1557 981 imperitiam
1590 913 1799 984 legerit,
1833 930 1953 969 eum
1981 917 2196 984 quidem

622 1005 936 1074 dispositum
958 1019 1079 1059 esse
1108 1014 1268 1072 atque
1292 1006 1538 1060 affectum
1569 1006 1795 1061 dicimus
1819 1008 1887 1062 ad
1918 1010 2194 1066 scientiam

619 1098 939 1159 litterarum,
969 1111 1075 1150 non
1102 1107 1276 1151 tamen
1301 1098 1477 1152 adhuc
1508 1098 1652 1151 illum
1679 1097 1914 1152 habitum
1946 1101 2193 1157 retinere.

620 1190 799 1257 Quare
828 1189 967 1244 idem
995 1204 1207 1259 quoque
1250 1200 1333 1245 est
1374 1192 1424 1244 in
1464 1191 1582 1244 aliis
1614 1191 1792 1245 rebus.
1820 1192 2017 1247 Omnes
2053 1195 2195 1249 enim

619 1284 925 1354 quicunque
942 1282 1007 1337 ad
1031 1282 1261 1350 aliquam
1284 1298 1397 1336 rem
1420 1283 1685 1351 dispositi,
1712 1283 1830 1353 ejus
1851 1285 1927 1338 rei
1949 1300 2055 1353 qua
2075 1296 2200 1341 sunt

617 1375 797 1439 aliquo
822 1373 982 1428 modo
1002 1373 1197 1436 affecti,
1224 1388 1329 1427 non
1353 1372 1657 1427 diuturnam
1681 1375 1732 1427 in
1755 1389 1815 1429 se
1832 1377 2193 1443 receptioiietn

616 1469 838 1535 habent,
868 1481 961 1521 eos
989 1466 1054 1520 ad
1084 1466 1226 1520 illam
1258 1481 1370 1520 rem
1403 1465 1693 1532 diSpositos
1716 1468 1928 1536 quidem
1961 1483 2081 1523 esse
2110 1484 2197 1524 ar-

615 1564 896 1627 bitramur,
923 1559 1161 1615 habitum
1203 1573 1335 1614 vero
1378 1559 1576 1614 habere
1602 1575 1705 1615 non
1742 1561 1997 1617 dicimus.
2031 1562 2197 1619 Recte

613 1656 775 1727 igitur
802 1653 1013 1707 habitus
1034 1653 1339 1706 diuturnior
1362 1661 1415 1707 et
1454 1654 1882 1721 permanentior,
1916 1656 2195 1724 dispositio

614 1759 742 1799 vero
777 1743 932 1800 facile
960 1744 1174 1799 mobilis
1203 1758 1377 1813 neque
1422 1744 1776 1814 perdurabilis
1807 1746 1875 1801 ab
1902 1746 2193 1805 Aristotele

614 1837 950 1905 preponitur.
1943 1846 1971 1865 “

683 1926 819 1982 Sunt
836 1938 1005 1979 autem
1032 1924 1234 1980 habitus
1262 1926 1414 1980 etiam
1436 1926 1814 1993 dispositioncs,
1834 1930 2193 1998 dispositiones

611 2032 725 2074 vero
750 2034 854 2073 non
903 2034 1105 2074 necesse
1142 2030 1214 2072 est
1248 2018 1453 2072 habitus
1490 2035 1626 2084 esse,
1666 2021 1754 2088 qui
1800 2022 1935 2075 enim
1978 2027 2194 2079 retinent

610 2112 813 2165 habitus
828 2120 876 2165 et
899 2108 1276 2179 quodammodo
1292 2110 1526 2177 dispositi
1541 2120 1657 2163 sunt
1678 2125 1770 2180 per
1789 2127 1895 2179 eos,
1916 2116 2003 2184 qui
2023 2126 2191 2171 autem

610 2202 847 2272 dispositi
870 2210 988 2255 sunt
1013 2216 1117 2254 non
1142 2201 1347 2253 omnino
1374 2202 1590 2254 retinent
1622 2202 1871 2257 habitum.

679 2294 888 2352 Sensus
912 2292 1126 2362 quidem
1175 2292 1296 2345 talis
1322 2301 1436 2354 est,
1483 2293 1624 2361 quod
1662 2295 1837 2349 omnis
1886 2296 2191 2367 quicunque

607 2387 805 2444 habeat
836 2384 1093 2448 habitum,
1123 2382 1285 2437 habet
1310 2397 1523 2451 quoque
1562 2384 1613 2437 in
1657 2385 1846 2438 eodem
1875 2385 2055 2440 babitu
2079 2387 2190 2442 dis-

606 2478 951 2551 positionem.
1004 2475 1061 2531 Si
1097 2474 1217 2544 quis
1245 2489 1375 2529 vero
1399 2474 1593 2529 habeat
1619 2475 2046 2544 dispositionem.
2080 2493 2185 2532 non

605 2583 827 2627 necesse
853 2572 925 2625 sit
967 2584 1090 2625 eum
1122 2572 1283 2625 etiam
1316 2569 1549 2625 habitum
1595 2572 1846 2626 retinere.
1878 2573 2097 2628 Habitus
2121 2576 2188 2629 ab

604 2663 855 2720 habendo
881 2663 1057 2719 dictus
1084 2674 1186 2718 cst.
1220 2664 1421 2717 Idcirco
1456 2661 1598 2730 quod
1628 2663 1696 2716 ab
1723 2664 1901 2732 aliquo
1931 2666 2184 2720 immuta-

604 2752 788 2812 biliter
810 2755 896 2809 vel
925 2753 1145 2809 difficile
1184 2752 1586 2808 immutabiliter
1616 2754 1891 2821 habeatur,
1928 2767 1980 2808 ut
2010 2757 2183 2823 glauci

605 2847 778 2912 oculi,
809 2847 893 2902 vel
921 2846 1145 2901 adunca:
1188 2860 1378 2911 nares,
1411 2845 1494 2898 vel
1538 2844 1766 2915 alicujus
1804 2846 1933 2901 ariis
1964 2848 2185 2903 scientia

604 2946 765 3005 atque
790 2938 1055 3000 doctrina,
1087 2951 1207 3006 qua;
1243 2935 1290 2991 si
1314 2935 1432 3004 quis
1461 2935 1672 3000 habeat,
1703 2937 1863 2991 etiam
1894 2937 2187 3006 dispositus

604 3029 672 3085 ad
695 3044 757 3084 ea
777 3043 899 3084 esse
911 3028 1127 3083 dicitur.
1146 3030 1199 3084 Si
1221 3030 1342 3097 quis
1356 3036 1533 3081 autem
1551 3028 1844 3097 dispositus
1863 3028 1931 3082 ad
1953 3030 2183 3095 aliquam

602 3132 717 3178 rem
739 3122 826 3186 sit,
858 3135 963 3174 non
994 3136 1115 3176 eum
1147 3134 1369 3175 necesse
1396 3128 1479 3175 est
1499 3120 1660 3174 etiam
1690 3119 1925 3175 habitum
1957 3120 2181 3186 habere,

605 3221 661 3269 ut
684 3214 728 3267 si
764 3216 882 3282 quis
924 3213 1276 3284 negligentiae
1303 3223 1522 3277 onertus
1551 3211 1732 3280 algOre
1751 3213 2039 3281 quatiatur,
2069 3213 2181 3267 dis-

602 3302 808 3373 positus
851 3302 1062 3371 quidem
1108 3312 1233 3357 tunc
1270 3303 1337 3357 ad
1380 3301 1542 3371 frigus
1586 3310 1689 3365 est.
1721 3317 1826 3356 non
1858 3313 2032 3357 tamen
2064 3304 2181 3370 eius

600 3395 797 3450 retinet
841 3393 1097 3449 habitum.
1132 3392 1353 3449 Videtur
1380 3402 1557 3448 autem
1584 3395 1827 3448 eamdem
1873 3395 2178 3450 similitudio

601 3498 726 3542 nem
749 3498 968 3541 servare
994 3500 1178 3556 genus.
1215 3485 1346 3541 Nam
1376 3501 1545 3557 genus
1573 3487 1799 3554 amplius
1830 3488 2173 3555 praedicatur,

600 3585 653 3633 et
680 3576 981 3647 ubicunque
1008 3578 1214 3648 species
1242 3578 1332 3646 sit,
1365 3593 1488 3631 mox
1510 3591 1722 3646 quoque
1743 3591 1935 3630 nomen
1963 3579 2178 3647 generis

596 3676 797 3741 praesto
821 3680 924 3727 est.
953 3670 1053 3727 Ubi
1079 3681 1259 3726 autem
1282 3671 1350 3725 sit
1370 3684 1558 3741 genus.
1591 3686 1698 3723 non
1725 3670 1996 3725 necessari
2020 3691 2030 3719 ι
2059 3684 2178 3739 spe-

600 3764 701 3819 ciei
727 3765 1041 3819 vocabulum
1068 3763 1432 3834 consequitur,
1452 3772 1510 3816 ut
1531 3761 1575 3816 si
1596 3762 1716 3831 quis
1740 3771 1824 3816 est
1845 3764 2026 3827 homo,
2049 3777 2173 3817 eum

599 3861 796 3915 animal
829 3876 947 3916 esse
979 3875 1193 3917 necesse
1220 3870 1324 3917 est.
1354 3860 1409 3917 Si
1435 3861 1552 3931 quis
1574 3866 1656 3915 est
1681 3860 1904 3925 animal,
1928 3875 2033 3915 nou
2065 3869 2177 3916 sta-

599 3953 692 4006 tim
726 3951 884 4005 homo
913 3951 1127 4008 dicitur.
1159 3954 1421 4019 Quocirca
1450 3967 1572 4006 cum
1602 3951 1861 4021 quidquid
1901 3960 1982 4005 est
2020 3951 2172 4007 babi-

598 4055 705 4110 tus,
741 4044 1017 4114 dispositio
1039 4047 1125 4109 sit,
1148 4045 1401 4113 quidquid
1425 4044 1707 4113 dispositio
1734 4059 1838 4098 non
1864 4044 2081 4097 omnino
2104 4045 2174 4099 sit

599 4138 830 4201 habitos,
868 4138 1073 4191 videtur
1110 4152 1278 4203 genus
1302 4150 1422 4189 esse
1445 4135 1712 4204 quoddam
1742 4133 1957 4189 habitus
1984 4136 2172 4202 dispo-

598 4229 737 4293 sitio,
758 4227 849 4281 sed
872 4226 1000 4279 illud
1031 4229 1225 4289 verius,
1251 4225 1340 4278 ubi
1366 4227 1591 4278 intentio
1617 4235 1701 4279 est
1723 4234 1883 4293 atque
1903 4229 2170 4293 remissio,

605 4332 773 4388 genus
802 4314 1127 4379 intentionis,
1152 4315 1522 4370 remissionem
1550 4329 1672 4370 eSse
1701 4332 1805 4369 non
1836 4331 2009 4383 posse.
2038 4318 2170 4372 Nam

598 4410 735 4464 sicut
761 4412 811 4464 in
842 4424 906 4465 eo
946 4409 1085 4480 quod
1114 4418 1196 4465 est
1238 4408 1414 4463 allium
1459 4417 1513 4463 et
1544 4408 1710 4479 magis
1757 4408 1973 4473 album,
2003 4413 2174 4480 magis

597 4503 700 4555 albi
724 4518 892 4573 genus
920 4503 1096 4557 album
1136 4516 1257 4557 esse
1289 4519 1391 4555 non
1423 4511 1618 4570 potest,
1663 4502 1803 4555 idem
1832 4517 2062 4572 namque
2089 4512 2173 4559 est

596 4594 771 4648 album
794 4604 846 4648 et
872 4594 1040 4663 magis
1066 4595 1265 4655 album,
1294 4594 1393 4647 nisi
1419 4591 1555 4646 forte
1571 4594 1708 4661 quod
1734 4593 1846 4645 sola
1870 4592 2175 4662 discrepant

598 4685 913 4754 intentione,
966 4687 1104 4757 quod
1137 4688 1305 4755 magis
1338 4686 1516 4739 album
1548 4684 1777 4753 quadam
1808 4685 1963 4753 quasi
1995 4688 2170 4742 inten-

602 4777 749 4829 tione
805 4788 1193 4845 augmentoque
1247 4780 1440 4831 crescit
1492 4785 1651 4845 atque
1707 4778 2031 4848 porrigitur,
2091 4780 2172 4835 sic

598 4870 759 4921 etiam
783 4865 993 4920 habitus
1018 4878 1175 4934 atque
1197 4870 1473 4936 dispositio
1489 4884 1610 4922 cum
1635 4870 1773 4923 idem
1797 4872 1923 4937 sint,
1946 4883 2173 4941 utraque

600 4960 710 5012 Sola
740 4957 992 5011 dill'ertmt
1019 4958 1333 5022 intentione,
1361 4960 1501 5028 quod
1523 4964 1732 5016 auctior
1754 4963 2166 5032 quodammodo,

597 5050 1002 5104 etincretnento
1043 5050 1271 5119 quodam
1319 5054 1716 5119 permanentior
1743 5055 2048 5123 firmiorque
2088 5064 2172 5109 est

595 5144 808 5197 habitus
836 5142 1216 5211 dispositione;
1247 5146 1491 5210 quocirca
1523 5144 1800 5213 dispositio
1830 5144 2041 5200 habitus
2072 5161 2166 5215 ge-

596 5251 695 5289 nus
727 5250 833 5290 non
863 5244 966 5302 est,
995 5235 1181 5312 eodem
1230 5250 1439 5304 quoque
1485 5237 1644 5290 modo
1678 5252 1773 5289 nec
1802 5236 2170 5303 dispositionis

593 5330 821 5397 species,
854 5327 1088 5383 habitus.
1113 5326 1220 5384 Sed
1247 5344 1385 5382 nunc
1406 5327 1621 5395 quidam
1652 5326 1723 5381 ita
1744 5338 1824 5383 est
1855 5328 2085 5394 habitus,
2114 5336 2172 5382 ut

594 5436 699 5475 non
732 5435 828 5489 per
853 5420 1253 5491 dispositionem
1283 5420 1550 5484 creverit,
1582 5434 1755 5488 neque
1801 5435 1895 5487 per
1934 5420 2168 5490 aliquam

592 5513 830 5569 nondum
857 5515 1154 5570 durabilem
1185 5516 1493 5584 qualitatem
1532 5513 1597 5569 ad
1634 5514 1927 5584 perfectum
1957 5516 2168 5571 venerit

589 5614 821 5670 statum,
880 5614 938 5661 ut
984 5617 1066 5662 est
1115 5608 1228 5663 nasi
1272 5608 1545 5675 curvitas,
1586 5607 1667 5662 vel
1722 5607 1935 5661 ctecitas
1986 5608 2167 5661 oculo-

593 5709 741 5757 rum,
783 5696 826 5746 si
866 5696 1040 5751 subita
1076 5699 1215 5753 facta
1244 5698 1335 5751 sit.
1364 5698 1487 5755 Hch
1538 5697 1681 5755 enim
1718 5698 1787 5751 ab
1830 5698 1945 5765 ipso
1986 5697 2164 5750 habitu

592 5780 735 5841 nulla
764 5785 1103 5852 praecedente
1130 5789 1479 5855 dispositione
1505 5796 1786 5857 cmperunt
1810 5803 1824 5850 ;
1858 5790 1992 5844 forte
2022 5790 2164 5843 cnim

2310 555 2553 609 haberm.
2588 558 2690 611 Alii
2725 573 2851 611 vero
2881 559 3091 613 habitus
3124 558 3414 614 intentione
3456 562 3587 617 liunt
3620 570 3773 631 atque
3800 563 3881 615 iii-

2308 648 2641 702 veteratione
2670 650 3068 716 dispositionis,
3108 661 3255 706 utea
3301 669 3419 721 quae
3450 655 3499 707 in
3542 655 3745 709 artibus
3787 654 3889 710 do-

2306 738 2603 807 ctrinisque
2627 752 2923 795 versantur.
2950 742 3106 797 Prius
3126 745 3265 797 enim
3291 745 3407 813 quis
3425 744 3488 799 ad
3512 761 3577 800 ea
3594 747 3884 815 dispositus

2305 836 2409 890 est,
2428 838 2547 896 post
2568 844 2697 884 veto
2720 831 2957 885 habitum
2983 833 3143 901 capit,
3168 835 3266 887 alia
3293 850 3419 887 vero
3436 851 3539 888 non
3565 838 3881 905 intentione,

2306 919 2400 973 sed
2429 919 2657 988 quadam
2692 922 3081 988 permulatiOne
3110 924 3173 975 ad
3199 922 3433 978 habitum
3452 924 3691 990 veniunt,
3723 932 3781 979 ut
3802 927 3881 982 lac

2304 1011 2445 1080 quod
2476 1026 2544 1065 ex
2576 1012 2773 1081 liquido
2816 1012 3064 1081 deﬁgitur
3095 1024 3147 1068 et
3186 1016 3512 1082 caustipatur
3544 1016 3596 1068 in
3628 1032 3879 1084 caseum,

2306 1111 2361 1155 et
2388 1103 2566 1156 vinum
2598 1104 2737 1171 quod
2775 1119 2839 1158 ex
2868 1104 3006 1158 dulci
3056 1115 3216 1172 atque
3246 1121 3337 1159 sua
3371 1108 3419 1159 vi
3452 1106 3502 1160 in
3533 1103 3741 1160 acidum
3780 1125 3880 1178 gu-

2304 1201 2445 1246 stum
2474 1208 2828 1263 saporemque
2856 1196 3215 1262 convertitur;
3240 1211 3413 1265 neque
3434 1197 3575 1251 enim
3605 1197 3722 1267 plus
3754 1207 3879 1253 tunc

2306 1284 2485 1337 vinum
2517 1293 2601 1339 est
2634 1301 2791 1354 quam
2822 1286 2918 1340 fuit
2946 1297 3069 1341 ante
3099 1304 3217 1341 cum
3247 1300 3387 1344 esset
3418 1303 3599 1354 suave,
3634 1290 3726 1344 sed
3753 1292 3877 1345 cum

2306 1375 2531 1444 quadam
2567 1380 2955 1443 permutatione
2981 1379 3033 1432 in
3060 1378 3218 1433 aliam
3267 1380 3574 1448 qualitatem
3606 1380 3876 1435 habitudi-

2298 1480 2528 1534 nemque
2551 1476 2943 1539 transgressum
2965 1480 3065 1522 esu
3093 1470 3168 1522 Ac
3194 1470 3261 1523 de
3284 1471 3452 1538 prima
3471 1470 3687 1539 quidem
3710 1470 3877 1541 quali-

2302 1560 2423 1610 tatis
2451 1557 2630 1625 specie
2658 1556 2986 1613 sufticienter
3015 1568 3097 1613 est
3122 1560 3340 1615 dictum.

2372 1650 2529 1703 Aliud
2571 1666 2685 1704 vero
2716 1668 2872 1722 genus
2898 1652 3157 1722 qualitatis
3184 1663 3289 1718 est,
3319 1653 3597 1707 secundum
3619 1656 3754 1724 quod
3776 1662 3846 1726 pit
3864 1684 3876 1696 -

2301 1734 2564 1811 gillatores
2590 1746 2666 1797 vel
2696 1760 2955 1807 cursores,
2993 1741 3070 1797 vel
3107 1744 3332 1799 salubres
3370 1743 3448 1798 vel
3488 1745 3773 1800 insalubres
3798 1748 3876 1801 di-

2224 1864 2274 1931 B
2300 1836 2489 1901 cimus,
2517 1846 2565 1889 et
2606 1836 2902 1904 simpliciter
2939 1851 3246 1905 qua’cunqne
3294 1839 3569 1890 secundum
3602 1841 3875 1907 patentium

2299 1928 2583 1981 naturalem
2624 1930 2699 1981 vel
2740 1928 3084 1996 impotentiam
3130 1927 3392 1981 dicuntur.
3430 1928 3549 1982 Non
3589 1930 3719 1983 enim
3745 1946 3875 1999 quo-

2297 2018 2433 2069 niam
2457 2027 2573 2069 sunt
2598 2016 2831 2087 dispositi
2866 2018 3038 2088 aliqua
3066 2019 3246 2085 modo,
3280 2020 3674 2091 unumquodque
3694 2019 3873 2091 hujus-

2296 2112 2434 2162 modi
2462 2109 2669 2173 dicitur,
2698 2112 2787 2163 scd
2816 2112 2951 2179 quod
2974 2106 3156 2163 habent
3195 2120 3345 2181 poten
3368 2112 3471 2163 iam
3492 2108 3776 2164 naturalem
3798 2115 3877 2166 vei

2294 2200 2641 2265 impotentiam
2679 2199 2846 2268 facere
2889 2201 3132 2268 quiddam
3181 2201 3333 2269 facile
3360 2198 3438 2252 vel
3484 2200 3616 2255 nihil
3648 2204 3754 2273 pati
3777 2243 3791 2269 ,
3816 2208 3873 2257 ut

2296 2295 2627 2364 pugillatores
2658 2295 2733 2347 vel
2761 2309 2993 2347 cursores
3015 2293 3276 2356 dicuntur,
3300 2302 3400 2346 non
3422 2293 3558 2362 quod
3577 2297 3678 2347 sint
3698 2297 3873 2367 dispo-

2294 2384 2379 2436 siti
2405 2386 2578 2453 aliquo
2614 2384 2786 2450 modo,
2818 2387 2906 2438 sed
2933 2384 3069 2455 quod
3099 2384 3319 2438 habeant
3357 2387 3630 2453 potentiam
3661 2396 3871 2442 natura-

2297 2477 2394 2530 lem
2438 2482 2531 2528 Iioc
2556 2474 2707 2545 facile
2755 2478 2996 2545 faciendi.
3032 2476 3274 2533 Salubres
3302 2486 3472 2532 autem
3510 2479 3775 2545 dicuntur,
3810 2498 3871 2536 eo

2294 2563 2432 2633 quod
2472 2564 2691 2618 habeant
2734 2577 3006 2634 potentiam
3044 2570 3347 2634 naturalem,
3378 2578 3430 2621 ut
3456 2568 3585 2623 nihil
3606 2587 3637 2623 o
3661 2572 3869 2641 quibus-

2294 2654 2412 2708 libet
2460 2655 2804 2709 arcidentibus
2836 2655 2987 2725 facile
3015 2664 3309 2728 patiantur,
3342 2658 3624 2713 insalubres
3665 2676 3781 2715 vero
3810 2676 3871 2715 eo

2293 2746 2431 2813 quod
2461 2747 2677 2801 habeant
2701 2749 3048 2819 impotentiam
3076 2751 3359 2806 naturalem
3378 2767 3477 2807 non
3505 2753 3657 2822 facile
3674 2758 3868 2824 patiens

2291 2840 2366 2894 di.
2398 2840 2652 2896 Similiter
2678 2855 2847 2895 autem
2879 2845 2958 2897 his
3002 2853 3046 2897 et
3076 2844 3231 2899 molle
3266 2855 3311 2898 ct
3342 2846 3527 2899 duram
3567 2863 3621 2901 se
3650 2848 3865 2911 habent,

2287 2932 2476 2985 durum
2503 2934 2638 2986 enim
2676 2933 2864 2986 dicitur
2894 2935 3013 3005 quia
3057 2934 3237 2989 habeat
3282 2938 3559 3006 potentiam
3588 2950 3687 2992 non
3719 2942 3867 3009 facile

2286 3022 2471 3087 secari,
2502 3022 2657 3075 molle
2694 3038 2809 3076 vero
2838 3025 2979 3094 quod
3007 3025 3187 3079 habeat
3232 3024 3461 3095 ejusdth
3512 3030 3673 3099 ipsius
3701 3031 3865 3101 impos

2290 3116 2521 3168 tentiam.

2357 3209 2655 3263 Secundam
2680 3224 2808 3263 vero
2834 3209 3069 3278 speciem
3101 3202 3374 3281 qualitatis
3397 3222 3519 3270 eSSe
3542 3229 3867 3271 commemo-

2289 3310 2400 3365 rat,
2432 3316 2549 3369 qua!
2576 3316 2642 3355 ex
2673 3301 2898 3372 quadam
2930 3303 3158 3357 naturali
3186 3308 3424 3374 potentia
3452 3307 3869 3377 impotentiaque

2286 3391 2596 3460 proveniat;
2626 3392 2725 3446 hoc
2751 3401 2926 3448 autem
2960 3393 3269 3465 bujusmodi
3299 3408 3400 3463 est,
3432 3408 3485 3450 nt
3506 3412 3627 3453 cum
3657 3398 3865 3467 aliquos

2286 3484 2448 3538 validi
2464 3486 2707 3553 corporis
2731 3485 3003 3542 intuemur
3020 3489 3252 3544 nondum
3272 3491 3494 3560 pugiles,
3515 3506 3686 3562 neque
3704 3491 3865 3565 hujus

2286 3576 2477 3647 peritia
2499 3580 2630 3631 artis
2660 3577 2914 3649 imbutos,
2934 3580 3027 3633 sed
3049 3581 3126 3634 sic
3143 3596 3236 3635 eos
3253 3582 3597 3651 pugillatores
3612 3583 3865 3655 dicimus,

2286 3683 2392 3722 non
2431 3668 2486 3722 in
2511 3684 2577 3723 eo
2605 3669 2748 3738 quod
2796 3670 2905 3739 jam
2935 3671 3042 3725 sint
3073 3673 3306 3742 pugiles,
3340 3673 3432 3727 sed
3461 3689 3525 3729 eo
3555 3674 3697 3745 quod
3743 3690 3866 3733 esse

2283 3765 2515 3836 possint,
2543 3774 2600 3821 et
2624 3766 2669 3820 si
2699 3782 2923 3835 quorum
2968 3765 3085 3822 leve
3114 3782 3311 3837 corpus
3341 3768 3650 3838 aspicimus,
3676 3784 3862 3825 suras-

2284 3871 2389 3925 que
2418 3870 2519 3911 non
2546 3870 2786 3927 magnas,
2817 3872 2912 3913 eos
2936 3856 3088 3913 facile
3121 3859 3321 3914 moveri
3349 3874 3613 3929 cursuque
3654 3864 3861 3917 veloces

2282 3948 2673 4014 existimamus,
2699 3964 2999 4019 quanquam
3029 3950 3261 4004 nondum
3287 3952 3349 4003 ad
3375 3966 3564 4006 cursus
3590 3964 3860 4008 certamen

2283 4040 2556 4107 aSpii-cnt,
2587 4055 2684 4095 nec
2713 4043 2820 4093 sint
2863 4054 3130 4105 cursores,
3160 4055 3253 4095 eos
3280 4050 3455 4096 tamen
3501 4054 3749 4098 cursores
3776 4058 3863 4098 se;

2283 4130 2514 4183 cundum
2554 4131 2841 4199 potentiam
2876 4131 3244 4197 nominamus,
3274 4148 3379 4186 non
3422 4133 3561 4201 quod
3587 4133 3696 4201 jam
3732 4148 3857 4188 cur-

2284 4230 2425 4284 rant,
2456 4222 2550 4275 sed
2581 4222 2721 4290 quod
2755 4224 2959 4290 possint
2990 4238 3227 4292 currere,
3256 4240 3358 4278 non
3387 4224 3613 4277 absurde
3643 4225 3860 4279 vocabi-

2281 4326 2419 4365 mus.
2454 4311 2651 4365 Eodeni
2677 4328 2888 4382 quoque
2916 4314 3074 4369 modo
3105 4332 3197 4370 eos
3227 4331 3475 4370 vocamus
3498 4317 3739 4372 salubres
3769 4317 3854 4372 vel

2242 4439 2247 4444 η
2281 4401 2609 4467 insalubres,
2641 4419 2775 4473 quos
2805 4406 2998 4460 valenti
3043 4422 3269 4476 corpore
3310 4412 3393 4463 vel
3439 4410 3740 4478 l'ragiliore,
3770 4407 3856 4464 vei

2280 4493 2344 4547 ad
2376 4496 2655 4548 sanitatem
2712 4504 2892 4565 aptos,
2923 4497 3003 4551 vel
3035 4488 3098 4552 ad
3150 4500 3517 4569 aegritudinem
3565 4500 3853 4554 credimus.

2281 4587 2432 4642 Unde
2457 4588 2513 4641 lit
2543 4598 2601 4641 ut
2630 4590 2888 4657 quosdam
2913 4603 3139 4660 aegrotos
3182 4595 3447 4662 possimus
3487 4593 3729 4648 salubres
3765 4609 3857 4647 vo-

2199 4668 2428 4741 Dcare,
2464 4680 2722 4749 quosdam
2771 4696 2898 4735 vero
2931 4697 3090 4737 sanos
3141 4684 3437 4738 insalubres
3488 4684 3699 4739 dicere:
3748 4692 3855 4737 non

2280 4774 2453 4837 enim,
2482 4773 2625 4841 quod
2654 4773 2764 4843 jam
2804 4784 2923 4828 actu
2956 4777 3035 4828 νυΙ
3063 4775 3179 4829 sani
3222 4778 3305 4831 vel
3338 4776 3524 4846 πιςτοιί
3551 4778 3678 4841 sint,
3712 4779 3855 4830 salu-

2279 4863 2399 4917 bres
2430 4864 2513 4918 vel
2551 4865 2849 4920 insalubres
2877 4865 3147 4930 dicuntur,
3176 4866 3270 4921 sed
3300 4870 3443 4937 qUod
3476 4867 3561 4921 vel
3591 4868 3707 4922 sani
3741 4868 3861 4921 diu-

2279 4954 2380 5007 tius
2404 4971 2523 5008 esse
2549 4959 2753 5023 possint
2774 4960 2854 5010 vel
2880 4959 3086 5027 :cgroti.
3110 4959 3216 5014 Sed
3241 4961 3470 5027 quarstio
3508 4970 3590 5013 est
3616 4975 3710 5012 cur
3734 4974 3857 5014 cum

2276 5047 2343 5100 de
2375 5046 2646 5114 qualitatis
2670 5048 2947 5116 speciebus
2981 5052 3310 5119 propositum
3330 5053 3418 5115 sit,
3444 5052 3735 5104 secundum
3766 5065 3860 5117 ge-

2276 5155 2374 5194 nus
2399 5140 2897 5209 dixeriuqualitatis
2926 5153 2981 5198 et
3010 5161 3115 5198 non
3141 5146 3407 5212 speciem;
3445 5145 3512 5195 ita
3558 5145 3702 5195 enim
3745 5144 3855 5197 ait:

2273 5230 2433 5285 Aliud
2466 5246 2595 5286 vero
2636 5248 2803 5303 genus
2829 5235 3099 5304 qualitatis
3139 5242 3220 5288 est
3258 5234 3552 5288 secundum
3585 5234 3727 5304 quod
3763 5249 3861 5305 pu-

2274 5325 2545 5394 gillatores
2582 5326 2665 5379 vel
2709 5340 2989 5390 cursores,
3024 5326 3107 5380 vel
3158 5325 3402 5381 salubres
3456 5335 3510 5381 et
3552 5327 3856 5382 insalubres

2274 5418 2516 5473 dicimus.
2537 5417 2643 5474 Sed
2668 5417 2757 5488 qui
2783 5418 2883 5472 hoc
2909 5429 3147 5487 quaerunt
3179 5418 3425 5488 ignorare
3446 5420 3697 5473 videntur
3724 5418 3854 5472 illud

2274 5524 2395 5565 esse
2440 5511 2611 5565 solum
2641 5523 2842 5581 genus,
2879 5511 3018 5580 quod
3069 5525 3234 5581 super
3273 5528 3332 5566 se
3361 5513 3504 5567 aliud
3534 5528 3701 5585 genus
3746 5518 3853 5565 non

2275 5603 2489 5659 habeat.
2521 5604 2649 5659 Illud
2682 5617 2810 5657 vero
2831 5603 3002 5659 Solum
3027 5607 3287 5675 speciem,
3311 5606 3451 5676 quod
3471 5606 3570 5660 sub
3599 5621 3657 5659 se
3679 5604 3852 5659 nullas

2274 5698 2478 5764 species
2525 5698 2769 5760 claudat,
2805 5696 2892 5751 illa
2916 5712 3043 5753 vero
3073 5715 3195 5769 qua:
3227 5700 3366 5754 inter
3393 5712 3588 5769 genere
3628 5708 3851 5764 genera-

2276 5786 2472 5839 Iissima
2519 5785 2833 5857 speciesque
2887 5789 3302 5857 specialissimas
3356 5797 3520 5852 sunt,
3576 5785 3849 5841 communi
