4280 6268
373 352 482 412 245

1344 359 1410 415 ΙΝ
1447 353 1881 415 CA'I'EGORIAS
1920 354 2372 412 ARISTOTELIS
2411 355 2538 411 LIB.
2582 358 2669 414 IlI.

3526 375 3587 434 2i
3598 384 3629 435 6

377 482 538 539 posse
564 469 787 539 generis
806 479 860 527 et
885 470 1083 541 speciei
1111 472 1329 526 nomine
1353 470 1668 541 nuncupari.
1694 468 1955 535 Quocirca
1983 470 2035 532 Α
2062 469 2209 537 prius
2236 469 2411 534 docet,
2456 479 2575 539 post
2614 486 2738 526 vero
2774 488 2891 542 quae
2918 489 3099 529 eorum
3129 474 3376 530 distantia
3416 490 3537 531 esse
3571 493 3644 528 v.-

378 561 634 631 quoniam
666 562 735 618 de
760 579 821 620 ea
860 565 1035 635 specie
1064 565 1332 632 qualitatis
1377 564 1688 619 Aristotcles
1730 571 1953 626 tractat,

374 667 495 722 qua!
545 654 781 708 nondum
822 655 891 709 sit
936 654 1144 723 species
1190 655 1614 726 specialissima,
1648 654 1741 708 sed
1790 652 1957 721 magis

375 747 595 811 generis
644 748 809 815 prima
852 747 1093 816 species,
1142 758 1197 802 et
1226 748 1532 817 bujusmodi
1580 748 1791 815 species
1835 760 1955 815 quae

378 839 553 903 possit
578 851 700 892 esse
735 848 787 892 et
810 853 1002 907 genus,
1047 839 1181 893 nihil
1208 840 1496 896 absurdum
1521 848 1603 894 est
1627 837 1868 894 eamdem
1901 844 1955 891 et

376 928 579 995 speciei
606 938 658 983 ct
680 929 891 1000 generis
927 930 1046 985 loco
1075 945 1292 1000 ponere.
1335 931 1439 987 Sed
1467 941 1523 985 ut
1552 940 1676 986 sunt
1706 928 1950 1008 qua'dam

302 1006 313 1015 ’
376 1018 692 1086 qualitates,
745 1037 775 1085 a
808 1021 1003 1091 quibus
1053 1024 1489 1079 denominationc
1535 1023 1764 1094 quadam
1816 1006 1952 1077 facta

374 1109 622 1175 quaelibet
646 1111 738 1165 illa
767 1128 855 1168 res
884 1114 1101 1184 dicitur,
1144 1125 1199 1170 ut
1228 1117 1296 1172 ab
1330 1116 1579 1171 albedine
1611 1116 1793 1170 album
1814 1153 1829 1179 ,
1866 1114 1952 1169 vel

375 1212 405 1252 a
448 1200 655 1256 luxuria
687 1203 1055 1272 luxuriosum,
1090 1208 1173 1261 vel
1217 1208 1474 1278 quidquid
1504 1209 1804 1278 hujusmodi
1830 1216 1910 1262 est
1932 1250 1947 1275 ,

374 1288 428 1345 in
451 1293 532 1346 his
559 1310 680 1363 qua:
706 1306 829 1352 sunt
855 1300 1151 1354 secundum
1197 1302 1489 1370 potentiam
1522 1303 1816 1355 naturalem
1847 1317 1951 1355 non

373 1384 446 1441 ita
467 1398 570 1445 est.
595 1391 701 1446 Ars
738 1392 882 1446 enim
906 1394 1019 1462 ipsa
1051 1394 1384 1463 pugillatoria
1421 1411 1526 1449 non
1548 1405 1628 1450 est
1662 1396 1952 1464 pr0posita,

374 1492 407 1531 a
445 1495 551 1559 qua
582 1483 931 1550 pugillatores
962 1484 1218 1539 dicamus.
1263 1484 1615 1553 Pugillatores
1660 1487 1800 1540 enim
1848 1500 1952 1540 non

372 1568 630 1627 dicuntur
658 1574 727 1628 ab
764 1590 829 1629 eo
873 1576 1011 1644 quod
1045 1594 1195 1631 usum
1238 1580 1588 1647 pugillaturiaa
1625 1580 1757 1633 artis
1799 1594 1953 1632 exer-

371 1673 553 1730 ceant,
584 1666 683 1722 sed
714 1666 780 1721 ab
810 1683 874 1723 eo
904 1669 1045 1735 quod
1076 1670 1140 1723 ad
1171 1686 1287 1725 eam
1320 1671 1610 1725 secundum
1658 1671 1949 1739 potentiam

377 1758 670 1812 naturalem
701 1758 877 1813 affecti
910 1768 1071 1825 sunt;
1113 1764 1360 1826 quocirca
1407 1776 1541 1829 quos
1588 1760 1818 1815 dicimus
1852 1777 1947 1830 pu-

2063 559 2251 614 deatur
2273 561 2544 628 edisserit,
2568 572 2622 616 et
2645 564 2791 632 prius
2819 580 3003 619 eorum
3040 569 3410 625 convenientia
3436 564 3644 639 prapo-

2061 650 2140 705 nit
2164 652 2428 722 exempla.
2464 653 2594 706 Nam
2623 654 2747 723 quid
2778 655 2887 709 sint
2926 658 3198 724 passibiles
3233 660 3511 729 qualitates
3551 661 3647 714 do-

2060 759 2189 799 cens
2216 745 2309 810 ait,
2339 747 2649 804 ut-dnlcedo
2691 748 2773 803 vel
2819 750 3139 818 amaritudo,
3176 754 3321 809 calor
3360 764 3414 809 et
3454 754 3645 826 frigus,

2060 836 2283 905 nigredo
2323 847 2375 893 et
2410 838 2626 905 albedo,
2654 842 2712 895 et
2741 840 2842 895 alia
2873 842 2956 896 his
2986 854 3231 911 cognata,
3263 844 3375 899 haec
3409 862 3528 917 qua:
3559 862 3647 900 su-
3712 838 3719 847 ’

2062 928 2239 997 perius
2266 932 2655 999 comprehensa
2692 942 2814 987 sunt
2840 933 3124 1001 qualitates
3151 949 3269 989 esse
3312 927 3400 989 illa
3442 937 3646 992 ratione

2056 1022 2359 1087 conﬁrmat,
2389 1037 2545 1091 quam
2590 1022 2643 1076 in
2687 1022 2981 1093 primordio
3012 1024 3076 1077 de
3103 1024 3372 1093 qualitatis
3403 1025 3643 1096 disputa-

2058 1112 2394 1181 tiuneipsius
2426 1112 2694 1184 qualitatis
2725 1130 2844 1170 esse
2891 1106 3214 1170 reddiderat.
3262 1113 3643 1173 Difﬁnitionem
3707 1108 3715 1123 ’

2057 1205 2198 1259 enim
2252 1206 2519 1275 qualitatis
2569 1223 2687 1263 esse
2738 1208 3089 1275 prmdixerat,
3140 1210 3430 1265 secundum
3484 1224 3645 1279 quam
3710 1216 3711 1219 “

2058 1294 2247 1365 quales
2279 1311 2550 1351 vocamur.
2582 1300 2731 1365 Quod
2767 1300 2810 1354 si
2838 1301 3125 1355 secundum
3160 1302 3431 1371 qualitatis
3460 1303 3646 1373 quales
3702 1314 3705 1318 '

2065 1400 2340 1451 vocamur,
2368 1389 2434 1443 ab
2461 1388 2817 1445 amaritudine
2843 1408 2969 1445 vero
3003 1391 3085 1445 vel
3115 1408 3141 1445 a
3174 1392 3455 1447 dulcedine
3493 1407 3642 1447 ama-
3708 1386 3711 1387 ⁷

2060 1491 2178 1531 rum
2218 1479 2299 1533 vel
2343 1479 2497 1535 dulce
2542 1481 2760 1537 dicitur.
2799 1482 2843 1536 A
2891 1483 3165 1554 nigredine
3205 1492 3362 1553 atque
3398 1484 3644 1539 albedine
3702 1496 3711 1504 '

2060 1567 2267 1635 nigrum
2297 1574 2453 1638 atque
2486 1571 2686 1636 album,
2717 1572 2834 1640 quis
2866 1572 3071 1626 dubitet
3104 1574 3194 1626 has
3223 1587 3342 1629 esse
3364 1589 3465 1641 qua
3489 1574 3644 1629 itates
3708 1584 3709 1587 “

2059 1657 2324 1727 inquibus
2348 1660 2617 1730 qualitatis
2648 1664 2896 1716 convenit
2919 1664 3313 1719 difﬁnitinYIIla
3342 1667 3482 1718 enim
3503 1678 3643 1718 sem-
3706 1664 3707 1669 “

2060 1761 2155 1815 per
2184 1748 2419 1817 ejusdem
2446 1760 2644 1803 natura:
2672 1766 2789 1806 esse
2818 1752 3127 1817 creduntur,
3155 1768 3375 1821 quaacun
3401 1767 3483 1818 ,ue
3503 1752 3643 1822 ejus-

371 1848 644 1917 gillatores
673 1864 703 1903 a
736 1849 1072 1919 pugillatoria
1097 1850 1221 1905 dicti
1264 1867 1368 1905 non
1392 1860 1549 1916 sunt,
1583 1868 1756 1923 neque
1791 1850 1857 1906 ab
1889 1868 1951 1907 ea
1984 1851 1986 1907 ί

2057 1834 2176 1892 dem
2216 1837 2591 1907 desoriptinnis
2636 1842 2825 1897 ﬁnibus
2859 1842 3318 1908 terminantur,‘ut
3350 1845 3393 1898 si
3425 1859 3524 1912 qua
3556 1854 3644 1899 res

370 1941 707 1997 denominari
761 1951 1011 2011 possunt,
1046 1942 1138 1998 sed
1189 1943 1358 2014 magis
1392 1960 1421 1998 a
1470 1945 1804 2014 pngillatoria
1837 1955 1951 2000 arte

370 2034 585 2104 pugiles
609 2034 965 2102 appellantur.
1008 2035 1204 2106 Pugilis
1227 2036 1369 2090 enim
1389 2048 1469 2091 est
1497 2038 1583 2107 qui
1614 2038 1949 2109 pugillatoria

369 2133 490 2179 arte
523 2126 716 2191 utitur,
748 2135 907 2195 atque
952 2125 1051 2181 hoc
1092 2128 1230 2182 idem
1259 2128 1311 2183 in
1339 2130 1549 2183 caeteris
1576 2128 1701 2183 licet
1744 2130 1945 2185 videre.

373 2215 431 2269 ln
461 2215 545 2270 his
569 2231 698 2285 ergo
730 2217 874 2271 nulla
904 2226 1047 2273 certa
1075 2219 1303 2288 qualitas
1332 2228 1414 2274 est
1441 2235 1470 2273 a
1501 2236 1603 2289 qua
1626 2229 1823 2275 caetera
1854 2236 1947 2275 no-

371 2304 665 2360 minentur.
702 2306 805 2361 Sed
838 2307 880 2362 si
908 2316 1012 2379 qua
1046 2320 1220 2365 tamen
1254 2309 1566 2366 invenienda
1595 2318 1751 2381 atque
1772 2312 1947 2382 expri-

370 2397 560 2451 menda
594 2399 685 2465 sit,
712 2396 834 2452 talis
859 2410 940 2453 est
962 2415 1119 2469 quam
1165 2402 1277 2473 ipse
1321 2402 1633 2457 Aristoteles
1665 2403 1764 2458 hoc
1788 2405 1948 2459 modo

369 2488 682 2558 denuntiat,
713 2506 833 2562 qum
864 2494 935 2547 sit
974 2493 1263 2547 secundum
1316 2494 1605 2563 p0tentiatn
1636 2494 1835 2563 aliquid
1867 2496 1945 2550 fa-

370 2582 561 2645 ciendi,
590 2583 674 2638 vel
707 2584 1071 2653 impotentiam
1093 2585 1290 2655 aliquid
1323 2586 1573 2655 patiendi.
1597 2586 1947 2656 Pugillatores

371 2674 512 2730 enim
539 2685 589 2730 et
617 2689 866 2732 cursoves
902 2676 1100 2732 idcirco
1128 2677 1375 2741 dicimus,
1422 2678 1561 2748 quod
1595 2677 1827 2733 habeant
1856 2694 1947 2747 po-

370 2764 586 2822 tentiam
620 2767 879 2835 faciendi,
912 2769 960 2823 id
1005 2780 1087 2825 est
1122 2785 1337 2825 currere
1366 2778 1524 2839 atquc
1553 2784 1673 2825 esse
1716 2770 1939 2837 pugiles.

371 2856 621 2915 salubres
659 2875 787 2916 vero
842 2861 1252 2918 denominamus
1277 2905 1291 2927 ,
1324 2861 1463 2933 quod
1501 2871 1555 2918 et
1585 2862 1685 2932 ipsi
1716 2862 1944 2917 habeant

369 2950 602 3022 aliquam
626 2952 1022 3022 quodammodo
1054 2955 1417 3021 impotentiam
1449 2954 1648 3024 aliquid
1674 2954 1938 3023 patiendi;

370 3042 459 3111 qui
486 3044 626 3097 enim
658 3043 831 3099 minus
857 3042 926 3098 ab
950 3043 1286 3099 extrinsecus
1327 3044 1690 3100 accidentibus
1722 3048 1937 3113 patitur,

371 3135 459 3189 hic
483 3134 550 3190 tle
576 3136 798 3193 sanitate
817 3152 1035 3194 securus
1058 3146 1159 3202 est,
1184 3139 1341 3207 ctqui
1378 3137 1443 3192 de
1466 3136 1693 3193 sanitate
1721 3151 1942 3193 securus

371 3228 480 3297 est,
512 3230 653 3285 illum
706 3224 973 3288 salubrem
1016 3247 1138 3288 esse
1178 3246 1239 3288 re
1264 3236 1389 3286 Vera
1423 3244 1704 3300 possumus
1746 3232 1940 3301 praadi-
1973 3219 2020 3283 C

371 3316 511 3376 care.
541 3310 655 3376 Alia
688 3336 813 3378 vero
844 3333 923 3379 est
951 3323 1182 3394 qualitas
1224 3338 1343 3394 qua:
1371 3322 1664 3378 secundum
1693 3322 1823 3377 nihil
1852 3330 1943 3392 pa-

374 3414 532 3471 tiemli
580 3417 947 3487 impotentiam
981 3418 1203 3483 dicitur,
1235 3426 1293 3472 ut
1334 3432 1430 3473 eos
1466 3431 1600 3488 quos
1648 3416 1942 3472 insalubres

373 3518 649 3573 Vocamus;
678 3509 728 3563 hi
754 3510 897 3564 enim
918 3510 1285 3580 impotentiam
1311 3507 1505 3563 habent
1530 3507 1661 3562 nihil
1685 3507 1940 3578 patiendi,

373 3596 565 3653 idcirco
589 3601 727 3670 quod
753 3600 985 3655 habeant
1004 3601 1295 3672 potentiam
1319 3596 1517 3668 aliquid
1539 3599 1645 3653 cito
1672 3598 1903 3669 patiendi
1926 3618 1941 3654 :

373 3692 509 3760 quod
541 3692 582 3747 si
617 3693 737 3762 quis
778 3700 856 3746 est
882 3693 968 3761 qui
1001 3692 1069 3746 ab
1098 3692 1434 3746 extrinsecus
1463 3690 1824 3745 accidentibus
1847 3690 1944 3744 ali-

373 3781 499 3851 quid
529 3782 680 3837 facile
711 3783 956 3851 pzitiatur,
990 3783 1077 3837 ille
1116 3790 1307 3852 potens
1336 3790 1418 3837 est
1446 3781 1697 3837 facillime
1728 3782 1941 3851 :rgritu-

374 3873 486 3925 dini
514 3872 813 3941 subiacere,
838 3873 1127 3929 secundum
1153 3890 1309 3944 quam
1332 3875 1621 3945 potentiam
1648 3873 1946 3929 insalubres

375 3961 629 4029 dicimus,
655 3965 861 4019 etiamsi
893 3965 999 4018 sint
1025 3966 1157 4019 sani.
1185 3966 1385 4021 Eodem
1419 3980 1629 4036 quoque
1660 3965 1819 4019 modo
1846 3965 1945 4020 du-

374 4052 492 4107 ram
537 4054 735 4109 dicitur
774 4062 826 4109 et
856 4056 1032 4110 molle.
1065 4056 1259 4111 Durum
1299 4058 1438 4112 enim
1471 4067 1552 4112 est
1594 4057 1733 4127 quod
1789 4057 1947 4111 habet

373 4145 665 4213 potentiam
699 4162 804 4200 non
836 4146 996 4202 citius
1036 4149 1225 4214 secari,
1256 4149 1394 4219 quod
1447 4151 1587 4203 enim
1620 4150 1810 4204 durum
1841 4156 1943 4212 est,

374 4236 685 4292 difﬁcillime
734 4240 909 4308 aliqua
960 4242 1198 4297 sectione
1237 4242 1508 4297 dividitur.
1563 4242 1720 4297 Molle
1768 4250 1946 4297 autem

373 4331 512 4398 quod
532 4331 725 4386 haheat
752 4334 1114 4402 impotentiam
1140 4332 1413 4389 difﬁcilius
1439 4336 1629 4400 Secari,
1653 4336 1792 4403 quod
1819 4351 1951 4405 quo-

375 4420 519 4474 niam
550 4421 707 4476 molle
751 4432 962 4478 secatur
1007 4423 1189 4487 facile,
1232 4424 1525 4477 secundmn
1582 4425 1948 4493 impotentiam

373 4509 650 4567 difﬁcilius
687 4515 857 4568 secari
899 4514 1060 4569 molle
1091 4516 1335 4569 dicimus.
1372 4514 1438 4567 Et
1468 4514 1581 4569 hzec
1610 4523 1691 4569 est
1719 4516 1950 4569 secunda

372 4604 580 4671 species
608 4606 899 4675 qualitatis.
927 4604 1080 4662 Nunc
1109 4617 1445 4662 transeamus
1475 4607 1540 4661 ad
1574 4609 1806 4662 tertiam.

447 4715 613 4771 Tertia
642 4735 757 4771 vero
792 4720 981 4787 species
1010 4720 1269 4790 qualitatis
1298 4731 1371 4773 est
1405 4721 1663 4789 passibiles
1688 4722 1952 4790 qualitates

370 4819 419 4865 et
443 4811 730 4878 passiones;
760 4820 877 4864 sunt
910 4820 1078 4864 autem
1107 4811 1421 4879 huiusmodi,
1456 4822 1511 4865 ut
1540 4812 1774 4874 dulcedo,
1807 4830 1951 4864 ama-

370 4898 559 4963 ritudo,
594 4902 881 4962 austeritas,
930 4912 973 4953 et
1025 4903 1193 4954 omnia
1241 4901 1318 4955 his
1361 4911 1592 4971 coquata.
1641 4902 1872 4963 Amplius
1909 4906 1956 4953 et

372 4989 528 5055 calor,
560 5000 603 5043 et
656 4992 846 5061 frigus,
879 4999 926 5045 et
956 4991 1153 5054 albedo,
1188 5002 1233 5046 et
1262 4994 1487 5062 nigredo.
1520 4992 1582 5047 Et
1612 4994 1849 5062 quoniam
1879 4991 1959 5046 lue

370 5080 639 5147 qualitates
683 5092 799 5134 sunt
839 5083 1167 5153 mauifcstum
1204 5091 1307 5147 est,
1346 5099 1655 5152 quiscunque
1695 5084 1824 5136 enim
1861 5084 1959 5136 ista

370 5172 697 5237 susceperint,
721 5173 895 5239 qualia
926 5174 1165 5227 dicuntur
1198 5175 1475 5228 secundum
1504 5190 1585 5239 ea,
1616 5180 1669 5226 ut
1704 5174 1802 5227 mel
1830 5188 1958 5239 quo-

372 5260 512 5313 niam
547 5262 864 5317 dulcedinem
901 5268 1141 5336 suscepit,
1176 5266 1325 5319 dulce
1355 5268 1564 5331 dicitur,
1591 5276 1636 5319 et
1669 5280 1848 5337 corpus
1878 5266 1957 5319 al-

372 5350 510 5415 bum,
540 5367 597 5405 eo
630 5354 764 5419 quod
797 5353 1081 5408 albedincm
1121 5358 1359 5428 suscepit.
1398 5355 1646 5411 Similiter
1670 5367 1833 5410 autem
1858 5360 1966 5412 sese

371 5436 561 5496 habent
582 5450 635 5495 ei
666 5443 718 5495 in
743 5447 956 5499 ceteris.

451 5540 692 5597 Tertium
719 5558 886 5613 genus
906 5544 1173 5612 qualitatis
1196 5548 1464 5616 proponit,
1483 5544 1622 5614 quod
1651 5560 1747 5599 nos
1772 5545 1821 5596 in
1848 5558 1966 5613 par-

376 5632 489 5693 tem
545 5635 818 5702 qualitatis
874 5636 1214 5707 speciemque
1269 5638 1631 5693 convertimus
1691 5636 1966 5706 passibiles

379 5726 669 5798 qualitates
711 5736 764 5783 et
811 5730 1109 5798 passiones.
1155 5729 1277 5786 Haec
1312 5740 1488 5785 autem
1528 5746 1558 5784 a
1595 5746 1653 5786 se
1685 5728 1965 5800 plurimut’n‘

385 5814 600 5888 distant,
637 5824 813 5876 tamen
854 5816 975 5873 cum
1014 5826 1237 5890 utraque
1264 5821 1546 5893 qualitates
1583 5822 1709 5889 sint,
1746 5820 1967 5891 utraque

2058 1930 2433 1988 difﬁnitionem
2465 1934 2618 2001 hanc,
2644 1950 2763 2004 quae
2792 1944 2874 1991 est
2897 1936 3091 1991 animal
3129 1937 3388 1993 rationale
3417 1939 3643 1993 mortale
3702 1920 3709 1946 "

2058 2027 2375 2094 susceperit,
2409 2038 2524 2078 eam
2558 2026 2824 2080 hominem
2858 2041 2978 2083 esse
3008 2028 3342 2082 manifestum
3372 2035 3474 2082 est.
3499 2031 3643 2094 Quo-

2055 2112 2195 2167 circa
2239 2113 2284 2167 si
2324 2112 2405 2167 hze
2443 2128 2577 2184 quas
2621 2115 2901 2183 passibiles
2935 2117 3215 2186 qualitates
3243 2118 3325 2173 vel
3363 2118 3643 2188 passiones

2054 2202 2283 2269 dixerat,
2328 2204 2624 2273 suscipiunt
2666 2202 2936 2276 qualitatis
2977 2209 3370 2274 diffinitionem,
3402 2224 3468 2264 eo
3496 2209 3637 2279 quod

2054 2294 2231 2364 qualia
2262 2296 2511 2351 dicuntur
2535 2313 2654 2369 quat
2683 2296 2773 2355 illa
2807 2302 3158 2369 susceperint,
3195 2302 3291 2357 has
3322 2303 3483 2357 etiam
3512 2316 3640 2358 con-
3694 2320 3700 2337 τ

2000 2410 2003 2413 <
2052 2396 2161 2444 stat
2181 2404 2301 2445 esse
2321 2391 2623 2460 qualitates.

2125 2522 2403 2579 Passibiles
2447 2540 2562 2579 vero
2606 2525 2877 2599 qualitates
2926 2528 3189 2591 dicuntur,
3221 2543 3323 2581 non
3361 2529 3498 2597 quod
3532 2525 3639 2580 hac

2051 2630 2163 2683 quae
2184 2614 2302 2666 illas
2317 2616 2629 2683 susceperint
2649 2617 2938 2685 qualitates,
2963 2616 3157 2687 aliquid
3180 2617 3461 2685 patiantur,
3480 2630 3639 2684 neque

2052 2706 2189 2758 enim
2216 2706 2313 2759 mel
2332 2707 2465 2775 quod
2486 2706 2683 2778 aliquid
2711 2725 2918 2777 passum
2939 2711 3023 2775 sit,
3050 2709 3240 2777 idcirco
3262 2710 3447 2763 dicitur
3468 2709 3635 2776 dulce,

2052 2813 2143 2850 nec
2169 2798 2360 2866 aliquid
2388 2798 2530 2851 aliud
2559 2798 2875 2869 hujusmodi.
2906 2794 3155 2855 Similiter
3182 2813 3349 2855 autem
3379 2801 3457 2854 his
3484 2814 3527 2855 et
3552 2818 3637 2853 ca-

2052 2888 2131 2940 lor
2170 2895 2213 2939 et
2252 2888 2417 2957 frigus
2454 2890 2715 2957 passibiles
2755 2890 3023 2958 qualitates
3062 2889 3319 2956 dicuntur,
3361 2908 3461 2943 non
3502 2894 3637 2960 quod

2050 2976 2162 3044 ipsa
2184 2992 2295 3046 qua:
2321 2993 2405 3030 eas
2426 2977 2727 3048 suscipiunt,
2753 2977 2948 3049 aliquid
2974 2994 3123 3044 passa
3145 2981 3266 3042 sint,
3289 2977 3378 3032 sed
3398 2984 3637 3047 quoniam

2050 3066 2253 3135 singula
2283 3082 2456 3120 eorum
2480 3083 2593 3137 qua:
2613 3067 2749 3120 dicta
2773 3076 2911 3137 sunt,
2941 3071 3217 3121 secundum
3243 3084 3481 3123 sensuum
3508 3085 3638 3138 qua-

2050 3155 2242 3209 litatem
2282 3155 2536 3225 passionis
2574 3156 2846 3227 perfectiva
2888 3172 3027 3221 sunt,
3071 3156 3333 3224 passibiles
3368 3158 3636 3228 qualitates

2051 3250 2314 3314 dicuntur,
2345 3249 2563 3303 dulcedo
2588 3249 2723 3303 enim
2749 3246 3023 3319 quamdam
3054 3251 3338 3320 passionem
3359 3252 3637 3307 secundum
3682 3328 3683 3331 η

2050 3354 2253 3417 gustum
2279 3345 2447 3416 emisit,
2478 3353 2524 3400 et
2553 3346 2695 3401 calor
2719 3345 2999 3401 secundum
3040 3355 3251 3415 tactum,
3280 3347 3515 3404 similiter
3537 3364 3637 3403 asin

2051 3444 2151 3489 tem
2179 3445 2227 3488 et
2252 3435 2375 3492 alia.
3142 3440 3145 3443 “

2124 3593 2461 3649 Passihilium
2498 3596 2811 3665 qualitatum
2856 3594 3098 3666 exempla
3136 3597 3489 3653 constituerat
3514 3598 3635 3654 dul-

2052 3684 2295 3739 cedinem
2322 3684 2401 3739 vel
2428 3684 2861 3755 amaritudinem,
2896 3687 3058 3757 frigus
3087 3695 3245 3757 atque
3273 3690 3527 3754 calorem,
3560 3690 3641 3745 al~

2054 3776 2302 3831 bedinem
2336 3785 2495 3845 atque
2526 3776 2876 3847 nigredinem,
2909 3793 3026 3847 quae
3052 3792 3172 3831 cum
3204 3769 3484 3847 passibiles
3509 3795 3637 3850 qua-

2054 3866 2229 3921 litates
2260 3866 2387 3933 sint,
2420 3880 2522 3919 non
2554 3874 2731 3920 tamen
2766 3883 2870 3919 uno
2900 3868 3195 3936 eodemque
3229 3871 3387 3923 modo
3418 3872 3639 3938 passibi-

2055 3956 2133 4012 les
2174 3958 2459 4026 qualitatcs
2505 3958 2783 4022 dicuntur,
2827 3959 2919 4010 sed
2963 3958 3118 4027 longe
3156 3962 3354 4016 distant
3402 3966 3641 4018 rationes

2057 4045 2250 4115 quibus
2282 4045 2394 4098 haec
2423 4047 2601 4098 omnia
2639 4046 2921 4115 qualitates
2962 4047 3244 4115 passibiles
3283 4050 3639 4115 appellantur,

2058 4145 2116 4191 ut
2142 4136 2287 4206 prius
2309 4136 2535 4189 dulcedo
2560 4136 2641 4191 vel
2675 4135 2991 4203 amaritudo,
3023 4137 3172 4191 calor
3201 4147 3253 4192 et
3285 4137 3445 4208 frigus
3473 4142 3640 4208 passi-

2056 4230 2192 4285 biles
2214 4227 2496 4292 qualitates
2518 4228 2786 4297 dicuntur,
2817 4243 2919 4281 non
2943 4228 3081 4298 quod
3103 4243 3162 4283 ea
3186 4244 3303 4299 qum
3325 4238 3446 4284 sunt
3467 4230 3641 4286 dulcia

2057 4320 2253 4390 aliquid
2291 4324 2627 4376 extrinsecus
2664 4321 2949 4389 patiantur,
2980 4336 3079 4376 nec
3103 4324 3242 4389 quoi
3276 4336 3340 4376 ea
3368 4337 3484 4390 qua:
3517 4331 3641 4375 sunt

2060 4430 2264 4479 amara,
2295 4431 2358 4471 ex
2389 4417 2561 4485 aliqua
2605 4415 2853 4485 pa~sione
2883 4429 3127 4483 saporem
3167 4422 3413 4483 asperum
3448 4414 3642 4467 amari-

2061 4508 2405 4575 tudinemque
2458 4508 2807 4575 suscepeiint.
2853 4505 3035 4575 Neque
3085 4505 3226 4559 enim
3284 4505 3387 4558 mel
3441 4504 3641 4574 aliquid

1977 4603 2031 4663 D
2062 4618 2272 4671 passum
2316 4610 2419 4665 cst,
2456 4609 2513 4652 ut
2551 4601 2599 4652 ei
2631 4599 2859 4653 dulcedo
2892 4607 3033 4651 esset
3062 4599 3111 4650 in
3143 4606 3349 4658 natura,
3386 4612 3484 4651 nec
3515 4613 3642 4651 vero

2060 4691 2382 4745 absinthium
2415 4690 2480 4742 ab
2510 4690 2612 4742 ulla
2644 4690 2819 4757 aliqua
2848 4690 3187 4741 extrin-ecus
3224 4687 3470 4753 passione
3496 4700 3641 4739 ama-

2062 4781 2312 4837 ritudinis
2336 4780 2527 4834 horror
2549 4778 2759 4843 infecit;
2788 4778 3033 4846 quocirca
3058 4779 3171 4833 haec
3194 4786 3351 4848 atque
3382 4778 3466 4832 his
3491 4778 3642 4833 simi-

2064 4874 2135 4927 lia
2174 4886 2279 4926 non
2332 4872 2529 4926 idcirco
2575 4871 2820 4926 dicuntur
2861 4884 2979 4925 esse
3027 4870 3307 4941 passibiles
3336 4874 3641 4939 qualitates,

2064 4975 2202 5046 quod
2232 4974 2359 5043 ipsae
2381 4972 2576 5040 aliquid
2604 4984 2773 5043 passa:
2798 4970 2926 5036 sint,
2948 4969 3041 5025 sed
3069 4970 3206 5039 quod
3233 4985 3301 5023 ex
3333 4968 3414 5024 his
3440 4970 3644 5037 passio-

2064 5085 2160 5125 nes
2208 5069 2449 5139 quzedam
2499 5067 2553 5122 in
2601 5068 2847 5123 sensibus
2891 5067 3243 5120 dimittantur.
3296 5065 3533 5134 Namque
3575 5079 3642 5119 ex

2066 5170 2225 5225 mellc
2251 5170 2390 5239 quod
2422 5167 2575 5222 dulce
2609 5176 2710 5230 est,
2743 5165 2967 5219 dulcedo
2997 5164 3233 5231 qua-dam
3274 5163 3323 5214 in
3364 5171 3519 5232 gustu
3553 5178 3643 5216 re-
3690 5174 3693 5177 ‘

2069 5250 2345 5330 linquitur,
2387 5257 2647 5327 simulque
2684 5256 2845 5311 etiam
2885 5257 2965 5307 cal
2994 5272 3032 5307 =r
3060 5264 3110 5307 et
3141 5254 3303 5319 frigus
3341 5254 3644 5319 passionem

2068 5351 2351 5422 quamdam
2377 5350 2620 5402 sensibus
2642 5346 2858 5400 faciunt.
2887 5344 3121 5397 Patimur
3140 5340 3498 5409 du'ccdinem,
3524 5358 3645 5396 cum

2071 5441 2267 5512 aliquid
2298 5440 2449 5495 dulce
2485 5446 2779 5508 gustamus,
2814 5436 3076 5502 simulque
3119 5432 3408 5487 secundum
3451 5435 3647 5491 caloris

2072 5541 2128 5591 et
2174 5532 2385 5603 frigoris
2430 5531 2770 5599 qualitatem,
2822 5528 3001 5580 talium
3051 5536 3300 5579 sensuum
3345 5526 3647 5594 passionem

2073 5624 2335 5682 subimus.
2368 5622 2624 5689 Quocirca
2663 5616 2809 5672 calor
2845 5623 2899 5671 et
2942 5614 3127 5685 frigus,
3157 5616 3455 5672 amaritudo
3491 5628 3651 5689 atque

2074 5717 2318 5781 dulcedo,
2352 5714 2549 5770 idcirco
2579 5709 2856 5783 passibiles
2894 5708 3172 5779 qualitates
3210 5707 3478 5777 dicuntur,
3508 5710 3655 5782 quod

2077 5812 2371 5874 secundum
2400 5829 2649 5872 sensuum
2672 5813 3006 5883 qualitatem,
3032 5808 3260 5881 aliquam
3291 5811 3343 5866 in
3365 5811 3519 5870 nobis
3538 5808 3651 5868 ofﬁc
