4280 6268
2946 320 3112 334 “-.-ι

597 349 700 404 an
1815 339 1926 397 ΑΝ.
1967 339 2175 397 MANL.
2216 317 2366 398 smn
2410 339 2638 402 BOETll
2946 320 3112 334 “”’“
3767 338 3870 396 248

598 464 741 552 ciant
774 459 1099 530 passionem,
1134 471 1238 514 non
1280 457 1420 530 quod
1463 457 1571 528 ipsa
1615 456 1950 512 extrinsecus
1989 456 2188 526 aliquid
2218 463 2271 520 Α
2296 457 2500 513 loribus
2541 457 2718 511 vultus
2749 455 3054 527 aspicietur.
3100 455 3251 511 Nunc
3293 451 3436 510 enim
3476 467 3596 512 cum
3625 463 3786 514 astus
3816 460 3868 514 in

598 556 888 626 patiantur.

670 647 860 698 Albedo
885 652 1055 699 autem
1083 653 1130 700 et
1158 646 1368 716 nigredo
1399 655 1444 697 et
1473 645 1566 698 alii
1602 644 1795 697 colores
1826 659 1923 696 non
1955 643 2186 696 similiter

596 738 674 791 his
704 752 816 805 qua:
845 735 983 790 dicta
1033 747 1149 790 sunt
1185 737 1446 805 passibiles
1480 734 1751 804 qualitates
1793 734 2054 795 dicuntur,
2096 732 2186 784 sed

595 830 692 882 hoc
719 828 854 896 quod
882 827 961 882 ha:
986 829 1113 896 ipsa:
1149 829 1419 898 qualitates
1464 826 1526 880 ab
1571 825 1824 897 aliquibus
1866 824 2186 896 passionibus

593 923 953 976 lnuascuntur.

667 1024 929 1091 Quoniam
959 1035 1085 1077 vero
1114 1020 1395 1092 passibiles
1438 1021 1724 1092 qualitates
1767 1019 1929 1075 etiam
1973 1016 2184 1072 colores

594 1128 717 1171 esse
746 1115 1011 1180 dicuntur,
1045 1112 1096 1168 id
1140 1121 1224 1168 est
1264 1112 1456 1168 albedo
1484 1124 1538 1167 et
1577 1110 1823 1179 nigredo.
1860 1108 1971 1163 Non
2002 1116 2180 1161 autem

594 1207 784 1264 eodem
816 1207 974 1264 modo
1004 1206 1284 1276 passibiles
1319 1205 1602 1276 qualitates
1629 1203 1898 1270 dicuntur,
1928 1198 2184 1271 quemad-

594 1300 814 1356 modum
865 1299 1166 1355 amaritudo
1213 1310 1373 1369 atque
1414 1297 1658 1363 dulcedo,
1704 1296 1853 1352 calor
1894 1303 1948 1350 et
1990 1293 2178 1364 frigus,

589 1407 735 1449 nunc
780 1408 900 1463 quae
949 1407 1132 1448 eorum
1186 1390 1452 1445 distantia:
1501 1404 1621 1444 esse
1669 1388 1894 1457 possint,
1939 1387 2179 1456 exponit.

590 1481 909 1540 Amaritudo
935 1483 1078 1539 enim
1101 1491 1260 1552 atque
1280 1480 1506 1536 dulcedo
1537 1494 1642 1535 non
1673 1478 1815 1550 quod
1847 1479 1959 1548 ipsa
1983 1476 2182 1548 aliquid

591 1577 927 1632 extrinsecus
954 1585 1286 1646 paterentur,
1317 1573 1411 1630 sed
1441 1574 1579 1645 quod
1620 1574 1736 1643 ipsa
1762 1573 2038 1628 efﬁcerent
2061 1586 2184 1641 pas-

590 1670 795 1737 siones,
827 1669 1107 1739 passibiles
1137 1669 1422 1738 qualitates
1455 1668 1801 1736 vocabantur,
1834 1665 2022 1721 albedo
2053 1680 2183 1720 vero

591 1771 646 1817 et
674 1761 896 1831 nigredo
925 1761 1231 1816 contrarias.
1277 1760 1392 1815 Non
1438 1759 1579 1814 enim
1626 1758 1766 1828 quod
1804 1758 1936 1828 ipsae
1976 1757 2181 1827 aliquas

2293 551 2575 619 superﬁcie
2623 551 2799 604 vultus
2851 551 3163 620 sanguinem
3214 550 3514 618 impositum
3567 553 3864 620 decoxerit,

2293 643 2586 714 nigredinis
2633 644 2831 711 perusti
2867 642 3142 713 sanguinis
3182 642 3347 698 rubor
3391 642 3566 698 reddit
3612 644 3864 700 colorem.

2290 734 2441 800 Quod
2469 735 2511 788 si
2546 732 2685 788 idem
2717 734 2891 802 aliqua
2923 735 3172 802 passione
3200 733 3252 786 in
3294 734 3483 788 faciem
3517 735 3750 790 nondum
3778 753 3866 804 ge-

2293 827 2388 880 niti
2421 825 2636 879 infantis
2681 825 2966 890 acciderit,
3012 826 3254 881 eamdem
3301 827 3592 882 verisimile
3634 838 3716 882 est
3742 828 3866 884 affe-

2291 921 2524 976 ctionem
2565 918 2762 974 coloris
2802 934 2996 989 corpus
3043 919 3382 988 suscipientis
3424 920 3660 976 inﬁcere.
3693 922 3868 988 Quare

2291 1025 2410 1081 qua:
2452 1010 2504 1064 in
2547 1009 2816 1064 coloribus
2855 1017 2979 1064 sunt
3023 1009 3222 1064 ideirco
3265 1009 3540 1078 passibiles
3583 1013 3866 1080 qualitates

2289 1099 2560 1166 dicuntur,
2590 1114 2695 1154 non
2720 1101 2860 1170 quod
2891 1100 3019 1168 ipsae
3043 1098 3240 1169 aliquid
3267 1100 3556 1169 patiantur,
3600 1102 3693 1156 sed
3725 1102 3868 1171 quod

2289 1206 2353 1248 ex
2398 1191 2661 1260 aliquibus
2703 1190 3039 1261 passionibus
3069 1191 3119 1245 in
3161 1188 3444 1260 cujuslibet
3486 1206 3680 1262 corpus
3709 1200 3870 1262 atque

2287 1297 2381 1339 ora
2409 1283 2754 1352 proveniunt.
3404 1269 3406 1272 ’

2365 1396 2687 1467 Qutecunque
2713 1411 2834 1466 ergo
2863 1395 3043 1449 talium
3072 1410 3284 1449 casuum
3309 1395 3370 1448 ab
3393 1395 3645 1463 aliquibus
3674 1398 3864 1464 passio-

2289 1488 2438 1542 nibus
2469 1488 2672 1559 difficile
2711 1488 2980 1542 mobilibus
3023 1499 3070 1540 et
3106 1487 3513 1558 permanentibus
3554 1481 3863 1559 principium

2287 1581 2626 1650 sumpserint,
2667 1579 2930 1648 passibiles
2971 1579 3241 1644 qualitates
3285 1579 3550 1644 dicuntur;
3589 1579 3690 1633 sive
3732 1581 3866 1634 enim

2288 1671 2563 1726 secundum
2611 1672 2899 1724 naturalem
2943 1670 3281 1724 substantiam
3328 1670 3495 1739 pallor
3539 1680 3629 1724 aut
3659 1673 3867 1742 nigredo

2290 1767 2428 1834 facta
2466 1771 2575 1827 est,
2615 1763 2886 1832 qualitates
2926 1762 3184 1814 dicuntur.
3231 1761 3417 1826 Quales
3442 1761 3575 1814 enim
3607 1769 3652 1814 et
3686 1779 3865 1816 secun-

591 1853 840 1908 sensibus
882 1853 1159 1921 passiones
1200 1851 1506 1921 importent,
1538 1849 1631 1904 sed
1657 1849 1797 1919 quod
1824 1863 1889 1904 ex
1915 1847 2032 1901 aliis
2057 1847 2179 1918 qui-
2211 1831 2261 1894 Β
2287 1831 2412 1909 dum
2434 1871 2518 1909 ea;
2538 1831 2777 1922 dicimur,
2800 1854 2900 1906 sive
2921 1863 3129 1921 propter
3151 1853 3502 1924 wgritudinem
3529 1855 3763 1924 longam,
3790 1856 3866 1909 vel

591 1943 816 2002 busdam
846 1945 1187 2015 passionibus
1216 1944 1579 1999 innascuntur.
1619 1942 1731 1996 lloc
1760 1949 1937 1996 autem
1967 1939 2178 1995 videtur

591 2037 912 2092 Aristoteles
938 2052 1002 2092 eo
1029 2037 1421 2107 quodammodo
1455 2035 1826 2092 considerasse
1844 2076 1858 2100 ,
1892 2033 2032 2104 quod
2059 2041 2179 2103 post

591 2130 872 2198 proposuit
902 2130 1003 2185 hoc
1033 2130 1192 2186 modo
1220 2148 1230 2182 :

577 2283 584 2296 ,
667 2230 925 2295 Quoniam
965 2247 1085 2303 ergo
1125 2233 1255 2301 ﬁunt
1295 2247 1382 2300 per
1421 2230 1644 2300 aliquam
1685 2229 1970 2300 passionem
2011 2229 2180 2282 ntultte

593 2321 826 2376 colorum
848 2324 1148 2378 mutationes
1171 2324 1495 2393 manifestum
1524 2330 1616 2385 est,
1640 2321 1905 2376 rubescens
1930 2322 2064 2376 enim
2085 2323 2182 2375 ali-

595 2413 708 2479 quis
748 2412 930 2466 rubeus
961 2418 1127 2483 factus
1161 2423 1268 2480 est,
1324 2423 1371 2468 et
1409 2413 1591 2467 timens
1621 2411 1877 2482 pallidus.
1911 2420 1956 2466 et
1996 2429 2184 2466 unum-

596 2503 830 2571 quodque
852 2501 1051 2556 talium.

667 2601 780 2654 lloc
807 2610 984 2655 autem
1024 2617 1087 2656 ex
1125 2617 1230 2657 non
1279 2603 1420 2673 longi
1467 2601 1723 2668 temporis
1755 2600 2091 2669 passionibus
2118 2600 2184 2654 ad

592 2691 878 2762 passibiles
905 2691 1184 2760 qualitates
1215 2703 1267 2748 et
1304 2692 1607 2747 diutissime
1639 2701 2034 2762 permanentes,
2061 2708 2185 2747 acu-

593 2782 798 2837 tissima
828 2781 1256 2839 consideratione
1310 2783 1649 2848 transfertur,
1702 2783 1752 2835 ﬁt
1788 2783 1928 2838 enim
1962 2783 2186 2838 rationis

591 2875 944 2945 pebabilitas
990 2875 1091 2930 hoc
1136 2875 1314 2930 uiodo.
1362 2877 1726 2930 Monstramur
1763 2876 1904 2930 enim
1947 2876 2184 2929 colorum

596 2967 881 3038 qualitates
908 2983 976 3022 ex
1020 2967 1357 3037 passionibus
1398 2969 1566 3032 nasci,
1601 2967 1741 3037 quod
1773 2981 1891 3022 cum
1922 2981 2182 3021 verecun-

597 3061 683 3116 dia
713 3061 887 3130 passio
918 3060 1160 3132 quaedam
1189 3060 1276 3128 sit,
1309 3076 1372 3116 ex
1413 3075 1474 3114 ea
1515 3059 1677 3115 rubor
1705 3059 1960 3123 exoritur,
1986 3065 2040 3112 et
2065 3072 2184 3111 cum

596 3153 756 3208 timor
781 3152 899 3208 loco
929 3151 1190 3220 passionis
1219 3151 1498 3213 habeatur,
1528 3152 1593 3205 ab
1614 3165 1675 3204 ea
1699 3151 1867 3220 pallor
1897 3150 2184 3204 metuentis

593 3245 801 3299 vultum
833 3252 992 3314 atque
1030 3257 1124 3298 ora
1162 3243 1364 3312 deﬁgit.
1404 3242 1579 3309 Quare
1617 3243 1867 3312 quoniam
1902 3242 1954 3296 lii
1979 3243 2186 3297 colores

597 3350 666 3392 ex
695 3335 921 3404 quadam
959 3335 1206 3404 passione
1241 3333 1486 3388 videntur
1516 3334 1749 3398 innasci,
1801 3333 1961 3387 etiam
2002 3333 2054 3387 in
2087 3347 2185 3386 na-

595 3411 760 3482 turali
798 3428 979 3482 colore
1018 3426 1258 3481 eamdem
1298 3426 1587 3482 verisimile
1632 3435 1714 3482 est
1751 3427 1994 3482 evenisse
2024 3427 2186 3480 ratio-

595 3531 744 3578 nem.
780 3517 911 3574 Nam
945 3518 1193 3588 quoniam
1225 3533 1344 3574 cum
1377 3517 1696 3574 verecundia
1729 3517 1805 3582 ﬁt,
1839 3517 1890 3570 in
1925 3531 1984 3571 os
2011 3515 2184 3570 omnis

595 3611 818 3680 sanguis
838 3608 1133 3681 egreditur,
1157 3620 1211 3665 et
1239 3609 1385 3664 velut
1412 3609 1663 3666 delictum
1700 3617 1936 3664 tecturus
1959 3607 2184 3662 effundi-

596 3709 709 3770 tur,
746 3703 818 3756 ita
856 3715 1066 3772 quoque
1103 3702 1162 3755 ﬁt
1206 3701 1368 3755 rubor
1395 3715 1457 3756 ex
1492 3700 1762 3770 sanguinis
1795 3699 2185 3770 progressione,

598 3805 762 3862 atque
789 3792 841 3847 in
871 3801 1110 3862 apertum
1141 3791 1418 3848 effusione.
1455 3791 1713 3859 Quocirca
1740 3791 1782 3847 si
1815 3791 1914 3846 hoc
1942 3807 2006 3846 ex
2039 3790 2190 3846 inna-

597 3886 760 3941 turali
792 3885 1040 3955 passione
1062 3886 1365 3955 contigerit,
1400 3884 1625 3939 naturali
1656 3883 1815 3939 facies
1846 3884 2038 3939 rubore
2069 3899 2190 3954 per-

597 3977 859 4033 funditur.
903 3977 1082 4032 Pallor
1118 3993 1244 4034 vero
1275 3979 1328 4031 lit
1351 4019 1363 4043 ,
1391 3977 1601 4049 quoties
1631 3991 1658 4030 a
1688 3976 1822 4031 facie
1853 3976 2068 4046 sanguis
2122 3976 2189 4029 ad

599 4069 1020 4139 praecordiorum
1052 4069 1305 4125 interiora
1336 4069 1646 4140 ingreditur.
1672 4065 1822 4134 Quod
1850 4068 1894 4122 si
1920 4067 2031 4121 haec
2057 4083 2188 4136 quo-

599 4176 706 4231 que
738 4161 996 4215 naturalis
1031 4160 1212 4229 passio
1251 4161 1359 4224 det,
1395 4161 1684 4216 verisimile
1713 4173 1795 4215 est
1828 4160 2014 4216 eodem
2057 4160 2190 4213 infe-

598 4261 744 4306 ctum
769 4253 950 4307 calore
975 4253 1265 4320 procreari.
1289 4252 1551 4318 Quocirca
1573 4254 1682 4307 sive
1707 4269 1800 4322 per
1822 4252 2190 4322 aegritudinem

601 4345 780 4415 pallor
826 4345 902 4410 ﬁt,
935 4343 1076 4412 quod
1119 4344 1363 4398 naturale
1398 4358 1503 4397 non
1539 4353 1639 4410 est,
1682 4346 1795 4399 sive
1835 4360 1930 4412 per
1957 4346 2188 4413 aliquem

601 4435 901 4490 naturalem
933 4442 1183 4488 eventum
1222 4434 1484 4504 passionis
1522 4434 1751 4498 accidat,
1793 4443 2094 4506 caeteraque
2123 4436 2188 4490 ad

602 4526 851 4580 eumdem
892 4525 1131 4592 modum,
1163 4525 1441 4594 passibiles
1485 4525 1770 4596 qualitates
1814 4526 2081 4593 dicuntur,
2127 4543 2192 4584 eo

601 4615 744 4685 quod
777 4630 842 4670 ex
871 4616 1135 4686 aliquibus
1166 4616 1502 4685 passionibus
1526 4618 1650 4684 sint,
1675 4616 1815 4687 quod
1843 4617 1955 4686 ipse
1978 4618 2189 4673 Aristo-

603 4705 737 4759 teles
771 4706 870 4760 hac
899 4719 1030 4760 voce
1059 4714 1284 4760 testatur
1313 4723 1327 4761 :

676 4807 845 4869 Quare
867 4818 911 4862 et
935 4809 977 4862 si
997 4809 1109 4876 quis
1137 4807 1436 4862 naturaliter
1460 4809 1653 4880 aliquid
1682 4810 1857 4863 talium
1890 4827 2067 4880 passus
2094 4821 2187 4876 est,

601 4897 816 4952 siutilem
842 4899 1058 4950 colorem
1086 4909 1282 4963 Oportet
1312 4917 1425 4953 eum
1448 4901 1649 4956 habere.
1682 4903 1809 4966 Qua:
1831 4905 1963 4956 enim
1989 4905 2189 4971 a/fectio

602 5008 634 5043 ιι
644 5006 738 5043 unc
759 4988 826 5041 ad
849 4989 1197 5041 verecundiam
1219 4990 1352 5040 circa
1374 5005 1556 5057 corpus
1577 4993 1712 5059 facta
1735 5001 1825 5058 est,
1847 5003 1894 5046 ct
1914 4995 2189 5047 secundum

601 5080 896 5143 naturalem.
931 5078 1217 5146 passionem
1255 5079 1428 5131 eadem
1471 5079 1557 5146 ﬁet
1585 5078 1808 5146 a/fectio,
1850 5088 1904 5133 ut
1939 5084 2190 5137 naturali;

600 5173 743 5226 color
769 5172 834 5226 sit
856 5170 1058 5226 similis.

673 5264 804 5317 Nam
841 5264 951 5318 sive
987 5260 1178 5330 aliquis
1208 5261 1293 5315 vel
1326 5261 1559 5316 nondum
1590 5267 1744 5315 natus
1786 5261 1982 5332 aliquid
2019 5266 2192 5332 patia-

607 5364 716 5421 tur,
748 5371 853 5425 quo
881 5356 1070 5410 faciem
1103 5354 1317 5423 sanguis
1353 5355 1651 5425 relinquat,
1681 5354 1794 5410 sive
1824 5355 2059 5424 quolibet
2086 5354 2190 5409 alio

605 5447 767 5500 modo
789 5448 1006 5516 sanguis
1028 5462 1091 5503 ex
1120 5447 1335 5502 infantis
1362 5448 1510 5502 vultu
1536 5447 1601 5502 ad
1629 5448 1885 5502 interiora
1917 5447 2182 5518 migravit,

605 5538 799 5591 faciem
834 5539 1093 5593 naturalis
1122 5539 1304 5593 iniecit
1333 5539 1522 5608 pallor,
1551 5547 1605 5593 et
1631 5554 1748 5607 qua:
1783 5555 1924 5594 nunc
1969 5555 2074 5595 non
2096 5555 2187 5593 na-

503 5649 530 5698 )
599 5627 803 5681 turales
846 5631 1122 5697 passiones
1164 5630 1649 5700 dispositionesquc
1694 5639 1847 5697 sunt,
1890 5639 1948 5684 ut
1986 5644 2105 5685 cum
2135 5627 2188 5682 bi

603 5718 811 5772 colores
859 5720 1044 5775 faciem
1076 5721 1161 5774 vel
1198 5731 1364 5776 totum
1397 5738 1590 5793 corpus
1619 5724 1886 5789 inliciunt,
1922 5722 1972 5776 lii
2013 5723 2059 5778 si
2087 5737 2186 5776 na-

609 5805 849 5873 turaliter
895 5813 1215 5894 contigerint
1247 5813 1479 5884 eisdem,
1513 5815 1784 5871 similibus
1825 5816 2060 5888 signatus
2099 5829 2190 5871 co-

2284 1956 2464 2002 wstum
2487 1946 2682 2015 aliquid
2705 1945 2804 1998 tale
2825 1944 3102 2014 contingit,
3133 1943 3343 2013 nigredo
3370 1943 3445 1997 vel
3476 1945 3659 2012 pallor,
3691 1954 3738 1998 et
3764 1963 3865 2001 non

2288 2042 2439 2113 facile
2468 2041 2722 2111 pra’terit,
2757 2039 2834 2093 vel
2861 2039 2913 2092 in
2941 2038 3045 2091 vita
3075 2045 3361 2108 permanet,
3386 2037 3656 2106 qualitates
3683 2048 3729 2093 et
3756 2039 3866 2094 ista:

2287 2136 2547 2188 dicuntur.
2580 2130 2832 2188 Similiter
2870 2131 3002 2185 enim
3033 2130 3208 2200 quales
3248 2137 3294 2184 et
3338 2129 3618 2183 secundant
3660 2145 3746 2185 eas
3787 2131 3866 2185 di-

2288 2244 2470 2282 crmur.

2360 2346 2459 2399 Dat
2509 2342 2779 2414 quoddam
2833 2342 3045 2413 signum
3099 2356 3205 2412 quo
3264 2349 3546 2413 perspecto
3593 2343 3868 2400 valeamus

2288 2451 2598 2508 agnoscere,
2617 2436 2749 2504 qna‘s
2767 2434 2952 2488 harum
2971 2435 3209 2488 omnium
3226 2449 3344 2504 qua:
3386 2432 3703 2504 supradicta
3722 2443 3866 2505 sunt,

2289 2528 2572 2598 qualitates
2610 2532 2853 2595 oporteat
2893 2526 3169 2596 appellari.
3214 2524 3270 2579 Si
3311 2525 3452 2580 enim
3495 2526 3566 2580 ita
3614 2525 3696 2581 vel
3741 2540 3867 2582 casu

2292 2619 2498 2689 aliquo,
2522 2617 2604 2672 vel
2628 2629 2812 2672 natura
2835 2617 2918 2672 ha:
2946 2618 3231 2688 qualitates
3260 2618 3563 2683 evenerint,
3597 2627 3654 2673 ut
3683 2633 3868 2675 eorum

2291 2713 2361 2768 sit
2407 2711 2586 2766 tardus
2625 2712 2800 2767 exitus
2839 2712 3265 2782 permutatioque
3295 2709 3562 2777 difﬁcilis,
3589 2711 3869 2781 qualitates

2293 2815 2575 2861 vocantur.
2602 2805 2657 2860 Si
2685 2805 2805 2876 quis
2826 2804 2966 2859 enim
2993 2804 3074 2859 vel
3106 2819 3201 2874 per
3231 2803 3595 2874 aegritudinem
3617 2843 3632 2867 ,
3667 2803 3750 2858 vel
3779 2819 3869 2873 per

2291 2906 2534 2953 naturam
2564 2896 2794 2966 pallidus
2825 2897 2917 2950 tiat
2938 2937 2953 2962 ,
2987 2895 3157 2966 sitque
3187 2895 3238 2948 in
3268 2894 3383 2964 ejus
3406 2908 3636 2965 corpore
3663 2909 3870 2965 perma-

2292 3003 2426 3042 nens
2458 2986 2644 3056 pallor,
2681 2994 2804 3039 tunc
2845 2984 3072 3054 qualitas
3103 2985 3424 3054 appellatur,
3457 2995 3511 3041 et
3540 2988 3642 3041 hoc
3671 3001 3774 3041 non
3820 2987 3869 3042 in

2292 3075 2662 3146 corporalibus
2689 3075 2860 3129 solum
2886 3076 3027 3130 vitiis
3045 3118 3058 3140 ,
3091 3074 3183 3129 sed
3207 3076 3364 3128 etiam
3389 3076 3442 3129 in
3469 3076 3633 3131 animi
3661 3091 3871 3147 quoque

2293 3169 2666 3226 affectionibus
2689 3167 2974 3223 invenitur.
3001 3167 3056 3223 Si
3076 3169 3196 3238 quis
3219 3168 3362 3223 enim
3387 3169 3469 3223 vel
3492 3183 3585 3238 per
3607 3178 3870 3234 naturam,

2294 3264 2378 3318 vel
2423 3260 2659 3331 quolibet
2701 3260 2809 3314 alio
2839 3268 3022 3329 postea
3061 3273 3186 3314 casu
3216 3260 3446 3314 assiduis
3475 3261 3872 3316 comessationl-

2294 3354 2394 3409 bus
2419 3353 2743 3417 delectetur,
2770 3359 2824 3406 et
2853 3350 2951 3404 hoc
2975 3351 3052 3404 illi
3078 3349 3473 3420 quodammodo
3501 3350 3554 3405 in
3585 3352 3697 3419 ipsa
3723 3366 3872 3406 meu-

2297 3445 2364 3501 tis
2407 3445 2650 3500 dissoluti
2677 3459 2758 3500 tne
2805 3452 3152 3514 permaneat,
3187 3445 3254 3498 ab
3298 3458 3468 3514 eoque
3497 3443 3714 3498 difﬁcile
3757 3459 3870 3500 mo-

2294 3547 2505 3604 veatur,
2551 3536 2817 3606 passibilis
2862 3536 3090 3606 qualitas
3132 3535 3320 3591 effecta
3360 3543 3470 3600 est,
3505 3534 3702 3590 idcirco
3730 3537 3870 3607 quod

2296 3627 2588 3686 secundum
2618 3641 2735 3682 eam
2765 3625 2951 3698 quales
2979 3625 3245 3699 dicuntur,
3278 3625 3469 3695 quibus
3496 3624 3586 3680 illa
3611 3639 3872 3694 provene-

2293 3723 2396 3778 rit.-
2417 3719 2577 3791 Niger
2604 3718 2746 3775 enim
2785 3717 2978 3773 dicitur
3019 3719 3070 3773 in
3101 3732 3213 3787 qua
3238 3717 3459 3787 nigredo
3491 3705 3874 3787 permanseritf

2295 3820 2648 3874 comessator,
2686 3811 2773 3864 cui
2815 3808 3062 3878 voluptas
3109 3817 3366 3877 perpetua
3405 3807 3739 3864 comessandi
3770 3818 3871 3865 est.

2301 3907 2398 3962 Est
2444 3919 2572 3976 ergo
2624 3903 2831 3974 signum
2880 3902 2932 3956 in
2993 3900 3330 3971 passibilibus
3377 3901 3719 3970 qualitatibus
3773 3904 3874 3958 hoc

2295 4013 2387 4054 eas
2439 4011 2557 4052 esse
2607 3994 2907 4050 immobiles
2957 4003 3012 4048 et
3063 4001 3460 4063 permanentes.
3513 3994 3642 4061 Qua:
3696 4003 3875 4052 autem

2299 4085 2606 4156 bujusmodi
2638 4094 2761 4139 sunt
2790 4099 2906 4153 quae
2938 4083 3191 4138 tacillime
3233 4092 3626 4153 permutantur,
3657 4093 3712 4140 et
3743 4095 3876 4141 tetu-

2297 4178 2464 4246 porali
2495 4186 2635 4231 statu
2663 4185 2817 4240 sunt,
2844 4174 2910 4229 de
2942 4175 3024 4230 his
3053 4174 3168 4229 talis
3196 4174 3496 4230 Aristotelis
3523 4175 3728 4232 videtur
3757 4191 3877 4234 esse

2296 4268 2581 4324 sententia.

2372 4369 2697 4435 Quwcunque
2718 4383 2830 4422 vero
2857 4384 2921 4423 ea:
2943 4368 3023 4422 his
3045 4368 3174 4434 [iant
3200 4383 3310 4437 qua:
3335 4367 3487 4438 facile
3514 4366 3800 4433 solvuntur,
3828 4378 3875 4424 et

2297 4462 2396 4514 cito
2424 4471 2705 4531 transeunt,
2733 4461 2992 4530 passiones
3017 4462 3276 4525 dicuntur,
3299 4462 3566 4531 qualitates
3585 4478 3700 4516 vero
3722 4463 3876 4516 mini-

2219 4565 2270 4626 D
2299 4570 2396 4617 me,
2418 4570 2519 4606 non
2541 4554 2672 4607 enim
2699 4554 2916 4607 dicimur
2938 4555 3216 4625 secundant
3243 4569 3325 4607 eas
3347 4553 3544 4624 quales,
3568 4570 3724 4624 neque
3745 4557 3872 4610 enin.

2295 4645 2381 4714 qui
2408 4653 2613 4715 propter
2644 4643 3000 4698 verecundiam
3034 4645 3218 4698 rubeus
3261 4645 3426 4712 factus
3450 4653 3552 4711 est,
3584 4645 3766 4699 rubeus
3797 4645 3878 4698 di-

2297 4736 2450 4800 citur,
2481 4752 2569 4789 nec
2591 4737 2672 4788 cui
2690 4736 2858 4805 pallor
2877 4744 3082 4805 propter
3103 4735 3332 4788 timorem
3355 4737 3512 4803 venit,
3539 4736 3764 4805 pallidus
3785 4747 3877 4805 est,

2295 4830 2382 4882 sed
2412 4828 2574 4900 magis
2601 4829 2720 4898 quia
2748 4827 2944 4896 aliquid
2974 4843 3153 4897 passus
3184 4827 3279 4894 sit,
3309 4845 3466 4896 quare
3495 4829 3754 4900 passiones
3782 4830 3879 4883 Itu-

2291 4919 2526 4989 jusmodi
2556 4921 2815 4986 dicuntur,
2847 4919 3121 4988 qualitates
3143 4934 3258 4972 vero
3285 4919 3508 4972 minime.
3533 4920 3783 4976 Similiter
3804 4923 3881 4980 his

2297 5021 2346 5065 et
2398 5012 2671 5065 secundum
2701 5012 2922 5063 animam
2941 5012 3213 5078 passiones
3243 5020 3289 5064 et
3319 5010 3582 5080 passibiles
3611 5014 3880 5080 qualitates

2297 5104 2560 5156 dicuntur.
2603 5101 2926 5169 Qumcunque
2955 5105 3086 5157 enim
3117 5119 3235 5155 mox
3265 5102 3574 5154 innascendo
3601 5102 3663 5153 ab
3690 5102 3880 5172 aliqui-

2304 5193 2394 5245 bus
2433 5190 2747 5260 passionibus
2780 5192 2984 5259 difﬁcile
3015 5192 3284 5246 mobilibus
3310 5191 3470 5259 ﬁunt,
3499 5190 3770 5258 qualitates
3801 5184 3882 5248 di.-

2302 5291 2503 5347 cuntur,
2557 5291 2611 5334 ut
2659 5291 2705 5335 et
2754 5283 3043 5350 dementia,
3093 5293 3136 5335 et
3181 5283 3287 5345 ira,
3332 5290 3376 5334 et
3413 5281 3517 5334 alia
3548 5281 3880 5355 hujusntodi,

2296 5375 2473 5445 quales
2500 5375 2630 5428 cnim
2661 5375 2942 5428 secundum
2973 5392 3055 5429 eas
3086 5374 3323 5439 dicimur,
3357 5373 3411 5426 id
3433 5382 3507 5427 est
3535 5384 3580 5428 et
3613 5375 3878 5442 iracundi;

2295 5474 2340 5519 et
2367 5466 2647 5521 dementes.
2681 5467 2930 5520 Similiter
2950 5474 3117 5518 autem
3143 5473 3188 5518 ct
3212 5480 3526 5536 quiscunque
3550 5466 3668 5521 alia:
3693 5467 3877 5521 aliena.

2297 5561 2455 5614 tiones
2499 5578 2602 5615 non
2646 5560 2935 5626 naturales,
2981 5559 3069 5612 sed
3110 5559 3173 5612 ab
3211 5559 3465 5630 aliquibus
3507 5561 3702 5614 casibus
3732 5564 3876 5629 facta

2295 5660 2436 5716 sunt,
2462 5653 2668 5722 difﬁcile
2693 5657 3052 5719 pra-tereuutes
3073 5650 3148 5704 vel
3171 5651 3322 5705 etiam
3345 5653 3552 5705 omnino
3577 5648 3874 5714 immobiles,

2294 5753 2343 5797 et
2367 5745 2430 5796 hu
2434 5746 2661 5814 jusmodi
2687 5742 2802 5794 alia:
2822 5743 3092 5809 qualitates
3114 5753 3252 5810 sunt,
3280 5745 3456 5814 quales
3477 5743 3606 5796 enim
3629 5750 3673 5794 et
3693 5753 3873 5791 secutis

2302 5835 2424 5894 dum
2469 5853 2552 5891 eas
2583 5833 2819 5888 dicimur.
2859 5832 3187 5906 Quacunque
3224 5851 3340 5889 vero
3368 5850 3434 5888 ea:
3472 5835 3550 5885 his
3586 5845 3699 5900 qua:
3727 5829 3875 5907 facile

4264 3269 4280 3482 ἦ

4271 3765 4280 3980 l

4273 3985 4280 4254 ἔ
