4280 6268
459 329 560 388 249

1413 333 1476 390 lN
1513 332 1949 393 CATEGORIAS
1989 337 2435 401 ARISTOTELIS
2474 343 2601 401 LIB.
2645 346 2729 402 ΙΙΙ.

3630 366 3735 421 250

460 451 506 495 et
546 441 697 495 citius
745 439 1050 509 prmteréunt
1089 443 1256 512 ﬁunt,
1303 445 1561 516 passiones
1610 448 1868 516 dicuntur,
1904 459 1957 503 ut
1999 469 2042 505 st
2070 455 2120 516 Α
2153 458 2492 526 qualitatem.
2532 460 2701 529 llujus
2731 466 3042 533 quaestionis
3073 468 3192 526 talis
3221 471 3414 528 solutio
3451 484 3551 532 est.
3594 479 3733 535 Nihil

460 533 573 596 quis
618 533 941 587 contristatus
982 536 1276 589 iracundior
1307 539 1396 605 fit;
1441 555 1540 592 non
1586 541 1718 594 enim
1763 541 2046 599 iracundus

463 624 666 690 dicitur,
701 628 786 693 qui
815 627 864 679 in
891 626 1183 698 lmjusmodi
1219 631 1456 698 passione
1496 632 1798 688 iracundior
1821 645 1924 700 est,
1955 637 2045 690 sed

462 716 624 786 ntagis
658 718 853 786 aliquid
889 736 1090 788 passus.
1127 720 1301 784 Quare
1328 723 1589 790 passiones
1616 725 1818 794 quidem
1862 727 2044 800 hujus-

460 807 600 860 modi
627 807 883 875 dicuntur,
914 811 1189 876 qualitates
1221 829 1334 867 vero
1367 816 1592 872 minime.

529 918 660 987 Quid
702 919 768 976 de
810 921 893 977 his
937 921 1310 982 affectionibus
1334 927 1632 998 judicaret,
1663 948 1782 1004 qure
1813 935 1878 990 ad
1908 952 2044 1006 pra:-

456 1024 578 1064 sens
603 1019 814 1080 tempus
839 1023 1001 1084 atque
1027 1015 1094 1071 ad
1117 1029 1447 1075 momentum
1478 1023 1671 1079 animis
1699 1026 1779 1080 vel
1803 1029 2044 1096 corpori-

452 1101 550 1155 bus
575 1100 940 1173 inhaererent,
969 1106 1084 1177 ipse
1116 1123 1222 1164 non
1254 1111 1484 1167 obscura
1510 1117 1759 1170 oratione
1785 1118 2037 1189 vulgavit.

376 1195 388 1216 ³
447 1190 582 1249 Nam
608 1210 730 1250 cum
757 1197 905 1266 prius
931 1213 1024 1255 eas
1044 1214 1165 1256 esse
1192 1203 1472 1271 passibiles
1497 1207 1782 1276 qualitates
1806 1225 2039 1278 pronun-

449 1288 643 1355 tiaret,
692 1304 813 1359 quae
862 1306 927 1346 ex
982 1292 1249 1362 aliquibus
1293 1296 1628 1364 passionibus
1675 1301 2036 1369 gignerentur,

447 1387 504 1435 et
553 1388 733 1437 tamen
778 1381 833 1436 in
885 1382 1142 1452 subjectis
1185 1385 1592 1443 itnmutabiliter
1636 1403 2036 1459 permanerent,

451 1487 597 1528 nunc
626 1472 742 1528 illas
765 1473 1074 1529 affectiones
1099 1490 1218 1544 qua:
1240 1476 1310 1531 ita
1338 1486 1465 1533 sunt
1495 1479 1546 1533 in
1573 1479 1830 1551 subjectis
1859 1492 1913 1537 ut
1933 1485 2038 1540 cito

449 1573 816 1633 praetereant,
861 1579 966 1619 non
1000 1566 1319 1635 qualitates,
1347 1568 1442 1622 sed
1473 1570 1745 1638 passiones
1776 1581 1946 1626 vocat.
1981 1575 2036 1630 Si

450 1654 573 1724 quis
603 1655 744 1709 enim
774 1665 998 1725 propter
1023 1658 1397 1713 verecundiam
1424 1661 1617 1715 rubore
1658 1662 1886 1718 infectus
1915 1673 2029 1732 est,

446 1746 699 1813 quoniam
728 1746 895 1800 rubor
925 1747 1014 1803 ille
1041 1764 1147 1803 non
1178 1763 1482 1818 permanet,
1509 1754 1707 1810 rubeus
1738 1772 1843 1812 non
1874 1773 2031 1816 voca-

2148 540 2394 618 impedit,
2417 550 2708 606 secundum
2734 553 2893 608 aliam
2919 557 3124 613 scilicet
3149 571 3308 632 atque
3329 564 3483 618 aliam
3498 581 3735 636 causam,

2153 650 2311 690 unam
2358 638 2712 709 eamdemque
2761 657 2875 698 rem
2916 648 3130 714 gemino
3168 652 3350 719 generi
3390 656 3587 722 speciei
3627 674 3736 714 sum

2150 739 2489 795 supponere,
2523 739 2582 784 ut
2611 730 2864 788 Socrates
2892 733 2945 788 in
2977 750 3042 789 eo
3072 739 3211 806 quod
3245 753 3393 810 pater
3424 753 3508 799 est
3532 725 3597 801 ad
3632 749 3735 802 ali-

2149 816 2274 884 quid
2299 816 2509 888 dicitur,
2545 821 2595 875 in
2620 835 2686 876 eo
2714 824 2854 894 quod
2885 824 3074 893 homo,
3104 829 3402 888 substantia
3433 845 3545 902 est,
3578 839 3655 892 sic
3683 841 3732 895 in

2150 909 2328 966 calore
2364 920 2523 983 atque
2566 913 2787 984 frigore,
2817 917 2869 971 in
2910 933 2975 973 eo
3016 919 3158 990 quod
3199 923 3318 991 quis
3347 928 3635 984 secundum
3671 947 3733 987 ea

2152 1001 2362 1058 videtur
2404 1018 2526 1061 esse
2574 1003 2908 1078 dispositus,
2960 1012 3012 1067 in
3062 1012 3411 1083 dispositione
3455 1034 3732 1079 numerata

2149 1103 2304 1161 sunt;
2353 1098 2648 1155 secundum
2681 1117 2808 1158 vero
2840 1105 2982 1174 quod
3013 1119 3079 1161 ex
3105 1107 3370 1180 aliquibus
3396 1113 3730 1181 passionibus

2150 1185 2518 1254 innascuntur,
2555 1194 2835 1262 passibiles
2873 1196 3155 1265 qualitates
3201 1199 3359 1256 dictae
3401 1212 3549 1259 sunt.
3600 1206 3730 1277 Ipsm

2149 1292 2275 1331 vero
2307 1280 2372 1335 ab
2404 1281 2583 1339 habitu
2615 1287 2846 1353 distant,
2883 1288 2934 1344 id
2963 1302 3046 1345 est
3087 1293 3372 1361 passibiles
3415 1297 3742 1370 qualitates,

2146 1369 2287 1438 quod
2331 1371 2383 1425 in
2426 1374 2672 1441 plurimis
2702 1378 2768 1432 ad
2813 1379 3024 1436 habitus
3073 1383 3234 1440 rebus
3277 1401 3372 1456 per
3398 1397 3541 1444 artes
3570 1369 3730 1462 atque

2145 1464 2400 1521 scientias
2429 1471 2757 1538 pervenitur,
2788 1473 2856 1528 ita
2888 1483 2945 1530 ut
2972 1476 3087 1545 ipse
3111 1477 3326 1535 habitus
3351 1481 3538 1539 ordine
3563 1493 3617 1539 et
3639 1485 3730 1541 filo

2143 1557 2371 1626 quedam
2429 1563 2757 1630 perficiatur.
2813 1565 3104 1626 Passibiles
3154 1588 3283 1628 vero
3329 1575 3615 1645 qualitates
3660 1569 3728 1635 'eo

2143 1651 2302 1706 modo
2329 1652 2568 1711 minime.
2601 1657 2718 1725 Quo
2750 1675 2875 1716 vero
2904 1661 3106 1718 distent
3137 1663 3218 1719 lim
3247 1667 3528 1736 passibiles
3553 1671 3726 1741 quali-

2142 1748 2280 1798 tates
2311 1758 2340 1797 a
2381 1747 2615 1802 secunda
2655 1751 2834 1820 specie
2861 1796 2876 1821 ,
2921 1769 3038 1823 quae
3083 1756 3375 1812 secundum
3425 1761 3722 1818 naturalem

448 1845 554 1902 Im;
590 1838 678 1907 qui
705 1838 748 1892 si
773 1839 970 1894 rubens
993 1839 1285 1909 dicerewr’
1317 1855 1460 1900 esset
1487 1862 1698 1919 quoque
1727 1850 1841 1920 ipse
1866 1851 2033 1909 rubor
2063 1849 2114 1910 Β
2140 1835 2427 1902 potentiam
2476 1837 2557 1892 vel
2603 1838 2970 1909 impotentiam
3020 1845 3230 1912 dicitur,
3263 1849 3537 1918 quaeritur,
3571 1852 3723 1923 cujus

447 1927 716 1998 passibilis
737 1929 994 2000 qualitas,
1027 1934 1280 2002 quoniam
1312 1935 1364 1990 in
1393 1937 1636 2007 subjecto
1660 1955 1884 2012 corpore
1911 1946 2028 2001 diu-

450 2019 658 2073 tissime
679 2032 1033 2090 permaneret.
1059 2023 1208 2080 Nunc
1229 2035 1408 2082 autem
1427 2031 1677 2098 quoniam
1699 2034 1847 2090 nullo
1869 2038 2028 2093 modo

449 2110 645 2166 rubeus
673 2111 891 2180 dicitur,
925 2115 1010 2169 cui
1043 2131 1071 2170 a
1103 2120 1424 2174 verecundia
1453 2122 1616 2177 rubor
1646 2126 1819 2195 venit,
1853 2131 2026 2197 quali-

446 2209 581 2258 tates
621 2215 797 2259 autem
840 2216 963 2261 sunt
1007 2209 1298 2264 secundum
1345 2227 1477 2282 quas
1516 2215 1702 2284 quales
1744 2232 2020 2288 vocamur,

443 2295 778 2353 verecundia:
807 2298 974 2354 rubor
999 2315 1103 2355 non
1129 2302 1361 2372 qualitas
1381 2347 1395 2374 ,
1434 2307 1527 2360 sed
1563 2309 1805 2377 quaedam
1846 2314 2026 2381 passio

442 2396 552 2451 est;
588 2401 710 2441 nam
743 2387 963 2445 siesset
988 2392 1245 2460 qualitas,
1279 2394 1347 2449 ab
1377 2410 1442 2450 eo
1472 2397 1665 2452 rubore
1703 2400 1854 2456 rubei
1883 2402 2027 2457 dice-

445 2486 650 2544 rentur,
685 2479 740 2534 id
770 2491 852 2536 est
877 2483 1064 2552 quales
1087 2525 1100 2550 ,
1132 2486 1225 2540 sed
1265 2487 1366 2542 hoc
1405 2505 1510 2543 non
1545 2491 1613 2546 ita
1649 2501 1750 2546 est.
1782 2493 1897 2548 Non
1931 2495 2028 2565 igi-

444 2579 526 2625 tur
567 2570 872 2641 ltujusmodi
921 2573 1230 2631 affectiones
1276 2593 1395 2648 quae
1441 2579 1580 2636 haud
1624 2583 1794 2637 multo
1832 2585 2026 2642 durant

445 2669 684 2733 tempore
723 2664 1008 2734 qualitates
1048 2679 1325 2736 vocantur,
1371 2672 1466 2726 sed
1511 2675 1687 2743 potius
1727 2677 2019 2746 passiones.

440 2752 633 2810 Passus
653 2756 799 2811 enim
823 2759 1021 2829 aliquid
1045 2759 1265 2827 dicitur,
1291 2763 1382 2833 qui
1406 2777 1627 2836 propter
1651 2771 2021 2827 verecundiam

438 2846 633 2903 rubeus
667 2850 744 2903 fit.
787 2849 988 2906 Eadem
1020 2854 1154 2907 ratio
1179 2862 1262 2909 est
1288 2857 1448 2912 etiam
1481 2859 1533 2912 in
1564 2859 1727 2915 animi
1763 2863 2023 2931 passioni-

437 2940 554 2996 bus.
591 2943 720 2997 Nam
755 2944 798 2999 si
828 2944 894 2999 ad
927 2957 1254 3002 momentum
1289 2951 1408 3020 quis
1437 2951 1604 3006 iratus
1637 2962 1745 3020 est,
1790 2971 1894 3011 non
1936 2958 2020 3012 id-

436 3035 578 3088 circo
605 3051 722 3089 eum
747 3035 869 3108 jure
891 3037 1084 3108 aliquis
1109 3040 1420 3096 iracundum
1445 3052 1626 3109 vocet,
1654 3044 1747 3099 sed
1770 3047 1814 3100 si
1838 3047 2020 3114 hujus-

439 3125 581 3179 modi
605 3125 783 3180 vitium
809 3128 858 3181 in
883 3126 1167 3198 cujuslibet
1190 3131 1369 3187 animo
1389 3142 1696 3190 constanter
1718 3137 2010 3193 inhaeserit.

2138 1927 2391 1996 perplaua
2422 1929 2669 1986 distantia
2703 1945 2805 1992 est.
2843 1936 3074 1993 Dicimus
3103 1940 3243 1994 enim
3290 1944 3583 2000 secundum
3627 1958 3723 2016 po-

2139 2018 2318 2072 tentiae
2349 2023 2605 2079 naturalis
2635 2027 2868 2095 speciem
2899 2029 3100 2099 aliquid
3128 2031 3262 2098 dici,
3293 2048 3401 2111 non
3426 2037 3719 2095 secundum

2137 2121 2459 2179 praesentem
2483 2125 2658 2171 actum
2678 2158 2692 2184 ,
2716 2119 2810 2174 sed
2833 2123 3124 2177 secundum
3149 2123 3202 2178 id
3224 2126 3363 2195 quod
3387 2127 3451 2181 ad
3477 2127 3579 2184 hoc
3602 2145 3720 2188 esse

2135 2210 2344 2270 potest;
2391 2203 2559 2275 frigus
2605 2223 2732 2263 vero
2779 2211 3062 2282 calorque,
3110 2224 3165 2270 et
3205 2215 3433 2274 dulcedo
3463 2220 3546 2275 vel
3576 2236 3721 2279 ama-

2133 2295 2309 2371 ritudo
2334 2311 2438 2352 non
2463 2299 2758 2355 secundum
2780 2303 2920 2373 quod
2946 2306 3114 2374 possit
3135 2320 3285 2372 esse,
3308 2309 3402 2364 sed
3424 2312 3718 2371 secundum

2131 2384 2186 2440 id
2237 2387 2378 2456 quod
2421 2388 2531 2458 jam
2576 2391 2646 2445 sit
2693 2394 3102 2463 consideratur;
3136 2399 3387 2469 quocirca
3415 2401 3576 2458 distat
3607 2404 3720 2462 luet:

2133 2476 2285 2530 tertia
2317 2479 2525 2546 species
2553 2494 2582 2532 a
2614 2483 2844 2537 secunda
2866 2525 2880 2551 ,
2911 2485 3052 2554 quod
3087 2488 3171 2542 hic
3210 2491 3502 2547 secundum
3541 2496 3718 2564 possi-

2130 2563 2388 2621 bilitatem
2439 2568 2667 2637 dicitur,
2711 2573 2866 2628 tertia
2901 2590 3025 2630 vero
3054 2579 3346 2635 secundum
3378 2563 3578 2638 aetum.
3609 2585 3715 2642 Sed

2131 2658 2274 2728 quod
2322 2660 2521 2717 dudum
2571 2665 2878 2733 promiscue
2921 2671 3202 2737 passiones
3227 2672 3572 2733 affectionum
3616 2694 3714 2734 no-

2129 2753 2272 2806 mine
2320 2757 2676 2822 vocabamus,
2723 2757 2839 2812 lucc
2882 2773 3095 2830 quoque
3134 2779 3239 2818 non
3291 2766 3444 2835 longa
3490 2773 3714 2839 quaestio

2129 2842 2231 2895 alia
2263 2855 2366 2898 est.
2399 2846 2488 2903 Sic
2525 2849 2666 2901 cnim
2708 2848 3044 2906 inveniemus
3071 2854 3212 2922 quod
3245 2857 3424 2924 passio
3469 2859 3537 2913 ab
3581 2861 3714 2918 alle-

2126 2933 2392 2989 Ctionibus
2437 2936 2744 3007 discrepare
2784 2939 3046 2996 videatur.
3083 2943 3137 2999 Si
3180 2959 3281 3014 qua
3313 2947 3454 3002 enim
3487 2961 3711 3019 corpora

2126 3023 2198 3079 ita
2231 3025 2487 3081 calefacta
2519 3028 2660 3096 sint,
2705 3037 2762 3085 ut
2801 3046 2868 3086 ex
2898 3047 2956 3088 se
2984 3049 3194 3104 quoque
3225 3036 3338 3105 ipsa
3369 3039 3597 3108 aliquem
3626 3056 3712 3097 ca-

2124 3113 2291 3169 lorem
2328 3118 2574 3174 emittere
2614 3119 2857 3189 valeant,
2890 3123 2976 3178 illa
3004 3124 3070 3178 ad
3097 3126 3329 3184 calorem
3365 3127 3549 3184 affecta
3580 3147 3711 3187 nun-

439 3215 569 3271 Nam
596 3218 639 3272 si
666 3217 784 3289 quis
805 3220 889 3275 vel
917 3235 1014 3291 per
1037 3231 1284 3278 naturam
1311 3225 1397 3279 vel
1430 3241 1526 3296 per
1551 3227 1917 3296 mgritudinem
1949 3233 2017 3288 sit
2045 3227 2091 3288 C
2123 3219 2404 3278 θυρθηίυτο
2460 3211 2516 3266 Si
2569 3227 2671 3281 qua
2723 3229 2851 3268 vero
2904 3224 3104 3271 “mum
3154 3218 3386 3274 calorem
3438 3233 3711 3279 momemo

434 3306 590 3364 Ιιιιευε
636 3325 896 3381 corpore,
941 3321 999 3368 ut
1046 3315 1129 3370 vel
1175 3324 1484 3387 perpetuam
1527 3319 1889 3390 dementiam,
1929 3324 2015 3380 vel

433 3400 756 3458 immobilem
788 3405 1028 3462 incurrat
1056 3405 1384 3462 iracundiam
1405 3449 1420 3477 ,
1452 3409 1540 3465 ille
1568 3413 1649 3466 vel
1679 3411 1904 3469 demens
1932 3416 2016 3470 vel

432 3494 719 3554 iracundus
739 3497 953 3554 dicitur.
981 3499 1044 3556 Et
1071 3516 1402 3573 quaecunque
1425 3504 1775 3562 alienationes
1798 3509 1876 3579 (ut
1901 3509 2016 3578 ipse

430 3589 524 3658 ait)
556 3583 639 3646 vel
687 3592 983 3649 secundum
1027 3604 1302 3662 naturam,
1338 3597 1420 3653 vel
1453 3613 1547 3668 per
1589 3614 1770 3656 casum
1805 3617 2014 3671 perma-

429 3691 615 3738 nentes
649 3682 874 3753 fuetint,
909 3684 1012 3740 illa:
1051 3686 1103 3740 in
1147 3687 1385 3757 passibili
1429 3691 2013 3760 qualitatemumeran-

428 3783 534 3839 tur,
567 3774 768 3834 idcirco
790 3779 931 3848 quod
961 3781 1250 3836 secundum
1279 3798 1371 3838 eas
1398 3785 1582 3855 quales
1605 3785 1851 3868 dicimur.
1882 3789 2012 3856 Quae

431 3876 608 3922 autem
651 3869 732 3938 (ut
776 3870 975 3927 dictum
1017 3872 1116 3945 est)
1159 3890 1264 3930 non
1315 3888 1665 3945 permanent,
1716 3880 1809 3935 sed
1859 3881 2011 3937 facile

433 3967 748 4028 transeunt,
781 3979 869 4019 eas
915 3980 1018 4021 non
1065 3968 1376 4038 qualitates,
1410 3971 1506 4026 sed
1550 3973 1723 4028 solum
1755 3988 2008 4030 vocamus

426 4055 728 4124 passiones.
773 4057 877 4113 Sed
909 4059 1158 4129 quoniam
1200 4071 1310 4118 tres
1345 4065 1555 4134 species
1584 4067 1852 4136 qualitatis
1878 4083 2008 4123 enu-

425 4148 682 4213 meravit,
729 4164 882 4205 unam
926 4154 1218 4210 secundum
1259 4172 1419 4227 quam
1461 4158 1673 4214 habitus
1699 4160 2007 4231 dispositio-

424 4252 626 4309 aesque
647 4240 974 4311 dicerentur,
1002 4244 1224 4301 alteram
1252 4249 1544 4305 secundum
1566 4266 1725 4322 quam
1749 4252 2009 4309 naturalis

401 4331 662 4398 -potentia
707 4333 792 4388 vel
842 4335 1151 4404 impotentia
1197 4338 1264 4392 ad
1314 4341 1516 4412 aliquid
1566 4343 1868 4399 faciendum
1921 4347 2006 4401 vel

426 4421 728 4490 patiendum
757 4424 1117 4494 subjectarum
1152 4445 1332 4486 rerum
1366 4442 1584 4488 naturas
1623 4444 1860 4504 pararet,
1899 4445 2006 4492 ter-

427 4511 552 4567 tiam
576 4517 863 4572 secundum
886 4535 1044 4589 quam
1068 4524 1344 4591 passibiles
1367 4526 1654 4595 qualitates
1675 4527 2001 4595 dicerentur,

2123 3302 2485 3370 susceperint,
2535 3303 2811 3373 passiones
2861 3306 3122 3376 dicimus,
3153 3320 3204 3364 et
3235 3311 3303 3365 ab
3341 3312 3710 3371 afTeCtiouibus

2122 3404 2498 3461 segregamus,
2533 3405 2589 3448 ut
2617 3396 2702 3451 hic
2732 3399 2802 3452 sit
2831 3398 3096 3470 integrum
3129 3403 3435 3471 passionum
3469 3406 3708 3463 affectio-

2122 3498 2356 3554 numquc
2385 3493 2438 3539 et
2463 3484 2680 3542 habitus
2700 3500 3042 3560 augmentum
3064 3532 3078 3556 ,
3109 3505 3161 3548 ut
3187 3496 3503 3564 amplificata
3534 3499 3710 3568 passio

2123 3575 2176 3630 in
2202 3576 2534 3633 affectionem
2561 3590 2828 3648 transeat,
2853 3594 3192 3656 augmentata
3224 3586 3432 3643 affectio
3467 3590 3520 3644 in
3557 3575 3711 3647 babis

2125 3679 2235 3724 tum
2287 3681 2641 3741 permutetur.
2683 3677 2746 3730 Et
2789 3678 2902 3732 haec
2948 3679 3162 3750 quidem
3211 3680 3279 3736 de
3331 3683 3481 3738 tertia
3526 3686 3708 3757 specie

2122 3760 2391 3830 qualitatis
2421 3767 2793 3829 pronuntiasse
2818 3768 3076 3835 sufficiat;
3106 3786 3246 3827 nunc
3273 3783 3476 3844 quartae
3505 3766 3703 3845 s'peciei

2123 3855 2225 3908 vim
2254 3865 2606 3927 naturamque
2630 3860 2970 3914 veracissima
3007 3858 3366 3932 dis’putatione
3400 3869 3704 3936 confirmat,

2122 3960 2400 4020 usquequo
2425 3963 2706 4017 progressa
2726 3951 2998 4018 qualitatis
3022 3953 3326 4009 distributio
3353 3961 3700 4028 conquiescit.

2116 4038 2282 4094 Nobis
2326 4055 2538 4110 quoque
2581 4041 2998 4112 disputationum
3048 4045 3332 4114 prolixitas
3378 4049 3702 4108 moderanda

2116 4141 2220 4186 cst.
2270 4131 2661 4187 Providendum
2707 4149 2918 4204 quoque
2962 4144 3046 4192 est
3086 4147 3144 4192 ut
3172 4138 3441 4194 sufficiens
3471 4138 3704 4198 brevitas

2117 4229 2291 4286 ordini
2341 4229 2692 4301 expositionis
2743 4231 3079 4300 adhibeatur,
3134 4247 3203 4290 ne
3251 4244 3357 4315 aut
3387 4234 3702 4292 brevitatem

2113 4324 2400 4380 comitetur
2451 4324 2780 4394 obscuritas,
2832 4336 2925 4381 aut
2974 4327 3249 4398 planitiem
3299 4328 3476 4383 minus
3520 4329 3702 4384 mode-

2111 4429 2229 4473 rata
2277 4419 2480 4484 oratio,
2512 4419 2701 4475 odioso
2733 4421 2943 4477 fastidio
2993 4431 3048 4478 et
3095 4422 3481 4492 longinquitate
3525 4423 3702 4480 defore

2114 4519 2238 4566 11181.

421 4613 479 4661 et
504 4605 638 4660 hanc
667 4607 754 4661 tali
794 4609 1106 4679 d'uplicitate
1139 4615 1366 4682 partitus
1406 4625 1524 4682 est,
1559 4627 1614 4671 ut
1642 4618 1772 4674 alias
1806 4619 2004 4673 idcirco
2034 4603 2086 4664 Ι)

2034 4603 2086 4664 D
2189 4606 2442 4668 Quartum
2483 4621 2599 4658 vero
2635 4621 2788 4675 genus
2828 4607 3090 4674 qualitatis
3129 4615 3199 4660 est
3239 4607 3437 4676 ﬁgura,
3478 4617 3523 4660 et
3567 4609 3700 4665 circa

419 4695 624 4752 diceret
652 4700 933 4767 passibiles
966 4717 1087 4759 esse
1115 4706 1396 4774 qualitates
1417 4749 1432 4776 ,
1463 4710 1606 4779 quod
1638 4711 1768 4780 ipsa:
1798 4711 2004 4782 aliquas

419 4790 694 4860 gignerent
740 4794 1055 4864 passiones,
1103 4797 1236 4854 alias
1268 4814 1400 4855 vero
1444 4801 1584 4870 quod
1628 4802 1696 4856 ab
1739 4803 2006 4873 aliquibus

419 4887 544 4955 ipsa.
588 4888 929 4958 passionibus
977 4901 1347 4949 nascerentur.
1411 4895 1588 4962 Quaari
1639 4905 1812 4966 potest
1875 4911 2009 4964 quo-

417 4977 574 5032 modo
596 4978 680 5033 hae
700 4995 910 5051 quoque
937 4983 1219 5053 passibiles
1240 4985 1525 5056 qualitates
1550 4985 1798 5043 distenta
1828 4988 2002 5058 prima

417 5069 505 5124 illa
533 5073 712 5142 specie
741 5075 1042 5146 qualitatis,
1072 5093 1195 5148 qua:
1230 5079 1524 5135 secundum
1553 5080 1788 5136 habitum
1818 5081 2003 5152 dispo-

413 5160 768 5236 sitionemque
797 5169 969 5237 posita
1001 5177 1101 5226 est.
1136 5169 1270 5225 Nam
1312 5171 1357 5227 si
1397 5172 1516 5242 quis
1540 5171 1773 5228 calorem
1805 5173 2022 5243 frigus-.

411 5267 514 5322 que
535 5259 880 5325 persenserit,
910 5258 1073 5316 habet
1093 5262 1313 5331 quidem
1336 5263 1646 5332 qualitatem
1670 5264 1999 5332 passibilem,

377 5415 381 5418 ι
408 5349 501 5405 sed
534 5360 713 5406 tamen
745 5351 800 5405 in
830 5353 1069 5421 ejusdem
1103 5357 1271 5426 ipsius
1303 5357 1655 5426 dispositione
1685 5365 1841 5425 atque
1875 5358 2001 5414 affe-

404 5442 589 5496 ctione
633 5450 910 5509 versatur;
947 5446 1240 5518 dispositus
1286 5462 1518 5518 namque
1544 5455 1628 5510 est
1657 5447 1722 5501 ad
1753 5449 2000 5506 eumdem

404 5531 643 5588 calorem
684 5540 842 5602 atque
873 5535 1070 5607 frigus,
1113 5554 1272 5608 quem
1310 5539 1540 5610 sumpsit
1587 5549 1746 5609 atque
1788 5539 1998 5608 habuit,

405 5623 553 5696 quod
586 5623 794 5680 scilicet
824 5625 938 5697 ipse
966 5628 1288 5686 Aristoteles
1317 5630 1504 5687 videns
1532 5630 1766 5685 calorem
1807 5632 2000 5700 frigus-

407 5731 516 5787 que
543 5715 597 5772 in
626 5723 854 5788 utraque
883 5718 1064 5789 specie
1093 5719 1427 5786 numeravit;
1461 5733 1692 5792 namque
1720 5728 1776 5777 et
1816 5720 1996 5791 dispo-

405 5814 660 5879 sitionem
705 5817 841 5881 dixit
879 5819 1115 5878 calorem
1155 5828 1314 5894 atque
1345 5822 1546 5900 frigus,
1590 5829 1646 5880 et
1690 5822 1997 5895 passibilem

2115 4695 2510 4762 unumquodque
2525 4702 2758 4746 constans
2779 4695 2965 4763 forma.
2990 4696 3222 4765 Amplius
3245 4697 3309 4748 ad
3329 4696 3434 4751 Ita'c
3456 4697 3702 4751 rectitude

2113 4795 2159 4838 et
2200 4785 2420 4838 curt'itas
2442 4825 2455 4851 ,
2487 4795 2530 4837 et
2571 4787 2614 4839 si
2653 4786 2774 4853 quid
2814 4786 2980 4839 simile
3004 4796 3075 4840 est
3104 4787 3219 4852 his;
3264 4789 3543 4843 secundum
3568 4792 3701 4844 enim

2117 4878 2508 4948 unumquodque
2547 4893 2722 4932 eorum
2753 4877 2902 4942 quale
2949 4879 3072 4947 quid
3121 4879 3340 4946 dicitur,
3392 4882 3702 4951 triangulum

2113 4978 2246 5030 enim
2275 4975 2349 5028 vel
2385 4975 2794 5046 quadrangulum
2825 4990 2930 5028 esse
2959 4975 3107 5045 quale
3140 4974 3261 5043 quid
3292 4974 3480 5027 dicitur
3507 5014 3519 5036 ,
3553 4982 3598 5024 et
3625 4991 3701 5025 rc-

2114 5075 2250 5120 ctum
2292 5076 2378 5121 aut
2413 5083 2635 5122 currum.
2668 5065 3023 5120 Etsccundum
3053 5069 3269 5136 formam
3306 5064 3700 5134 unumquodque

2110 5159 2263 5229 quale
2289 5160 2497 5214 dicitur.

2187 5264 2388 5328 Quarta
2412 5271 2495 5316 est
2525 5261 2735 5331 species
2765 5257 3034 5328 qualitatis
3055 5271 3168 5325 qua:
3193 5255 3483 5310 secundum
3507 5271 3696 5311 unam-

2113 5369 2383 5426 quamque
2417 5353 2640 5407 formam
2676 5352 3005 5421 figuramque
3028 5347 3368 5418 perspicitur.
3402 5348 3497 5402 Est
3520 5359 3697 5407 autem

2111 5447 2279 5517 figura
2305 5486 2318 5512 ,
2354 5455 2412 5499 ut
2455 5443 2775 5514 triangulum
2809 5442 2888 5495 vel
2927 5440 3274 5510 quadratum,
3307 5440 3472 5494 forma
3519 5449 3696 5501 autem

2109 5541 2278 5612 ipsius
2311 5540 2494 5610 figura:
2524 5537 2768 5609 quaedam
2800 5537 3027 5608 qualitas
3057 5546 3160 5601 est,
3191 5546 3248 5592 ut
3288 5536 3449 5608 figura
3479 5537 3695 5610 quidem

2108 5650 2192 5697 est
2237 5639 2556 5709 triangulum
2588 5638 2672 5693 vel
2713 5639 3028 5709 qttadratum
3055 5680 3069 5704 ,
3114 5637 3285 5696 forma
3314 5649 3487 5697 autem
3528 5643 3694 5713 ipsius

2108 5730 2359 5802 trianguli
2395 5730 2480 5786 vel
2509 5728 2755 5800 quadrati
2799 5729 3041 5802 quaedam
3065 5730 3327 5799 qualitas,
3359 5731 3499 5788 unde
3536 5734 3694 5792 etiam

2108 5825 2380 5886 formosos
2409 5822 2652 5886 homines
2678 5821 2926 5886 dicimus.
2954 5820 3146 5894 Figura
3168 5824 3311 5886 enim
3338 5823 3581 5896 Quasdam
3610 5821 3695 5887 vel
