4280 6268
600 418 700 476 251

1838 425 1950 481 AN.
1995 426 2204 483 MANL.
2246 423 2400 483 δίεν.
2444 428 2667 486 ΒΟΕΤΙΙ

3761 447 3865 506 2332

601 539 888 611 pulchrior,
921 542 1003 596 vel
1035 541 1339 607 mediocris,
1371 542 1453 598 vel
1484 541 1589 599 alio
1619 544 2014 613 quodammodo
2044 561 2177 601 con-
2208 546 2259 612 Α
2295 558 2350 603 ut
2378 549 2519 606 inter
2544 569 2633 608 eas
2658 557 2856 613 nullum
2880 574 3071 631 corpus
3097 564 3257 631 possit
3283 563 3538 630 incidere,
3563 576 3720 638 atque
3746 540 3863 627 ideo

601 634 783 687 stituta
801 672 814 695 ,
838 632 1066 702 qualitas
1089 633 1363 704 formaque
1387 637 1712 691 nominatur:
1731 636 1840 693 Has
1861 647 2035 694 autem
2059 654 2179 697 esse

600 725 881 792 qualitates
904 725 1079 781 nullus
1104 725 1331 781 dubitat.
1358 727 1634 799 Siquidem
1663 736 1717 785 et
1746 744 1773 783 a
1798 730 1965 802 ﬁgura
1983 730 2179 789 dicitur

601 813 896 884 ﬁguratus,
948 824 1001 871 et
1046 831 1074 870 a
1117 816 1283 871 l‘orma
1330 819 1615 874 formosus.
1674 820 1918 891 Amplius
1965 838 2177 894 quoque

600 905 922 976 triangulum
954 905 1111 962 etiam
1142 922 1171 963 a
1204 907 1615 981 triangulatione
1645 910 2041 967 denominatum
2071 918 2177 983 est,

596 1005 649 1051 et
676 999 988 1066 quadratum
1020 1008 1049 1055 a
1081 1001 1425 1070 quadratura.
1456 1003 1607 1071 Quod
1640 1002 1684 1059 si
1717 1004 1825 1059 illa:
1851 1018 1974 1061 sunt
2003 1009 2177 1078 quali-

596 1097 763 1154 tates,
797 1091 1087 1146 secundum
1121 1107 1253 1162 quas
1282 1095 1439 1165 quale
1468 1094 1669 1166 aliquid
1707 1097 2023 1166 appelletur,
2071 1083 2175 1155 non

594 1188 675 1235 est
702 1182 790 1250 qui
820 1180 1025 1238 dubitet
1053 1183 1277 1239 formam
1323 1186 1654 1257 ﬁguramque
1694 1201 1815 1244 esse
1856 1190 2174 1259 qualitates,

592 1273 839 1341 quoniam
897 1277 1078 1331 omnia
1118 1290 1237 1347 qua:
1272 1276 1356 1332 his
1381 1279 1699 1349 participant
1729 1295 1797 1335 ex
1845 1281 1973 1351 ipsis
2003 1284 2178 1351 qualia

588 1367 963 1434 nominantur,
1018 1367 1111 1424 sed
1157 1369 1408 1441 quoniam
1448 1371 1499 1426 in
1549 1371 1816 1427 continua:
1866 1358 2178 1442 quantitatis

586 1458 864 1529 speciebus
908 1467 961 1517 et
1026 1463 1346 1532 triangulum
1400 1472 1455 1520 et
1501 1464 1815 1533 superﬁcies
1869 1460 2179 1522 enumerata

586 1554 665 1604 est
700 1590 715 1615 ,
769 1550 882 1619 ipsa
938 1552 1152 1625 quidem
1186 1552 1495 1624 superﬁcies
1532 1558 1803 1624 quantitas
1849 1565 1958 1623 est,
2010 1557 2177 1625 ipsius

587 1648 718 1695 vero
754 1644 1052 1711 superﬁciel
1080 1646 1397 1715 compositio
1440 1648 1666 1716 qualitas
1688 1690 1701 1715 ,
1735 1650 1976 1703 estenim
2008 1650 2173 1719 ﬁgura

586 1737 665 1803 (ut
708 1742 1013 1808 geometrici
1058 1740 1351 1807 difﬁniunt)
1396 1759 1515 1813 quae
1562 1744 1663 1798 sub
1707 1744 1885 1814 aliquo
1939 1745 2022 1800 vel
2079 1746 2175 1800 ali-

588 1828 783 1897 nuibus
816 1832 1057 1888 terminis
1087 1836 1409 1889 continetur.
1439 1835 1551 1891 Sub
1589 1836 1769 1905 aliquo
1815 1836 2028 1904 quidem
2056 1878 2069 1900 ,
2121 1846 2174 1891 t.t

2288 644 2513 708 Spissum
2548 658 2795 720 vocatur,
2830 661 2884 705 ttt
2923 663 3003 708 est
3044 654 3239 710 l'errum
3272 658 3351 711 vel
3381 658 3617 713 adamas.
3666 662 3865 731 Positio

2286 746 2415 809 ergo
2443 739 2683 810 quaedam
2736 745 2963 813 partium
2993 744 3076 800 his
3119 747 3290 811 inest,
3324 765 3425 803 non
3472 751 3733 820 qualitas,
3767 769 3866 815 nec

2286 843 2412 883 vero
2465 831 2591 887 illud
2639 850 2850 906 quoque
2878 836 3071 903 distat,
3124 841 3264 909 quod
3309 840 3499 895 dicitur
3548 842 3683 898 lene.
3730 838 3864 899 Nam

2286 925 2531 991 quoniam
2566 939 2742 997 partes
2798 931 2864 982 ita
2900 941 3023 986 sunt
3051 933 3283 1004 positae,
3309 943 3365 986 ut
3396 946 3578 989 neutra
3614 947 3862 1005 superet,

2274 1025 2473 1071 neutra
2503 1018 2568 1073 sit
2598 1022 2791 1086 minor,
2825 1023 2914 1076 sed
2943 1022 3236 1094 aequalibus
3271 1028 3698 1081 extremitatibus
3730 1029 3858 1097 jun-

2283 1114 2383 1162 ct:c
2412 1121 2554 1177 sunt,
2576 1112 2772 1167 idcirco
2799 1115 3037 1184 quzedam
3073 1118 3260 1171 lenitas
3289 1108 3390 1180 est,
3414 1130 3467 1171 ut
3498 1118 3721 1174 adducta
3749 1136 3864 1174 ina-

2283 1215 2383 1254 nus
2404 1202 2546 1256 illam
2568 1220 2687 1273 qua:
2709 1218 2772 1260 es
2801 1208 3101 1276 aequalitate
3122 1208 3322 1278 junctis
3346 1212 3580 1278 partibus
3608 1227 3729 1266 na‘a
3752 1222 3857 1283 est,

2283 1293 2477 1345 sentiat
2526 1292 2836 1360 lenitatem,
2870 1306 2923 1351 ut
2960 1300 3042 1353 est
3090 1311 3388 1369 argentum.
3425 1303 3698 1371 Asperitas
3731 1316 3858 1360 vero

2282 1394 2363 1438 est
2391 1386 2619 1453 partium
2650 1404 2755 1442 non
2787 1390 3007 1459 aequalis
3030 1392 3244 1459 positio,
3269 1394 3359 1447 sed
3384 1393 3602 1448 aliarum
3621 1397 3861 1451 eminen-

2285 1474 2443 1539 tium,
2474 1475 2697 1531 aliarum
2727 1492 2855 1533 vero
2884 1480 3257 1545 depressaritm
3280 1526 3294 1549 ,
3326 1488 3384 1537 tit
3413 1486 3533 1539 lima
3567 1488 3716 1554 cujus
3744 1476 3862 1544 alii

2281 1579 2461 1636 partes
2508 1569 2785 1635 eminent,
2830 1571 2951 1627 alia:
2976 1588 3102 1627 vero
3131 1574 3398 1643 depressa:
3428 1584 3571 1632 sunt.
3598 1572 3736 1649 Ergo
3772 1593 3862 1634 se-

2278 1658 2507 1711 Cundutn
2550 1675 2974 1730 unamquamque
3007 1665 3232 1733 partium
3263 1666 3581 1734 pusltionem
3608 1708 3623 1734 ,
3653 1669 3733 1722 vel
3780 1658 3861 1723 ras

2278 1746 2428 1813 ritas,
2455 1749 2535 1802 vel
2568 1748 2883 1818 spissitudo,
2916 1752 2997 1806 vel
3029 1756 3318 1821 asperitas,
3357 1757 3439 1809 vel
3465 1755 3655 1811 lenitas
3679 1800 3691 1818 .
3740 1773 3859 1812 cor-

2282 1838 2501 1905 poribus
2550 1852 2652 1894 est.
2701 1840 2813 1895 Non
2869 1842 3029 1913 igitur
3078 1844 3190 1900 haec
3230 1844 3520 1900 secundum
3548 1847 3856 1917 qualitatem

583 1924 847 1991 circulus,
878 1927 978 1983 sub
1009 1928 1273 1998 aliquibus
1298 1944 1455 1992 vero,
1488 1938 1541 1983 nt
1583 1929 1877 2000 triangulus
1920 1930 2001 1984 vel
2035 1947 2167 2000 qtta-
2201 1912 2249 1979 Β
2277 1927 2557 1994 dicuntur,
2589 1944 2681 1985 seu
2713 1934 2887 2001 potius
2935 1936 3225 1989 secandum
3279 1912 3616 2003 pusitionem.
3658 1936 3854 1993 Positio

584 2019 785 2074 dratus.
817 2021 994 2087 Quare
1025 2021 1252 2090 spatium
1276 2021 1491 2093 quidem
1533 2022 1739 2089 ipsum,
1777 2021 1919 2089 quod
1949 2038 1975 2075 a
2006 2038 2163 2093 supra

584 2106 741 2162 dictis
779 2106 938 2165 lineis
980 2110 1307 2175 continetur,
1348 2112 1662 2178 superﬁcies
1690 2110 1911 2177 dicitur,
1942 2129 2057 2181 quae
2087 2112 2167 2168 est

581 2197 867 2267 quantitas.
904 2199 1229 2268 Superﬁcies
1267 2208 1497 2271 namqite
1538 2204 1786 2271 q'voniam
1820 2204 1871 2256 in
1913 2202 2167 2258 dilatione

584 2289 811 2358 quadam
841 2299 895 2345 et
926 2293 1101 2361 spatio
1127 2300 1372 2355 constat,
1406 2294 1674 2362 quantitas
1701 2302 1801 2359 est,
1831 2293 1923 2348 sed
1946 2309 2165 2364 compo-

581 2380 705 2436 sitio
736 2382 903 2450 ipsius
934 2383 1235 2451 superﬁciei
1257 2427 1270 2449 ,
1299 2385 1551 2455 qualitas.
1584 2385 1715 2439 Nam
1757 2388 2007 2455 quoniam
2058 2395 2167 2441 tres

582 2472 736 2529 linea:
766 2474 1153 2531 convenienter
1179 2477 1230 2531 in
1258 2491 1314 2531 se
1344 2476 1545 2545 junctis
1583 2478 1825 2532 terminis
1858 2494 2020 2534 unum
2044 2494 2166 2549 spa—

581 2566 709 2620 tium
741 2567 1079 2634 concluserc,
1125 2568 1266 2638 quod
1295 2570 1464 2624 tribus
1490 2570 1697 2640 angulis
1740 2587 1771 2625 a
1811 2571 1979 2626 tribus
2009 2570 2163 2629 lineis

580 2660 908 2727 continetur,
939 2662 1037 2717 hoc
1076 2661 1248 2731 lpSnm
1296 2664 1523 2732 spatium
1560 2664 1700 2734 quod
1745 2665 2069 2720 Concludunt
2095 2665 2160 2720 ad

578 2753 929 2820 quantitatem
978 2754 1167 2810 relerrl
1212 2762 1406 2823 potest,
1437 2754 1579 2825 quod
1611 2764 1737 2811 vero
1769 2757 1935 2812 tribus
1964 2756 2116 2812 lineis
2142 2799 2157 2822 ,

582 2841 684 2897 hoc
714 2854 797 2899 est
820 2846 1070 2913 qualitas,
1102 2845 1267 2915 ﬁgura
1287 2848 1429 2901 enitn
1460 2855 1541 2902 est
1570 2849 1857 2919 triangula.
1884 2848 1995 2904 lloc
2020 2850 2157 2904 idem

577 2950 789 3004 quoque
817 2936 921 2992 dici
952 2945 1123 3007 potest
1153 2938 1311 2993 etiam
1336 2938 1387 2993 in
1415 2938 1554 2993 linea
1581 2958 1592 2991 :
1626 2956 1745 2994 nam
1770 2942 2021 3009 quoniam
2048 2942 2162 2995 lon-

578 3028 761 3100 gitudo
793 3031 909 3085 sine
955 3028 1233 3086 latitudine
1271 3041 1351 3085 est
1378 3071 1391 3093 ,
1443 3031 1712 3101 quantitas
1753 3031 1973 3097 dicitur,
2020 3032 2161 3101 quod

578 3128 717 3177 recta
755 3122 871 3179 sive
907 3136 1067 3177 curva
1092 3128 1191 3189 est,
1225 3118 1465 3178 redditur
1509 3136 1694 3177 rursus
1728 3124 1791 3177 ad
1825 3123 2158 3190 qualitatem.

649 3204 845 3269 Rarum
872 3226 987 3268 vero
1010 3223 1059 3269 et
1090 3215 1308 3286 spissum
1331 3256 1346 3280 ,
1390 3230 1623 3283 asperum
1646 3224 1691 3269 et
1715 3215 1825 3268 lene
1845 3216 2160 3283 putabuntur

2274 2029 2449 2075 autem
2480 2022 2531 2075 in
2565 2021 2841 2077 relationis
2872 2038 3070 2091 genere
3109 2023 3381 2079 nominata
3413 2036 3515 2081 est.
3554 2024 3669 2079 Non
3698 2020 3855 2097 igitui

2276 2113 2356 2165 hze
2384 2110 2687 2181 qualitates.
2723 2113 2817 2168 sed
2849 2114 3023 2183 potius
3053 2116 3270 2170 relativa
3303 2124 3457 2178 sunt.
3492 2126 3547 2172 et
3570 2118 3855 2172 enntneraé

2275 2202 2445 2257 tioites
2496 2206 2709 2274 quidem
2754 2207 3056 2272 specii-rum
3096 2206 3370 2277 qualitatis
3412 2206 3723 2264 Aristoteles
3769 2200 3857 2268 hic

2274 2293 2539 2345 terminat.
2575 2294 2688 2347 Nnn
2717 2305 2838 2348 sunt
2872 2304 3048 2350 tamen
3098 2298 3346 2364 putanda:
3374 2297 3547 2351 solum
3575 2312 3693 2352 es~e
3722 2312 3855 2368 qua:

2273 2379 2449 2434 litates
2490 2396 2620 2450 quas
2670 2394 2828 2450 supra
2878 2383 3073 2453 posuit.
3124 2384 3239 2453 ipse
3277 2384 3419 2438 enim
3461 2386 3687 2440 testatur
3730 2386 3852 2445 esse

2269 2487 2481 2542 quoque
2507 2475 2639 2529 alias
2660 2475 2961 2543 qualitates,
2988 2490 3123 2545 quas
3150 2476 3306 2530 modo
3326 2492 3513 2531 omnes
3534 2481 3855 2536 enumerare

2271 2564 2523 2635 neglexit,
2551 2565 2643 2620 sed
2667 2580 2760 2619 cur
2783 2566 3078 2635 neglext-rit
3099 2569 3279 2622 multa:
3300 2576 3428 2623 sunt
3445 2582 3639 2624 causa).
3672 2568 3850 2625 Prima

2270 2657 2410 2727 quod
2440 2660 2687 2713 elementi
2718 2660 2890 2715 vicem
2916 2660 3002 2715 hic
3026 2662 3229 2715 obtinet
3250 2661 3408 2729 liber,
3440 2677 3538 2718 nec
3562 2663 3849 2732 perfectam

2270 2749 2549 2805 scientiam
2576 2751 2755 2815 tradit,
2783 2751 2877 2805 sed
2922 2752 3290 2807 tantummodo
3321 2754 3495 2809 aditus
3537 2764 3693 2826 atque
3720 2758 3852 2824 pons

2270 2838 2485 2910 quidam
2540 2842 2591 2896 in
2649 2843 2839 2897 altiora
2894 2842 3249 2912 ριιίιοεορὴίεε
3297 2844 3571 2899 introitum
3649 2847 3848 2914 pandit.

2268 2932 2531 3001 Quocirca
2558 2936 2602 2989 si
2634 2935 2737 2990 hoc
2754 2937 2824 2989 ita
2848 2944 2951 2997 cst,
2980 2944 3183 2991 tantum
3207 2936 3386 2992 dicere
3408 2939 3657 3007 oportuit,
3683 2955 3850 3008 quan-

2270 3036 2376 3081 tnni
2405 3027 2825 3096 ingredientibus
2854 3029 2984 3082 satis
3006 3037 3171 3095 esset,
3200 3043 3267 3084 ne
3288 3043 3473 3084 eorum
3494 3030 3700 3084 animos
3723 3047 3827 3087 non
3852 3036 3853 3039 “

2266 3119 2389 3173 dum
2438 3118 2504 3172 ad
2546 3118 2824 3173 stientiam
2858 3118 3040 3174 llrmos
3080 3118 3357 3186 multiplici
3396 3120 3651 3175 doctrinm
3680 3123 3847 3178 subti-

2266 3210 2414 3264 litate
2467 3208 2833 3265 confunderet.
2886 3209 3016 3277 Qute
3060 3224 3186 3265 vero
3242 3208 3329 3265 hic
3375 3210 3568 3265 desunt
3601 3211 3651 3265 in
3700 3211 3845 3269 libris

576 3306 772 3375 quidem
802 3306 1098 3377 qualitatem
1127 3308 1420 3377 signiﬁcare
1445 3351 1459 3375 ,
1509 3308 1598 3360 sed
1645 3306 1815 3360 aliena
1861 3306 2160 3379 hujusmodi
2187 3314 2234 3382 ο
2264 3302 2353 3372 qui
2388 3302 2521 3357 Μετά
2548 3303 2612 3356 τὰ
2644 3303 2828 3374 φυσικά
2876 3301 3237 3356 inscribuntur
3276 3302 3538 3371 apposuit.
3588 3303 3843 3359 Perlectis

576 3410 816 3471 putantur
848 3416 956 3454 esse
984 3419 1015 3455 a
1045 3402 1378 3470 dispositione
1415 3417 1529 3472 qua
1570 3400 1705 3456 circa
1742 3400 2037 3471 qualitatem
2060 3414 2153 3459 est.

578 3492 866 3562 Quantdam
912 3494 1046 3547 enim
1102 3495 1403 3563 positionem
1446 3497 1606 3567 magis
1656 3496 1849 3550 videtur
1887 3508 2156 3565 utrumque

574 3589 793 3659 partium
814 3588 1128 3659 signiﬁcare,
1159 3590 1379 3660 spissum
1408 3590 1610 3659 quident
1632 3598 1705 3643 est
1733 3606 1791 3644 eo
1819 3590 1957 3660 quod
1990 3600 2155 3657 partes

574 3681 669 3736 sibi
700 3681 827 3750 ipsa:
849 3682 1151 3753 prapinqua:
1169 3684 1293 3747 sint,
1325 3698 1499 3736 rarum
1528 3699 1638 3737 vero
1662 3700 1719 3737 eo
1752 3682 1890 3753 quod
1916 3684 2100 3737 distent
2125 3702 2155 3737 a

575 3788 624 3827 se
653 3772 859 3828 invicem
884 3815 899 3841 ,
947 3784 993 3828 et
1022 3775 1131 3828 lene
1152 3775 1357 3845 quidem
1383 3776 1517 3844 quod
1540 3775 1591 3827 in
1637 3784 1828 3828 rectum
1866 3775 1961 3830 sibi
1990 3785 2156 3845 partes

574 3868 791 3935 iaceant,
835 3883 1070 3937 asperum
1097 3884 1211 3921 vero
1250 3866 1386 3935 quod
1414 3864 1521 3920 itazc
1548 3866 1750 3935 quidem
1776 3883 1892 3937 pars
1922 3877 2151 3935 superet,

574 3956 663 4011 illa
686 3975 798 4011 vero
824 3958 888 4012 sil
917 3960 1149 4027 inferior.
1181 3956 1245 4011 Et
1271 3960 1483 4027 fortasse
1505 3957 1595 4012 alii
1617 3975 1812 4027 quoque
1841 3960 2149 4031 apparebunt

574 4050 830 4117 qualitatis
852 4052 1009 4120 modi,
1039 4051 1127 4106 sed
1149 4054 1238 4121 qui
1256 4053 1475 4107 maxime
1506 4052 1715 4107 dicuntu
1735 4072 1763 4117 ·,
1790 4058 1893 4124 fere
1922 4064 1992 4107 tot
2012 4065 2148 4107 sunt.

576 4143 861 4210 Qualitates
893 4148 1064 4216 itaque
1086 4155 1203 4199 sunt
1243 4163 1356 4216 qua:
1379 4148 1623 4217 prtedicta
1659 4156 1799 4223 sunt,
1833 4149 2004 4217 qualia
2038 4165 2152 4202 vero

573 4246 718 4300 sunt,
756 4250 868 4305 qua:
892 4236 1171 4289 secundum
1208 4237 1314 4289 lucc
1354 4238 1737 4293 denominativa:
1764 4240 2026 4305 dicuntur,
2079 4239 2155 4293 vel

574 4326 943 4393 quontodo‘libet
965 4326 1114 4380 aliter
1137 4330 1196 4381 ab
1222 4331 1317 4383 Ιιιτις.

643 4419 899 4483 Qnmdam
931 4431 1052 4474 sunt
1084 4435 1199 4489 qua:
1222 4406 1467 4476 videntur
1498 4436 1619 4477 esse
1658 4422 1971 4491 qualitates,
2015 4437 2152 4493 quo-

574 4510 715 4564 niam
755 4527 819 4565 ex
856 4510 939 4566 his
971 4513 1146 4582 aliqua
1187 4512 1581 4569 deuominative
1616 4513 1887 4582 dicuntur,
1933 4522 1989 4569 ut
2035 4514 2157 4570 leue

571 4601 819 4670 quoniam
860 4603 1055 4660 dicitur
1083 4619 1113 4659 a
1140 4605 1358 4660 lenitate
1378 4646 1392 4669 ,
1439 4618 1493 4662 et
1518 4623 1764 4678 asperum
1796 4608 2048 4679 quoniam
2075 4605 2157 4661 di-

2265 3405 2495 3459 namque
2521 3405 2655 3459 opus
2681 3391 2810 3445 illud
2853 3406 2957 3445 non
2990 3391 3406 3461 ingredientibus
3432 3393 3833 3461 pra-parabitur.

2266 3480 2359 3535 Est
2388 3495 2602 3550 quoque
2640 3483 2739 3535 alia
2783 3492 2944 3535 causa
2991 3490 3047 3535 ut
3086 3496 3181 3536 nos
3221 3481 3287 3535 ad
3327 3483 3677 3551 exquirendas
3706 3485 3839 3539 alias

2262 3571 2579 3641 qualitates,
2629 3587 2734 3626 non
2775 3573 2945 3626 solum
2994 3574 3331 3642 propriorum
3377 3574 3686 3645 doctorum,
3740 3578 3833 3632 sed

2262 3665 2421 3719 etiam
2445 3674 2747 3718 nostrorum
2778 3663 2978 3733 aliquid
3007 3665 3307 3719 inveniendi
3338 3665 3606 3733 incitator,
3640 3652 3837 3721 admit-

2261 3765 2418 3811 teret.
2450 3755 2709 3823 Quocirca
2739 3754 3005 3810 concludit
3036 3769 3128 3809 eas
3153 3770 3273 3824 quas
3300 3755 3532 3812 maxime
3584 3756 3835 3813 diceren-

2259 3860 2361 3915 tur,
2395 3862 2529 3918 quas
2569 3862 2731 3914 supra
2759 3847 3050 3917 proposuit,
3084 3862 3206 3902 esse
3232 3846 3547 3917 qualitates;
3583 3848 3673 3903 illa
3708 3864 3836 3906 vero

2258 3943 2363 3997 dici
2399 3942 2610 4011 qualia,
2643 3956 2761 4011 quas
2791 3941 3083 3996 secundum
3112 3940 3396 4010 praedictas
3427 3942 3709 4012 qualitates
3752 3943 3837 3998 di-

2260 4046 2511 4091 cerentur
2541 4055 2551 4088 :
2585 4034 2679 4090 sed
2703 4034 2952 4105 quoniam
2985 4033 3211 4102 addidit,
3238 4035 3320 4089 vel
3353 4037 3838 4104 quomodolibetab

2262 4127 2344 4180 his
2372 4143 2489 4195 qua:
2521 4127 2592 4181 sit
2618 4126 2837 4196 hujusce
2863 4124 3239 4195 propositionis
3267 4126 3552 4189 sententia,
3585 4125 3727 4193 prius
3744 4141 3834 4193 ap.

2262 4219 2449 4288 positis
2493 4218 2801 4272 Aristotelis
2830 4216 3009 4271 verbis
3034 4230 3264 4284 sequens
3309 4215 3654 4284 expositionis
3703 4215 3832 4269 ordo

2260 4310 2513 4365 contexit.

2332 4426 2395 4476 In
2422 4426 2651 4491 pluribus
2679 4425 2883 4493 quidem
2911 4433 2955 4477 et
2981 4436 3102 4494 pene
3130 4424 3183 4476 in
3215 4421 3446 4474 omnibus
3469 4420 3835 4476 denominatira’
3871 4415 3883 4428 ’

2260 4519 2518 4580 dicuntur,
2547 4527 2601 4570 ut
2629 4521 2690 4569 ub
2718 4517 2953 4571 albedine
2974 4517 3139 4583 albus,
3173 4524 3218 4571 et
3250 4532 3281 4569 α
3310 4516 3639 4588 grammatica
3669 4532 3838 4587 grant-

2262 4610 2501 4673 ntaticus,
2534 4618 2581 4663 et
2602 4627 2632 4661 a
2653 4610 2858 4680 justitia
2874 4610 3070 4680 justus,
3100 4608 3336 4662 similiter
3353 4618 3520 4662 autem
3549 4616 3594 4661 et
3625 4609 3675 4660 in
3697 4608 3833 4661 aliis.

571 4696 707 4751 citur
731 4696 797 4753 ab
826 4700 1133 4769 asperitate,
1164 4702 1393 4771 spissum
1424 4718 1636 4773 quoque
1655 4711 1707 4759 et
1734 4719 1914 4757 rarum
1948 4718 1977 4756 a
2018 4702 2154 4757 rari-
2184 4688 2238 4752 Π
2264 4704 2328 4759 In
2368 4705 2621 4775 aliquibus
2645 4720 2761 4757 vero
2795 4719 2851 4757 eo
2880 4701 3015 4771 quod
3045 4717 3143 4755 non
3184 4700 3283 4753 sint
3321 4700 3485 4771 posita
3513 4697 3840 4766 qualitatibus

572 4794 677 4843 tate
718 4802 770 4845 et
821 4796 1088 4861 spissitate
1132 4798 1503 4863 nominantur;
1556 4798 1807 4853 videntur
1863 4812 1991 4866 ergo
2040 4798 2153 4852 hinc

572 4893 780 4948 quoque
817 4882 867 4932 in
896 4886 1237 4949 qualitatibus
1270 4900 1425 4953 posse
1458 4889 1746 4941 numerari.
1796 4887 1899 4941 Sed
1949 4896 2147 4940 rei'tant

571 4968 829 5023 rationem
865 4972 1305 5039 perSpicientibus
1336 4987 1435 5023 nec
1468 4978 1639 5026 solum
1668 4976 1881 5027 auribus
1919 4991 2037 5040 qua:
2064 4978 2147 5029 di-

570 5071 783 5127 cuntur,
819 5059 910 5114 sed
957 5062 1117 5113 etiam
1147 5070 1325 5113 mente
1349 5065 1509 5126 atipte
1542 5061 1718 5112 animo
1751 5059 2144 5128 jndicantibus,

571 5154 621 5205 in
651 5151 989 5222 qualitatibus
1042 5150 1154 5202 ltmc
1185 5149 1310 5217 poni
1364 5162 1467 5201 non
1518 5158 1763 5218 oportere
1807 5148 2143 5201 manifestum

568 5252 670 5297 est.
704 5243 834 5297 Nam
864 5243 1006 5311 quod
1034 5242 1262 5295 dicimus
1292 5254 1503 5307 rarum,
1539 5240 1731 5309 positio
1754 5238 1992 5311 qutedatn
2023 5254 2147 5311 par-

571 5333 696 5384 tium
727 5340 829 5395 est,
849 5347 951 5386 non
974 5332 1219 5401 qualitas.
1246 5331 1374 5385 Nam
1403 5331 1525 5402 quia
1551 5333 1620 5386 ita
1646 5342 1826 5402 partes
1846 5347 1873 5387 a
1897 5346 1956 5388 se
1983 5347 2144 5402 sepa-

569 5433 697 5477 ratm
725 5421 945 5489 distant,
979 5433 1035 5479 ut
1061 5426 1201 5480 inter
1230 5441 1321 5481 eas
1343 5426 1500 5481 alieni
1531 5427 1742 5497 generis
1763 5442 1956 5497 corpus
1981 5427 2147 5497 possit

567 5515 793 5579 admitti,
826 5514 946 5570 ideo
967 5533 1145 5572 rarum
1174 5528 1415 5587 vocatur,
1444 5528 1497 5573 ut
1523 5521 1757 5590 spongiae
1781 5522 2143 5591 pumicesque,

567 5611 818 5676 quoniam
847 5609 899 5662 in
930 5625 1116 5665 eorum
1140 5612 1383 5667 cavernis
1405 5614 1645 5669 surculus
1676 5614 1757 5667 vel
1782 5613 1922 5667 aliud
1944 5611 2142 5682 aliquid

569 5703 780 5758 immitti
811 5710 1006 5771 potest,
1030 5704 1099 5758 ita
1128 5716 1184 5759 ut
1214 5706 1349 5760 inter
1374 5706 1536 5761 rimas
1566 5708 1790 5776 partium
1813 5706 1911 5769 sit,
1948 5705 2141 5760 idcirco

569 5807 745 5848 rarum
791 5794 1006 5849 dicitur.
1056 5796 1224 5851 Porro
1253 5808 1425 5850 autem
1460 5797 1687 5864 spissum
1714 5840 1727 5862 ,
1776 5799 2023 5866 quoniam
2067 5797 2137 5851 ita

570 5884 667 5941 sibi
689 5893 868 5959 partes
894 5885 1082 5941 vicina:
1113 5897 1235 5940 sunt
1271 5888 1430 5954 atque
1458 5887 1521 5939 ad
1554 5901 1611 5940 se
1641 5886 1863 5941 invicem
1906 5888 2129 5953 strictas,

2260 4800 2491 4863 nomina,
2517 4813 2615 4850 non
2638 4796 2885 4863 contingit
2912 4791 2975 4845 ab
3003 4793 3073 4845 eis
3102 4790 3472 4844 denominative
3492 4788 3613 4853 diri,
3639 4796 3691 4841 ut
3723 4804 3839 4841 cur.

2258 4902 2343 4938 sor
2376 4896 2481 4950 aut,
2524 4885 2805 4956 pugillatur
2841 4884 2926 4951 qui
2952 4881 3229 4935 secundum
3268 4879 3600 4951 aptiludinem
3629 4889 3839 4932 natura.

2258 4976 2357 5027 lem
2384 4977 2647 5034 dicuntur,
2678 4989 2709 5022 a
2734 4972 2878 5023 nulla
2900 4971 3147 5037 qualitate
3174 4972 3549 5025 denominative
3577 4972 3838 5025 dicuntur.

2263 5064 2380 5115 Non
2411 5065 2543 5115 enim
2570 5061 2739 5127 posita
2764 5069 2879 5110 sunt
2906 5062 3113 5110 nomina
3155 5064 3528 5126 aplitudin‘lbtts
3560 5064 3835 5117 secundant

2253 5164 2379 5218 quas
2400 5150 2487 5201 isti
2516 5146 2692 5216 quales
2714 5148 2973 5211 dicuntur,
3009 5150 3139 5202 sicut
3154 5150 3206 5202 in
3224 5150 3528 5219 disciplinis,
3558 5154 3835 5208 secundum

2253 5254 2377 5309 quas
2402 5240 2479 5294 uel
2510 5238 2843 5308 pugillatores
2875 5241 2951 5294 vel
2983 5239 3259 5309 paicslrici
3291 5241 3569 5294 secundum
3598 5242 3834 5310 aﬂ'eclioo

2256 5350 2368 5387 nent
2418 5332 2675 5387 dicuntur.
2710 5329 3054 5402 Pugillatoria
3090 5332 3223 5384 enim
3266 5340 3311 5384 et
3352 5330 3642 5399 palaestrica
3683 5335 3833 5387 disci.

2253 5423 2396 5495 plina
2421 5424 2630 5489 dicitur,
2652 5422 2828 5493 quales
2851 5438 2966 5478 vero
2995 5424 3061 5477 ab
3079 5420 3157 5477 Itis
3182 5424 3552 5479 denominative
3585 5425 3636 5479 lti
3661 5429 3749 5497 qui
3770 5428 3832 5479 ab
3866 5468 3869 5469 ν

2249 5518 2321 5569 eis
2351 5517 2672 5587 a/ﬁeiuntur,
2724 5516 2985 5569 dicuntur.
3023 5516 3315 5586 Aliquando
3359 5524 3528 5572 autem
3574 5529 3622 5573 et
3669 5523 3828 5588 posita

2253 5609 2457 5662 nomine
2502 5608 2874 5663 denominatiue
2915 5623 3021 5662 non
3059 5610 3248 5664 dicitur
3284 5611 3340 5665 id
3378 5613 3515 5682 quod
3551 5613 3861 5665 urundnm'

2247 5704 2421 5770 ipsum
2446 5703 2598 5769 quala
2616 5701 2825 5767 dicitur,
2849 5711 2902 5756 ut
2922 5717 2955 5755 a
2984 5702 3165 5757 virtute
3185 5704 3448 5758 studiosus
3470 5704 3672 5755 dicitur.
3711 5699 3822 5752 Vir-
3848 5712 3857 5725 ι

2248 5803 2402 5846 intem
2432 5792 2569 5845 enim
2596 5792 2823 5847 habendo
2842 5794 3103 5849 studiosus
3122 5796 3332 5863 dicitur,
3358 5796 3446 5849 sed
3466 5808 3564 5846 non
3594 5791 3818 5845 denomi-
3852 5810 3855 5815 ν

2246 5887 2407 5940 natiue
2439 5886 2682 5939 dicitnra
2729 5886 2926 5940 virtus.
2972 5886 3094 5943 Non
3133 5898 3302 5943 auum
3348 5888 3402 5940 in
3446 5885 3675 5953 pluribus
3727 5884 3821 5937 Itoc
