4280 6268
430 272 530 327 253

1400 273 1466 329 ΙΝ
1504 272 1936 331 GATEGORIAS
1974 272 2431 334 ARISTOTELIS
2467 276 2594 333 LIB.
2638 278 2721 335 lli.

3603 287 3706 346 251

423 388 523 442 tale
555 397 795 459 est;quae
824 397 990 442 autem
1023 387 1261 441 dicuntur
1291 388 1487 455 qualia,
1517 398 1607 443 aut
1636 390 2012 445 denominative
2040 394 2091 455 Α
2124 391 2382 446 minative
2430 391 2709 460 dicuntur,
2756 396 2898 466 quod
2956 399 3273 456 Aristmeles
3321 399 3421 455 boc
3488 405 3708 472 protulit

422 498 455 535 a
482 485 745 554 prmdictis
768 482 1093 550 qualitatibus
1111 483 1374 550 dicuntur,
1395 494 1484 536 aut
1498 482 1670 555 aliqua
1690 487 1843 541 modo
1862 487 2009 541 aliter

424 574 487 627 ab
516 573 615 628 his.
866 582 871 587 ’

498 671 711 737 Multae,
761 675 955 744 inquit,
1000 682 1121 728 sunt
1163 676 1474 744 qualitates,
1513 679 1707 748 quibus
1736 680 1923 748 positis
1951 692 2008 738 et

425 767 647 836 pr0prio
675 767 888 822 nomine
917 769 1254 836 nuncupatis,
1283 770 1352 824 ab
1374 769 1454 823 his
1481 771 1583 825 alia
1610 771 2007 830 deuominative

425 858 693 925 dicuntur,
728 868 784 912 ut
810 873 874 915 ea
904 875 1025 929 quae
1046 860 1163 929 ipse
1192 862 1498 930 planissime
1517 862 1713 934 adjecit
1735 868 2001 937 exempla.

422 949 554 1006 Nam
584 966 704 1006 cum
744 950 936 1007 albedo
966 953 1239 1021 Cujusdam
1272 971 1467 1010 nomen
1506 958 1576 1011 sit
1604 960 1905 1029 qualitatis,
1937 960 2007 1015 ab

422 1057 485 1098 eo
503 1043 698 1097 dicitur
716 1043 890 1099 albus.
919 1044 1118 1099 Eodem
1144 1062 1353 1115 qunque
1376 1046 1534 1102 modo
1555 1056 1608 1102 et
1630 1052 2001 1118 grammatica,

418 1150 535 1190 cum
565 1140 640 1190 rei
676 1137 747 1191 sit
779 1151 1008 1207 nomen,
1040 1138 1107 1193 ab
1139 1138 1253 1206 ipso
1280 1140 1466 1207 quales
1507 1139 1773 1196 dicuntur.
1806 1141 2004 1197 Gram-

420 1228 597 1281 matici
640 1225 785 1282 enim
829 1242 860 1282 a
907 1232 1249 1298 grammatica
1296 1229 1657 1298 nominantur,
1699 1241 1860 1302 atque
1902 1234 2005 1290 hoc

419 1328 501 1374 est
530 1320 584 1374 in
615 1320 894 1387 pluribus,
930 1329 985 1374 ut
1024 1323 1196 1387 posito
1236 1320 1449 1376 nomine
1476 1320 1522 1376 si
1553 1322 1675 1391 quid
1707 1324 1998 1379 secundum

420 1411 562 1480 ipsas
590 1412 880 1481 qualitates
901 1414 1056 1481 quale
1083 1412 1299 1477 dicitur,
1322 1427 1388 1467 ea
1411 1414 1491 1469 bis
1516 1414 1643 1483 ipsis
1663 1415 2004 1485 qualitatibus

421 1502 711 1571 appellatio
751 1502 1043 1557 derivetur.
1090 1504 1221 1557 Alite
1264 1519 1391 1557 vero
1435 1506 1713 1574 qualitates
1755 1518 1909 1572 sunt,
1948 1508 2000 1562 in

420 1593 616 1662 quibus
656 1609 773 1647 cum
822 1610 1017 1648 nomen
1066 1596 1290 1663 positum
1332 1611 1435 1650 non
1481 1597 1582 1659 sit,
1616 1607 1787 1652 tamen
1818 1600 2000 1668 quales

418 1681 693 1749 dicuntur,
734 1685 920 1752 quales
950 1684 1166 1753 quidem
1206 1686 1323 1754 quia
1354 1687 1455 1740 alia
1494 1689 1748 1757 qualitate
1788 1690 2003 1758 partici-

2122 486 2284 539 motlo
2313 484 2498 539 dicens
2522 502 2535 537 :
2564 485 2679 542 Non
2716 488 2785 542 ita
2830 503 2947 543 esse
2977 492 3268 546 secundum
3297 496 3579 560 potentiam
3608 512 3705 550 ua-

2122 576 2384 644 turaiem,
2424 578 2875 647 quemadmodum
2913 583 3071 638 etiam
3101 585 3152 639 iu
3197 586 3489 656 disciplinis
3515 604 3705 645 secun-

2118 668 2244 723 dum
2274 685 2436 742 quas,
2466 672 2547 726 vel
2580 672 2949 743 pugillatores,
2980 676 3060 730 vel
3096 678 3374 745 palaestrici
3409 684 3701 738 secundum

2117 761 2455 818 affectionem
2482 763 2753 839 dicuntur.
2782 764 3122 834 Pugiliatoria
3145 772 3285 824 enim
3313 770 3590 843 disciplina
3623 775 3701 828 di-

2117 854 2256 909 citur
2281 864 2335 909 et
2362 856 2688 926 palmSIrica,
2712 856 2898 927 quales
2927 874 3053 913 vero
3078 858 3145 913 ab
3176 860 3261 914 his
3286 862 3699 937 denotninative,

2115 950 2207 1019 qui
2238 950 2303 1002 ad
2332 964 2427 1006 eas
2457 959 2585 1006 sunt
2613 952 2981 1019 continentes,
3027 954 3295 1009 dicuntur.
3326 955 3511 1012 Docuit
3542 960 3698 1028 igitur

2115 1039 2297 1095 omnia
2327 1056 2445 1109 qua:
2466 1056 2495 1094 a
2520 1042 2836 1111 quibusdam
2860 1042 3205 1113 qualitatibus
3232 1040 3334 1099 dici
3368 1060 3697 1117 putarentur,

2115 1144 2243 1185 vere
2270 1145 2480 1201 quoque
2517 1146 2546 1185 a
2573 1132 2919 1201 qualitatibus
2952 1150 3056 1187 non
3098 1135 3406 1204 praedicari,
3440 1138 3495 1189 ut
3524 1137 3576 1192 in
3617 1140 3697 1195 bis

2114 1221 2461 1290 qualitatibus
2489 1223 2684 1293 quibus
2716 1240 2906 1278 nomen
2952 1227 3222 1295 proprium
3268 1241 3371 1279 non
3416 1226 3518 1282 eSt.
3571 1226 3699 1285 illud

2113 1325 2330 1382 quoque
2361 1315 2675 1367 monstravit
2720 1312 2819 1369 hoc
2863 1316 2913 1369 in
2959 1317 3198 1386 pluribus
3236 1318 3478 1383 evenire,
3530 1329 3586 1373 ut
3632 1322 3699 1375 de

2114 1405 2401 1473 propositis
2446 1406 2787 1476 qualitatibus
2818 1409 2994 1477 qualia
3025 1408 3415 1464 deumninative
3455 1408 3698 1465 dicereno

2114 1508 2219 1552 tur.
2254 1499 2435 1553 Restat
2475 1514 2624 1570 ergo,
2658 1500 2796 1571 quod
2836 1502 3093 1570 reliquum
3142 1513 3260 1566 est,
3304 1511 3362 1557 ut
3399 1502 3540 1557 dicat
3578 1512 3698 1560 esse

2112 1590 2367 1659 quasdam
2391 1593 2697 1661 qualitates,
2718 1607 2943 1662 quarutn
2970 1607 3088 1648 cum
3122 1606 3315 1648 nomen
3342 1595 3411 1648 sit
3441 1595 3692 1664 positum,

2112 1682 2178 1737 ab
2204 1681 2286 1737 bis
2309 1684 2438 1751 ipsis
2461 1693 2636 1739 tamen
2664 1701 2783 1755 quae
2810 1685 3015 1739 illarum
3048 1700 3227 1741 rerum
3255 1688 3576 1756 participant
3601 1687 3696 1743 ded

416 1784 571 1843 pani,
602 1773 696 1828 sed
740 1789 849 1830 μοι.
889 1777 1178 1830 secundum
1215 1793 1330 1831 eam
1362 1780 1669 1848 qualitatem
1699 1783 1887 1852 quales
1921 1784 2001 1838 di-
2035 1807 2086 1871 Β
2113 1774 2435 1829 nominative
2463 1782 2565 1829 non
2598 1776 2726 1841 dici,
2756 1787 2813 1831 ut
2835 1779 3043 1844 virttis;
3073 1792 3191 1832 nam
3220 1793 3340 1833 cum
3365 1780 3536 1834 virtus
3566 1790 3695 1848 quas

416 1877 630 1933 cuntur,
663 1882 729 1921 ex
753 1882 858 1936 qua
879 1867 924 1922 si
955 1867 1039 1921 bis
1063 1877 1208 1923 esset
1234 1870 1577 1940 qualitatibus
1606 1888 1799 1929 nomen
1830 1878 2003 1946 impo-

412 1955 575 2011 situm
625 1967 871 2026 poterant
917 1957 1206 2026 appellari,
1255 1968 1312 2014 ut
1364 1962 1416 2015 iu
1467 1978 1529 2017 ea
1578 1965 1834 2033 qualitate
1879 1984 1999 2034 quae

416 2042 709 2101 secundum
730 2049 1014 2116 potentiam
1037 2051 1333 2107 naturalem
1351 2053 1561 2109 dicitur.
1585 2056 1659 2110 Illi
1678 2059 1818 2112 enim
1833 2075 1999 2129 quan-

338 2158 343 2161 -
423 2153 583 2207 quam
613 2139 795 2207 quales
834 2140 1097 2207 dicantur,
1140 2140 1190 2195 bl
1230 2143 1319 2212 qui
1362 2146 1650 2199 secundum
1685 2149 1855 2218 ipsam
1902 2166 1999 2222 po-

411 2233 630 2287 tentiam
662 2234 1023 2301 nomiuantur,
1061 2237 1158 2305 ipsi
1184 2247 1359 2293 tamen
1393 2239 1475 2312 (ut
1498 2242 1695 2296 dictum
1723 2246 1825 2316 est)
1851 2249 1995 2303 nullo

410 2325 625 2394 proprio
657 2325 870 2380 nomine
898 2338 1284 2397 nuncupantur.
1312 2330 1441 2386 Nam
1470 2337 1557 2403 qui
1587 2337 1792 2408 pugiles
1813 2344 1996 2410 appel-

408 2417 583 2472 lantur
611 2416 677 2471 ab
706 2429 821 2472 arte
849 2420 1225 2491 pugillatoria,
1258 2422 1455 2479 ideirco
1490 2427 1555 2481 ab
1582 2444 1638 2482 ea
1677 2432 1881 2499 pugiles
1908 2434 1994 2488 di-

411 2518 621 2575 cuntur,
651 2510 791 2581 quod
826 2512 890 2566 ad
919 2515 1162 2569 eamdem
1193 2516 1359 2584 ipsam
1388 2524 1557 2574 artem
1603 2524 1991 2592 pugillatoriam

410 2602 802 2672 Quodammodo
849 2602 1024 2660 allecti
1062 2616 1204 2662 sunt.
1242 2609 1303 2663 ili
1347 2613 1488 2665 enim
1522 2614 1727 2681 pugiles
1770 2615 1838 2670 ab
1878 2628 1992 2675 arte

410 2692 738 2763 pugillatoria
783 2696 1161 2765 pratdicantur.
1201 2700 1301 2765 Qui
1341 2716 1469 2756 vero
1513 2704 1743 2759 nondum
1787 2709 1990 2777 pugiles
2036 2758 2045 2769 .

408 2791 554 2852 sunt,
588 2785 681 2841 sed
709 2801 832 2843 esse
862 2799 1111 2859 possunt,
1141 2806 1244 2845 non
1276 2794 1567 2849 secundum
1600 2796 1763 2865 ipsam
1796 2810 1986 2867 artem,

405 2873 457 2962 id
486 2883 570 2931 est
599 2877 1009 2947 pugillatoriam,
1044 2881 1136 2936 sed
1164 2886 1454 2940 secundum
1488 2890 1777 2958 potentiam
1812 2896 1987 2962 pugil-

406 2953 609 3022 latoriat
648 2970 805 3036 artis,
842 2971 1185 3055 pugillatores
1215 2953 1501 3033 vocantur:
1534 2979 1637 3049 ipsi
1680 2953 1855 3039 autem
1884 2953 1987 3055 po-

407 3059 585 3113 tentia:
612 3070 805 3117 nomen
838 3049 1109 3135 prop'rium
1134 3068 1361 3135 positum
1392 3086 1494 3123 non
1519 3081 1621 3128 est.
1649 3075 1778 3129 Nam
1801 3049 1986 3146 quem-

2113 1867 2234 1920 iitas
2271 1869 2340 1921 sit
2366 1873 2473 1931 (est
2502 1870 2643 1923 enim
2677 1861 2883 1924 habitus
2912 1872 3157 1940 quidam,
3190 1873 3363 1927 omnis
3388 1888 3516 1928 vero
3545 1872 3693 1928 habia

2110 1967 2194 2011 tus
2223 1960 2508 2028 qualitas),
2548 1975 2675 2028 ergo
2697 1962 2999 2030 quicunque
3025 1964 3221 2018 virtute
3250 1965 3550 2033 participat,
3584 1979 3691 2021 non

2108 2049 2397 2104 Secundum
2428 2066 2545 2105 eam
2592 2051 2988 2107 dendminative
3028 2054 3243 2109 dicitur.
3285 2056 3338 2109 in
3379 2055 3692 2112 denominata

2109 2143 2251 2199 tione
2269 2146 2409 2197 cutim
2433 2145 2784 2214 quaerendum
2807 2153 2885 2199 est
2908 2150 2961 2199 ut
2988 2160 3200 2216 semper
3220 2146 3358 2203 Idem
3383 2152 3689 2215 permaneat

2106 2238 2321 2292 nortien.
2354 2234 2407 2291 In
2436 2252 2500 2291 eo
2527 2246 2703 2292 autem
2732 2238 2823 2308 qui
2855 2237 3048 2294 virtute
3076 2240 3387 2309 participat,
3416 2241 3689 2305 nullavira‘

2101 2328 2228 2381 tutis
2258 2326 2623 2383 denominatio
2648 2330 2749 2393 est,
2783 2336 2840 2384 ut
2868 2329 2958 2399 qtti
2986 2328 3223 2385 bonitate
3251 2331 3557 2400 participat,
3591 2334 3689 2389 bo‘l

2103 2432 2204 2471 nus
2229 2418 2441 2485 dicitur,
2482 2418 2571 2489 qui
2598 2418 2830 2491 justitia,
2859 2419 3073 2492 justus,
3113 2429 3167 2476 et
3208 2422 3311 2476 alia
3355 2422 3683 2495 liujusmodb

2101 2511 2203 2579 Qui
2225 2528 2355 2568 vero
2378 2513 2574 2568 virtute
2599 2518 2900 2583 participat,
2919 2524 3009 2568 aut
3032 2513 3227 2582 probus
3251 2518 3571 2583 nominatur,
3595 2522 3686 2578 aut

2097 2605 2345 2673 sapiens;
2375 2606 2477 2660 sed
2509 2618 2684 2674 neque
2712 2604 2942 2675 probus,
2976 2620 3149 2676 neque
3187 2609 3402 2677 sapiens
3430 2623 3459 2661 a
3488 2608 3686 2666 virtute

2097 2685 2501 2751 deuouiinativa
2527 2705 2682 2760 sunt,
2716 2698 2917 2751 idcirco
2944 2699 3083 2766 quod
3120 2707 3405 2768 utrumque
3434 2708 3627 2755 nomen
3653 2706 3684 2755 s

2095 2788 2298 2843 virtute
2347 2789 2503 2857 longe
2549 2789 2806 2842 dissimile
2849 2794 2953 2851 est,
2982 2788 3125 2857 quod
3156 2790 3271 2857 ipse
3308 2791 3387 2844 sic
3420 2791 3534 2845 ait:
3564 2792 3676 2847 Ali-

2094 2878 2310 2947 quando
2336 2888 2514 2933 autem
2556 2881 2727 2945 posito
2751 2880 2969 2934 nomine
2989 2880 3384 2935 denominative
3410 2895 3514 2935 non
3544 2882 3682 2937 dicis

2096 2977 2183 3022 tur
2200 2967 2256 3023 id
2283 2968 2422 3037 quod
2455 2968 2746 3023 secundum
2770 2970 2941 3039 ipsum
2955 2968 3112 3039 quale
3134 2969 3348 3026 dicitur.
3371 2968 3437 3024 Et
3462 2972 3580 3039 ejus
3600 2969 3681 3027 rei

2098 3073 2397 3131 proponere
2428 3075 2537 3115 non
2572 3061 2758 3116 omisit
2785 3063 3121 3130 exemplum,
3154 3061 3249 3116 sed
3280 3061 3381 3117 huc
3416 3062 3468 3117 in
3503 3064 3682 3119 multis

409 3149 692 3205 admodum
723 3164 751 3207 a
783 3168 939 3210 cursu
970 3170 1241 3224 cursores,
1276 3175 1303 3213 a
1338 3162 1581 3229 palaestra
1616 3166 1921 3236 palzestrici,
1955 3185 1984 3225 a
2012 3179 2060 3243 ο
2097 3170 2099 3207 l

2012 3179 2060 3243 ο
2097 3166 2203 3207 Ion
2232 3161 2410 3222 potest
2441 3153 2673 3243 inveniri
2693 3194 2707 3217 ,
2742 3166 2910 3222 pauca
2937 3154 3077 3209 enim
3104 3161 3228 3208 sunt
3260 3154 3337 3224 (ut
3366 3155 3477 3224 ipse
3502 3153 3601 3226 ait)
3625 3155 3684 3211 in

407 3238 736 3333 pugillatoria
776 3245 1009 3315 pugiles,
1052 3247 1317 3305 distinctis
1347 3254 1655 3321 qualitatum
1691 3261 1981 3333 vocabulis,

406 3332 757 3403 appellantur,
790 3354 893 3391 non
924 3339 1113 3394 eodem
1149 3341 1309 3397 modo
1338 3355 1418 3399 est
1446 3346 1607 3401 etiam
1635 3348 1687 3403 in
1731 3332 1982 3407 uniuscu-

404 3423 590 3495 Iusque
632 3428 710 3483 rei
742 3433 979 3499 potentia
1011 3434 1273 3500 naturali,
1324 3452 1511 3493 cursus
1558 3430 1698 3495 enim
1750 3446 1982 3511 potentia

401 3520 660 3575 naturalis
679 3524 970 3577 secundum
994 3540 1152 3595 quam
1170 3532 1419 3583 cursores
1436 3546 1706 3599 vocamus,
1725 3544 1781 3589 et
1800 3550 1983 3591 rursus

403 3612 635 3679 potentia
680 3616 969 3686 pugillandi
991 3661 1005 3682 ,
1038 3612 1120 3673 vel
1153 3622 1386 3689 potentia
1418 3624 1807 3692 palmstrizandi
1828 3669 1842 3692 ,
1882 3643 1983 3684 suo

403 3704 618 3760 nomine
646 3704 893 3762 distincta
925 3724 1027 3762 nou
1056 3720 1157 3765 est.
1188 3711 1296 3766 Cur
1310 3713 1453 3767 enim
1481 3713 1676 3770 dicitur
1698 3732 1906 3783 cursor,
1932 3721 1977 3774 si

404 3792 796 3863 lnterrogemur
824 3799 891 3855 de
919 3812 983 3855 eo
1009 3804 1095 3869 qui
1129 3806 1362 3859 nondum
1394 3805 1474 3860 est
1506 3808 1727 3862 cursor?
1757 3809 1980 3865 dicimus

406 3889 701 3943 secundum
763 3893 1045 3960 potentiam
1099 3899 1412 3956 naturalem.
1466 3899 1573 3954 Cur
1618 3902 1979 3970 palaestricus?

407 3979 602 4035 eodem
630 3997 839 4051 quoque
862 3983 1019 4039 modo
1046 3990 1334 4044 naturalem
1368 3993 1659 4060 potentiam
1688 3993 1981 4062 reSponde-

402 4078 543 4125 mus.
571 4072 747 4140 Quare
777 4075 1059 4144 pugillator
1079 4080 1165 4150 qui
1195 4080 1427 4135 nondum
1457 4091 1539 4137 est
1567 4085 1779 4153 pugilis,
1808 4084 1874 4138 ab
1894 4101 1983 4139 ea-

402 4161 522 4218 dem
574 4178 787 4235 quoqne
822 4170 1054 4234 potentia
1100 4172 1326 4226 naturali
1369 4176 1693 4228 nominatur.
1727 4174 1778 4229 Si
1826 4176 1984 4245 igitur

401 4252 619 4309 haberet
649 4256 760 4311 haec
787 4260 1039 4315 naturalis
1062 4263 1293 4328 potentia
1331 4266 1599 4334 pr0prium
1630 4281 1845 4328 nomen.
1874 4270 1969 4331 ita,

402 4344 656 4402 distinctis
696 4348 993 4416 vocabulis,
1016 4353 1396 4421 appellaretur,
1429 4356 1561 4410 utin
1600 4356 1681 4410 bis
1713 4357 1983 4423 qualitati-

403 4434 499 4488 bus
523 4436 573 4489 in
595 4437 785 4505 quibus
807 4442 1020 4511 proprie
1042 4459 1237 4500 nomen
1258 4455 1339 4499 est
1362 4448 1614 4513 positum,
1638 4456 1695 4502 ut
1720 4449 1769 4501 in
1798 4463 1978 4517 cursu,

404 4526 643 4595 palmam
671 4538 725 4584 et
753 4543 868 4589 arte
895 4535 1249 4605 pugillatoria,
1281 4546 1334 4593 et
1360 4537 1461 4593 hoc
1491 4546 1576 4593 est
1617 4539 1757 4610 quod
1799 4540 1888 4593 ait.
1921 4538 1978 4593 in

399 4620 657 4689 aliquibus
684 4639 813 4679 vero
860 4640 1142 4697 propterea
1186 4630 1325 4699 quod
1371 4631 1713 4700 qualitatibus
1758 4632 1973 4686 nomina

398 4726 501 4766 non
530 4722 653 4768 sunt
684 4728 754 4786 po
785 4716 853 4771 ita
873 4759 886 4783 ,
921 4718 1251 4789 impossibile
1275 4730 1355 4776 est
1382 4723 1449 4777 ab
1476 4724 1557 4777 bis
1589 4723 1783 4793 aliquid
1811 4723 1977 4778 deuo-

399 4803 647 4862 minative
690 4808 818 4863 dici.
862 4807 927 4864 Ut
969 4811 1070 4866 hoc
1117 4812 1325 4868 scilicet
1361 4814 1752 4869 demonstraret
1792 4829 1978 4870 curso-

398 4910 503 4949 rem
533 4898 748 4965 quidem
787 4900 877 4969 qui
911 4900 1019 4970 jam
1058 4914 1299 4959 curreret
1344 4919 1374 4958 a
1412 4919 1574 4960 cursu
1600 4921 1718 4960 esse
1743 4908 1971 4971 dictum,

397 4998 665 5044 cursorem
704 5004 832 5047 vero
861 4992 951 5061 qui
982 4994 1274 5050 secundum
1304 4998 1589 5064 potentiam
1615 4998 1864 5053 currendi
1892 4997 1977 5053 dio

396 5093 603 5137 teretur
644 5100 749 5140 non
786 5088 962 5141 vocari
988 5103 1016 5140 a
1047 5102 1238 5155 cursu,
1264 5090 1358 5145 sed
1392 5098 1594 5145 tantum
1630 5105 1659 5144 a
1701 5090 1934 5160 potentia
1960 5128 1978 5156 ,

394 5172 541 5241 cujus
569 5174 823 5245 potentiae
868 5193 1064 5236 nomen
1111 5182 1382 5252 proprium
1416 5197 1523 5237 non
1552 5188 1697 5237 esset
1725 5184 1974 5252 positum.

394 5265 566 5329 Quare
598 5265 714 5321 hac
742 5271 917 5324 omnia
948 5287 1070 5340 qua:
1098 5271 1394 5327 secundum
1427 5274 1716 5342 potentiam
1757 5284 1977 5329 natura-

393 5353 496 5411 iem
526 5357 798 5423 dicuntur,
842 5376 873 5415 a
917 5364 1059 5418 nulla
1099 5365 1357 5434 qualitate
1398 5364 1794 5420 denotninativa
1828 5372 1972 5421 sunt.

390 5443 597 5502 idcirco
626 5449 767 5514 quod
799 5449 880 5506 Ita:
907 5454 1192 5523 qualitates
1219 5471 1247 5508 a
1274 5454 1467 5521 quibus
1491 5454 1826 5509 denominari
1856 5470 1978 5524 pos-

389 5545 547 5603 sunt,
582 5539 813 5605 prapriis
842 5543 1147 5598 nominibus
1177 5555 1395 5609 carent,
1425 5559 1547 5614 qua
1578 5558 1706 5598 vero
1739 5545 1809 5598 ita
1837 5546 1973 5612 sint,

389 5637 451 5683 ut
478 5643 584 5683 non
613 5644 682 5685 ex
706 5635 963 5700 putentia,
996 5636 1091 5689 sed
1119 5652 1187 5691 ex
1218 5637 1501 5692 an‘ectione
1526 5636 1789 5701 dicantur,
1814 5638 1881 5692 ab
1902 5638 1981 5693 bis

392 5722 747 5791 qualitatibus
764 5725 831 5780 ad
853 5740 990 5797 quas
1016 5742 1137 5784 sese
1164 5729 1345 5799 iniquo
1375 5729 1534 5785 modo
1560 5726 1751 5784 habent
1768 5770 1782 5795 ,
1814 5729 1976 5787 deuo-

2095 3243 2288 3312 quibus
2320 3242 2494 3311 posito
2535 3242 2808 3312 qualitatis
2835 3246 3059 3323 nomine
3081 3259 3200 3315 qua:
3229 3244 3309 3299 bis
3341 3246 3675 3314 participant,

2095 3352 2125 3389 a
2155 3335 2417 3404 superiori
2460 3335 2714 3405 qualitate
2745 3337 2919 3406 qualia
2946 3351 3052 3392 non
3078 3337 3344 3394 dicantur.
3375 3338 3473 3393 Dat
3499 3349 3677 3395 autem

2095 3428 2180 3482 bis
2213 3428 2557 3497 qualitatibus
2595 3428 2916 3497 pluralitatis
2938 3430 3219 3496 calculum,-
3247 3445 3311 3486 οι
3341 3433 3532 3501 quibus
3552 3444 3678 3501 quas

2094 3516 2163 3573 lia
2196 3520 2537 3575 nominantur
2560 3534 2621 3576 ea
2651 3536 2768 3590 quas
2810 3522 2891 3576 bis
2921 3523 3259 3593 participant.
3293 3522 3425 3578 Nam
3454 3524 3535 3593 (ut
3562 3523 3677 3593 ipse

2091 3612 2168 3667 ait
2193 3612 2459 3683 superius)
2486 3613 2538 3667 in
2564 3613 2802 3683 pluribus
2828 3620 2883 3670 et
2914 3629 3050 3683 pene
3073 3617 3124 3671 in
3153 3614 3402 3670 omnibus
3427 3614 3673 3671 denomis

2092 3705 2269 3761 aative
2296 3705 2563 3762 dicuntur.
2596 3706 2857 3775 Quocirca
2887 3716 3033 3763 recta
3063 3706 3312 3763 diiilnitio
3348 3716 3430 3763 est
3463 3717 3517 3764 et
3552 3714 3675 3778 pros

2091 3808 2209 3876 prio
2248 3806 2440 3862 ordine
2466 3807 2776 3863 conatituta.
2822 3805 3059 3876 Namque
3089 3808 3143 3861 in
3173 3807 3433 3877 principio
3463 3808 3561 3863 hoc
3587 3823 3674 3864 sua

2091 3898 2200 3952 lum
2224 3896 2425 3951 dictum
2449 3906 2552 3963 est,
2582 3912 2702 3953 esse
2722 3895 3031 3965 qualitatem
3052 3896 3343 3951 secundum
3365 3913 3523 3965 quam
3545 3914 3673 3968 quas

2093 3988 2158 4041 lia
2193 3987 2522 4041 dicerentur.
2557 3986 2665 4041 Sed
2707 3986 2957 4053 quoniam
3002 3994 3126 4039 sunt
3169 3986 3407 4054 quaedam
3443 4002 3672 4056 quorum

2088 4077 2369 4146 qualitates
2401 4077 2531 4145 ipsa:
2556 4076 2787 4144 propriis
2816 4075 3125 4131 nominibus
3148 4084 3357 4140 carent,
3398 4092 3516 4146 quas
3545 4093 3671 4135 vero

2088 4168 2170 4222 bis
2200 4167 2518 4237 participant
2554 4169 2668 4222 suis
2695 4167 2968 4223 vocabulis
2997 4167 3362 4237 appellantur,
3402 4179 3460 4224 ut
3490 4168 3542 4224 in
3572 4184 3670 4223 nas

2090 4261 2242 4312 turali
2275 4260 2532 4326 potentia.
2568 4258 2635 4313 Et
2664 4273 2851 4315 rursus
2882 4271 3002 4315 sunt
3039 4260 3279 4330 quaedam
3310 4276 3432 4330 qua:
3464 4261 3514 4314 iu
3541 4274 3671 4330 quas

2088 4349 2330 4404 litatibus
2354 4350 2571 4420 quidem
2602 4350 2833 4405 habeant
2864 4353 3074 4421 propria
3100 4351 3334 4416 nomina,
3365 4352 3417 4405 in
3442 4352 3523 4405 bis
3543 4366 3670 4407 vero

2088 4457 2205 4509 qum
2243 4442 2308 4496 ad
2339 4457 2432 4497 eas
2463 4444 2604 4511 ipsas
2631 4444 2920 4513 qualitates
2961 4454 3142 4499 essent
3169 4442 3354 4497 aﬂ'eeta
3377 4482 3392 4509 ,
3430 4445 3569 4499 nulla
3596 4459 3666 4500 ea

2091 4534 2377 4601 pmpositis
2404 4533 2748 4600 qualitatibus
2780 4534 3142 4589 denominatio
3169 4534 3350 4599 ﬁeret,
3384 4534 3486 4591 hoc
3509 4537 3669 4592 addi-

2084 4624 2195 4690 dit,
2234 4624 2301 4676 ab
2327 4624 2578 4677 omnibus
2619 4623 2961 4692 qualitatibus
3001 4634 3093 4678 aut
3124 4624 3517 4680 denominative
3558 4627 3667 4682 dici

2085 4716 2258 4785 qualia
2283 4756 2298 4780 ,
2324 4730 2444 4784 qua:
2470 4715 2575 4770 illis
2601 4716 2946 4785 qualitatibus
2977 4718 3355 4787 participarent
3374 4763 3387 4787 ,
3419 4730 3509 4776 aut
3538 4736 3668 4792 quo-

2088 4809 2401 4876 modolibet,
2432 4809 2607 4875 aliter,
2633 4809 2683 4864 id
2712 4819 2793 4865 est
2818 4810 2933 4865 sive
2955 4812 3131 4879 posito
3153 4813 3370 4868 nomine
3398 4814 3669 4884 qualitatis

2086 4900 2155 4956 de
2181 4916 2246 4957 eo
2276 4918 2382 4956 non
2411 4900 2739 4967 dicerentur,
2765 4917 2884 4972 quae
2912 4902 3001 4957 illa
3027 4905 3421 4973 participareut,
3447 4918 3500 4959 ιιι
3525 4906 3575 4959 ἱιι
3602 4922 3670 4960 ea

2085 4992 2225 5063 quod
2256 5004 2338 5048 est
2378 4994 2580 5057 virtus,
2626 4994 2740 5048 sive
2780 4995 2877 5063 ipsi
2911 4998 3149 5065 qualitati
3196 4998 3421 5065 positum
3472 5011 3666 5050 nomen

2085 5100 2191 5143 non
2219 5094 2385 5153 esset,
2416 5086 2545 5141 utin
2570 5102 2635 5143 eo
2662 5086 2801 5156 quod
2823 5098 2905 5141 eSt
2934 5088 3164 5156 potentia
3193 5088 3466 5143 naturalis.
3490 5087 3668 5154 Quare

2084 5178 2335 5246 quoniam
2382 5178 2435 5231 in
2468 5176 2549 5230 bis
2594 5177 2800 5231 duabus
2841 5178 3222 5244 qualitatibus,
3267 5178 3319 5232 in
3361 5178 3551 5246 quibus
3581 5178 3665 5232 vel

2086 5270 2261 5337 posito
2292 5268 2511 5322 nomine
2535 5283 2640 5322 non
2673 5267 2965 5322 secundum
2993 5283 3185 5323 nomen
3216 5282 3334 5335 qua:
3361 5276 3507 5331 sunt,
3532 5283 3663 5336 qua.~

2085 5362 2156 5417 lia
2183 5360 2579 5416 deuominative
2608 5361 2875 5423 dicuntur,
2909 5360 2992 5413 vel
3022 5370 3141 5416 cum
3173 5359 3301 5427 ipsis
3319 5358 3665 5429 qualitatibus

2086 5466 2281 5506 nomen
2316 5453 2546 5520 positum
2580 5466 2684 5507 uon
2715 5453 2816 5517 sit,
2858 5460 3043 5506 neutra
3087 5450 3320 5519 ipsorum
3354 5450 3665 5518 praedicatio

2083 5542 2478 5597 denominative
2523 5544 2600 5595 ﬁt.
2646 5542 2726 5598 Ad
2765 5540 3190 5596 concludendum
3227 5555 3440 5596 omnem
3483 5543 3667 5597 termi—

2084 5651 2208 5690 num
2249 5633 2519 5703 qualitatis
2549 5634 2652 5698 ait,
2686 5644 2775 5687 aut
2807 5632 3203 5689 denominative
3227 5633 3405 5703 qualia
3433 5648 3463 5687 ει
3492 5633 3670 5703 qualis

2086 5728 2279 5785 tatibus
2307 5727 2582 5797 appellati,
2610 5735 2702 5782 aut
2729 5725 3127 5798 quotuodolibet
3154 5726 3309 5784 aliter
3333 5725 3404 5781 ab
3424 5725 3577 5797 ipsis,
3607 5736 3671 5789 ut
