4280 6268
570 416 675 475 1‘55

1798 402 1907 458 AN.
1952 405 2159 463 MANL.
2200 405 2355 467 θεν.
2395 403 2622 464 BOETII

3748 401 3853 456 εδδ

571 550 678 592 non
704 525 1103 587 denominative
1124 563 1139 590 ,
1172 517 1264 574 sed
1305 513 1584 587 aliquoties
1613 512 1823 583 quidem
1856 515 2154 569 secundum
2185 518 2234 578 Α
2264 520 2662 585 permanerent.
2696 513 2765 568 At
2793 527 2918 568 vero
2949 529 3121 586 neque
3153 514 3278 570 illud
3311 529 3496 571 verum
3522 524 3633 583 est,
3663 530 3851 574 Omnes

573 624 865 698 potentiam
890 662 904 687 ,
936 615 1221 688 aliquoties
1250 626 1377 667 vero
1403 608 1694 665 secundum
1717 607 1960 662 eamdem
1983 608 2154 678 quali-

576 726 733 773 tatem
774 712 1017 775 virtutis;
1056 708 1239 765 eadem
1278 705 1419 761 enim
1459 703 1687 773 qualitas
1724 710 1807 755 est
1848 700 2059 755 virtutis
2099 710 2156 757 et

582 808 866 879 tapientiaz.
898 802 1153 871 Quocirca
1196 794 1492 859 cont-ludit,
1526 789 1593 848 ita
1634 792 1823 873 qualia
1858 792 1963 847 dici
2000 807 2156 861 quae-

583 913 780 969 tunque
813 912 876 952 ex
908 896 989 950 bis
1021 888 1365 963 qualitatibus
1395 884 1794 941 denominative
1827 883 2154 949 dicerentur,

580 993 655 1048 rel
678 986 1074 1062 quomodolibet
1107 982 1214 1037 alio
1241 980 1309 1036 ab
1339 979 1469 1049 ipsis
1498 976 1679 1032 modo.
1721 976 1949 1046 Digestis
1988 976 2040 1031 in
2071 990 2161 1031 or-

579 1084 699 1140 dine
723 1080 873 1151 prius
897 1075 1142 1132 omnibus
1166 1070 1515 1145 qualitatibus
1537 1076 1797 1124 eteorum
1816 1067 2162 1123 conclusione

574 1183 814 1248 reperta,
855 1177 1118 1227 consueto
1154 1165 1343 1223 ordine
1382 1176 1715 1234 unaquaque
1745 1160 2042 1233 proprietas
2068 1173 2163 1215 ve-

572 1268 818 1338 Stigatur.

645 1360 787 1430 Inest
816 1380 984 1429 autem
1010 1377 1056 1426 et
1077 1366 1414 1425 contrarietas
1442 1361 1721 1420 secundum
1740 1360 1909 1432 quale,
1938 1369 1995 1415 ut
2014 1358 2164 1425 iusti-

575 1470 641 1524 tia
666 1465 934 1537 iniustitia:
962 1460 1222 1517 contraria
1250 1467 1346 1525 est,
1377 1466 1425 1513 et
1451 1454 1632 1510 albedo
1660 1452 1934 1525 nigredini,
1965 1459 2012 1505 et
2034 1451 2158 1515 alia,

575 1560 805 1618 similiter
828 1565 997 1611 autem
1033 1561 1081 1608 et
1106 1569 1167 1608 ea
1194 1566 1307 1623 qua:
1340 1548 1618 1604 secundum
1646 1562 1734 1600 eas
1762 1543 1935 1613 qualia
1974 1542 2161 1621 dicun-

575 1666 679 1721 tur,
708 1663 760 1708 ut
789 1658 995 1725 justum
1025 1650 1248 1720 injusto,
1279 1654 1327 1700 et
1361 1642 1535 1698 album
1560 1640 1727 1713 nigro,
1769 1654 1872 1691 non
1898 1644 2070 1689 autem
2107 1636 2162 1688 in

577 1748 807 1805 omnibus
836 1745 931 1799 hoc
954 1752 1046 1807 est,
1078 1740 1232 1795 rubro
1261 1737 1394 1792 enim
1424 1735 1501 1790 vel
1526 1732 1717 1804 pallido
1739 1739 1826 1785 aut
1855 1728 2031 1783 mediis
2058 1726 2160 1781 ltu-

578 1838 797 1909 iusmodi
821 1835 1073 1891 coloribus
1107 1832 1232 1887 nihil
1262 1814 1581 1886 contrarium
1598 1834 1673 1882 est
1699 1822 2029 1896 qualitatibus
2054 1820 2163 1875 exi-

578 1930 838 1989 stentibus.

653 2034 787 2091 Dicit
810 2034 861 2087 in
887 2028 1232 2102 qualitatibus
1258 2022 1501 2095 quaedam
1526 2033 1646 2076 esse
1672 2016 1971 2080 contraria,
2005 2021 2166 2083 atque

580 2127 682 2184 hoc
710 2126 901 2196 probat
928 2121 1209 2190 exemplis,
1245 2117 1437 2173 albedo
1462 2127 1691 2183 namque
1712 2119 1767 2167 et
1794 2107 2017 2179 nigredo
2038 2121 2167 2161 con-

581 2217 745 2274 traria
774 2223 922 2281 sunt,
952 2224 1006 2270 et
1027 2225 1358 2284 quaecunque
1376 2207 1625 2264 albedine
1645 2201 2024 2275 nigredineque
2046 2214 2170 2271 par-

582 2298 831 2378 ticipant;
867 2307 969 2361 hoc
1007 2314 1090 2360 est
1136 2302 1278 2358 enim
1325 2299 1471 2371 quod
1513 2297 1617 2364 ait,
1668 2304 1722 2349 et
1748 2290 2038 2349 secundum
2077 2303 2167 2345 eas

583 2379 754 2472 qualia
777 2414 898 2469 quae
912 2397 1198 2459 dicuntur;
1229 2407 1352 2448 nam
1376 2390 1514 2447 sicut
1538 2386 1730 2443 albedo
1758 2383 2016 2455 nigredini
2039 2397 2168 2437 con-

584 2491 744 2548 traria
773 2500 874 2554 est,
908 2490 979 2543 ita
1009 2500 1219 2558 quoque
1243 2483 1398 2539 albus
1425 2482 1616 2551 nigro;
1646 2478 1738 2534 sed
1770 2477 1873 2532 hoc
1901 2473 2169 2547 qualitatis

585 2585 857 2657 proprium
902 2598 1009 2637 non
1058 2590 1171 2646 est,
1221 2594 1343 2634 nam
1391 2592 1512 2633 cum
1564 2576 1783 2631 rubrum
1816 2583 1870 2629 et
1918 2571 2170 2643 pallidum

587 2673 871 2746 qualitates
898 2672 1041 2738 sint,
1085 2671 1285 2740 aliique
1314 2668 1475 2724 etiam
1513 2667 1723 2721 colores
1753 2664 2085 2733 huiusmodi,
2119 2663 2173 2718 in

590 2768 676 2826 his
701 2765 1028 2823 contrarium
1051 2778 1158 2819 non
1184 2770 1302 2828 est;
1336 2760 1512 2815 nullus
1540 2758 1682 2814 enim
1710 2757 1840 2811 dicit
1861 2756 2059 2827 aliquid
2086 2770 2175 2809 ru-

589 2860 686 2917 bro
707 2860 789 2916 vel
820 2858 1017 2929 pallido
1044 2871 1163 2913 esse
1191 2855 1518 2913 contrarium
1540 2871 1552 2905 :
1573 2867 1695 2907 nam
1718 2849 1968 2921 quoniam
1991 2849 2171 2903 album

589 2963 644 3009 et
673 2952 881 3022 nigrum
927 2948 1294 3006 extremitates
1340 2944 1582 3018 quaedam
1632 2943 1876 2999 colorum
1921 2951 2075 3007 sunt,
2122 2948 2178 2995 et

591 3028 900 3114 longissime
940 3056 971 3096 a
1014 3056 1073 3097 se
1102 3039 1327 3105 distant,
1359 3037 1629 3093 contraria
1674 3043 1828 3099 sunt,
1861 3033 2179 3089 medietates

592 3148 721 3193 vero
749 3136 1015 3192 contraria
1040 3148 1147 3189 non
1173 3132 1391 3188 habent.
1412 3130 1542 3186 Nam
1567 3128 1750 3200 siquis
1774 3134 1935 3197 ponat
1959 3125 2174 3207 rubrum

594 3231 745 3300 n'gro
784 3243 905 3285 esse
953 3227 1315 3291 contrarium,
1368 3224 1781 3294 longissimeque
1819 3220 2018 3276 distant
2056 3234 2174 3290 quat
2216 3266 2221 3271 .

2258 607 2582 678 privationes
2604 606 2883 675 negatione
2911 607 3155 677 proferri.
3182 607 3428 663 Surditas
3455 609 3759 678 enim,cum
3783 611 3853 664 sit

2260 701 2474 756 audttus
2526 699 2776 769 privatio,
2804 700 2920 754 sine
2977 700 3260 769 negatione
3306 701 3612 769 profertur;
3660 700 3851 757 eodem

2259 805 2471 862 quoque
2516 790 2674 845 modo
2716 791 2946 847 cmeitas.
2995 790 3179 844 Nullus
3218 792 3359 845 enim
3404 791 3534 847 dicit
3564 793 3849 861 inauditio,

2262 897 2435 953 neque
2466 882 2694 949 invisio,
2738 897 2838 938 nec
2881 882 3079 952 aliquid
3127 882 3467 951 huiusmodi,
3511 884 3604 938 sed
3650 892 3852 940 tantum

2263 966 2497 1031 surditas
2526 975 2847 1051 siccitasque
2884 975 3227 1030 nominantur
3259 977 3490 1046 propriis
3520 976 3852 1045 nominibus,

2263 1079 2387 1121 cum
2415 1065 2523 1120 sint
2552 1065 2642 1120 illa
2676 1064 2727 1120 in
2758 1064 2971 1130 habitu,
3015 1066 3191 1132 visus,
3222 1065 3457 1133 auditus,
3483 1066 3567 1120 illa
3599 1066 3652 1121 in
3676 1068 3856 1137 priva-

2264 1156 2409 1211 tione
2437 1155 2702 1227 pouenda.
2738 1155 2902 1225 Igitur
2926 1155 3131 1226 iustitia
3154 1152 3427 1227 iniuStitite
3448 1158 3718 1212 contraria
3747 1166 3850 1213 est.

2264 1246 2447 1301 Tradit
2475 1261 2604 1318 ergo
2630 1247 2891 1316 regulam,
2921 1262 2983 1303 ea
3014 1262 3131 1318 qua:
3153 1247 3423 1303 contraria
3452 1239 3597 1315 sunt,
3620 1247 3720 1302 sub
3749 1263 3854 1318 quo

2264 1352 2463 1408 genere
2515 1337 2898 1392 convenienter
2949 1344 3220 1409 aptentur,
3276 1353 3437 1410 quam
3486 1339 3723 1411 regulam
3771 1338 3856 1395 his

2267 1430 2446 1486 verbis
2473 1431 2588 1502 ipse
2610 1431 2930 1500 praescribit:

2339 1525 2571 1595 Amplius
2599 1525 2642 1578 si
2681 1540 2745 1579 ex
2772 1506 3039 1579 contrariis
3069 1539 3224 1578 unum
3261 1524 3415 1593 fuerit
3443 1525 3593 1595 quale
3614 1568 3628 1591 ,
3666 1532 3713 1578 et
3740 1526 3860 1578 relic

2266 1630 2424 1684 quum
2450 1614 2545 1669 erit
2571 1615 2743 1684 quale.
2776 1614 2892 1668 Hoc
2922 1624 3091 1669 autent
3134 1616 3306 1685 palam
3349 1622 3421 1669 est
3451 1616 3754 1686 proponenti
3801 1630 3862 1670 eat

2267 1708 2482 1781 singulis
2511 1708 2616 1761 alia
2651 1708 3046 1777 prtedicamenta
3066 1748 3080 1773 ,
3110 1718 3164 1761 ut
3193 1709 3238 1761 si
3274 1717 3350 1762 est
3366 1709 3575 1780 justitia
3600 1709 3864 1775 iniustitia!

2270 1804 2615 1867 contrarium;
2658 1802 2807 1870 quale
2835 1810 3002 1854 autem
3046 1809 3118 1854 est
3143 1800 3380 1871 iustitia,
3413 1801 3566 1870 quale
3593 1802 3752 1872 igitur
3790 1809 3865 1859 est

2195 1892 2546 1959 Biniustitia.
2607 1892 2831 1946 Nullum
2893 1893 3028 1945 enim
3085 1892 3304 1945 aliorum
3353 1893 3864 1961 prredicamentorunt

2267 1986 2532 2055 optabitur
2562 1985 2855 2057 injustitite,
2881 2000 2972 2037 nec
3005 1985 3287 2054 quantitas,
3314 1992 3406 2037 nec
3431 1984 3500 2037 ad
3525 1984 3752 2054 aliquid,
3777 1991 3863 2040 net

2270 2076 2386 2141 ubi,
2419 2092 2507 2130 nec
2530 2076 2737 2129 omnino
2764 2074 2946 2128 talium
2979 2074 3156 2140 aliud,
3190 2074 3289 2127 nisi
3314 2072 3499 2145 quale;
3528 2074 3601 2128 sic
3624 2084 3793 2130 autem
3822 2085 3868 2129 et

2271 2169 2324 2222 in
2344 2168 2465 2221 aliis
2490 2183 2603 2233 quae
2634 2178 2754 2221 sunt
2786 2166 3067 2221 secundum
3095 2166 3245 2235 quale
3264 2167 3523 2220 contraria
3547 2175 3690 2221 sunt.

2342 2279 2399 2334 Si
2428 2295 2495 2335 ex
2524 2278 2760 2346 duobus,
2797 2278 2991 2349 inquit,
3020 2278 3309 2334 contrariis
3340 2278 3684 2336 manifestum
3712 2280 3869 2336 fuerit
3940 2280 3947 2286 ’

2273 2385 2435 2425 unum
2466 2384 2655 2425 eorum
2688 2354 3082 2425 contrariorum
3111 2369 3212 2424 sub
3240 2370 3499 2440 qualitate
3527 2370 3678 2441 poni,
3709 2372 3870 2429 simul

2276 2460 2621 2516 manifestum
2653 2459 2760 2514 erit
2789 2460 2929 2530 quod
2961 2460 3125 2515 etiam
3158 2459 3277 2529 ejus
3305 2460 3634 2516 contrarium
3671 2477 3873 2521 conve-

2276 2554 2487 2608 ttienter
2532 2552 2782 2623 qualitati
2825 2563 3179 2621 supponatur,
3228 2550 3497 2620 simulque
3542 2550 3873 2612 demonstrat

2276 2645 2598 2717 iniustitiam
2641 2660 2762 2699 esse
2798 2643 3129 2715 qualitatem.
3160 2642 3292 2698 Nam
3335 2643 3379 2697 si
3404 2642 3613 2713 iustitia
3641 2646 3873 2715 apertis-

2278 2740 2415 2795 sime
2440 2738 2670 2809 qualitas
2696 2746 2801 2803 est,
2828 2737 3029 2792 idcirco
3050 2736 3190 2806 quod
3221 2750 3397 2805 neque
3418 2735 3670 2806 qualitas,
3701 2751 3873 2808 neque

2278 2831 2344 2887 ad
2368 2829 2570 2903 aliquid
2590 2870 2606 2897 ,
2642 2844 2818 2899 neque
2850 2828 2975 2894 ubi,
3010 2841 3109 2883 nec
3135 2826 3370 2896 quando,
3412 2841 3511 2883 nec
3539 2828 3679 2883 aliud
3708 2829 3872 2886 ullum

2279 2923 2762 2994 praedicamentum
2803 2928 2916 2984 est,
2960 2934 3058 2973 nec
3088 2918 3187 2974 sub
3228 2917 3337 2973 ullo
3377 2917 3482 2973 alio
3511 2933 3709 2988 genere
3743 2921 3872 2991 poni

2282 3026 2488 3091 potest,
2522 3001 2639 3072 nisi.
2660 3016 2760 3072 sub
2791 3015 2910 3071 sola
2950 3014 3236 3086 qualitate,
3269 3029 3389 3070 cum
3430 3015 3479 3070 ei
3509 3017 3777 3072 contraria
3806 3018 3876 3073 sit

2281 3106 2583 3181 iniustitia,
2607 3096 2827 3164 nou’est
2863 3106 3083 3163 dubium
3112 3106 3427 3177 iniustitiam
3460 3122 3675 3180 quoque
3708 3109 3877 3180 quali-

2284 3200 2380 3256 tati
2407 3200 2684 3267 subuecti,
2718 3198 2858 3270 quod
2902 3199 3016 3269 ipse
3056 3198 3310 3268 quoniam
3355 3198 3567 3269 planius
3610 3199 3775 3267 dixit,
3824 3209 3879 3260 et

594 3332 721 3380 suttt
757 3321 1060 3390 contraria,
1105 3319 1414 3389 longissime
1458 3317 1616 3387 igitur
1646 3292 1866 3386 nigredo
1907 3328 1936 3367 a
1981 3313 2205 3370 rubore1

2283 3296 2396 3365 ipsa
2426 3294 2796 3364 exemplorum
2830 3293 2949 3348 luce
2987 3292 3251 3363 vulgavit,
3303 3292 3370 3347 ad
3416 3292 3561 3349 aliud
3609 3294 3764 3350 nobis
3794 3303 3879 3352 est

594 3415 848 3480 distabit,
880 3422 933 3469 et
959 3427 1146 3467 rursus
1175 3398 1366 3467 albedo
1405 3426 1432 3463 a
1475 3408 1753 3479 nigredine
1782 3406 2067 3477 plurimum
2090 3405 2176 3460 di-

596 3515 737 3575 stat;
770 3507 928 3577 igitur
958 3506 1216 3577 nigredini
1249 3505 1411 3560 rubor
1439 3514 1517 3559 est
1556 3514 1717 3573 atque
1742 3501 1930 3557 albedo
1960 3510 2177 3556 contra-

596 3601 710 3668 ria,
754 3601 1019 3672 uniusque
1056 3598 1131 3655 rei
1177 3598 1284 3653 duo
1327 3596 1601 3668 contraria.
1641 3594 2000 3659 inveniuntur,
2038 3590 2179 3659 quod

597 3694 713 3752 ﬁeri
744 3709 852 3749 non
887 3701 1081 3763 potest.
1120 3690 1236 3746 Non
1274 3698 1357 3745 est
1387 3689 1547 3760 igitur
1591 3686 1850 3758 nigredini
1881 3685 2182 3741 contrarius

598 3789 781 3846 rubor.
814 3787 1075 3843 Similiter
1098 3794 1275 3840 autem
1305 3780 1721 3839 monstrabimus
1748 3788 1804 3836 et
1830 3780 1881 3835 in
1912 3778 2033 3834 aliis
2068 3794 2183 3834 me-

598 3878 701 3935 diis
729 3876 998 3932 coloribus
1025 3876 1352 3932 contrarium
1397 3889 1502 3930 non
1534 3887 1675 3929 esse.
1718 3871 1977 3940 Quocirca
2012 3871 2055 3931 si
2088 3868 2187 3923 htt-

598 3970 835 4044 iusmodi
864 3970 1139 4026 coloribus
1166 3970 1495 4026 contrarium
1526 3966 1661 4023 nihil
1691 3973 1798 4030 est,
1831 3978 1936 4035 non
1963 3963 2014 4018 in
2043 3962 2189 4017 omni

598 4063 854 4135 qualitate
878 4063 1229 4129 contrarietas
1257 4062 1548 4132 reperitur;
1582 4057 1722 4131 quod
1754 4057 1797 4113 si
1829 4058 1896 4111 ita
1945 4064 2066 4123 est,
2100 4068 2189 4109 su-

605 4158 820 4228 scipere
848 4142 1114 4213 contraria
1140 4154 1413 4227 qualitatis
1436 4153 1710 4225 proprium
1733 4165 1837 4206 non
1850 4157 1949 4206 est.
1978 4149 2189 4204 Atvero

598 4264 699 4306 nec
729 4249 779 4304 in
815 4248 946 4319 ipsis
976 4262 1189 4317 quoque
1219 4246 1404 4300 formis
1430 4260 1548 4314 qua:
1591 4242 1873 4315 manifeste
1906 4241 2188 4311 qualitates

526 4394 532 4399 .
599 4352 752 4411 sunt,
799 4341 1150 4397 contrarietas
1207 4338 1514 4403 invenitur;
1567 4351 1688 4391 nam
1733 4349 1905 4404 neque
1958 4333 2190 4388 circulus

599 4439 878 4510 quadrato,
912 4449 1084 4506 neque
1110 4433 1401 4505 quadratus
1440 4431 1726 4501 triangulo,
1755 4444 1855 4484 nec
1884 4428 1991 4483 ulla
2024 4428 2188 4497 ﬁgura

600 4530 691 4585 ulli
739 4530 920 4601 ﬁgurae
964 4536 1143 4601 potest
1184 4540 1304 4583 esse
1347 4526 1633 4582 contraria.
1664 4523 1928 4593 Quocirca
1969 4522 2191 4577 manife-

600 4633 739 4682 stum
785 4632 901 4691 est,
942 4623 1216 4693 suscipere
1251 4608 1581 4677 contrarium
1612 4633 1717 4673 non
1749 4631 1870 4672 esse
1908 4615 2188 4686 praprium

2283 3384 2695 3443 transeundum.

2355 3488 2587 3558 Suscipit
2614 3494 2783 3542 autem
2810 3485 3035 3555 qualitas
3065 3485 3226 3558 magis
3258 3492 3305 3539 et
3334 3485 3526 3551 minus,
3552 3483 3727 3538 album
3746 3484 3879 3543 enim

2285 3580 2448 3651 magis
2479 3589 2524 3634 et
2556 3579 2723 3632 minus
2753 3579 2974 3633 alterum
3009 3576 3174 3632 altero
3204 3577 3414 3646 dicitur,
3444 3585 3493 3632 et
3513 3576 3713 3647 justum
3751 3577 3881 3632 alte-

2286 3689 2399 3745 rum
2427 3672 2588 3726 altera
2617 3670 2780 3741 magis
2810 3677 2857 3724 et
2882 3669 3051 3724 minus
3081 3669 3287 3724 dicitur.
3322 3667 3427 3725 Sed
3448 3678 3494 3722 et
3519 3669 3631 3741 ipsa
3660 3684 3883 3724 crearen-

2293 3778 2397 3822 tum
2426 3766 2747 3835 suscipiunt;
2796 3781 2913 3819 cum
2957 3762 3238 3818 candidum
3268 3778 3483 3833 namque
3520 3762 3619 3828 sit,
3661 3761 3885 3831 amplius

2291 3860 2535 3930 contingit
2569 3856 2845 3911 candidum
2875 3854 3013 3925 ﬁeri,
3042 3870 3145 3908 non
3176 3864 3343 3907 tamen
3371 3853 3563 3922 omnia,
3595 3852 3683 3907 sed
3712 3852 3887 3923 plura.

2290 3952 2505 4007 Iustitia
2535 3963 2752 4019 namque
2788 3964 2818 3999 a
2840 3945 3052 4019 justitia
3089 3944 3133 3998 si
3174 3943 3400 4010 dicatur,
3447 3943 3609 4014 magis
3637 3952 3685 3996 et
3721 3943 3888 4001 minus

2294 4053 2455 4114 potest
2477 4042 2661 4110 aliquis
2689 4038 2964 4110 ambigere.
2997 4034 3250 4115 Similiter
3278 4046 3324 4088 et
3355 4035 3404 4088 in
3428 4036 3547 4089 aliis
3574 4034 3841 4109 affectibus
3871 4050 3890 4087 :

2294 4135 2504 4206 quidam
2541 4134 2674 4187 enim
2704 4132 2767 4187 de
2815 4129 2999 4186 talibus
3029 4127 3298 4206 dubitant,
3322 4117 3581 4200 justitiam
3608 4142 3824 4193 namque
3858 4141 3890 4184 α

2288 4228 2491 4302 justitia
2520 4242 2621 4280 non
2655 4225 2872 4279 multum
2902 4223 3044 4275 aiunt
3067 4206 3236 4291 magis
3262 4231 3307 4273 et
3342 4220 3510 4271 minus
3540 4217 3663 4284 dici,
3694 4232 3783 4270 nec
3803 4205 3905 4270 sa:

2296 4325 2505 4377 nitatem
2536 4338 2568 4374 α
2594 4322 2834 4375 sanitate.
2870 4317 3046 4372 Minus
3075 4324 3244 4369 autem
3273 4316 3491 4367 alterum
3520 4312 3679 4366 altero
3707 4311 3888 4366 habere

2294 4416 2566 4469 sanitatem
2597 4412 2775 4477 aiunt,
2807 4421 2854 4466 et
2873 4409 3130 4484 justitiam
3159 4408 3327 4460 minus
3356 4406 3573 4459 alterum
3603 4404 3769 4457 altero
3797 4402 3890 4456 Ita~

2298 4506 2432 4572 bere,
2463 4509 2535 4560 sic
2557 4512 2725 4560 autem
2747 4513 2794 4560 et
2825 4502 3213 4575 grammaticam
3232 4539 3248 4566 ,
3282 4508 3327 4553 et
3352 4497 3484 4551 alios
3513 4495 3747 4565 affectus.
3775 4492 3891 4556 Alia

2297 4598 2455 4669 igitur
2483 4612 2595 4667 qua:
2632 4598 2909 4652 secundum
2933 4610 3020 4649 eos
3050 4592 3264 4661 a/I'ectus
3304 4590 3543 4645 dicuntur
3568 4587 3743 4659 qualia
3764 4628 3778 4650 ,
3808 4589 3893 4641 in-

600 4719 893 4789 qualitatis.
942 4716 1048 4774 Sed
1087 4680 1337 4786 quoniam
1383 4721 1509 4768 sunt
1551 4710 1791 4783 quaedam
1837 4710 1888 4765 in
1915 4680 2190 4780 qualitate

2295 4691 2587 4745 dubitanter
2632 4690 2879 4761 recipiunt
2931 4685 3094 4757 magis
3143 4694 3190 4738 et
3250 4684 3438 4737 minus.
3498 4680 3894 4734 Grammaticior

602 4824 720 4878 qua:
754 4809 971 4863 sibimet
1006 4808 1288 4863 videantur
1324 4820 1446 4862 esse
1474 4804 1740 4859 contraria
1765 4841 1779 4869 ,
1820 4810 1878 4857 ut
1900 4802 2106 4872 iustitia
2137 4808 2191 4857 et

600 4898 891 4967 iniustitia,
938 4898 1064 4951 hinc
1101 4898 1342 4967 quaedam
1374 4897 1600 4966 qumstio
1628 4895 1763 4951 solet
1807 4895 1958 4949 oriri.
2002 4893 2194 4948 Dicunt

602 4990 742 5048 enim
765 4989 981 5061 quidam
999 4988 1223 5059 iustitiae
1241 4979 1559 5059 iniustitiam
1577 5003 1683 5043 non
1702 5003 1825 5044 esse
1845 4988 2189 5053 contrariam,

602 5091 790 5155 putant
814 5082 955 5137 enim
994 5081 1135 5152 quod
1162 5080 1357 5137 dicitur
1391 5080 1646 5151 iniustitia
1678 5082 2026 5151 privationem
2072 5093 2192 5135 esse

602 5177 849 5251 iustitiae,
882 5189 985 5229 non
1032 5181 1210 5229 tamen
1247 5173 1706 5229 contrarietatem.
1738 5170 2016 5228 Contraria
2046 5169 2191 5225 enim

603 5269 834 5343 propriis
870 5266 1211 5333 nominibus,
1249 5280 1355 5321 non
1385 5266 1638 5322 contrarii
1688 5264 1985 5334 privatione
2014 5262 2193 5316 nomi-

602 5362 747 5429 nari,
776 5370 834 5417 ut
858 5360 1036 5416 album
1066 5359 1238 5431 nigro,
1260 5358 1459 5413 habere
1482 5366 1656 5412 tamen
1676 5355 1937 5425 iustitiam
1961 5353 2191 5424 aliquam

604 5455 1063 5521 contrarietatem,
1095 5452 1250 5525 cuius
1277 5452 1452 5508 adhuc
1472 5450 1745 5520 proprium
1768 5463 1963 5503 nomen
1995 5461 2100 5521 non
2125 5445 2195 5502 sit

605 5549 901 5611 inventum,
935 5545 1073 5615 quod
1100 5546 1320 5599 omnino
1352 5543 1541 5598 falsum
1574 5549 1676 5595 est.
1712 5538 1891 5593 Multa:
1918 5539 2060 5593 enim
2096 5538 2193 5591 ha-

605 5638 880 5694 bitudines
908 5637 1226 5706 privationis
1255 5635 1515 5691 vocabulo
1543 5630 1908 5703 proferuntur,
1936 5638 1997 5684 ut
2027 5628 2197 5684 illibe-

606 5729 791 5784 ralitas
823 5738 878 5782 et
902 5718 1290 5799 imprudentia,
1324 5742 1443 5797 quae
1473 5740 1747 5797 nunquam
1775 5723 2060 5778 virtutibus
2099 5736 2196 5791 op-

606 5826 960 5891 ponerentur,
994 5834 1112 5889 quae
1138 5827 1262 5874 sunt
1292 5819 1535 5883 habitus,
1566 5815 1668 5871 nisi
1701 5817 1831 5882 ipsa:
1859 5829 2071 5883 quoque
2108 5812 2201 5866 ha-

607 5909 752 5973 bitus
787 5918 998 5978 essent,
1034 5919 1091 5966 et
1122 5911 1174 5969 in
1210 5910 1404 5967 animis
1449 5907 1755 5966 habentium
1795 5906 2201 5965 immutabiliter

2293 4784 2428 4839 enim
2454 4783 2582 4837 alter
2606 4781 2767 4834 altero
2797 4778 3005 4844 dicitur,
3037 4783 3085 4831 et
3105 4776 3317 4847 justior,
3348 4782 3394 4828 et
3422 4773 3636 4839 sanior;
3662 4772 3893 4843 similiter

2294 4885 2339 4931 et
2370 4877 2423 4930 in
2452 4874 2589 4929 aliis.

2365 4979 2526 5035 Aliud
2555 4991 2770 5048 quoque
2801 4975 3076 5047 proprium
3107 4971 3349 5043 protulit,
3380 4969 3526 5041 quod
3555 4976 3783 5025 tractata
3808 4983 3895 5024 ra-

2297 5072 2440 5126 tione
2486 5069 2553 5123 ab
2590 5069 2797 5137 integra
2838 5066 3167 5136 proprietate
3194 5059 3761 5134 qualitatisexclusit.
3805 5059 3897 5113 Ait

2298 5162 2439 5218 enim
2483 5159 2770 5230 qualitates
2812 5173 2970 5228 posse
3012 5158 3095 5211 vel
3138 5154 3345 5210 intendi
3374 5152 3457 5206 vel
3498 5149 3687 5204 minui.
3728 5147 3898 5205 Posse

2298 5253 2440 5309 enim
2470 5252 2598 5308 dicit
2620 5251 2847 5307 alterum
2871 5251 3043 5307 altero
3064 5250 3184 5319 plus
3208 5247 3388 5301 album
3412 5238 3696 5312 appellari,
3721 5250 3780 5296 ut
3806 5241 3897 5297 nix

2299 5352 2542 5414 argento,
2576 5352 2631 5399 et
2656 5358 2774 5412 qua:
2803 5341 3109 5399 candidiora
3141 5347 3268 5393 sunt
3295 5348 3586 5398 marmora,
3615 5342 3671 5388 et
3689 5332 3895 5403 iustum

2300 5440 2545 5495 alterum
2571 5438 2743 5493 altero
2772 5435 2941 5505 magis
2970 5444 3023 5488 et
3051 5432 3227 5486 minus
3258 5427 3509 5484 dicimus.
3543 5424 3786 5491 Namque
3808 5425 3899 5493 iu-

2302 5531 2439 5586 stius
2462 5529 2663 5600 aliquid
2694 5527 2890 5582 factum
2911 5566 2925 5591 ,
2955 5510 3053 5579 nec
3080 5538 3187 5578 non
3217 5519 3377 5577 etiam
3402 5517 3760 5590 iustissimum
3789 5523 3891 5571 est.

2303 5624 2362 5678 ln
2390 5624 2583 5693 quibus
2609 5632 2786 5676 autem
2828 5617 3261 5688 comparationes
3304 5622 3464 5681 sunt,
3516 5611 3569 5666 in
3617 5612 3700 5665 his
3729 5605 3895 5674 magis

2304 5718 2586 5787 minusque
2632 5715 2735 5771 dici
2783 5712 3124 5769 manifestum
3169 5720 3289 5775 est;
3341 5708 3443 5764 hoc
3481 5718 3693 5775 quoque
3732 5697 3893 5753 modo

2307 5811 2481 5880 ipsum
2508 5809 2685 5864 album
2704 5850 2718 5873 ,
2753 5806 2838 5861 vel
2874 5806 2980 5859 alia
3011 5805 3239 5874 qualitas
3267 5816 3371 5856 nou
3402 5798 3575 5855 solum
3605 5800 3787 5850 contra
3812 5787 3892 5842 al-

2307 5876 2478 5959 terum
2508 5898 2748 5968 eiusdem
2776 5897 2976 5964 speciei
3008 5903 3316 5965 comparata
3349 5885 3645 5950 intentione
3670 5876 3891 5949 crescit,
