4280 6268
368 245 460 303 257

1366 220 1432 301 tu
1471 241 1905 306 CATEGORIAS
1943 240 2399 302 ARISTOTELIS
2434 242 2566 299 ua.
2606 241 2693 299 ttt.

3545 240 3653 298 9.58

306 430 312 440 .
368 371 415 416 et
446 360 781 416 relaxatione
825 356 1104 427 minuitur,
1148 358 1241 414 sed
1284 359 1443 414 etiam
1485 373 1517 413 a
1558 359 1734 430 seipsa
1764 368 1955 430 rectptt
1987 364 2034 422 Α
2063 368 2206 413 tasse
2236 356 2520 427 majorem,
2555 353 2727 424 magis
2751 360 2931 409 autem
2961 367 3067 410 non
3087 350 3234 409 dicit.
3280 351 3450 423 Hujus
3476 363 3655 411 autem

309 459 319 509 ξ
367 450 855 519 comparationem:
875 448 1078 506 Dicitur
1105 449 1251 505 enim
1280 464 1419 505 nunc
1439 448 1655 520 quidem
1679 457 1958 520 argentum

368 540 649 597 candidius
673 555 793 599 esse
821 556 978 612 quam
1003 549 1178 607 antea,
1206 555 1329 597 cum
1359 539 1518 596 fuerit
1537 531 1830 596 detersum.
1852 539 1962 596 Sed

309 638 316 649 '
371 648 492 687 cum
526 631 640 687 haec
669 631 737 687 ita
763 631 890 696 sint,
916 646 1023 687 non
1053 642 1134 687 est
1164 630 1335 701 magis
1361 630 1647 701 minusque
1678 630 1966 700 suscipere

370 722 647 793 proprium
678 721 979 793 qualitatis;
1024 736 1196 793 neque
1225 722 1367 777 cnim
1396 722 1509 777 sola
1538 719 1768 791 qualitas
1796 720 1966 791 magis

358 815 657 885 'minusque
682 812 939 884 suscipit,
971 811 1088 869 haec
1112 815 1253 869 enim
1287 813 1512 868 intentio
1540 823 1594 868 et
1620 812 1967 869 relaxatioin

374 904 460 958 bis
500 919 707 976 quoque
737 920 857 974 qua:
886 913 1011 959 sunt
1058 903 1123 958 ad
1169 903 1369 975 aliquid
1401 903 1694 971 invenitur,
1739 914 1796 959 ut
1822 905 1874 959 in
1902 920 1969 961 eo

375 999 517 1066 quod
562 1005 644 1051 est
690 996 896 1067 aequale
942 1006 995 1051 et
1027 997 1290 1067 inaequale
1327 1011 1612 1068 possumus
1641 995 1820 1053 dicere
1854 999 1971 1065 plus

374 1088 577 1157 aequale
603 1087 689 1142 vel
720 1089 916 1152 minus,
949 1096 1001 1142 et
1032 1089 1084 1142 itt
1111 1089 1323 1143 caeteris
1350 1087 1684 1158 ltujttsmodi;
1718 1103 1817 1142 nec
1843 1103 1973 1142 vero

375 1196 562 1237 omnes
586 1182 872 1251 qualitates
893 1181 1191 1250 suscipiunt
1214 1183 1381 1251 magis
1401 1190 1456 1237 et
1475 1182 1672 1250 minus,
1696 1180 1835 1251 quod
1858 1181 1976 1249 ipse

376 1273 455 1329 sic
483 1273 673 1344 ponit:
696 1273 812 1329 Non
842 1283 1021 1328 autem
1047 1274 1103 1327 in
1125 1274 1371 1328 omnibus
1394 1275 1496 1328 ltoc
1517 1283 1620 1339 est,
1653 1273 1748 1328 sed
1777 1273 1827 1326 in
1853 1274 1976 1342 plu-

377 1364 547 1421 ribus.
587 1366 859 1421 Dubitabit
887 1366 1032 1421 enim
1060 1368 1181 1436 quis
1210 1382 1275 1420 an
1304 1366 1510 1436 justitia
1540 1368 1708 1434 magis
1742 1380 1863 1421 esse
1890 1368 1980 1434 ju-

381 1459 528 1514 stitia
551 1459 783 1525 dicatur,
815 1459 1064 1514 similiter
1084 1469 1263 1514 autem
1292 1469 1343 1513 et
1370 1458 1425 1513 in
1446 1459 1562 1513 aliis
1582 1457 1977 1513 all‘ectionibus.

384 1538 615 1616 Quidam
644 1564 774 1605 vero
805 1550 858 1605 itt
892 1550 997 1627 hoc
1026 1550 1303 1613 dubitant,
1335 1550 1515 1604 dicunt
1544 1550 1686 1605 enim
1712 1538 1977 1620 justitiam

385 1642 591 1715 iustitia
624 1658 729 1697 non
762 1643 932 1712 magis
957 1644 1042 1698 vel
1074 1643 1252 1700 minus,
1286 1643 1420 1705 dici,
1455 1657 1553 1697 nec
1582 1643 1865 1698 sanitatem
1894 1657 1983 1697 sa-

2066 449 2145 505 rci
2191 449 2309 502 haec
2355 444 2493 501 ratio
2540 455 2655 511 est,
2707 454 2765 499 ut
2808 460 2929 499 cum
2978 444 3048 500 sit
3092 444 3342 515 trianguli
3379 444 3658 514 difﬁnitio,

2067 541 2243 611 ﬁgura
2271 554 2390 611 quae
2422 538 2522 593 sub
2553 536 2725 593 tribus
2750 538 2914 592 rectis
2940 537 3098 593 lineis
3126 538 3454 604 continetur,
3483 536 3529 593 si
3559 553 3661 607 qua

2067 640 2193 687 sunt
2233 645 2354 700 qua:
2390 630 2531 684 banc
2560 625 2936 685 dil'ﬁnitionem
2970 628 3022 683 in
3056 643 3116 683 se
3150 630 3480 700 suscipiant,
3522 638 3583 686 ut
3611 638 3666 686 ct

2070 724 2184 793 ipsa
2218 723 2389 777 tribus
2424 721 2587 777 rectis
2616 720 2775 775 lineis
2805 719 3202 785 contineantur,
3235 721 3452 791 proprie
3494 723 3665 777 trian-

2073 816 2213 885 gulae
2240 813 2424 869 lormaa
2455 820 2611 877 sunt,
2653 812 2842 868 eodem
2870 813 3101 882 {quoque
3147 812 3307 867 modo
3344 822 3399 868 et
3440 812 3669 869 circulus

2075 910 2148 964 ita
2177 906 2439 962 dillinitur
2474 925 2485 959 :
2518 905 2766 961 Circulos
2791 914 2874 959 est
2902 903 3067 973 ﬁgura
3098 903 3276 973 plana,
3295 920 3413 974 qua:
3441 907 3541 960 sub
3569 920 3673 959 una

2080 1001 2224 1056 linea
2265 1001 2591 1065 continetur,
2623 998 2689 1052 ad
2726 1012 2885 1068 quam
2929 1012 2997 1051 ex
3036 1011 3144 1052 uno
3183 1006 3383 1066 puncto
3412 997 3503 1067 qui
3534 999 3674 1052 intra

2082 1094 2255 1163 ipsam
2285 1102 2403 1155 cst,
2428 1106 2616 1147 omnes
2643 1103 2764 1161 qua:
2792 1097 2998 1145 exeunt
3022 1088 3181 1143 lineae
3207 1103 3373 1157 aqua:
3399 1087 3500 1143 sibi
3529 1097 3674 1143 sunt.

2084 1187 2293 1241 Rursus
2336 1183 2581 1253 quadrati
2609 1183 2856 1238 dillinitio
2906 1183 3028 1237 talis
3065 1192 3149 1238 est
3179 1201 3190 1234 :
3227 1181 3555 1249 Quadratum
3594 1190 3679 1238 est

2087 1275 2231 1344 quod
2259 1283 2487 1345 quatuor
2526 1274 2823 1344 aequalibus
2852 1274 3009 1329 lineis
3044 1285 3098 1329 et
3126 1284 3355 1345 quatuor
3382 1274 3546 1328 rectis
3584 1288 3681 1327 an-

2088 1367 2225 1438 gulis
2265 1365 2590 1420 continetur.
2620 1365 2961 1434 Quaecunque
3008 1365 3170 1436 igitur
3198 1365 3280 1420 vel
3322 1364 3505 1420 circuli
3535 1364 3681 1419 dilti-

2090 1460 2349 1514 nitionem
2382 1459 2708 1529 suscipiunt,
2742 1459 2825 1513 vel
2855 1458 3130 1529 quadrati,
3162 1457 3441 1528 aequaliter
3466 1457 3548 1513 vel
3579 1456 3681 1511 cir-

2094 1552 2221 1606 cnli‘
2243 1551 2326 1606 vel
2367 1552 2639 1621 quadrata:
2681 1551 2865 1606 forma:
2890 1560 3049 1615 sunt;
3080 1551 3124 1605 si
3165 1566 3267 1619 qua
3293 1546 3432 1605 vero
3459 1564 3562 1605 non
3594 1540 3697 1604 su?

2093 1644 2347 1713 scipiunt,
2368 1644 2513 1698 nullo
2537 1642 2697 1697 modo
2711 1652 2855 1697 sunt.
2870 1643 2925 1697 Si
2948 1658 3050 1713 qua
3075 1656 3201 1697 vero
3222 1650 3349 1697 sunt
3371 1657 3491 1712 qua:
3512 1656 3683 1712 neque

386 1732 583 1797 nitate;
614 1733 790 1787 minus
818 1742 999 1788 autem
1024 1732 1223 1787 habere
1246 1733 1470 1787 alterum
1496 1733 1668 1803 altero
1697 1734 1983 1789 sanitatem
2016 1736 2067 1797 Β
2094 1735 2343 1804 quadrati
2374 1733 2674 1804 suscipiunt
2702 1734 3079 1789 dillinitionem
3101 1774 3117 1800 ,
3150 1749 3323 1805 neque
3347 1733 3561 1800 circuli,
3593 1748 3684 1788 ne-

387 1824 591 1892 dicunt,
623 1835 678 1880 et
712 1825 970 1895 justitiam
1005 1825 1183 1880 minus
1212 1826 1437 1881 alterunt
1465 1826 1636 1881 altero
1669 1826 1889 1882 habere.
1921 1828 1985 1884 In

389 1915 494 1973 hoc
523 1927 634 1973 tres
667 1918 813 1974 luere
844 1920 1147 1974 sententiae.
1179 1918 1404 1985 Quidam
1441 1935 1672 1989 namque
1710 1920 1987 1983 dicebant,

392 2010 450 2065 in
476 2008 725 2081 omnibus
752 2008 1044 2065 secundum
1076 2010 1316 2065 materiae
1357 2009 1727 2066 habitudinem
1760 2011 1987 2080 reperiri

392 2115 555 2170 posse
578 2102 747 2171 magis
781 2112 836 2157 et
866 2103 1060 2157 minus.
1094 2101 1373 2172 Proprium
1406 2118 1637 2174 namque
1662 2118 1781 2159 esse
1810 2114 1985 2159 mate-

391 2192 489 2248 riae
525 2207 917 2265 corporumque
956 2194 1254 2250 intentione
1298 2210 1545 2251 crescere
1586 2205 1640 2252 et
1685 2196 1853 2251 minui
1896 2213 1989 2254 re-

392 2285 696 2352 laxatione,
725 2302 844 2357 qua:
878 2288 1233 2357 quorumdam
1282 2288 1675 2345 Platonicorum
1719 2292 1989 2347 sententia

392 2379 511 2434 luit.
536 2379 657 2435 Alia
680 2395 809 2434 vero
833 2396 952 2450 qua:
978 2381 1272 2437 secundum
1303 2382 1629 2437 certissimas
1652 2383 1991 2438 verissimas-

393 2488 497 2544 que
530 2480 675 2530 artes
713 2483 874 2543 atque
902 2473 1126 2530 virtutes
1168 2490 1275 2529 non
1313 2474 1518 2530 diceret
1559 2490 1681 2531 esse
1726 2476 1895 2545 magis
1932 2483 1995 2530 et

394 2567 606 2633 minus,
646 2558 939 2622 secundum
971 2576 1149 2622 autem
1189 2566 1393 2623 medias
1420 2566 1524 2622 dici
1568 2581 1757 2637 posse,
1785 2574 1843 2621 ut
1872 2567 1993 2622 haec
2014 2576 2027 2590 '

396 2658 509 2728 ipsa
548 2658 897 2728 grammatica
952 2668 1114 2729 atque
1155 2658 1363 2727 iustitia
1429 2673 1536 2714 non
1590 2658 1784 2713 dicitur
1820 2658 1992 2728 magis

398 2751 742 2820 grammatica
771 2764 947 2821 neque
984 2751 1155 2821 magis
1180 2750 1410 2822 justitia.
1445 2751 1581 2807 Esse
1615 2759 1792 2805 autem
1827 2765 1993 2821 quas-
2022 2752 2033 2763 '

397 2840 518 2897 dam
550 2841 685 2897 alias
710 2840 1009 2898 mediocres
1034 2850 1178 2898 artes
1198 2884 1213 2908 ,
1243 2843 1296 2898 in
1326 2841 1520 2913 quibus
1548 2842 1777 2911 ldipsum
1806 2852 1994 2911 posset

399 2932 635 2989 evenire.
664 2932 848 2990 Tertia
876 2941 958 2989 est
984 2933 1051 2989 de
1077 2948 1179 3004 qua
1210 2933 1533 2990 Aristoteles
1563 2934 1818 3003 loquitur,
1845 2932 1993 3003 quod

402 3023 546 3095 ipsas
572 3023 789 3096 quidem
830 3024 1173 3081 habitudines
1204 3026 1349 3080 nulla
1378 3024 1676 3080 intentione
1704 3038 1981 3090 crescere,

2093 1841 2198 1895 que
2235 1824 2484 1895 quadrati
2511 1835 2667 1891 sunt,
2710 1841 2885 1895 neque
2919 1825 3105 1880 circuli
3155 1834 3213 1880 ut
3241 1835 3324 1880 est
3366 1826 3532 1895 ligura
3567 1840 3685 1894 qum

2094 1926 2248 1987 parte
2284 1917 2453 1971 altera
2490 1917 2698 1987 longior
2727 1916 2942 1971 dicitur.
2975 1917 3065 1973 llla
3109 1917 3252 1971 enim
3295 1916 3365 1970 ita
3405 1910 3699 1983 dillinitur,’

2093 2018 2247 2078 parte
2290 2008 2459 2063 altera
2490 2007 2697 2078 longior
2732 2010 2897 2077 ﬁgura
2938 2018 3021 2062 est
3055 2024 3175 2077 quae
3218 2009 3318 2063 sub
3358 2016 3586 2079 quatuor
3626 2009 3687 2062 li-

2095 2101 2213 2156 neis
2253 2094 2577 2167 continetur,
2630 2101 2901 2172 rectisque
2947 2102 3188 2171 angulis,
3252 2117 3410 2172 quam
3458 2110 3685 2173 quatuor

2096 2190 2254 2246 lineae
2279 2206 2448 2262 aequae
2473 2193 2572 2247 sibi
2600 2192 2814 2261 quidem
2841 2208 2946 2249 non
2974 2202 3118 2260 sunt,
3145 2201 3330 2247 contra
3352 2207 3411 2249 se
3436 2208 3565 2248 vero
3595 2208 3687 2262 po-

2096 2280 2215 2336 sita:
2236 2281 2379 2337 bina:
2402 2282 2502 2337 sibi
2527 2297 2696 2352 aequa:
2718 2293 2861 2340 sunt.
2889 2285 3024 2355 Ergo
3045 2285 3170 2355 quia
3195 2283 3497 2355 ltujusmodi
3521 2285 3687 2355 ﬁgura

2097 2385 2274 2441 neque
2318 2372 2503 2428 circuli
2551 2373 2927 2431 dilﬁnitionem
2989 2376 3167 2446 capit,
3220 2392 3391 2446 neque
3446 2375 3687 2447 quadrati

2100 2462 2402 2531 aequaliter,
2446 2479 2620 2534 neque
2655 2466 2922 2534 circulus,
2970 2482 3144 2538 neque
3180 2468 3470 2537 quadratus
3494 2480 3595 2524 est.
3628 2467 3685 2525 Si

2098 2566 2203 2623 qua
2243 2553 2385 2608 enim
2415 2554 2703 2625 cujuslibet
2732 2556 2919 2612 forma:
2948 2556 3319 2613 dilﬁnitionem
3360 2559 3687 2629 suscipiunt,

2099 2646 2320 2699 omnino
2346 2646 2532 2701 eadem
2562 2655 2710 2702 sunt.
2744 2646 2809 2703 Ut
2833 2647 2921 2718 qui
2947 2648 3136 2705 circuli
3163 2650 3415 2715 circulus,
3439 2652 3529 2720 qui
3558 2666 3688 2721 qua-

2098 2734 2238 2791 drati
2289 2736 2608 2806 quadratus,
2643 2738 2732 2808 qui
2780 2739 3027 2809 trianguli
3060 2740 3383 2809 triangulus,
3417 2742 3509 2810 qui
3538 2750 3687 2810 parte

2098 2828 2266 2883 altera
2310 2828 2601 2898 longioris,
2641 2839 2795 2900 parte
2823 2829 2993 2885 altera
3033 2830 3258 2900 longior,
3301 2840 3353 2885 et
3380 2818 3686 2886 inicieteris

2098 2919 2290 2975 eodem
2328 2921 2512 2976 modo.
2544 2921 2600 2977 Si
2628 2938 2731 2993 qua
2764 2938 2893 2977 vero
2929 2937 3034 2977 non
3066 2922 3397 2991 suscipiunt,
3431 2932 3490 2977 ut
3518 2922 3703 2995 trian-.

2098 3011 2301 3081 gulam,
2334 3011 2521 3069 circuli
2547 3013 2927 3069 dillinitionem
2951 3029 3057 3069 non
3080 3013 3244 3084 capit,
3272 3014 3445 3083 neque
3469 3015 3687 3069 omnino

405 3131 509 3173 nec
532 3117 881 3174 diminutione
902 3116 1218 3174 decrescere
1242 3125 1414 3188 pum,
1446 3117 1749 3172 sedem-um
1774 3115 1993 3185 panici.
2025 3102 2072 3165 C
2103 3103 2338 3158 circulus
2362 3112 2465 3169 est,
2497 3119 2595 3158 nec
2619 3113 2795 3174 potest
2818 3104 2922 3160 dici
2953 3105 3093 3160 inter
3115 3102 3429 3172 quadratum
3451 3114 3504 3160 et
3524 3105 3687 3159 trian-

406 3216 598 3279 pantes
636 3222 791 3279 posse
818 3208 916 3264 sub
944 3208 1196 3264 examine
1231 3208 1641 3278 compositionis
1670 3208 1856 3263 venire
1876 3246 1892 3272 ,
1932 3214 1993 3262 ut

406 3297 474 3357 de
513 3298 597 3356 bis
638 3301 808 3371 magis
854 3300 1103 3357 minusve
1142 3300 1374 3356 dicatur.
1426 3301 1717 3356 Sanitatem
1761 3313 1997 3368 namque

406 3389 575 3462 ipsam
613 3402 669 3449 et
709 3392 1001 3463 justitiam,
1049 3391 1273 3447 alteram
1317 3390 1489 3447 altera
1532 3391 1701 3461 magis
1748 3390 1997 3445 minusve

410 3498 513 3539 non
543 3498 684 3540 esse.
713 3483 899 3554 Neque
925 3483 1071 3539 enim
1101 3484 1383 3553 quisquam
1408 3482 1536 3539 dicit
1563 3482 1732 3553 magis
1761 3497 1882 3538 esse
1908 3496 2000 3537 sa-

411 3571 631 3629 nitatem
651 3573 757 3628 alia
778 3574 1026 3629 sanitate.
1052 3572 1158 3629 Sed
1185 3573 1287 3628 hoc
1309 3572 1482 3628 Solum
1505 3573 1685 3628 dicere
1711 3587 1999 3641 possumus

412 3665 581 3736 magis
620 3665 820 3722 habere
860 3666 1143 3722 sanitatem
1172 3665 1432 3737 aliquem,
1468 3665 1519 3721 id
1554 3674 1636 3721 est
1666 3679 1785 3720 esse
1815 3664 2003 3720 sanio-

413 3774 551 3829 rem,
581 3769 634 3818 et
658 3762 825 3832 magis
854 3771 1131 3829 sanum,et
1160 3762 1337 3816 minus
1363 3775 1572 3816 sanum.
1607 3759 2005 3828 Dicimusergo

417 3853 560 3924 quod
586 3853 959 3924 ipste'quidem
983 3854 1260 3924 qualitates
1290 3870 1394 3909 non
1425 3856 1722 3923 suscipiunt
1755 3853 1924 3921 magis
1949 3862 2007 3907 et

421 3945 623 4001 minus.
662 3945 763 4014 Qui
790 3961 919 4002 vero
953 3945 1242 4002 secundum
1283 3962 1375 4003 eas
1401 3946 1587 4015 quales
1606 3944 1875 4006 dicuntur,
1904 3942 2010 4013 ipsi

419 4039 523 4098 sub
564 4040 964 4110 comparatione
1001 4039 1228 4111 cadunt,
1276 4048 1333 4095 ut
1370 4039 1594 4110 justior,
1626 4046 1680 4093 et
1714 4036 1915 4101 sanior,
1951 4045 2010 4091 et

419 4133 840 4207 grammaticior.
887 4132 1125 4203 Namque
1155 4133 1268 4201 ipsa
1309 4131 1688 4202 grammatica,
1730 4128 1781 4184 id
1813 4137 1894 4182 est
1922 4128 2012 4183 lit-

424 4233 680 4293 teratura,
718 4239 823 4279 non
866 4223 1087 4291 suscipit
1127 4221 1296 4292 magis
1333 4231 1387 4277 et
1412 4219 1837 4287 minus,‘nullus
1867 4217 2013 4274 enim

423 4316 552 4373 dicit
580 4319 802 4372 alteram
846 4317 1013 4371 altera
1062 4315 1232 4385 magis
1275 4329 1396 4369 esse
1437 4314 1871 4382 grammaticam,
1916 4308 2016 4365 sed

428 4425 549 4464 eum
576 4411 661 4480 qui
687 4409 1032 4480 grammatica
1063 4406 1177 4476 ipsa
1207 4407 1511 4477 participat.
1547 4405 1781 4461 Dicimus
1809 4404 2020 4458 littera-

2106 3194 2325 3264 gulum,
2368 3194 2624 3265 quoniam
2656 3204 2881 3266 utraque
2927 3194 3117 3255 circuli
3161 3194 3535 3252 dilﬁnitionetn
3582 3213 3689 3253 non

2108 3288 2740 3358 capiunt,iquadratnm
2792 3288 3008 3358 quidem
3064 3290 3182 3359 plus
3227 3304 3346 3345 esse
3395 3286 3690 3354 circulum,

2108 3379 2430 3449 triangulum
2464 3395 2594 3435 vero
2627 3382 2828 3448 minus,
2864 3381 3085 3437 omnino
3110 3382 3252 3438 enim
3283 3388 3503 3453 utraque
3532 3396 3561 3437 a
3591 3383 3693 3438 cir-

2109 3472 2215 3528 culi
2253 3475 2461 3529 ratione
2498 3473 2768 3547 disjuncta
2794 3484 2953 3544 sunt,
2990 3475 3133 3548 quod
3160 3475 3245 3532 bis
3279 3475 3460 3531 verbis
3487 3473 3555 3530 ab
3583 3474 3693 3531 Ari~

2110 3563 2305 3619 stotele
2333 3572 2623 3620 tractatur:

2187 3682 2512 3751 Quicumque
2550 3683 2685 3737 enim
2723 3685 3075 3753 cli/ﬁnitionem
3124 3684 3368 3755 trianguli
3414 3682 3698 3753 suscipiunt

2112 3781 2163 3827 et
2193 3775 2403 3840 circuli,
2440 3775 2613 3828 omnia
2660 3774 2896 3829 similiter
2942 3774 3187 3844 trianguli
3232 3776 3310 3828 vel
3346 3774 3527 3830 circuli
3560 3781 3700 3829 sunt.

2116 3867 2315 3923 Eorum
2353 3884 2467 3922 vero
2507 3884 2621 3938 qua:
2663 3884 2763 3922 non
2804 3868 3127 3939 suscipiunt,
3158 3867 3289 3921 nihil
3306 3867 3469 3937 magis
3490 3866 3703 3919 alterum

2116 3960 2278 4013 altera
2309 3959 2531 4024 dicitur;
2560 3950 2690 4013 nihil
2716 3957 2849 4010 enim
2870 3958 3177 4025 quadratum
3207 3957 3369 4025 magis
3392 3972 3543 4025 quant
3566 3964 3704 4025 parte

2118 4052 2280 4104 altera
2312 4051 2515 4119 longior
2546 4053 2712 4119 [arma
2733 4093 2746 4115 ,
2779 4050 3001 4103 circulus
3039 4057 3113 4103 est
3130 4091 3153 4112 .,
3183 4048 3388 4101 nullum
3416 4046 3548 4101 enim
3572 4048 3705 4116 ipso-

2120 4155 2238 4193 rum
2259 4140 2439 4210 recipit
2463 4141 2645 4194 circuli
2670 4140 2938 4196 rationem.
2969 4138 3284 4206 Simpliciter
3305 4147 3475 4193 autem
3499 4138 3542 4193 si
3567 4147 3707 4191 utra-

2121 4249 2222 4305 que
2246 4250 2349 4288 non
2376 4235 2629 4304 recipiunt
2654 4235 2903 4306 propositi
2924 4235 3172 4290 rationem
3188 4276 3202 4301 ,
3227 4251 3331 4289 non
3360 4236 3559 4289 dicetur
3578 4231 3711 4286 alte-

2120 4343 2240 4381 rum
2276 4329 2439 4382 altera
2477 4329 2677 4399 magis;
2711 4345 2813 4383 non
2860 4345 2979 4397 ergo
3025 4331 3195 4384 omnia
3233 4329 3409 4397 qualia
3463 4326 3710 4398 recipiunt

2125 4421 2291 4491 magis
2316 4430 2364 4475 et
2391 4423 2584 4476 minus.
2607 4421 2812 4477 [lorum
2830 4422 2997 4491 itaque
3021 4437 3137 4493 qua:
3160 4421 3406 4491 pradicta
3426 4429 3563 4489 sunt,
3588 4420 3711 4476 niltil

430 4510 564 4567 tum,
595 4516 749 4571 quem
778 4516 806 4555 a
836 4501 1136 4558 litteratura
1164 4501 1371 4556 scilicet
1399 4498 1841 4564 denomittamus,
1875 4495 1985 4550 litte

2094 4497 2105 4543 θ
2128 4488 2489 4581 estvproprium
2518 4512 2805 4581 qualitatis.

430 4600 577 4647 ratus
622 4602 797 4648 autem
845 4593 1068 4663 suscipit
1116 4592 1283 4660 magis
1328 4600 1380 4645 et
1424 4591 1631 4656 minus,
1676 4598 1732 4644 ut
1780 4588 2020 4643 Donatus

430 4684 804 4753 grammaticus
843 4683 962 4752 plus
989 4689 1108 4736 erat
1137 4687 1295 4735 actate
1326 4678 1437 4750 jam
1466 4687 1718 4749 provecta
1748 4689 2019 4747 gramma—

432 4778 587 4841 tiens,
618 4776 669 4831 id
697 4785 780 4831 est
804 4775 1106 4840 litteratus,
1136 4789 1294 4843 quam
1324 4787 1443 4828 cum
1486 4774 1714 4844 primum
1738 4772 1804 4827 ad
1833 4769 2024 4841 hujus—

432 4868 572 4922 modi
615 4867 791 4923 studia
839 4868 1169 4923 devenisset.
1204 4865 1309 4921 Sed
1349 4880 1651 4936 quanquam
1692 4880 1749 4921 se
1791 4865 1906 4919 haec
1948 4866 2025 4919 ita

433 4956 691 5024 Itabeant,
722 4970 897 5014 tamen
942 4957 1245 5013 invenimus
1272 4956 1480 5028 aliquas
1509 4958 1797 5028 qualitates
1825 4955 2024 5027 quibus

432 5050 725 5106 indubitate
769 5052 1102 5123 comparatio
1144 5052 1375 5109 inveniri
1418 5068 1525 5109 non
1556 5052 1761 5124 possit,
1809 5060 1867 5108 ut
1898 5058 2028 5108 sunt

432 5159 559 5215 quas
590 5146 703 5218 ipse
734 5146 1037 5217 supposuit.

505 5244 817 5319 Triangulua
842 5264 959 5303 vero
1000 5256 1047 5302 et
1082 5250 1474 5321 quadrangulus
1507 5264 1611 5302 non
1642 5248 1838 5303 videtur
1865 5247 2028 5320 magis

428 5346 473 5390 et
500 5340 671 5393 minus
700 5342 980 5409 suscipere,
1011 5357 1100 5395 nec
1129 5343 1302 5414 aliqua
1326 5342 1549 5396 aliarum
1580 5342 1882 5411 ﬁgurarum.

505 5439 633 5493 Iltnc
678 5440 824 5493 enim
866 5456 986 5509 qua:
1030 5457 1092 5497 ex
1121 5454 1309 5513 quarta
1356 5444 1536 5511 specie
1584 5443 1856 5514 qualitatis
1884 5445 2030 5502 dicta

430 5537 579 5585 sunt.
613 5528 783 5596 magis
808 5530 1050 5584 minusve
1077 5534 1219 5586 nulla
1251 5520 1461 5587 ratione
1491 5536 1819 5602 suscipiunt,
1850 5536 2030 5594 nullus

429 5618 578 5675 enim
610 5617 740 5672 dicit
768 5618 885 5688 plus
906 5632 1029 5673 esse
1052 5620 1212 5675 alium
1239 5622 1501 5677 circulum
1524 5638 1683 5692 quam
1713 5624 1897 5692 alium,
1926 5641 2029 5683 nee

432 5713 615 5791 magis
631 5726 757 5795 esse
780 5712 915 5796 illud
942 5712 1261 5798 triangulutu
1285 5729 1444 5797 quam
1479 5715 1627 5791 illud,
1658 5718 1893 5795 dicitque
1912 5720 2033 5787 fore

2098 4660 2106 4669 .
2200 4620 2329 4675 Nam
2363 4622 2407 4674 si
2440 4621 2539 4676 ltoc
2568 4619 2816 4675 difﬁnitio
2844 4620 2992 4686 facit,
3017 4630 3073 4676 ut
3096 4620 3430 4677 demonstret
3456 4622 3713 4684 rationem

2130 4711 2389 4782 cujusque
2412 4710 2730 4765 substantiae
2750 4752 2764 4777 ,
2791 4724 3119 4781 quaecunque
3155 4710 3474 4767 dillinitione
3517 4712 3715 4769 discre«

2131 4812 2279 4871 pant,
2309 4802 2398 4857 illa
2424 4803 2584 4857 etiam
2616 4800 2729 4871 ipsa
2762 4811 2956 4857 natura
2987 4801 3301 4867 substantiae
3322 4804 3717 4876 discrepabunt.

2130 4893 2300 4950 Recte
2328 4894 2490 4964 igitur
2510 4893 2555 4949 si
2579 4909 2681 4965 qua
2703 4894 2989 4965 cujuslibet
3008 4897 3084 4953 rei
3111 4899 3397 4968 propositae
3417 4899 3529 4953 sive
3560 4882 3725 4953 trianal

2086 4988 2276 5059 eguli,
2325 4989 2438 5044 sive
2481 4987 2728 5059 quadrati
2774 4989 3147 5046 dillinitionem
3199 5006 3303 5046 non
3349 4992 3600 5061 capiunt,
3653 4989 3719 5043 ab

2132 5080 2377 5151 ejusdem
2402 5091 2590 5136 natura
2620 5080 2882 5150 disjuncta
2905 5091 3047 5137 sunt.
3072 5082 3328 5148 Quocirca
3357 5096 3530 5151 neque
3554 5081 3719 5136 triau-

2132 5172 2347 5244 gulum,
2395 5187 2567 5243 neque
2613 5172 2967 5241 quadratum,
3011 5187 3184 5243 neque
3222 5164 3493 5239 circulus,
3546 5186 3720 5241 neque

2132 5264 2390 5334 quidquid
2421 5263 2612 5318 horum
2640 5272 2752 5331 est,
2785 5264 3081 5333 suscipiunt
3110 5260 3280 5331 magis
3300 5272 3353 5315 et
3383 5261 3581 5317 minus.
3613 5260 3721 5317 Sed

2135 5368 2257 5411 cum
2292 5354 2407 5409 haec
2434 5355 2718 5423 qualitates
2747 5356 2875 5420 sint,
2906 5369 3010 5407 non
3040 5368 3228 5408 omnes
3253 5352 3535 5423 qualitates
3556 5369 3722 5424 aequm

2134 5446 2304 5517 magis
2350 5447 2591 5502 minusve
2636 5447 2953 5514 suscipiunt.
2986 5444 3136 5512 Quod
3168 5445 3213 5499 si
3257 5460 3431 5515 neque
3477 5446 3529 5501 in
3571 5448 3721 5503 omni

2133 5539 2388 5610 qualitate
2427 5540 2651 5594 intentio
2698 5538 3088 5609 diminutioque
3130 5541 3408 5609 provenit,
3453 5554 3626 5610 neque
3667 5540 3726 5599 in

2134 5630 2414 5701 sola,quod
2436 5632 2548 5687 tunc
2565 5632 2748 5687 eadem
2767 5632 2819 5687 in
2844 5632 3103 5687 relatione
3130 5633 3385 5701 reperias,
3402 5646 3506 5687 non
3523 5642 3603 5687 est
3616 5649 3728 5689 ma-

2132 5725 2217 5799 gis
2246 5728 2492 5786 minusve
2519 5727 2793 5800 suscipere
2819 5726 3091 5803 proprium
3130 5725 3424 5800 qualitatis.
3448 5724 3729 5800 Quodnam
