4280 6268
1772 371 1883 427 ΑΝ.
1924 371 2131 428 MANL.
2175 366 2328 427 θεν.
2371 366 2596 425 BOETII

3722 371 3829 428 260

546 487 707 557 igitur
731 487 999 556 qualitatis
1024 484 1296 557 proprlum
1336 500 1455 543 esse
1480 483 1771 543 dicendum
1793 497 1909 556 est,
1943 486 1995 542 id
2016 488 2128 557 ipse
2162 488 2214 547 Α
2246 483 2405 538 habet
2432 483 2532 538 sub
2562 498 2621 538 se
2643 483 2777 537 alias
2808 482 3171 557 habitudines,
3200 484 3597 558 grammaticum
3620 490 3673 539 et
3703 500 3829 556 geo-

547 577 855 649 planissime
882 578 1267 646 subterposuit.

618 690 822 743 Similia
865 705 979 744 vero
1016 700 1061 743 et
1101 688 1368 743 dissimilia
1409 690 1687 745 secundum
1722 687 1862 745 solas
1890 689 2135 743 dicuntur

545 781 835 849 qualitates.
867 776 1048 834 Simile
1076 782 1208 833 enim
1252 779 1473 832 alterum
1515 778 1666 833 alteri
1709 795 1810 833 non
1848 788 1925 835 est
1953 796 2133 835 secun-

545 870 665 924 dum
691 871 833 923 aliud
854 872 1129 943 quidquam
1151 911 1164 936 ,
1189 887 1338 941 quant
1368 869 1649 923 secundum
1676 869 1807 924 illud
1827 871 1961 941 quod
1981 872 2135 940 quale

545 970 634 1015 est.
670 962 840 1027 Quare
867 962 1131 1031 proprium
1159 963 1252 1014 erit
1284 960 1546 1031 qualitatis
1569 1001 1585 1026 ,
1608 962 1889 1018 secundum
1915 977 2025 1017 eam
2055 963 2131 1016 si-

544 1056 662 1107 mile
683 1067 731 1108 et
751 1054 999 1108 dissimile
1028 1054 1149 1106 dici.

614 1145 799 1199 Simile
842 1144 1015 1212 inquit
1046 1154 1099 1197 et
1125 1143 1384 1199 dissimile
1408 1145 1541 1199 sola:
1568 1144 1802 1199 retinent
1821 1144 2129 1215 qualitates.

544 1238 668 1290 Na'u
702 1236 945 1305 quamvis
972 1233 1148 1289 simile
1178 1236 1243 1288 ad
1278 1235 1475 1305 aliquid
1500 1238 1592 1303 sit,
1627 1243 1802 1291 tamen
1837 1234 1937 1289 hoc
1961 1236 2133 1304 ipsum

544 1328 683 1398 quod
724 1327 949 1381 dicimus
970 1370 982 1394 ,
1017 1328 1190 1383 simile
1238 1344 1345 1383 non
1383 1329 1640 1395 dicimus,
1673 1330 1773 1385 nisi
1803 1328 1945 1400 quod
1976 1329 2135 1399 quale

544 1431 646 1479 est.
676 1420 805 1475 Nam
830 1421 874 1476 si
907 1421 1094 1475 eadem
1122 1420 1354 1493 qualitas
1377 1423 1446 1477 sit
1474 1421 1528 1475 in
1556 1422 1787 1486 duobus,
1817 1421 1906 1476 illa
1938 1422 1991 1475 in
2015 1420 2135 1490 qui-

550 1516 647 1568 bus
676 1522 757 1569 est
799 1514 995 1568 similia
1026 1525 1181 1584 sunt,
1241 1529 1337 1568 nec
1368 1523 1450 1569 est
1491 1515 1633 1568 aliud
1664 1513 2135 1584 prmdicamentum

544 1600 697 1678 quod.
715 1605 1003 1661 secundum
1037 1606 1214 1661 simile
1247 1615 1301 1661 et
1331 1605 1589 1661 dissimile
1624 1606 1723 1660 dici
1758 1605 1953 1677 pbssit,
1986 1614 2041 1660 et
2070 1605 2136 1659 de

544 1699 664 1753 aliis
694 1698 909 1768 quidem
941 1697 1189 1767 omnibus
1235 1707 1418 1752 notum
1465 1708 1572 1757 est.
1607 1698 1857 1768 quoniam
1888 1697 1955 1752 de
1988 1697 2136 1751 nullo

544 1790 759 1845 dicitur.
808 1790 959 1857 Quod
1014 1790 1062 1846 si
1109 1790 1227 1859 quis
1274 1790 1341 1844 de
1387 1788 1684 1859 quantitate
1733 1788 2133 1855 afﬁrmet,dici

544 1874 705 1953 posse
748 1882 1040 1937 secundum
1085 1895 1202 1935 eam
1249 1881 1421 1934 simile
1451 1890 1611 1951 atque
1646 1880 1938 1945 dissimile,
1979 1894 2129 1933 tnon-
2163 1892 2212 1952 Β

546 1980 769 2026 stratum
800 1983 878 2027 est
907 1971 1198 2025 secundum
1229 1971 1578 2041 quantitatem
1609 1988 1714 2025 non
1739 1970 1911 2024 simile
1940 1980 1991 2023 et
2019 1971 2132 2024 dis-

544 2063 756 2126 simile,
785 2064 881 2118 sed
912 2064 1116 2133 aequale
1147 2072 1200 2117 et
1231 2063 1491 2133 inzequale
1534 2063 1829 2129 praedicari.
1872 2063 2135 2128 Quocirca

545 2154 793 2225 quoniam
824 2171 917 2218 per
943 2155 1147 2223 singula
1186 2171 1409 2225 qumque
1444 2155 1819 2224 pergentibus,
1853 2162 1905 2208 et
1946 2155 1997 2207 in
2021 2169 2137 2208 om-

545 2230 702 2300 nibus
747 2245 889 2299 idem
934 2245 1281 2321 qualitatibus
1328 2246 1616 2309 invenitur,
1662 2255 1714 2299 et
1756 2244 1809 2299 in
1840 2245 1988 2297 nullo
2031 2245 2139 2300 alio

546 2334 961 2405 praedicaniento
989 2351 1111 2390 esse
1138 2335 1490 2406 perspicitur,
1533 2349 1679 2391 recte
1727 2337 1830 2390 hoc
1861 2337 2137 2405 proprium

546 2427 816 2496 qualitatis
864 2441 983 2480 esse
1032 2425 1281 2480 ﬁrmavit.
1332 2425 1436 2481 Sed
1484 2429 1731 2497 quoniam
1773 2442 1895 2481 cum
1937 2427 2004 2481 de
2054 2427 2137 2483 his

549 2532 667 2589 qua:
699 2518 1003 2572 referuntur
1032 2518 1097 2571 ad
1129 2518 1328 2588 aliquid
1357 2527 1703 2586 tractaretur,
1730 2517 1951 2574 allectus
1978 2528 2138 2590 atque

526 2592 763 2664 habitus
786 2609 838 2662 iu
872 2609 954 2663 his
991 2624 1107 2675 qua:
1139 2619 1261 2662 sunt
1291 2610 1354 2662 ad
1396 2609 1596 2678 aliquid
1638 2614 1965 2676 numeravit,
1998 2625 2137 2665 nunc

549 2714 677 2755 vero
721 2700 937 2753 eosdem
980 2714 1193 2770 quoque
1241 2700 1486 2769 qualitati
1530 2701 1842 2770 supposuit,
1873 2701 1989 2773 ipse
2033 2701 2138 2767 sibi

547 2790 831 2859 quamdam
862 2789 1057 2859 olijccit
1100 2789 1478 2867 quaesﬁunem,
1510 2805 1607 2846 cur
1651 2792 1696 2845 si
1742 2792 1887 2863 prius
1923 2791 2023 2845 sub
2068 2792 2135 2853 iis

550 2896 667 2951 quae
691 2881 755 2934 ad
786 2879 981 2949 aliquid
1016 2884 1346 2949 relernutur,
1378 2880 1479 2937 ista
1508 2882 1833 2952 subjecerit,
1867 2898 2007 2937 nunc
2036 2884 2137 2938 sub

547 2972 889 3044 qualitatibus
918 2986 981 3027 ea
1004 2972 1119 3040 ipsa
1150 2973 1408 3040 posuerit.
1430 2972 1689 3042 Superius
1721 2988 1950 3043 namque
1980 2990 2134 3028 mou-

548 3073 613 3120 sti
629 3065 738 3119 avit
762 3080 825 3118 ea
849 3080 967 3135 qua:
996 3074 1173 3119 essent
1203 3079 1233 3118 a
1274 3079 1331 3118 se
1380 3065 1624 3131 diversa,
1670 3064 1885 3120 easdem
1929 3064 2137 3134 species

548 3158 749 3214 habere
780 3174 883 3213 non
909 3171 1091 3227 posse,
1129 3173 1248 3212 cum
1276 3157 1406 3213 dicit
1435 3157 1770 3213 diversorum
1798 3172 2053 3227 generum
2081 3168 2136 3213 et

2239 574 2508 631 metriam.
2546 575 2601 629 ln
2634 576 2735 631 hoc
2766 576 2929 646 igitur
2963 580 3183 635 scientia
3210 580 3325 648 ipsa
3354 579 3496 651 quod
3523 593 3690 648 genus
3716 588 3827 643 est,

2238 671 2305 723 ad
2337 670 2532 737 aliquid
2565 685 2779 737 semper
2813 670 3077 743 refertur,
3117 672 3344 728 dicimus
3376 672 3517 726 enim
3549 672 3829 727 scientiam

2241 762 2466 830 alicujus
2523 762 2824 818 scientiam.
2884 763 3298 819 Grammaticam
3359 779 3486 817 vero
3540 778 3659 832 quae
3714 761 3832 831 ejus

2240 853 2446 925 species
2473 860 2587 921 est,
2620 855 2797 908 nullus
2828 855 2958 909 dicit
2983 855 3209 925 alicujus
3232 870 3352 912 esse
3384 854 3787 925 grammaticam
3814 870 3829 919 ;

2247 945 2456 1001 dicatur
2475 945 2618 999 enim
2650 947 2693 999 si
2725 946 2838 1002 fieri
2872 955 3046 1016 potest
3074 948 3504 1017 grammaticam,
3535 941 3832 1013 Aristarclii

2244 1050 2366 1090 esse
2390 1038 2814 1106 grammaticam.
2857 1037 2959 1092 Sed
3003 1039 3183 1092 omnia
3222 1052 3553 1109 quascunque
3583 1038 3835 1091 dicuntur

2242 1125 2310 1181 ad
2338 1126 2558 1197 aliquid.
2576 1137 2990 1185 convertuntur.
3016 1130 3215 1184 Dicitur
3236 1145 3361 1199 ergo
3388 1142 3437 1185 et
3467 1128 3830 1195 Aristarchus,

2246 1219 2609 1285 grammatica:
2635 1220 3006 1285 Aristarchus,
3037 1221 3176 1289 quod
3210 1220 3321 1275 ﬁeri
3354 1236 3456 1275 non
3491 1224 3683 1288 potest.
3716 1219 3831 1274 Non
3900 1218 3905 1255 ῖ

2246 1306 2409 1376 igitur
2436 1309 2785 1378 grammatica
2816 1310 3147 1374 Aristarchi,
3179 1321 3236 1365 ut
3277 1310 3344 1364 ad
3384 1309 3583 1380 aliquid
3613 1310 3829 1364 dicitur.

2249 1397 2345 1451 Est
2368 1400 2534 1453 etiam
2566 1409 2973 1468 argumentum,
3000 1416 3105 1454 non
3133 1387 3340 1475 species
3362 1443 3376 1469 ,
3402 1400 3495 1455 sed
3528 1398 3833 1468 hnjusmodi

2246 1503 2444 1556 genera
2470 1529 2485 1553 ,
2514 1488 2578 1542 ad
2609 1488 2808 1556 aliquid
2855 1489 3140 1557 appellari,
3174 1497 3232 1542 ut
3274 1504 3392 1543 cum
3442 1489 3571 1558 ipsa:
3616 1488 3832 1557 quidem

2247 1578 2453 1645 species
2480 1575 2546 1632 ad
2587 1577 2783 1648 aliquid
2826 1592 2929 1631 non
2961 1578 3237 1643 dicantur,
3273 1586 3330 1631 ut
3355 1578 3701 1646 grammatica
3728 1591 3836 1630 non

2248 1667 2449 1722 dicitur
2477 1669 2703 1738 alicujus
2734 1671 3111 1738 grammatica,
3141 1669 3185 1725 si
3227 1663 3443 1739 quando
3472 1679 3647 1724 tamen
3675 1676 3758 1725 est
3780 1675 3838 1726 ut

2248 1760 2458 1828 species
2485 1761 2548 1815 ad
2572 1761 2768 1831 aliquid
2793 1762 3080 1827 referatur,
3107 1763 3155 1815 id
3189 1778 3293 1817 nun
3323 1762 3614 1817 secundum
3643 1776 3721 1827 se,
3744 1758 3838 1817 sed

2248 1852 2546 1907 secundum
2574 1868 2742 1923 genus
2763 1896 2776 1919 ,
2810 1864 2867 1909 ut
2892 1855 3254 1923 grammatica:
3284 1856 3531 1925 quoniam
3561 1870 3727 1924 genus
3756 1862 3838 1917 est

2246 1945 2491 1999 scientia:
2535 1962 2654 2015 quze
2699 1946 2920 2001 relativa
2962 1955 3075 2012 est,
3104 1947 3148 2001 si
3181 1947 3299 2016 quis
3329 1950 3730 2015 grammaticam
3769 1946 3838 2004 ad

2248 2036 2449 2104 aliquid
2486 2039 2687 2092 referre
2717 2036 3031 2103 contendat,
3062 2053 3170 2091 non
3214 2048 3387 2108 potest
3427 2039 3719 2092 secundum
3761 2038 3838 2107 ip-

2249 2142 2365 2181 sam
2396 2130 2827 2197 grammaticam,
2859 2146 2976 2184 eam
3019 2129 3083 2183 ad
3130 2130 3327 2199 aliquid
3376 2129 3665 2199 pra‘dicare
3690 2174 3704 2197 ,
3744 2130 3840 2189 sed

2250 2220 2545 2274 secundum
2574 2221 2849 2275 scientiam
2878 2261 2893 2286 ,
2923 2220 2975 2275 id
3019 2228 3102 2275 est
3144 2221 3435 2275 secundum
3467 2237 3634 2291 genus
3660 2232 3838 2277 suum.

2252 2307 2370 2361 Non
2404 2310 2549 2363 enim
2587 2310 2781 2365 dicitur
2815 2312 3163 2380 grammatica
3200 2309 3427 2381 alicujus
3456 2312 3797 2382 grammatica
3822 2353 3837 2379 ,

2254 2400 2351 2452 sed
2384 2400 2613 2455 fortasse
2657 2407 3000 2471 grammatica
3032 2400 3257 2473 alicujus
3295 2398 3537 2456 scientia.
3566 2401 3680 2457 Non
3710 2417 3838 2472 ergo

2252 2494 2602 2560 grammatica
2647 2493 2940 2548 secundum
2987 2492 3385 2563 grammaticam
3428 2493 3493 2547 ad
3524 2494 3721 2563 aliquid
3757 2494 3840 2547 di-

2253 2582 2415 2645 citur,
2448 2585 2541 2637 sed
2574 2585 2868 2639 secundum
2896 2584 3196 2639 scientiam.
3231 2583 3296 2637 Et
3327 2587 3426 2638 hoc
3456 2592 3540 2638 est
3565 2581 3713 2652 quod
3731 2585 3836 2651 ait,

2258 2685 2314 2729 ut
2337 2677 2687 2745 grammatica
2718 2694 2825 2732 nun
2856 2676 3048 2732 dicitur
3075 2675 3299 2746 alicujus
3334 2676 3708 2746 grammatica,
3740 2690 3838 2732 nec

2257 2769 2490 2834 musica,
2520 2770 2613 2824 sed
2643 2769 2872 2827 fortasse
2908 2772 3196 2827 secundum
3225 2784 3392 2839 genus
3423 2771 3691 2840 proprium
3723 2771 3840 2825 ista:

2253 2860 2509 2915 dicuntur
2556 2861 2825 2932 alicujus,
2873 2871 2929 2916 ut
2976 2864 3325 2931 grammatica
3376 2860 3600 2931 alicujus
3646 2860 3841 2915 dicitur

2253 2951 2511 3019 scientia,
2544 2969 2647 3008 non
2679 2953 2902 3023 alicujus
2933 2956 3299 3025 grammatica.
3334 2953 3475 3023 Ergo
3510 2956 3839 3024 singularum

2256 3048 2552 3115 specierum
2578 3048 2706 3102 nihil
2734 3061 2815 3103 est
2843 3052 2983 3122 quod
3006 3051 3178 3119 aliqua
3212 3051 3467 3106 relatione
3498 3051 3837 3121 praedicetur.

2253 3138 2465 3195 Genera
2504 3154 2633 3195 vero
2682 3140 2867 3194 harum
2919 3145 3215 3210 specierum
3268 3143 3488 3197 relativa
3533 3152 3688 3207 sunt,
3721 3157 3840 3212 quae

550 3265 656 3305 non
719 3251 1128 3306 subalternatim
1204 3253 1496 3322 positorum
1550 3252 1774 3305 diversa:
1825 3248 2033 3321 species
2085 3258 2187 3341 ει(

2260 3230 2421 3297 paulo
2449 3227 2697 3299 superius
2729 3231 2870 3297 dixi;
2904 3231 3045 3300 quod
3095 3234 3239 3286 enim
3269 3233 3343 3286 ait
3375 3249 3388 3286 :
3432 3232 3574 3287 Pene
3613 3234 3755 3288 enim
3787 3234 3840 3288 in

549 3341 867 3396 dilierentia:
887 3354 1030 3397 sunt.
1072 3344 1329 3407 Quocirca
1354 3358 1473 3396 cum
1507 3342 1699 3397 relatio
1724 3356 1884 3413 atque
1911 3341 2137 3411 qualitas

550 3433 766 3487 diversa
796 3436 901 3486 sint
923 3447 1152 3501 genera,
1182 3432 1397 3487 easdem
1428 3433 1640 3502 utrique
1670 3433 1896 3505 supponi
1926 3434 2137 3504 species

553 3538 657 3577 non
686 3532 918 3593 oportet,
951 3524 1050 3576 hoc
1075 3532 1155 3577 est
1185 3524 1327 3577 enim
1359 3524 1498 3593 quod
1533 3522 1661 3578 dicit
1689 3541 1703 3579 :

623 3614 686 3664 At
720 3628 833 3665 vero
866 3629 964 3665 non
994 3613 1134 3665 decet
1164 3613 1484 3678 conturbari,
1514 3631 1574 3667 ne
1609 3615 1722 3682 quis
1762 3630 1853 3667 nos
1891 3613 2027 3667 dicat
2074 3616 2138 3667 de

550 3706 797 3773 qualitate
835 3706 1230 3774 propositionem
1272 3708 1553 3777 facientes,
1602 3705 1764 3759 multa
1809 3706 1872 3761 de
1912 3707 2140 3761 relativis

550 3795 942 3861 interposuisse,
980 3794 1183 3849 habitus
1218 3798 1355 3849 enim
1399 3799 1761 3867 dispositiones
1811 3813 1988 3851 corum
2027 3814 2142 3868 qua:

550 3894 667 3938 sunt
696 3885 765 3938 ad
794 3885 989 3953 aliquid
1017 3903 1125 3940 esse
1162 3888 1482 3953 dicebamus,
1512 3906 1639 3959 pene
1674 3890 1805 3943 enim
1825 3890 1881 3942 in
1910 3888 2145 3943 omnibus

550 3977 877 4044 qualitatibus
909 3994 1092 4050 genera
1139 3981 1207 4032 ad
1256 3981 1454 4049 aliquid
1493 3982 1737 4055 dicuntur
1762 4022 1776 4045 ,
1822 3996 1928 4035 non
1971 3990 2141 4035 autem

550 4070 747 4141 aliquid
776 4085 953 4124 eorum
977 4087 1092 4142 qua:
1118 4075 1319 4143 singula
1345 4084 1480 4127 sunt.
1521 4071 1661 4126 Nam
1701 4087 1815 4126 cum
1861 4071 2140 4143 disciplina

550 4180 706 4235 genus
736 4165 833 4227 sit,
858 4166 952 4217 hoc
980 4166 1148 4231 ipsum
1178 4166 1313 4234 quod
1339 4177 1408 4218 est
1436 4167 1647 4219 alterius
1677 4166 1882 4232 dicitur,
1914 4166 2139 4236 alicujus

550 4259 679 4310 enim
701 4257 973 4325 disciplina
1000 4258 1203 4309 dicitur.
1235 4256 1430 4309 Eorum
1458 4273 1575 4311 vero
1601 4274 1713 4326 qua:
1738 4258 1946 4325 singula
1976 4266 2096 4309 sunt
2118 4298 2136 4323 ,

550 4347 676 4400 nihil
699 4349 863 4415 ipsum
883 4348 1017 4412 quod
1037 4355 1110 4399 est
1128 4346 1339 4399 alterius
1360 4346 1567 4410 dicitur,
1594 4356 1646 4399 ut
1676 4351 2013 4414 grammatica
2039 4362 2140 4400 non

549 4439 735 4491 dicitur
756 4438 975 4507 alicujus
999 4439 1336 4508 grammatica
1358 4481 1371 4503 ,
1406 4454 1499 4490 nec
1533 4439 1726 4491 musica
1762 4438 1986 4504 alicujus
2027 4452 2143 4489 mu-

549 4528 671 4591 sica,
689 4529 785 4583 nisi
808 4534 939 4597 forte
958 4529 1236 4583 secundum
1259 4545 1433 4599 genus,
1451 4538 1495 4581 et
1517 4528 1629 4583 Istuc
1648 4530 1715 4582 ad
1738 4528 1935 4596 aliquid
1957 4530 2139 4583 dicun-

550 4628 662 4686 tur,
699 4630 752 4673 ut
786 4622 1115 4690 grammatica
1165 4622 1354 4675 dicitur
1397 4622 1619 4688 alicuius
1666 4622 1940 4693 disciplina
1965 4666 1979 4689 ,
2034 4638 2141 4676 non
2170 4645 2224 4708 υ

548 4713 769 4782 alicujus
795 4714 1147 4784 grammatica,
1171 4724 1220 4768 et
1240 4716 1433 4768 musica
1453 4712 1679 4785 alicujus
1706 4713 2006 4783 disciplina,
2032 4731 2137 4767 non
2168 4752 2177 4763 .

548 4803 766 4872 alicujus
808 4804 1024 4858 musica.
1072 4804 1400 4873 Quapropter
1439 4819 1556 4876 qua
1595 4805 1802 4875 quidem
1849 4804 2141 4877 singularia

550 4906 701 4970 sunt,
719 4913 818 4952 non
842 4909 959 4952 sunt
985 4901 1053 4953 ad
1081 4903 1297 4967 aliquid.

618 4987 788 5056 Quam
815 4990 1162 5057 qmestionem
1184 4990 1507 5046 validissima
1534 4994 2000 5059 argumentatione
2021 4994 2140 5047 dis-

549 5080 727 5147 solvat,
764 5078 846 5135 his
876 5079 1084 5136 scilicet
1116 5080 1291 5136 verbis
1317 5099 1328 5133 :
1357 5082 1495 5136 Pene
1524 5082 1669 5137 enim
1692 5098 1752 5136 ra
1782 5098 1901 5151 qua:
1921 5094 2046 5137 sunt
2075 5084 2134 5138 in

550 5171 795 5227 omnibus
826 5172 907 5227 his
946 5171 1231 5241 generibus
1262 5173 1327 5229 ad
1368 5173 1571 5242 aliquid
1617 5174 1892 5228 dicuntur.
1930 5174 2136 5230 Eorum

553 5279 681 5319 vero
710 5280 829 5334 qua:
858 5274 983 5325 sunt
1021 5264 1358 5334 singulatim,
1399 5266 1450 5321 id
1486 5275 1567 5321 est
1590 5269 1832 5335 species,
1867 5267 2001 5322 nihil
2032 5269 2136 5323 hu-

546 5357 780 5428 jusmudi
836 5368 981 5417 sunt.
1028 5361 1149 5416 "ch
1201 5361 1344 5415 enim
1394 5371 1479 5416 est
1525 5362 1915 5430 argumentatio
1975 5378 2139 5433 quam

552 5451 721 5506 Graeci
750 5454 1069 5529 ὶπιχείρημα
1095 5466 1306 5509 vocant.
1338 5455 1392 5508 In
1424 5453 1727 5523 hnjusmodi
1769 5453 2143 5510 affectionibus

550 5556 705 5614 atque
738 5544 1163 5613 habitudinibus,
1196 5564 1313 5619 qua:
1348 5548 1490 5604 inter
1532 5563 1596 5603 ea
1639 5558 1764 5603 sunt
1790 5564 2017 5619 genera,
2045 5565 2142 5606 eas

548 5639 691 5689 autat-
720 5637 784 5690 ad
825 5638 1022 5707 aliquid
1065 5654 1223 5708 po~se
1256 5641 1465 5706 reduci,
1495 5657 1612 5711 qua:
1642 5657 1769 5696 vero
1813 5646 2023 5712 species
2053 5658 2143 5697 es-

553 5737 671 5780 seut
704 5730 909 5782 illorum
935 5745 1189 5799 generum
1220 5747 1326 5787 non
1358 5748 1516 5800 posse
1545 5737 1594 5787 in
1630 5735 1895 5799 t'elativis,
1940 5734 2034 5789 sed
2082 5735 2140 5790 in

550 5816 895 5887 qualitatibus
922 5822 1223 5888 numerari,
1258 5832 1312 5877 ut
1340 5824 1561 5879 scientia
1592 5840 1710 5880 cum
1740 5828 1808 5880 sit
1833 5826 2110 5882 babitudo-
2140 5858 2141 5861 η

2250 3320 2501 3376 omnibus
2527 3323 2875 3391 qualitatibus
2901 3339 3097 3393 genera
3125 3326 3190 3378 ad
3212 3325 3408 3396 aliquid
3434 3326 3701 3390 dicuntur,
3733 3341 3840 3385 non

2226 3420 2434 3465 .autetn
2461 3411 2661 3481 aliquid
2691 3429 2877 3468 eorum
2906 3430 3027 3485 qua:
3052 3426 3177 3470 sunt
3204 3415 3448 3485 singula,
3483 3417 3581 3470 hoc
3619 3417 3839 3470 demon~

2253 3511 2427 3557 strare
2470 3505 2671 3571 voluit,
2720 3521 2912 3575 genera
2962 3508 3075 3576 ipsa
3120 3506 3491 3561 habitudiuum
3538 3507 3839 3576 dispositio-

2254 3608 2489 3663 numque
2532 3612 2652 3652 esse
2693 3600 2946 3662 relativa,
2980 3599 3191 3667 species
3239 3614 3363 3655 vero
3409 3615 3662 3668 geneium
3706 3612 3839 3672 quas

2254 3690 2562 3757 singulatim
2592 3703 2711 3745 esse
2740 3690 2909 3757 dixit,
2945 3693 3010 3745 ad
3040 3692 3240 3762 aliquid
3280 3692 3424 3746 nullo
3460 3692 3618 3747 modo
3645 3692 3839 3763 praedi-

2252 3779 2384 3833 cari.
2426 3779 2570 3848 Quas
2619 3781 2820 3837 idcirco
2871 3798 2991 3838 esse
3044 3784 3347 3853 singulatim
3403 3785 3651 3851 vocavit,
3711 3784 3838 3852 quia

2252 3873 2605 3939 grammatica
2633 3888 2734 3928 una
2765 3884 2875 3940 est,
2902 3884 2953 3931 et
2986 3875 3173 3930 rursus
3205 3876 3406 3931 musica
3446 3891 3580 3941 una;
3613 3875 3839 3930 scientia

2259 3980 2387 4021 vero
2415 3982 2517 4020 non
2548 3982 2674 4021 una.
2710 3966 2876 4023 Recte
2910 3970 3069 4037 igitur
3098 3971 3303 4039 species
3335 3968 3574 4024 scientia
3605 3970 3842 4037 singula-

2255 4058 2349 4111 tim
2380 4072 2501 4112 esse
2532 4060 2843 4113 nominavit.
2870 4058 3092 4114 Constat
3134 4060 3293 4129 igitur
3322 4061 3464 4130 quod
3504 4075 3698 4129 genera
3746 4059 3843 4113 hu-

2250 4148 2491 4217 jusmodi
2535 4150 2905 4208 habitudinum
2955 4153 3202 4207 dicantur
3244 4152 3307 4206 ad
3355 4152 3588 4223 aliquid,
3634 4151 3841 4218 species

2255 4257 2386 4297 vero
2421 4242 2490 4297 ad
2517 4243 2648 4297 nihil
2690 4244 2830 4299 aliud
2858 4244 3073 4315 propria
3106 4244 3481 4312 prmdicatione
3513 4243 3839 4298 referantur.

2252 4333 2515 4399 Quocirca
2560 4333 2814 4403 quoniam
2864 4336 3166 4405 hnjusmodi
3210 4336 3416 4403 species
3448 4334 3702 4388 relativas
3732 4347 3840 4387 non

2254 4439 2377 4480 esse
2403 4423 2811 4491 demonstravit,
2846 4443 2985 4483 nunc
3007 4428 3147 4498 quod
3170 4428 3429 4500 reliquum
3454 4434 3536 4483 est
3556 4425 3841 4497 qualitates

2254 4532 2378 4572 esse
2409 4519 2712 4573 conﬁrmat.

2330 4610 2562 4665 Dicimur
2588 4622 2755 4667 autem
2786 4613 3060 4667 secundum
3083 4612 3290 4684 singula
3314 4613 3513 4684 quales.
3545 4611 3674 4667 Haec
3710 4613 3844 4667 enim

2252 4716 2302 4759 et
2334 4707 2594 4760 habemus.
2626 4707 2852 4761 Scientes
2876 4708 3010 4760 enim
3037 4708 3276 4773 dicimur,
3308 4704 3443 4777 quod
3472 4706 3712 4759 habemus
3739 4706 3843 4758 sin-

2253 4804 2404 4870 gulas
2426 4802 2663 4855 scientias
2692 4800 2912 4869 aliquas.
2959 4801 3129 4867 Quare
3170 4802 3276 4854 liter:
3305 4811 3453 4853 erunt
3497 4800 3648 4853 etiam
3678 4799 3844 4867 quali-

2256 4901 2405 4959 tates,
2428 4909 2540 4962 que
2567 4894 2853 4963 singularia
2874 4902 3011 4961 sunt,
3038 4891 3313 4946 secundum
3338 4908 3464 4959 quas
3494 4893 3646 4945 etiam
3666 4892 3845 4959 quales

2256 4986 2497 5041 dicimur.
2532 4985 2662 5041 Haec
2689 4997 2857 5041 autem
2878 5002 2982 5041 non
3009 4996 3127 5041 sunt
3152 5002 3327 5041 eorum
3353 5002 3467 5055 qut:
3491 4996 3607 5040 sunt
3643 4986 3710 5036 ad
3742 4982 3844 5035 ali-

2255 5079 2403 5146 quid.

2332 5176 2455 5230 Illas
2480 5190 2601 5231 esse
2630 5177 2915 5245 qualitates
2956 5177 3201 5246 superius
3243 5176 3615 5230 confirmatum
3664 5183 3748 5228 est
3777 5189 3844 5229 ex

2252 5267 2447 5338 quibus
2482 5267 2645 5337 aliqui
2678 5269 2864 5338 quales
2893 5277 3245 5331 vocarentur,
3278 5281 3378 5320 nos
3418 5274 3596 5319 autem
3643 5264 3845 5320 idcirco

2252 5362 2587 5433 grammatici
2630 5364 2877 5427 dicimur,
2926 5378 3030 5417 non
3077 5361 3217 5432 quod
3265 5359 3627 5415 universalem
3668 5362 3846 5415 scien-

2255 5455 2421 5520 tiam,
2455 5454 2547 5510 sed
2592 5457 2732 5526 quod
2777 5457 2942 5524 ipsam
2977 5452 3378 5523 grammaticam
3423 5450 3747 5517 habeamus,
3792 5458 3846 5504 et

2256 5550 2358 5602 hoc
2380 5564 2509 5603 vere
2533 5548 2748 5615 dicitur,
2775 5548 2975 5603 idcirco
2996 5560 3092 5601 nos
3114 5546 3217 5601 dici
3240 5546 3496 5610 scientes,
3523 5546 3647 5615 quia
3669 5558 3844 5613 gram-

2252 5641 2436 5695 matici
2467 5655 2672 5705 sumus,
2696 5642 2870 5708 potius
2892 5653 3047 5709 quam
3073 5637 3272 5692 idcirco
3298 5638 3678 5706 grammaticos
3701 5630 3843 5700 quod

2250 5733 2482 5802 aliquam
2506 5732 2784 5786 scientiam
2815 5734 3129 5786 retinemus.
3161 5729 3348 5784 Nullus
3376 5728 3519 5783 enim
3546 5742 3574 5779 a
3606 5719 3840 5793 generali

2252 5829 2475 5883 scientia
2507 5827 2923 5894 grammaticus,
2966 5834 3057 5881 aut
3084 5824 3291 5889 sciens,
3330 5820 3433 5877 nisi
3477 5836 3506 5875 a
3538 5812 3841 5885 singulatim
