4280 6268
353 243 452 308 ΞΜ

1363 243 1428 299 ΙΝ
1463 239 1900 301 (ιΑτεαθιῑιΑε
1944 236 2388 303 ARISTOTELIS
2424 240 2553 297 LIB.
2592 240 2679 296 III.

3527 235 3641 301 $62

351 365 572 425 scientia
600 365 812 452 sciens,
856 364 1340 437 grammaticusque
1386 360 1720 433 perhibetur.
1780 358 1942 428 [gitur
1970 356 2025 421 Α
2054 355 2231 415 lacere
2270 364 2335 452 et
2383 366 2512 452 patr
2548 373 2626 452 ιιι-
2651 356 2742 452 his
2784 355 2933 419 libris
2974 369 3109 426 quos
3144 355 3263 452 me!
3298 353 3530 430 praises:
3555 356 3641 419 και

351 462 606 533 quoniam
629 476 694 516 es
726 459 814 516 his
845 459 1215 515 habitudinum
1245 456 1525 527 speciebus
1560 454 1747 525 quales
1786 467 1947 508 voca-

351 566 509 619 tnur,
551 554 680 622 ipsae
722 554 930 622 species
982 551 1036 606 in
1084 550 1338 620 qualitate
1389 547 1742 603 numeranda
1794 553 1942 600 sunt.

353 646 461 703 Sed
497 661 620 702 cum
651 645 769 715 quis
798 644 1147 713 grammatica
1198 640 1480 711 participat
1503 681 1517 703 ,
1566 638 1637 694 de
1675 652 1741 693 ea
1785 636 1947 692 etiam

354 754 528 811 genus
558 738 771 802 dicitur,
790 745 844 791 et
877 734 1170 789 secundum
1194 747 1312 788 eam
1336 746 1440 787 non
1472 731 1646 785 solum
1674 729 1739 784 ad
1771 744 1947 797 gram—

254 842 259 848 ‘
356 827 632 892 maticam,
652 824 745 880 sed
772 824 836 878 ad
868 824 1148 879 scientiam
1167 837 1381 893 quoque
1407 820 1774 891 coniungitur.
1804 818 1947 875 Dici-

358 910 445 973 tur
472 917 611 973 enim
643 915 843 971 ideirco
872 915 1072 971 sciens.
1099 914 1242 986 Ergo
1262 914 1516 985 quoniam
1548 913 1754 970 habens
1775 926 1952 982 gram—

358 1009 639 1074 maticam,
671 1018 724 1063 et
749 1008 960 1074 sciens,
984 1019 1037 1062 et
1058 1007 1444 1077 grammaticus
1473 1005 1690 1069 dicitur,
1719 1020 1826 1061 non
1858 1020 1953 1075 po-

295 1120 306 1170 ι
358 1101 463 1154 test
517 1099 623 1153 ulla
682 1098 905 1154 scientia
974 1098 1334 1170 participare,
1396 1099 1487 1168 qui
1547 1097 1788 1167 singulas
1840 1110 1949 1151 non

359 1193 623 1248 habuerit.
654 1191 757 1260 Qui
777 1193 922 1248 enim
953 1192 1164 1247 cunctis
1193 1191 1481 1262 speciebus
1509 1199 1680 1255 caret,
1704 1189 1782 1245 illi
1814 1206 1950 1260 quo-

359 1295 461 1353 que
507 1298 706 1352 genere
747 1283 865 1353 ipso
905 1283 1198 1339 carendum
1222 1291 1329 1339 est.
1370 1283 1547 1349 Quare
1574 1282 1827 1353 quoniam
1854 1281 1952 1338 has

358 1378 571 1447 species
603 1376 868 1431 habemus
889 1417 903 1440 ,
944 1366 1000 1431 et
1024 1375 1320 1431 secundum
1360 1389 1454 1431 eas
1492 1375 1677 1445 quales
1705 1375 1951 1442 dicimur,

360 1482 389 1522 a
420 1468 774 1537 grammatica
816 1468 1050 1522 scientes
1099 1474 1154 1521 et
1188 1466 1522 1537 grammatici
1564 1480 1952 1543 nuncupamur,

362 1558 464 1613 has
492 1570 675 1614 autem
721 1559 867 1625 ipsas
916 1558 1125 1627 species
1153 1566 1509 1611 monstratum
1547 1566 1629 1612 est
1663 1557 1729 1610 ad
1758 1554 1957 1625 aliquid

364 1668 472 1706 non
514 1652 722 1707 referri.
755 1651 917 1704 Recte
944 1649 1105 1719 igitur
1133 1648 1437 1719 hnjusmodi
1470 1648 1808 1703 habitudines
1836 1662 1955 1717 qua:

2048 449 2237 521 pOepic
2268 447 2561 517 inscripsit,
2595 447 2663 503 de
2695 447 2816 503 aliis
2840 462 3055 517 quoque
3076 447 3504 517 pratdicamentis
3532 461 3642 507 non

2052 538 2125 593 illi
2171 540 2347 595 minor
2379 539 2429 594 in
2469 538 2590 597 aliis
2618 539 2870 606 cperibus
2905 539 3194 608 disputatio
3226 538 3352 615 luit,
3394 548 3450 593 ut
3478 540 3544 593 de
3575 554 3641 595 eo

2053 630 2193 697 quod
2226 640 2308 687 est
2339 630 2427 685 ubi
2467 640 2521 685 et
2547 630 2762 699 quando
2806 630 2857 685 in
2908 630 3178 701 physicis,
3204 638 3259 695 et
3293 631 3362 697 de
3392 631 3643 689 omnibus

2055 724 2271 794 quidem
2325 723 2483 781 altius
2527 724 2883 799 subtiliusque
2940 726 2992 783 in
3046 725 3196 783 libris
3246 740 3379 794 quos
3407 727 3542 783 Πετά
3576 725 3644 784 τὰ

2058 818 2248 890 φυσικά
2278 817 2513 880 vocavit,
2537 816 2861 886 exquiritur.
2890 816 2969 870 Ac
3018 816 3084 871 de
3132 816 3309 877 facere
3345 819 3559 887 quidem
3588 826 3645 877 et

2059 910 2167 977 pati
2200 909 2314 977 ipse
2345 909 2653 979 planissime
2684 909 2860 977 posuit
2899 922 3057 976 posse
3091 922 3154 963 ea
3194 910 3467 979 suscipere
3509 926 3644 967 con—-

2058 1003 2384 1058 trarietales.
2418 1004 2654 1058 Dicimus
2682 1002 2824 1059 enim
2859 1003 3034 1072 ignem
3064 1000 3361 1058 calefacere
3390 1011 3446 1057 et
3485 1002 3646 1073 frige-

2060 1095 2259 1163 facere,
2292 1097 2433 1166 quod
2459 1097 2669 1153 scilicet
2697 1097 2760 1151 ad
2795 1096 3095 1151 faciendum
3127 1095 3378 1155 refertur.
3413 1096 3645 1159 Dicimus

2059 1206 2251 1258 aquam
2282 1192 2517 1247 caleﬁeri
2559 1200 2616 1247 et
2659 1191 2943 1262 lrigelieri,
3002 1192 3142 1261 quod
3186 1191 3534 1249 nihilominus
3577 1190 3647 1253 ad

2059 1283 2298 1353 patiendi
2344 1286 2556 1339 ducitur
2597 1286 3093 1356 praedicamenlum.
3136 1285 3299 1356 Magis
3340 1299 3549 1355 quoque
3589 1293 3649 1343 et

2061 1376 2239 1432 minus
2266 1377 2573 1445 suscipere,
2604 1379 2957 1447 apertissimis
2998 1380 3328 1435 demonstrat
3359 1360 3646 1447 exetnpiis.

2061 1466 2151 1523 Sic
2176 1470 2316 1523 enim
2348 1470 2519 1539 magis
2558 1471 2857 1526 calefacere
2896 1478 2951 1526 et
2982 1472 3186 1535 minus,
3218 1479 3272 1527 et
3312 1471 3479 1540 magis
3503 1470 3648 1525 cale-

2065 1559 2179 1613 lieri
2205 1569 2261 1614 et
2289 1561 2465 1615 minus
2488 1559 2701 1617 dicitur.
2728 1563 2901 1629 Atque
2931 1562 3045 1616 hare
3072 1560 3351 1625 hactenus,
3370 1561 3485 1629 ipse
3503 1561 3649 1621 enim

2064 1652 2182 1709 haec
2208 1654 2550 1723 apertissime
2582 1655 2775 1724 posuit.
2807 1655 2901 1709 Est
2929 1665 3106 1711 autem
3137 1654 3324 1708 horum
3361 1653 3651 1722 descriptio

362 1743 416 1798 in
444 1742 667 1797 alterius
695 1740 933 1796 relativis
966 1740 1177 1809 species
1204 1746 1357 1804 sunt,
1390 1738 1446 1793 in
1472 1738 1726 1808 qualitate
1770 1753 1957 1795 nume-
1985 1738 2038 1803 Β
2063 1747 2203 1814 talis,
2237 1747 2381 1817 quod
2410 1747 2464 1803 in
2491 1747 2742 1803 faciendo
2758 1746 3008 1816 quidem,
3038 1755 3188 1805 actus
3217 1745 3432 1815 quidam
3463 1760 3492 1807 δ
3518 1760 3651 1814 qup-

363 1842 493 1887 ratrc
518 1842 664 1887 sunt.
697 1830 849 1898 Quod
880 1831 925 1884 si
958 1830 1079 1899 quis
1107 1829 1208 1885 hoc
1235 1844 1448 1900 quoque
1478 1830 1674 1891 invitus
1703 1830 1957 1900 accipiat,

364 1924 507 1977 aliud
537 1923 681 1977 addit
707 1938 812 1992 quo
838 1930 1007 1976 totum
1038 1922 1353 1993 quaaStionis
1377 1922 1646 1977 vinculum
1677 1922 1952 1989 solvetur;

368 2017 443 2070 ait
473 2020 615 2070 enim
650 2034 662 2067 :

442 2110 676 2177 Amplius
703 2108 747 2162 si
774 2108 1033 2179 contingat
1059 2107 1155 2161 hoc
1181 2108 1348 2181 ipsum
1372 2119 1416 2163 et
1442 2108 1591 2178 quale
1616 2118 1660 2163 et
1691 2108 1961 2163 relativum

367 2215 506 2266 esse,
539 2198 667 2251 nihil
697 2207 769 2252 est
797 2199 1155 2253 inconveniens
1198 2201 1254 2253 in
1296 2202 1526 2270 utrisque
1554 2199 1662 2255 lucc
1691 2202 1958 2272 generibus

369 2306 680 2345 enumerare.

437 2382 569 2438 Nam
594 2398 714 2437 eum
740 2383 811 2439 sit
830 2398 1016 2439 verum
1041 2397 1203 2438 unam
1224 2384 1579 2453 eamdemque
1604 2400 1718 2440 rem
1747 2385 1959 2440 duobus

371 2476 599 2530 diversis
625 2475 913 2544 generibus
943 2476 1273 2544 suppositam
1306 2491 1428 2531 esse
1469 2492 1574 2531 non
1608 2491 1800 2545 posse,
1828 2477 1955 2531 illud

374 2572 547 2625 tamen
590 2570 845 2625 convenit
890 2570 1184 2624 secundum
1228 2569 1373 2623 aliud
1418 2580 1581 2639 atque
1616 2569 1759 2624 aliud
1798 2584 1959 2623 unam

373 2662 722 2733 eamdemque
771 2662 1010 2732 speciem
1056 2662 1263 2717 duobus
1306 2662 1596 2731 generibus
1641 2674 1798 2729 posse
1832 2660 1954 2716 sub-

373 2756 511 2811 hecti
534 2796 549 2822 ,
580 2764 639 2810 ut
668 2755 721 2810 in
749 2769 815 2810 eo
840 2754 983 2825 quod
1013 2768 1174 2823 supra
1202 2754 1314 2823 jam
1344 2753 1547 2809 dictum
1575 2763 1689 2815 est,
1715 2768 1835 2808 cum
1864 2752 1963 2809 So-

375 2865 546 2912 crates
570 2854 868 2910 substantia
895 2856 998 2919 sit,
1037 2864 1185 2923 pater
1224 2868 1353 2908 vero
1383 2856 1449 2906 ad
1478 2851 1679 2921 aliquid
1698 2893 1713 2917 ,
1736 2866 1965 2922 cumque

374 2949 669 3006 substantia
715 2948 987 3017 discrepet
1027 2954 1188 3019 atque
1234 2946 1461 3014 relatio,
1508 2946 1637 3001 nihil
1675 2956 1850 3000 tamen
1882 2953 1965 2999 est

380 3042 758 3096 inconveniens
799 3038 1048 3095 eumdem
1095 3040 1272 3108 ipsum
1319 3039 1597 3094 Socratem
1629 3038 1683 3092 in
1724 3053 1789 3092 eo
1819 3036 1959 3106 quod

375 3132 542 3186 homo
583 3141 698 3196 est,
735 3132 1050 3186 substantiae
1091 3131 1354 3200 supponi,
1404 3130 1457 3183 in
1506 3143 1570 3185 eo
1614 3128 1757 3199 quod
1803 3127 1965 3183 habet
1993 3117 2039 3181 C

372 3224 575 3292 lilium,
600 3224 862 3280 relationi.
927 3225 1186 3292 Quocirca
1211 3225 1255 3279 si
1288 3223 1578 3279 secundum
1611 3224 1771 3277 aliam
1803 3232 1965 3292 atque

374 3318 535 3373 aliam
561 3333 674 3373 rem
703 3317 912 3372 duobus
941 3297 1230 3388 generibus
1254 3316 1443 3371 eadem
1479 3331 1567 3370 res
1590 3315 1843 3385 quaelibet
1877 3315 1962 3369 di-

373 3410 695 3466 versissimis
720 3418 1083 3480 supponatur,
1116 3408 1250 3462 nihil
1284 3408 1672 3469 inconveniens
1698 3406 1863 3461 Cndil.
1891 3406 1965 3471 Ita

370 3514 586 3573 quoque
613 3511 666 3558 et
698 3500 1040 3557 habitudines
1072 3502 1127 3554 in
1160 3514 1228 3555 eo
1255 3499 1400 3570 quod
1428 3498 1653 3569 alicujus
1692 3498 1770 3553 rei
1817 3498 1967 3552 habi-

376 3595 588 3649 tudines
617 3603 769 3659 sunt,
801 3593 854 3647 in
888 3594 1151 3648 relatione
1182 3601 1485 3661 ponuntur,
1515 3592 1570 3646 in
1603 3606 1669 3645 eo
1710 3590 1853 3659 quod
1880 3604 1967 3645 se-

369 3684 606 3740 cundum
630 3699 720 3739 eas
746 3684 931 3754 quales
956 3685 1116 3754 aliqui
1149 3683 1433 3749 dicuntur,
1472 3683 1527 3738 in
1566 3683 1824 3754 qualitate
1868 3698 1967 3737 nu-

366 3785 673 3831 merantur.
700 3775 877 3842 Quare
906 3774 1039 3829 nihil
1066 3784 1149 3830 est
1187 3775 1573 3832 inconveniens
1601 3789 1761 3830 unam
1807 3785 1967 3843 atque

379 3866 627 3922 eamdem
675 3881 787 3920 rem
812 3907 825 3929 ,
866 3865 1151 3920 secundum
1199 3866 1442 3921 diversas
1490 3872 1695 3919 natura:
1725 3879 1839 3919 sua:
1876 3878 1969 3932 po-

384 3960 602 4025 tentias,
626 3960 851 4029 geminis
879 3966 934 4013 et
961 3960 1003 4013 si
1026 3960 1293 4030 contingat
1326 3959 1591 4029 pluribus,
1619 3973 1969 4014 annumerare

376 4050 686 4121 generibus.
723 4051 999 4117 Quocirca,
1034 4054 1283 4121 quoniam
1306 4052 1373 4106 de
1396 4051 1653 4121 qualitate
1683 4060 1964 4106 tractatum

360 4152 480 4212 est,
508 4158 604 4198 nos
630 4159 845 4212 quoque
870 4143 1127 4199 orationis
1146 4157 1361 4199 cursum
1387 4143 1454 4198 ad
1486 4144 1688 4213 reliqua
1712 4141 1968 4212 praedica-

360 4247 551 4293 menta
584 4244 875 4292 vertamus.

790 4348 878 4403 DE
920 4340 1190 4404 FACERE
1236 4346 1323 4402 ET
1362 4348 1539 4403 PATI.

453 4438 675 4510 Suscipit
700 4448 869 4494 autem
896 4440 1064 4509 facere
1094 4450 1139 4494 et
1170 4442 1274 4511 pati
1313 4441 1740 4504 contrarietatem,
1770 4448 1817 4492 et
1861 4454 1971 4492 nta-

2061 1840 2194 1895 libct
2221 1840 2272 1895 in
2316 1839 2479 1907 aliam
2518 1854 2633 1895 rem
2670 1839 2892 1893 veniens
2914 1880 2929 1904 ,
2964 1837 3333 1892 consideratur
3360 1851 3388 1889 a
3426 1851 3532 1904 quo
3563 1850 3651 1889 ve-

2063 1929 2195 1985 niat.
2229 1929 2283 1983 In
2315 1928 2566 1998 patiendo
2596 1938 2775 1983 autem
2804 1930 2855 1982 in
2879 1942 2944 1983 eo
2973 1927 3061 1982 ille
3093 1938 3241 1982 actus
3258 1927 3648 1994 consideratur,

2062 2021 2116 2075 in
2145 2035 2303 2090 quem
2343 2021 2506 2075 venit.
2550 2022 2713 2075 Actus
2751 2019 2893 2074 enim
2943 2030 2995 2075 et
3041 2021 3217 2088 passio
3244 2020 3404 2073 simul
3435 2020 3485 2073 in
3516 2020 3653 2089 phy-

2064 2113 2190 2167 sicis
2217 2126 2338 2167 esse
2369 2120 2661 2169 monstrata
2691 2120 2833 2166 sunt.
2883 2113 2959 2167 Ac
2998 2112 3065 2167 de
3108 2110 3285 2167 lacere
3328 2111 3545 2181 quidem
3588 2126 3653 2168 ac

2064 2208 2194 2275 pati,
2225 2206 2289 2260 ad
2320 2219 2560 2275 praesens
2589 2214 2803 2274 tempus
2831 2206 2947 2273 haec
2972 2204 3112 2259 dicta
3134 2202 3420 2260 sulﬁciant.

2139 2298 2346 2351 Dictum
2388 2307 2462 2352 est
2493 2308 2662 2352 autem
2703 2307 2750 2351 et
2795 2296 2860 2352 de
2904 2297 3059 2351 situm
3088 2311 3224 2359 esse,
3265 2296 3317 2349 in
3348 2295 3426 2355 [tis
3445 2294 3655 2365 qutead

2065 2389 2260 2459 aliquid
2285 2399 2425 2453 sunt,
2448 2391 2586 2458 quod
2612 2389 2984 2443 denominative
3010 2405 3041 2442 α
3078 2386 3414 2459 positionibus
3440 2388 3651 2455 dicitur,

2060 2481 2128 2535 de
2160 2481 2370 2551 reliquis
2414 2488 2585 2535 autem
2630 2481 2868 2550 quando,
2902 2490 2949 2534 et
2978 2480 3096 2544 ubi,
3119 2491 3164 2536 et
3187 2479 3405 2545 habere,
3432 2496 3492 2534 eo
3518 2481 3657 2551 quod

2066 2573 2338 2640 manifesta
2376 2583 2529 2637 sunt,
2568 2573 2700 2627 nihil
2728 2572 2791 2626 de
2823 2573 2901 2627 Itis
2934 2570 3071 2627 ultra
3099 2573 3308 2635 dicitur,
3339 2588 3493 2641 quam
3519 2571 3658 2643 quod

2064 2665 2118 2717 in
2151 2666 2403 2732 princ-pio
2434 2665 2629 2718 dictum
2659 2674 2734 2718 est
2753 2704 2766 2728 ,
2794 2666 2918 2735 quia
2956 2662 3151 2718 habere
3168 2663 3373 2733 quidem
3400 2664 3658 2734 signiﬁcat

2066 2758 2349 2810 calceatum
2376 2771 2506 2821 esse,
2524 2766 2777 2810 armatum
2809 2771 2914 2810 esse
2938 2796 2951 2818 ,
2977 2756 3061 2809 ubi
3086 2766 3254 2813 autem
3275 2794 3288 2817 ,
3321 2770 3371 2807 ut
3400 2755 3453 2808 in
3483 2756 3657 2824 lyceo,

2066 2848 2121 2900 in
2148 2852 2284 2915 (oro,
2310 2849 2539 2915 quando,
2570 2858 2623 2900 ut
2654 2848 2783 2902 lteri.
2810 2846 2876 2900 Et
2904 2848 3009 2902 alia
3033 2862 3146 2916 quat
3166 2846 3229 2900 de
3254 2847 3331 2899 bis
3353 2846 3488 2909 dicta
3515 2856 3658 2915 sunt.

2071 2939 2149 2992 De
2190 2939 2464 3009 propositis
2511 2940 2680 3009 itaque
2724 2938 3025 3008 generibus,
3068 2936 3322 3007 reﬁciant
3356 2953 3475 3004 ΜΒ
3516 2940 3653 3001 dicta

2058 3041 2207 3086 sunt.

2452 3131 2540 3186 DE
2581 3130 2731 3187 SITU
2776 3130 2877 3185 E'I‘.
2902 3128 3280 3187 POSITIONE.

2141 3225 2340 3282 Positio
2384 3225 2601 3295 quidem
2650 3224 2902 3294 quoniam
2940 3223 3055 3293 ipsa
3098 3234 3181 3278 est
3215 3223 3441 3294 alicujus
3464 3265 3480 3291 ,
3510 3226 3562 3281 iu
3593 3225 3659 3283 iis

2058 3334 2187 3389 quae
2232 3326 2357 3372 sunt
2386 3317 2451 3371 ad
2500 3316 2734 3386 aliquid,
2780 3324 3059 3371 numerata
3108 3325 3223 3384 est,
3271 3315 3367 3372 sed
3407 3317 3659 3389 quoniam

2070 3409 2246 3464 omnis
2273 3423 2360 3464 res
2385 3423 2506 3478 qum
2532 3408 2598 3462 ab
2627 3408 2735 3462 alio
2762 3408 3173 3473 denominatur,
3208 3408 3355 3463 aliud
3390 3420 3472 3464 est
3504 3423 3661 3480 quam

2074 3499 2301 3568 idipsum
2332 3515 2361 3552 a
2391 3515 2497 3569 quo
2523 3499 2866 3554 denominata
2899 3509 2983 3555 est
3002 3539 3017 3567 ,
3047 3508 3105 3554 ut
3132 3498 3277 3555 aliud
3309 3510 3426 3567 est,
3459 3502 3551 3571 qui
3580 3508 3662 3558 est

2073 3592 2481 3663 grammaticus,
2511 3601 2671 3661 atque
2697 3592 3043 3661 grammatica
3067 3633 3082 3658 ,
3115 3593 3367 3661 quamvis
3394 3606 3662 3661 gramma-

2076 3687 2210 3741 tiens
2235 3700 2262 3737 a
2288 3682 2631 3753 grammatica
2662 3682 3059 3739 deuominetur.
3095 3683 3170 3738 Ita
3197 3698 3321 3740 cum
3365 3685 3436 3741 sit
3465 3684 3662 3754 positio

2077 3779 2294 3833 relativa
2318 3823 2331 3847 ,
2356 3778 2613 3849 quidquid
2644 3778 3048 3832 denominative
3083 3793 3113 3832 a
3156 3778 3510 3846 positionibus
3533 3779 3663 3834 dici-

2077 3879 2183 3938 tur,
2220 3871 2320 3925 hoc
2350 3870 2695 3923 relativorum
2723 3882 2922 3937 genere
2951 3884 3055 3922 non
3082 3877 3314 3923 tenetur.
3343 3869 3545 3935 Positio
3568 3885 3665 3926 au—

2079 3971 2185 4015 tem
2218 3961 2333 4024 ipsa
2363 3959 2584 4013 relativa
2615 3967 2719 4021 est,
2755 3958 2984 4026 positum
3031 3972 3163 4012 vero
3204 3969 3287 4012 est
3329 3975 3359 4013 a
3401 3962 3663 4028 positione

2078 4052 2500 4105 denomiualum.
2528 4049 2699 4107 Statio
2723 4050 2865 4105 enim
2895 4050 3173 4117 cujusdam
3198 4051 3359 4106 statio
3382 4060 3485 4107 est.
3508 4053 3663 4108 Stare

2077 4159 2207 4199 vero
2233 4144 2482 4214 quoniam
2512 4158 2541 4197 a
2586 4143 2817 4199 statione
2855 4144 3257 4205 denominatum
3287 4154 3399 4209 est,
3433 4161 3536 4201 non
3563 4157 3662 4216 po-

2078 4237 2223 4292 nitur
2249 4238 2299 4291 in
2330 4252 2393 4291 eo
2420 4251 2618 4308 genere
2644 4236 2698 4291 in
2725 4253 2830 4307 quo
2857 4238 3019 4293 statio
3049 4237 3165 4292 luit.
3196 4239 3374 4305 Quare
3392 4239 3490 4293 sub
3519 4241 3661 4292 rela-

2080 4331 2225 4385 tione
2260 4332 2360 4385 hoc
2402 4329 2878 4399 prmdicamentum
2918 4346 3024 4385 non
3076 4331 3362 4385 invenitur.
3393 4330 3495 4385 Sed
3525 4344 3660 4399 quo-

2080 4424 2221 4478 niam
2264 4424 2392 4478 nihil
2432 4432 2517 4477 est
2550 4423 2616 4475 ad
2654 4423 2795 4490 quod
2837 4423 2939 4477 hoc
2986 4422 3246 4487 reducere
3285 4436 3456 4491 genus
3504 4434 3662 4492 atque

361 4517 459 4601 rgis
484 4541 528 4585 et
576 4532 763 4584 minus.
806 4528 1110 4601 Calefacci'e
1147 4532 1281 4585 enim
1306 4543 1349 4585 et
1376 4531 1673 4603 frigefaccre
1716 4531 1972 4584 contraria
1998 4508 2051 4569 Β

1970 4552 1972 4579 ι
1998 4508 2262 4584 D‘aptare
2296 4515 2593 4582 possimus,
2622 4513 2909 4566 dicendum
2938 4523 3018 4567 est
3048 4527 3201 4567 suum
3226 4525 3347 4566 esse
3374 4528 3562 4581 genus.
3596 4513 3660 4568 Ut

362 4626 519 4687 sunt,
544 4636 587 4677 et
623 4622 849 4689 caleﬁeri
882 4633 926 4675 et
959 4624 1226 4693 frigeﬁeri,
1256 4632 1301 4676 et
1324 4623 1560 4675 delectari
1577 4639 1641 4675 ac
1655 4622 1968 4675 contristari.

380 4715 546 4782 Quare
569 4716 780 4782 suscipit
809 4716 1219 4769 contrarietatem
1249 4724 1294 4768 et
1331 4715 1493 4784 magis
1534 4724 1580 4768 et
1607 4716 1772 4767 minus
1792 4755 1805 4778 ,
1834 4714 1970 4767 cale-

380 4811 546 4884 facere
582 4811 715 4865 enim
747 4810 933 4863 dicitur
964 4809 1124 4877 magis
1152 4818 1197 4862 et
1229 4809 1423 4871 minus,
1456 4817 1501 4860 et
1541 4807 1767 4875 calcﬁeri
1803 4807 1969 4875 magis

378 4911 421 4954 et
452 4900 644 4963 minus,
676 4912 720 4953 et
751 4899 1042 4953 contristari
1073 4900 1235 4970 magis
1261 4907 1306 4952 et
1334 4898 1536 4963 minus,
1570 4898 1783 4965 suscipit
1812 4897 1970 4966 igitur

356 4992 537 5061 ‘magis
558 5002 602 5046 et
625 4992 825 5058 minus,
854 4994 1020 5061 facere
1046 4998 1093 5043 et
1130 4992 1269 5061 pati;
1302 4992 1364 5046 de
1393 4990 1471 5044 his
1512 4992 1686 5061 itaque
1717 4998 1858 5043 tanta
1888 4988 1968 5040 di-

377 5096 579 5138 cantur.

448 5175 696 5231 Decursis
738 5184 967 5243 quatuor
997 5174 1426 5243 prmdicamentis
1456 5188 1577 5243 quae
1607 5172 1783 5243 aliqua
1810 5184 1963 5241 qna:-

358 5254 547 5322 7stione
577 5276 630 5321 et
677 5264 1112 5321 consideratione
1162 5281 1319 5335 egere
1350 5263 1689 5326 videbantur,
1735 5262 1968 5317 tenuiter

375 5367 566 5413 cetera
599 5357 941 5424 breviterque
971 5358 1306 5425 perstringit.
1344 5356 1410 5409 Et
1447 5354 1515 5407 de
1542 5352 1722 5407 facere
1752 5352 1965 5420 quidem

372 5460 425 5505 et
457 5449 567 5516 pati
596 5446 729 5501 nihil
761 5447 812 5499 in
846 5446 948 5501 hoc
977 5448 1145 5511 libro,
1180 5449 1282 5501 nisi
1323 5446 1467 5516 quod
1498 5443 1767 5500 contraria
1797 5444 1967 5499 susci-

371 5544 560 5613 piant,
591 5545 647 5593 et
676 5537 1028 5592 intentionem
1060 5539 1600 5606 inminutionemque
1646 5536 1713 5589 ab
1757 5534 1966 5589 Aristo-

373 5635 483 5690 tele
509 5639 596 5688 est
622 5630 976 5699 disputatum,
1008 5630 1059 5684 in
1092 5629 1212 5691 aliis
1235 5644 1362 5684 vero
1386 5629 1501 5697 ejus
1529 5627 1784 5697 operibus
1815 5628 1969 5697 plene

376 5732 442 5782 ab
478 5738 549 5783 eo
598 5722 945 5796 perfectaque
989 5730 1211 5777 tractata
1257 5732 1414 5789 sunt,
1459 5731 1514 5777 ut
1551 5721 1653 5778 hoc
1695 5721 1870 5793 ipsum
1897 5721 1967 5780 de

2052 5168 2339 5237 'exempla.

2060 4611 2393 4663 accumbere
2422 4608 2489 4661 ab
2528 4607 2808 4671 accubitu,
2854 4620 2998 4662 stare
3036 4624 3066 4661 a
3097 4608 3357 4671 statione,
3393 4618 3448 4663 et
3468 4619 3662 4664 caetera

2073 4702 2289 4772 quidem
2312 4717 2431 4772 quae
2476 4701 2675 4755 idcirco
2705 4714 2764 4753 se
2804 4700 3122 4755 Aristmeles
3146 4701 3363 4770 exsequi
3396 4700 3662 4769 denegat,

2074 4795 2324 4866 quoniam
2349 4792 2653 4864 planissima
2681 4800 2831 4856 sunt;
2864 4792 2937 4844 ait
2963 4792 3104 4845 enim
3130 4807 3144 4844 :
3173 4791 3247 4845 De
3266 4792 3488 4862 reliquis
3512 4808 3660 4859 vero,

2073 4889 2125 4943 id
2156 4899 2262 4952 est,
2288 4889 2522 4958 quando,
2542 4892 2598 4940 et
2626 4884 2737 4948 ubi,
2760 4894 2815 4938 et
2837 4882 3065 4949 habere;
3096 4893 3375 4953 promeres
3403 4885 3518 4952 quia
3550 4899 3663 4937 ma-

2076 4981 2267 5035 nifesta
2297 4986 2456 5044 sunt,
2487 4978 2616 5032 nihil
2647 4977 2713 5030 de
2744 4976 2824 5029 his
2874 4978 3009 5030 ultra
3056 4975 3246 5031 dicitur
3266 5018 3281 5040 ,
3319 4990 3476 5045 quam
3516 4974 3660 5043 quod

2076 5076 2129 5129 in
2173 5075 2434 5143 principio
2482 5070 2682 5126 dictum
2732 5079 2845 5133 est,
2894 5077 2949 5124 et
2985 5083 3175 5124 eorum
3216 5066 3467 5135 pradicta
3511 5066 3661 5136 ponit

2519 5256 2606 5311 DE
2646 5254 2755 5310 L'BI
2800 5254 2885 5307 ΕΤ
2920 5252 3217 5321 QUANDO.

2146 5349 2438 5405 Dicendum
2464 5358 2643 5402 autem
2671 5354 2752 5399 est
2776 5345 3007 5398 breviter
3033 5344 3100 5398 de
3130 5343 3510 5412 praedicatione
3540 5361 3659 5416 qua:

2071 5453 2153 5499 est
2184 5441 2270 5496 ubi
2302 5451 2356 5495 et
2383 5433 2616 5509 quando.
2649 5437 2797 5491 Sicut
2822 5436 2993 5503 ipsum
3017 5436 3081 5487 ad
3104 5434 3303 5503 aliquid
3330 5450 3423 5504 per
3451 5450 3510 5491 se
3537 5453 3661 5495 esse

2062 5550 2178 5590 ‘non
2205 5539 2401 5603 potest,
2428 5530 2532 5584 nisi
2562 5543 2626 5582 ea
2659 5527 2764 5581 alio
2793 5526 2969 5596 aliquo
3001 5536 3245 5579 naturam
3276 5527 3474 5589 trahat,
3506 5528 3573 5581 ita
3601 5540 3660 5585 et

2072 5624 2286 5697 quando
2315 5632 2369 5678 et
2394 5621 2505 5685 ubi,
2533 5632 2652 5674 esse
2699 5633 2804 5672 non
2830 5625 3024 5686 potest,
3050 5615 3154 5670 nisi
3184 5617 3332 5673 locus
3357 5633 3417 5673 ac
3445 5628 3662 5690 tempus

2075 5720 2256 5775 luerit.
2282 5718 2482 5774 Locum
2512 5713 2652 5771 enim
2682 5712 2795 5782 ubi,
2821 5720 3032 5784 tempus
3061 5725 3189 5767 vero
3216 5714 3461 5785 quando,
3491 5720 3663 5775 οοωι.
