4280 6268
621 333 728 392 263

1855 325 1963 386 AN.
1987 325 2212 409 .MANL.
2253 323 2408 384 sev.
2453 322 2676 381 socru

3788 323 3892 381 ΞΜ

624 455 782 502 tatur.
813 443 929 500 Non
956 452 1040 498 est
1061 446 1236 496 autem
1260 437 1400 495 idem
1425 445 1666 509 tempus,
1719 449 1774 494 et
1822 436 2067 508 quando,
2102 451 2200 492 nec
2226 441 2278 500 Α
2303 437 2606 507 Scipionem
2643 435 2916 494 consulem
2955 435 3285 504 Romanum,
3329 451 3471 493 nunc
3496 449 3616 492 esse
3653 433 3890 492 Orientis

623 539 711 593 ubi
732 545 786 592 et
809 536 977 601 locus,
1007 530 1099 588 sed
1131 530 1405 602 proposito
1430 531 1573 598 prius
1605 529 1721 584 loco
1744 529 1786 583 si
1813 543 1915 599 qua
1944 543 2029 584 res
2060 527 2114 583 in
2137 541 2203 583 eo

622 629 689 682 sit
733 627 931 696 posita,
962 623 1047 678 ubi
1092 637 1212 677 esse
1259 621 1473 677 dicitur.
1507 620 1712 676 Rursus
1756 621 1800 676 si
1843 632 1990 676 certa
2022 633 2109 676 res
2147 619 2202 674 in

624 729 862 787 tempore
893 724 1008 782 est,
1031 714 1244 785 quando
1269 727 1390 768 esse
1419 711 1750 782 perhibetur,
1786 721 1842 766 ut
1870 711 2204 782 Apollinares

627 806 756 870 tudt,
787 821 906 861 cum
938 816 1044 860 smt
1073 805 1123 858 in
1153 813 1413 873 tempore,
1444 802 1659 873 quando
1683 817 1774 858 eos
1805 817 1927 858 esse
1952 803 2200 856 dicimus.

625 895 833 950 Habent
855 905 1028 949 autem
1061 895 1172 948 haec
1199 909 1413 964 quoque
1444 895 1688 964 propri-ts
1711 894 2079 958 diversitates,
2113 892 2202 946 ubi

623 991 871 1058 quidem,
921 987 1060 1057 quod
1107 989 1393 1058 aliquoties
1454 988 1660 1041 inﬁnite
1724 988 1937 1041 dicitur.
1997 983 2205 1040 Alicnbi

622 1082 763 1135 enim
788 1095 905 1134 esse
930 1079 1155 1132 dicimus
1181 1081 1412 1148 aliquem
1439 1120 1453 1144 ,
1485 1087 1541 1133 ut
1578 1079 1885 1144 Socratem,
1920 1077 2204 1147 aliquoties

625 1182 797 1226 autem
812 1171 1055 1236 difﬁnite,
1079 1181 1137 1226 ut
1159 1173 1212 1226 in
1229 1171 1378 1242 lyceo
1403 1173 1485 1226 vel
1502 1172 1553 1226 in
1571 1171 1866 1227 academia.
1893 1171 2208 1238 Hahetquo-

621 1282 724 1336 qtte
754 1267 860 1333 ubi,
896 1266 1187 1321 secundum
1227 1269 1402 1336 ipsum
1435 1266 1610 1320 locum
1640 1265 1692 1318 in
1719 1279 1823 1335 quo
1855 1273 1936 1317 est
1956 1305 1970 1327 ,
2001 1263 2206 1332 aliquas

621 1359 1050 1414 contrarietates.
1085 1358 1306 1414 Sursum
1347 1359 1490 1412 enim
1541 1371 1680 1419 esse,
1727 1365 1779 1411 et
1825 1355 2075 1410 deorsum
2117 1353 2204 1407 ubi

620 1465 740 1506 esse
767 1452 980 1506 dicitur.
1008 1452 1332 1521 Temporum
1355 1465 1570 1520 quoque
1592 1450 1876 1504 varietates
1908 1448 1958 1502 itt
1982 1462 2046 1503 eo
2073 1463 2207 1518 pra:-

621 1542 919 1598 dicantento
940 1583 955 1608 ,
986 1542 1124 1613 quod
1153 1552 1236 1599 est
1274 1543 1510 1613 quando,
1543 1557 1664 1598 esse
1712 1541 2053 1596 manifestum
2100 1547 2202 1594 est.

620 1633 819 1689 Futura
859 1637 998 1690 enim
1045 1646 1099 1690 et
1147 1637 1428 1705 prmsentia
1477 1635 1852 1705 praeteritaque
1890 1633 1943 1688 in
1991 1633 2205 1704 quando

619 1728 1034 1797 praedicamento
1053 1730 1292 1783 veniunt.
1309 1728 1546 1782 Dicimus
1568 1728 1711 1783 enim
1735 1727 1898 1782 fuisse
1918 1726 2203 1796 aliquando

2305 527 2705 599 imperatorem,
2737 527 2828 599 qui
2858 543 3001 584 nunc
3028 527 3346 585 Anastasius
3377 526 3693 598 appellatur.
3720 523 3891 580 Futu-

2306 633 2425 674 rum
2465 627 2645 675 autem
2696 633 2816 676 esse
2865 619 3133 689 aliquem,
3178 633 3299 690 qua:
3346 615 3553 676 scilicet
3595 613 3892 675 secundum

2305 715 2516 788 quando
2546 716 3016 788 praedicamentum
3045 718 3312 773 dicuntur.

2889 811 2979 866 DE
3018 806 3324 865 HABERE.

2378 901 2584 958 Habere
2623 909 2800 957 autem
2842 911 2925 956 est
2974 898 3239 970 quoddam
3286 897 3618 952 extrinsecus
3648 893 3898 955 veniens,

2308 1011 2481 1066 neque
2504 997 2742 1050 innatum
2767 996 2817 1051 ei
2859 1010 2889 1048 a
2920 1008 3026 1064 quo
3054 992 3312 1056 habetur,
3345 987 3593 1057 aliudque
3628 998 3788 1056 quam
3813 989 3897 1038 est

2309 1088 2432 1142 illud
2467 1091 2636 1158 ipsum
2661 1104 2687 1141 a
2711 1103 2816 1158 quo
2839 1087 3086 1152 habetur,
3116 1084 3250 1139 inse
3274 1082 3528 1146 retinere,
3553 1088 3609 1134 ut
3628 1085 3896 1133 armatum

2307 1193 2426 1233 esse
2447 1180 2531 1234 vel
2563 1180 2811 1234 vestitum
2840 1193 2978 1233 esse.
3021 1177 3230 1232 llaberc
3261 1175 3404 1232 enim
3428 1181 3510 1228 est
3536 1182 3715 1227 vestes
3737 1179 3898 1238 atquo

2309 1284 2453 1323 arma
2503 1280 2709 1336 tenere,
2741 1284 2862 1339 qua:
2888 1285 3008 1323 cum
3038 1284 3102 1323 eo
3131 1278 3253 1322 nata
3284 1283 3390 1322 non
3417 1273 3564 1330 sunt,
3594 1277 3769 1331 neque
3797 1259 3896 1314 ali-

2310 1374 2410 1428 qua
2441 1374 2559 1426 cum
2587 1375 2652 1414 eo
2679 1362 2766 1426 qui
2800 1359 2988 1422 habet,
3020 1357 3290 1412 communi
3322 1365 3508 1410 natura
3539 1353 3896 1422 proprietate-

2311 1468 2413 1522 que
2435 1453 2763 1521 junguntur;
2789 1451 2881 1506 sed
2910 1450 3161 1520 quoniam
3184 1451 3252 1503 de
3276 1443 3681 1520 hisjAristoteles
3709 1440 3898 1510 tacuit,

2311 1545 2464 1600 nobis
2493 1559 2703 1614 quoque
2735 1558 2875 1599 nunc
2904 1556 3089 1599 eorum
3120 1539 3331 1611 longior
3357 1546 3614 1594 tractatus
3639 1534 3895 1591 omitten-

2310 1637 2408 1692 dus
2437 1646 2538 1692 est.

632 1845 3871 1879 Μ

1691 1954 2075 2057 LIBER
2140 1949 2801 2077 QUARTUS.

690 2182 962 2254 Expeditis
989 2182 1236 2237 omnibus
1257 2179 1708 2251 praedicamentis,
1737 2194 1831 2234 cur
1861 2189 2052 2250 praeter
2077 2194 2206 2250 pro-
2237 2186 2284 2246 Β
2311 2179 2376 2234 de
2409 2178 2491 2234 his
2522 2195 2641 2248 qua:
2671 2186 2796 2234 sunt
2823 2194 2990 2243 prtus,
3015 2191 3240 2248 quaeque
3270 2175 3426 2232 simul
3450 2185 3640 2231 natura
3671 2174 3870 2246 gignun

619 2276 845 2344 positum
868 2275 1044 2344 operis
1066 2273 1118 2328 in
1143 2274 1278 2328 hanc
1293 2272 1659 2343 Oppositorum
1691 2272 2104 2342 disputationem
2135 2274 2205 2328 sit

616 2369 905 2437 ingressus,
931 2383 960 2421 a
989 2368 1167 2422 multis
1189 2376 1312 2423 ante
1333 2368 1613 2436 quesitum
1633 2375 1735 2432 est,
1752 2367 1844 2422 sed
1867 2367 2205 2423 Andronicus

616 2462 754 2516 hanc
775 2475 895 2516 esse
920 2461 1271 2530 adjectionem
1313 2460 1619 2515 Aristotelis
1669 2473 1776 2514 non
1808 2468 1981 2527 putat,
2009 2460 2202 2514 simul-

615 2568 717 2622 que
749 2552 878 2605 illud
907 2552 1216 2616 arbitratur,
1249 2550 1446 2606 idcirco
1487 2552 1555 2605 ab
1582 2566 1646 2605 eo
1693 2552 1916 2606 fortasse
1949 2554 2086 2606 hanc
2110 2551 2204 2605 ad-

614 2643 898 2714 jectionem
928 2643 996 2698 de
1025 2644 1308 2713 oppositis,
1335 2651 1388 2698 et
1418 2643 1484 2698 de
1514 2645 1594 2697 his
1623 2659 1742 2712 qua!
1767 2645 1926 2700 simul
1955 2656 2113 2713 sunt,
2149 2655 2203 2701 et

613 2734 681 2791 de
717 2737 913 2805 priore,
945 2744 1000 2791 et
1027 2735 1271 2790 de'motu
1303 2743 1357 2789 et
1395 2733 1463 2788 de
1491 2735 1935 2804 zequivocatione,
1970 2735 2202 2792 habendi

614 2843 721 2884 non
762 2843 882 2883 esse
928 2827 1144 2893 factam,
1194 2825 1335 2896 quod
1381 2825 1522 2880 hunc.
1568 2825 1809 2881 libellum
1847 2833 1971 2880 ante
2001 2825 2198 2897 Topica

611 2921 907 2992 scripserit,
939 2920 1186 2991 quodque
1217 2919 1331 2974 haec
1356 2919 1421 2974 ad
1451 2919 1581 2974 illud
1605 2934 1738 2989 opus
1767 2934 1870 2974 non
1899 2921 2199 2975 necessaria

613 3016 1058 3084 essesputaverit,
1091 3015 1228 3070 sicut
1257 3014 1371 3083 ipse
1397 3013 1697 3082 Categorize
1727 3023 1953 3082 prosunt
1983 3013 2049 3067 ad
2072 3029 2198 3068 sen-

612 3107 1104 3177 suntTopicorum,
1173 3120 1279 3161 non
1328 3106 1577 3176 ignorans
1629 3104 1831 3160 scilicet
1859 3103 2001 3174 quod
2045 3104 2198 3158 sufﬁ-

612 3199 818 3254 cienter
845 3198 897 3252 in
913 3198 1152 3267 Topicis,
1169 3204 1424 3265 quantum
1449 3196 1515 3250 ad
1537 3205 1845 3264 argumenta
1871 3195 2196 3265 pertinebat,

612 3298 666 3344 et
692 3289 760 3344 de
788 3289 868 3343 his
894 3287 1146 3343 omnibus
1175 3302 1294 3356 qua:
1324 3287 1536 3356 adjecta
1565 3296 1721 3353 sunt,
1750 3295 1805 3341 et
1841 3286 1910 3342 de
1941 3287 2200 3356 prmdica-

613 3380 807 3435 mentis
833 3379 995 3434 fuisse
1021 3379 1376 3449 propositum.
1396 3378 1503 3434 Sed
1531 3378 1646 3433 hinc
1676 3378 2037 3434 Andronicus.
2069 3380 2199 3435 Por-

613 3469 837 3540 phyrius
858 3483 982 3524 vero
1005 3469 1143 3524 hanc
1185 3467 1544 3536 adjectionem
1569 3483 1760 3524 vacare
1789 3478 1844 3525 et
1874 3484 2061 3525 carere
2105 3486 2197 3525 ra-

2307 2283 2412 2338 tur,
2449 2273 2677 2326 strictim
2712 2271 2904 2341 tetigit,
2957 2271 3099 2341 quod
3128 2285 3266 2324 nunc
3311 2270 3382 2323 dil
3407 2276 3602 2340 genter
3643 2268 3878 2337 explicat

2307 2365 2557 2420 Faciendi
2583 2380 2709 2420 vero
2739 2364 3078 2434 patiendique
3106 2362 3516 2433 praedicamenta
3535 2360 3678 2427 sunt,
3707 2360 3872 2430 inqui

2306 2458 2404 2512 bus
2432 2458 2646 2527 quidam
2688 2458 2838 2526 quasi
2893 2465 3070 2511 motus
3124 2455 3448 2525 agitatioque
3492 2453 3898 2522 consideratur,

2306 2565 2531 2605 necesse
2566 2551 2729 2620 igitur
2762 2549 2856 2603 fttit
2888 2549 2954 2603 de
2986 2558 3134 2604 motu
3163 2549 3367 2611 dicere,
3420 2546 3508 2616 qui
3536 2555 3778 2600 naturam
3817 2545 3898 2600 fa:

2305 2645 2479 2698 ciendi
2513 2653 2670 2713 atque
2725 2642 2958 2711 patiendi
3002 2641 3163 2695 vellet
3192 2638 3501 2696 ostendere.
3535 2638 3664 2705 Quis
3715 2647 3891 2695 auten.

2304 2735 2512 2790 dubitet
2571 2734 2858 2804 cujuslibet
2912 2734 3178 2788 sermonis
3221 2732 3697 2803 :equivoeationem
3743 2744 3894 2784 mons

2304 2839 2500 2895 strare,
2527 2844 2648 2883 esse
2680 2827 2949 2897 perutile?
2980 2828 3154 2894 Quare
3183 2827 3435 2896 quoniam
3467 2825 3667 2880 habere
3686 2837 3896 2894 qquut.

2317 2920 2791 2989 praedicamentum
2817 2930 2916 2982 est,
2943 2934 3048 2972 non
3083 2918 3178 2973 fuit
3202 2919 3582 2974 inconveniens
3610 2932 3784 2988 neque
3813 2931 3898 2973 sui

2303 3013 2562 3084 perﬁuum
2588 3011 2655 3067 de
2686 3011 2912 3067 habendi
2943 3012 3369 3081 :equivocatione
3399 3018 3676 3067 tractasse.

2837 3103 2924 3158 DE
2954 3103 3324 3160 OPPOSITIS.

2378 3199 2452 3254 De
2484 3200 2728 3268 oppositis
2773 3209 2942 3252 autent
2975 3202 3172 3269 quoties
3201 3199 3366 3252 solent
3397 3199 3586 3269 opponi
3628 3199 3897 3255 dicendum

2301 3303 2392 3348 est.
2421 3291 2624 3346 Dicitur
2645 3303 2812 3346 autem
2833 3293 3052 3346 alterum
3075 3293 3225 3346 alteri
3246 3293 3436 3362 opponi
3465 3292 3890 3361 quadrupliciter,

2301 3398 2388 3442 aut
2419 3397 2474 3441 ut
2501 3389 2569 3441 ad
2597 3389 2815 3458 aliquid,
2847 3399 2935 3441 aut
2981 3397 3035 3442 ut
3063 3390 3348 3456 contraria,
3390 3398 3478 3443 aut
3520 3398 3575 3442 ut
3617 3390 3819 3442 Itabitus
3849 3394 3896 3444 et

2302 3482 2538 3549 privatio,
2562 3490 2650 3533 aut
2691 3491 2745 3534 ut
2783 3481 3054 3549 aﬂirmatio
3079 3491 3127 3534 et
3157 3483 3359 3552 negatio
3377 3499 3396 3547 ;
3429 3483 3702 3551 opponitur
3727 3489 3895 3536 autem

613 3563 757 3618 tione
801 3576 906 3616 non
937 3569 1107 3631 putat.
1153 3559 1318 3630 Cujus
1371 3559 1508 3616 hanc
1561 3560 1792 3629 prodidit
1839 3575 2077 3616 causam.
2125 3561 2195 3618 Ut
2223 3554 2303 3620 C4

2223 3554 2270 3620 C
2301 3572 2696 3642 unumquodque
2719 3573 2958 3637 istorum,
2982 3582 3033 3625 ut
3055 3573 3224 3644 ﬁgura
3246 3574 3410 3628 dicant
3433 3575 3645 3628 relativo
3664 3575 3893 3644 quidem,

612 3654 756 3710 enim
789 3655 957 3709 multa
986 3662 1111 3707 sunt
1154 3668 1271 3722 qua:
1297 3653 1440 3723 quod
1471 3653 1847 3708 communibus
1869 3653 2032 3707 animi
2063 3668 2196 3709 con-

611 3750 948 3820 ceptionibus
974 3764 1095 3805 sese
1119 3755 1486 3818 suggererent,
1514 3746 1566 3800 in
1592 3745 1750 3816 hujus
1773 3746 1892 3800 libri
1925 3745 2198 3816 principiis

611 3838 682 3894 ab
710 3839 996 3895 Aristotele
1023 3839 1273 3908 prmdicta
1303 3846 1448 3903 sunt,
1481 3845 1540 3892 ut
1568 3835 1636 3891 de
1656 3837 1964 3906 atquivocis,
2001 3847 2054 3891 et
2079 3837 2198 3892 uni-

611 3933 779 4000 vocis,
810 3942 864 3989 et
883 3932 1312 4000 denominativis,
1343 3941 1396 3986 et
1428 3931 1494 3987 de
1522 3930 1608 3984 his
1636 3929 1904 3995 omnibus,
1941 3945 2196 4000 quascun-

613 4038 717 4093 que
745 4036 914 4092 usque
952 4022 1018 4077 ad
1049 4021 1359 4078 substantiae
1388 4020 1808 4090 disputationem
1856 4020 1923 4074 ad
1956 4019 2193 4090 ipsorum

608 4114 1146 4184 praedicamentorum
1177 4115 1456 4169 utilitatem
1487 4112 1954 4183 cognitionemque
1994 4112 2191 4181 praedi-

606 4213 693 4260 cta
717 4215 860 4270 sunt,
894 4207 966 4261 ita
1011 4204 1257 4276 quaedam
1310 4203 1477 4258 fuisse
1505 4219 1623 4272 qua:
1667 4213 1849 4258 essent
1879 4203 2094 4272 quidem
2141 4205 2193 4260 in

607 4297 980 4351 communibus
1007 4295 1287 4360 sensibus,
1316 4303 1540 4364 egerent
1582 4303 1757 4348 tamen
1785 4293 2082 4349 subtilioris
2107 4294 2194 4350 di-

608 4387 831 4444 visionis
883 4387 1066 4454 modo,
1122 4387 1237 4442 haec
1292 4385 1578 4456 diligen‘ter
1622 4387 1897 4456 supposita
1955 4394 2103 4451 sunt,
2136 4395 2195 4441 ut

604 4486 732 4555 quid
760 4494 942 4541 essent
970 4487 1184 4555 proprie
1231 4492 1527 4549 teneretur,
1561 4497 1626 4538 ne
1672 4483 1822 4537 falsis
1852 4483 2192 4552 opinionibus

605 4576 882 4631 traductus
908 4591 1011 4630 non
1039 4576 1226 4631 ﬁrmus
1252 4576 1461 4630 animus
1488 4574 1786 4630 luderetur.
1819 4575 1982 4629 Docet
2011 4582 2192 4630 autem

604 4667 726 4734 hoc,
745 4667 1113 4738 inquit,etiam
1134 4668 1249 4735 ipse
1276 4667 1408 4723 ordo
1432 4681 1703 4738 congruus
1733 4666 2031 4736 rationique
2059 4681 2190 4722 con-

603 4760 825 4815 veniens
848 4760 1148 4825 titulorum,
1168 4761 1307 4816 hanc
1334 4759 1691 4829 adjectionem
1715 4759 1876 4814 fuisse
1904 4759 2188 4829 perutilem

600 4862 761 4922 atque
816 4854 1196 4908 necessariam.
1246 4853 1404 4908 Prius
1452 4853 1593 4908 enim
1624 4853 1691 4908 de
1736 4853 2016 4922 oppositis,
2071 4860 2190 4920 post

2305 3675 2360 3720 ut
2389 3665 2604 3735 duplum
2633 3665 2865 3718 dimidio.
2896 3664 3170 3720 Contraria
3213 3677 3380 3720 autem
3411 3676 3465 3720 ut
3495 3667 3630 3720 malo
3679 3667 3886 3734 bonum,

2304 3758 2581 3812 secundum
2611 3758 2942 3828 privationem
2963 3766 3010 3811 et
3043 3756 3289 3823 habitum,
3323 3768 3377 3812 ut
3406 3759 3604 3813 cwcitas
3631 3759 3779 3826 visui,
3803 3775 3887 3812 se-

2305 3849 2530 3904 cundum
2587 3851 2973 3920 aﬁirmationem
3015 3861 3063 3903 et
3115 3851 3464 3920 negationem,
3515 3861 3569 3905 ut
3610 3851 3749 3907 sedet
3793 3865 3894 3906 non

2302 3945 2461 4000 sedet.

2376 4034 2507 4089 Illud
2538 4049 2752 4104 quoque
2778 4035 3038 4102 quaeritur
3084 4042 3260 4089 utrum
3293 4033 3644 4105 oppositionis
3691 4047 3888 4088 nomen

2302 4124 2573 4194 tequivoce
2621 4125 2955 4194 praedicetur.
3000 4126 3234 4181 Dicimus
3270 4127 3412 4181 enim
3444 4133 3672 4194 quatuor
3707 4125 3890 4191 modis

2302 4219 2532 4288 opponi,
2561 4228 2650 4272 aut
2675 4228 2726 4272 ut
2763 4220 3053 4284 contraria,
3079 4227 3250 4273 autut
3275 4219 3500 4287 aliquid,
3534 4225 3626 4270 aut
3653 4226 3709 4270 ut
3737 4216 3892 4271 habi-

2305 4321 2413 4364 tum
2444 4319 2498 4365 et
2525 4311 2900 4378 privationem,
2932 4322 3025 4366 aut
3056 4320 3111 4366 ut
3139 4311 3553 4365 afﬁrmationem
3570 4318 3624 4364 et
3644 4310 3890 4378 negatio.

2301 4416 2444 4456 nem.
2479 4400 2576 4455 llic
2609 4416 2738 4466 ergo
2779 4403 3117 4457 contenditur
3141 4411 3315 4456 utrum
3345 4400 3697 4472 aequivocatio
3737 4415 3892 4468 quie-

2300 4493 2423 4548 dam
2454 4493 2594 4548 circa
2641 4495 2734 4549 has
2762 4503 2989 4564 quatuor
3033 4495 3373 4550 diversitates
3417 4494 3505 4560 sit,
3559 4509 3626 4547 an
3657 4492 3890 4562 idipsum

2299 4584 2441 4655 quod
2469 4585 2694 4640 dicimus
2711 4587 3027 4655 oppositum
3064 4586 3275 4657 generis
3305 4587 3421 4643 vice
3462 4586 3802 4656 praedicetur,
3836 4594 3892 4644 ut

2299 4676 2369 4730 sit
2393 4676 2702 4730 univocum.
2723 4676 2826 4731 Sed
2859 4677 2910 4731 in
2934 4678 3038 4731 hoc
3059 4678 3359 4732 Stoicorum
3383 4677 3892 4746 Peripateticorum-

2297 4781 2400 4836 que
2430 4766 2637 4822 diversa
2682 4767 2945 4823 sententia
2977 4767 3096 4834 fuit,
3126 4778 3180 4824 et
3208 4778 3265 4824 ut
3293 4770 3396 4837 ipsi
3426 4770 3566 4825 inter
3588 4785 3645 4826 se
3674 4770 3892 4839 Peripa~

2299 4857 2468 4925 tetici,
2492 4859 2704 4915 diverse
2736 4860 2925 4914 sectati
2947 4870 3093 4915 sunt.
3125 4861 3426 4917 Stoicorum
3455 4863 3706 4934 quoniam
3735 4863 3892 4934 longa

599 4959 728 4999 vero
754 4944 822 4998 de
850 4942 935 4998 his
961 4957 1081 5012 qua:
1108 4943 1269 4998 simul
1289 4951 1434 5009 sunt,
1457 4952 1512 4999 et
1534 4944 1601 4999 de
1630 4944 1711 4999 his
1739 4960 1857 5014 quae
1887 4945 2186 5013 posteriora
2213 4949 2268 5010 D
2293 4952 2557 5005 sententia
2589 4960 2689 5016 est,
2719 4953 3181 5022 praetermittatur,
3222 4955 3342 5009 aliis
3371 4967 3547 5010 autem
3577 4955 3894 5024 Peripateti~

597 5044 743 5092 sunt.
773 5034 900 5089 Post
927 5043 1104 5088 autem
1127 5032 1194 5089 de
1216 5043 1387 5099 motu,
1414 5034 1480 5088 ad
1506 5043 1836 5103 postremum
1864 5034 1931 5090 de
1959 5035 2190 5094 habendi

604 5125 1024 5196 acquivocatione
1049 5139 1354 5182 sermonem
1376 5126 1598 5192 faciens,
1632 5126 1754 5181 libri
1783 5127 1978 5183 seriem
2007 5133 2194 5186 termi-

599 5222 765 5275 navit.
799 5221 1004 5276 ldcirco
1024 5220 1167 5291 quod
1196 5220 1249 5274 in
1278 5219 1528 5275 omnibus
1551 5219 1767 5289 quidem
1801 5220 2193 5289 praedicamen-

597 5314 666 5367 tis
711 5322 835 5368 ante
863 5312 1139 5384 quaesivit,
1172 5321 1349 5366 utrum
1406 5311 1613 5381 possint
1664 5311 1864 5367 habere
1894 5315 2186 5368 contraria.

593 5402 649 5456 ltt
683 5401 766 5458 his
794 5418 926 5458 vero
949 5417 1066 5473 qua
1095 5411 1221 5457 sunt
1245 5403 1311 5456 ad
1329 5401 1550 5473 aliquid,
1581 5401 1715 5457 dixit
1745 5418 1994 5475 magnum
2021 5420 2186 5476 parvo

589 5511 698 5550 non
722 5510 878 5566 posse
897 5511 1018 5551 esse
1045 5495 1396 5564 contrarium,
1421 5495 1516 5551 sed
1545 5496 1870 5566 oppositum.
1896 5497 2036 5566 Quid
2057 5513 2182 5554 vero

589 5598 732 5643 esset
758 5589 1060 5658 oppositum
1089 5589 1267 5645 dicere
1303 5590 1680 5658 praetermisit,
1714 5605 1784 5646 ne
1828 5590 1967 5645 ordo
1993 5591 2182 5660 diSpu-

591 5681 735 5732 tandi
781 5685 1063 5736 continuus
1113 5690 1478 5750 rumperetur.
1507 5681 1601 5736 l-lic
1631 5681 1793 5751 igitur
1843 5692 1990 5738 recte
2037 5681 2180 5752 quod

589 5769 705 5829 illic
735 5773 1172 5844 praetermiserat,
1197 5773 1343 5846 prius
1362 5773 1594 5838 edocuit.
1619 5774 1676 5836 In
1702 5776 1941 5834 relativis
1968 5789 2191 5848 quoque;

2302 5041 2378 5095 cis
2408 5041 2578 5110 placet
2612 5057 2804 5098 nomen
2845 5043 2946 5098 hoc
2971 5045 3206 5113 oppositi
3233 5046 3299 5100 de
3326 5046 3583 5114 subjectis
3613 5047 3892 5114 mquivoca

2302 5131 2579 5200 praedicari
2607 5173 2620 5198 ,
2650 5133 2721 5188 ita
2745 5134 3154 5202 afﬁrmantibus,
3189 5138 3442 5204 quoniam
3475 5137 3796 5192 Aristoteles
3819 5138 3892 5198 ita

2301 5223 2475 5278 dixit:
2509 5222 2583 5279 De
2607 5227 2872 5295 oppositis
2907 5229 3117 5296 quoties
3146 5229 3318 5283 solent
3363 5229 3561 5298 opponi
3602 5228 3890 5288 dicendum

2301 5323 2383 5370 est
2425 5314 2554 5383 hoc,
2609 5317 2660 5370 id
2707 5325 2791 5373 est
2832 5321 3039 5389 quoties
3075 5319 3139 5374 ad
3167 5319 3614 5390 multiplicitatem
3657 5325 3890 5393 pertinet

2301 5410 2752 5478 tequivocationis.
2784 5413 2888 5469 Sed
2926 5415 3018 5484 qui
3051 5415 3241 5471 melius
3263 5415 3597 5486 judicavere,
3631 5417 3687 5473 lti
3717 5434 3889 5489 Oppo-

2292 5499 2500 5557 sitionis
2527 5518 2721 5559 nomen
2753 5508 2964 5574 generis
2986 5509 3103 5562 loco
3133 5508 3320 5565 dicunt
3349 5510 3548 5567 debere
3581 5511 3883 5582 praedicari,

2291 5589 2491 5647 idcirco
2543 5595 2685 5665 quod
2727 5613 2847 5652 cum
2900 5614 3094 5655 nomen
3131 5603 3488 5672 oppositionis
3534 5605 3603 5658 de
3629 5602 3884 5672 subjectis

2289 5695 2517 5752 quatuor
2554 5691 2981 5759 oppositionibus
3038 5697 3382 5766 praedicetur,
3433 5699 3502 5753 ab
3559 5697 3641 5752 his
3670 5709 3884 5766 quoque

2253 5775 2536 5862 'diftinitio
2578 5796 2686 5844 non
2711 5785 2942 5845 oberret.
2977 5789 3110 5852 Sunt
3163 5792 3308 5850 enim
3363 5789 3606 5862 opposita
3651 5799 3771 5859 (tua3
3823 5785 3885 5849 ίη
