4280 6268
295 325 395 378 265

1269 319 1328 372 ΙΝ
1368 310 1803 373 CATEGORIAS
1843 317 2288 372 ARISTOTELIS
2327 316 2453 370 [ΑΒ.
2495 312 2581 369 ιν.

3471 320 3574 375 εἰϋϐ

290 435 503 498 eodem,
550 432 841 488 secundum
898 430 1061 495 idem,
1111 429 1162 482 in
1201 427 1389 482 eodem
1440 438 1697 495 tempore,
1731 429 1872 481 circa
1904 429 1959 487 Α
2058 427 2263 482 Dictum
2294 427 2449 481 estin
2480 426 2563 480 his
2587 442 2704 495 qua:
2728 422 3020 483 secundum
3072 430 3136 484 ad
3171 432 3367 501 aliquid
3411 448 3577 503 oppo-

296 544 454 583 nnam
478 528 833 594 eamdemque
846 541 976 589 rem,
1011 523 1169 578 simul
1198 538 1315 577 esse
1342 538 1446 576 non
1469 530 1716 591 possunt,
1744 520 1884 589 quod

300 634 393 691 per
420 620 632 690 singula
672 632 895 688 quaeque
924 616 1262 686 pergentibus
1304 614 1353 668 in
1399 614 1627 679 singulis
1667 613 1887 683 opposi-

298 711 365 765 tis
396 711 684 765 invenitur.
736 708 971 779 Namque
1017 709 1194 763 album
1232 700 1287 761 et
1337 707 1570 775 nigrum,
1613 722 1732 776 quae
1760 714 1889 759 sunt

296 805 582 871 contraria,
608 818 710 858 uno
747 802 1038 871 eodemque
1078 811 1317 867 tempore
1349 799 1493 853 circa
1520 814 1684 852 unum
1713 798 1885 851 idem-

298 912 402 966 que
431 910 622 966 corpus
650 904 961 964 partemque
989 894 1231 962 corporis
1264 892 1424 945 simul
1473 908 1593 945 esse
1629 907 1735 946 non
1766 906 1887 960 pos-

299 998 454 1052 sunt,
495 1004 593 1042 nec
644 1003 831 1041 servus
879 995 1041 1055 atque
1085 986 1335 1039 dominus
1383 984 1647 1052 ejusdem,
1697 982 1885 1037 eodem

305 1091 541 1147 tempore
571 1080 712 1134 idem
745 1095 932 1135 servus
966 1079 1107 1134 idem
1139 1078 1390 1131 dominus
1414 1086 1519 1142 est,
1554 1091 1651 1131 nec
1676 1075 1889 1130 habitus

295 1183 348 1228 et
372 1173 627 1242 privatio;
660 1172 783 1241 quis
809 1172 949 1225 enim
983 1169 1129 1223 dicat
1157 1170 1208 1222 in
1251 1169 1441 1222 eodem
1475 1167 1634 1221 oculo
1662 1181 1767 1219 uno
1797 1179 1892 1219 eo-

296 1267 523 1336 demque
557 1274 800 1334 tempore
823 1275 878 1318 et
907 1256 1078 1316 visiim
1125 1275 1283 1331 posse
1329 1274 1450 1314 esse
1477 1269 1531 1314 et
1559 1258 1890 1313 cmcitatem?

299 1358 415 1412 Jam
449 1372 581 1413 vero
622 1356 908 1410 aliirmatio
956 1367 1012 1410 et
1058 1353 1273 1423 negatio
1321 1367 1482 1421 quam
1532 1360 1893 1420 repugnantes

297 1452 428 1519 sint,
460 1462 731 1520 quamque
747 1449 803 1502 in
823 1447 1015 1502 eodem
1045 1445 1206 1500 simul
1230 1459 1348 1499 esse
1368 1460 1475 1498 non
1500 1444 1729 1511 possint,
1760 1442 1893 1496 nulli

302 1544 524 1601 dubium
555 1553 658 1598 est.
690 1543 871 1608 Quare
899 1540 943 1595 si
969 1556 1030 1593 ea
1053 1555 1173 1609 qua:
1200 1538 1297 1593 sub
1324 1538 1664 1607 appositione
1690 1552 1896 1606 ponun-

302 1648 391 1692 tur
425 1635 778 1707 appositionis
823 1649 1018 1690 nomen
1051 1632 1533 1700 dillinitionemque
1571 1632 1889 1701 suscipiunt,

297 1727 429 1795 quid
470 1736 554 1781 est
581 1726 800 1781 dubium
832 1724 1223 1793 oppositionem
1265 1735 1369 1775 non
1403 1720 1675 1790 τεηυίνοοε
1701 1720 1893 1790 praedi-

1994 526 2221 579 nuntur,
2253 518 2395 586 quod
2423 534 2483 572 ea
2517 519 2627 587 ipsa
2652 520 2701 573 id
2733 521 2871 590 quod
2904 532 3030 576 sunt
3052 524 3116 577 ad
3143 524 3191 578 id
3219 526 3360 593 quod
3379 528 3478 581 sibi
3495 537 3581 582 est

1989 611 2294 680 oppositum
2320 610 2647 665 dicerentur.
2673 612 2959 680 Contraria
2982 630 3113 670 vero
3129 626 3183 670 et
3213 618 3325 686 ipsa
3357 619 3574 689 quidem

1988 716 2331 776 opponuntur
2358 706 2480 771 sibi,
2514 706 2606 759 sed
2641 705 2690 758 id
2734 706 2874 775 quod
2901 719 3025 760 sunt
3068 712 3130 761 ad
3180 714 3424 779 apposita
3472 729 3581 767 non

1990 799 2264 868 dicuntur,
2302 799 2568 853 contraria
2601 808 2781 852 autent
2814 799 3085 854 dicuntur.
3132 801 3240 855 Hoc
3273 812 3448 858 autem
3483 806 3583 858 bu-

1987 890 2224 960 jusmodi
2254 899 2357 945 est.
2404 890 2605 944 Bonum
2638 892 2777 944 malo
2807 891 3135 945 contrarium
3168 892 3393 947 dicimus
3424 910 3545 950 esse
3566 934 3582 960 ,

1992 994 2046 1038 et
2086 998 2272 1037 rursus
2304 983 2501 1037 malum
2529 984 2688 1036 bono.
2723 982 2940 1050 Nigrum
2973 998 3184 1051 quoque
3215 983 3337 1037 albo
3365 995 3584 1038 contra-

1993 1075 2127 1129 rium
2154 1087 2423 1144 putamus,
2448 1074 2795 1128 nihilominus
2823 1088 3038 1141 quoque
3059 1072 3242 1126 album
3284 1076 3456 1144 nigro.
3479 1075 3587 1129 Sed

1992 1183 2112 1223 cum
2147 1168 2247 1222 hoc
2278 1166 2633 1231 arbitramur,
2669 1182 2775 1221 non
2810 1177 2983 1219 tamen
3015 1166 3243 1222 dicimus
3271 1183 3332 1221 ea
3364 1168 3415 1220 id
3445 1171 3589 1235 quod

1992 1270 2117 1313 sunt
2165 1273 2284 1313 esse
2314 1257 2701 1327 oppositorum.
2755 1258 2812 1311 Si
2860 1258 3003 1311 enim
3026 1258 3328 1312 diceremus
3364 1257 3417 1311 id
3446 1257 3589 1327 quod

1994 1360 2075 1405 est
2104 1352 2301 1403 bonum
2348 1363 2469 1403 esse
2500 1350 2732 1418 oppositi
2786 1348 2891 1413 sui,
2926 1365 3030 1403 non
3068 1349 3337 1403 diceretur
3389 1352 3589 1427 bonum

1995 1441 2136 1495 malo
2164 1454 2284 1494 esse
2314 1442 2667 1505 contrarium,
2698 1438 2793 1493 sed
2828 1438 3027 1493 bonum
3057 1454 3181 1493 esse
3208 1440 3333 1493 ntali
3366 1440 3589 1494 bonum.

1994 1530 2102 1585 Nec
2129 1531 2199 1583 ita
2224 1529 2656 1601 praedicatimiem
2690 1530 2806 1598 quis
2844 1529 3045 1583 laceret
3074 1532 3288 1599 nigrum
3322 1531 3444 1585 albo
3472 1548 3595 1587 esse

1995 1626 2361 1689 contrarium,
2398 1624 2493 1679 sed
2524 1624 2735 1693 nigrum
2771 1623 2879 1677 albi
2915 1640 3037 1679 esse
3083 1627 3315 1694 nigrum.
3353 1625 3464 1679 Hoc
3511 1635 3597 1684 est

1998 1721 2140 1776 enim
2171 1720 2221 1775 id
2253 1720 2392 1789 quod
2418 1729 2500 1773 est
2523 1719 2735 1787 nigrum
2763 1718 2866 1772 dici
2899 1718 2966 1772 ad
2997 1719 3302 1787 appositum
3335 1734 3513 1786 suum,
3549 1720 3597 1777 si

296 1817 447 1873 cari?
477 1816 568 1870 His
598 1816 757 1884 igitur
785 1813 994 1884 positis,
1030 1814 1097 1869 ad
1128 1826 1313 1867 eorum
1331 1810 1615 1866 distantias
1634 1810 1887 1867 diﬂ'eren-
1915 1807 1964 1868 Β
1991 1815 2108 1885 quis
2139 1816 2281 1870 dicat
2314 1816 2523 1883 nigrum
2575 1812 2683 1866 albi
2711 1827 2831 1866 esse
2880 1813 3089 1881 nigrum
3116 1830 3129 1877 ;
3163 1812 3305 1881 quod
3334 1815 3590 1882 quoniam

299 1912 511 1978 tiasque
538 1909 838 1965 veniamus.

377 2004 705 2073 Quaecunque
747 2004 907 2074 igitur
938 2012 989 2055 ut
1038 2002 1252 2057 relativa
1298 2012 1647 2073 opponuntur,
1694 2018 1753 2056 ea
1781 2002 1895 2071 ipsa

303 2109 425 2165 qua:
454 2102 575 2147 sunt
604 2095 947 2165 oppositorum
972 2095 1238 2159 dicuntur,
1271 2105 1362 2149 aut
1388 2095 1767 2165 quomodolibet
1795 2096 1895 2149 ali-

303 2197 385 2239 ter
414 2186 483 2239 ad
509 2204 567 2240 ea
599 2230 612 2254 ,
639 2194 695 2239 ut
717 2185 930 2255 duplum
955 2187 1156 2240 dimidii
1199 2189 1364 2259 ipsum
1389 2190 1526 2257 quod
1556 2196 1650 2252 est,
1680 2188 1896 2243 alterius

299 2277 491 2330 dicitur
521 2276 761 2345 duplum,
794 2277 1017 2348 alicujus
1057 2280 1193 2332 enim
1221 2279 1457 2349 duplum,
1486 2280 1576 2333 sed
1618 2287 1663 2334 et
1685 2281 1898 2334 scientia

302 2369 469 2423 scibili
500 2379 740 2439 tanquam
761 2370 976 2424 relative
997 2372 1233 2440 apposita
1258 2361 1365 2435 est',
1399 2381 1445 2427 et
1473 2372 1660 2425 dicitur
1688 2373 1901 2426 scientia

306 2460 402 2513 hoc
430 2461 599 2529 ipsum
641 2461 776 2530 quod
806 2470 881 2515 est
912 2459 1136 2524 scibilis,
1166 2471 1216 2515 et
1241 2462 1414 2517 scibile
1441 2464 1535 2515 huc
1572 2464 1741 2531 ipsum
1765 2463 1900 2531 quod

306 2558 379 2605 εει
407 2552 473 2606 ad
503 2552 793 2624 oppositum
825 2552 1035 2618 dicitur,
1066 2553 1121 2607 id
1164 2563 1237 2607 est
1279 2553 1349 2607 ad
1395 2556 1679 2609 scientiam.
1716 2553 1903 2609 Scibilc

307 2646 440 2699 enim
463 2646 638 2717 aliquo
668 2647 888 2700 dicimus
914 2646 1109 2712 scibile,
1132 2647 1186 2699 id
1214 2656 1288 2701 est
1309 2647 1549 2701 scientia.
1580 2647 1903 2717 Qumcunque

308 2755 427 2809 ergo
468 2740 705 2812 opposita
760 2748 879 2794 sunt
931 2750 1173 2811 tanquam
1220 2740 1290 2793 ad
1338 2740 1565 2811 aliquid,
1615 2743 1750 2809 ipsa,
1790 2756 1905 2811 quin

308 2839 422 2884 sunt
465 2830 688 2883 aliorum
717 2829 979 2897 dicuntur,
1029 2840 1119 2884 aut
1145 2832 1607 2901 quamodocunque
1633 2833 1701 2885 ad
1740 2849 1791 2886 se
1822 2832 1903 2885 in-

312 2939 491 2977 vicem.

380 3035 458 3091 Ea
485 3036 698 3106 quidem
722 3037 883 3105 hujus
916 3038 1272 3109 oppositionis
1297 3055 1417 3109 qua:
1449 3041 1743 3096 secundum
1766 3041 1905 3097 rela-

311 3129 513 3184 tionem
541 3129 809 3195 dicuntur,
859 3139 913 3185 et
956 3145 1053 3200 per
1082 3132 1262 3200 seipsa
1293 3132 1448 3201 plana
1490 3140 1648 3202 atque
1692 3135 1905 3202 vulgata

312 3231 463 3288 sunt,
506 3232 560 3277 et
587 3224 845 3291 superiori
876 3224 1154 3279 relationis
1186 3224 1551 3301 disputatione
1577 3228 1688 3295 jam
1721 3225 1904 3295 cogni-
1935 3190 1982 3256 ο

316 3321 387 3367 ta.
425 3312 515 3368 illa
544 3315 686 3369 enim
708 3326 829 3370 sunt
850 3318 918 3370 ad
948 3316 1149 3386 aliquid
1181 3332 1518 3388 quaecunque
1544 3317 1595 3371 id
1618 3318 1759 3387 quod
1782 3328 1909 3374 sunt

316 3408 535 3462 aliorum
567 3408 835 3474 dicuntur,
868 3408 956 3463 vel
985 3409 1392 3478 quomodolibet
1427 3410 1583 3463 aliter
1608 3410 1674 3464 ad
1707 3426 1792 3478 ea,
1848 3420 1909 3466 ut

314 3512 499 3555 servus
517 3499 722 3555 domini
748 3516 957 3566 servus,
990 3508 1046 3555 et
1084 3499 1336 3555 dominus
1379 3501 1520 3555 servi
1550 3500 1822 3569 dominus,
1854 3510 1911 3557 et

316 3607 565 3665 magnum
617 3592 685 3647 ad
717 3608 938 3661 parvum
970 3593 1192 3656 dicitur,
1245 3604 1299 3647 et
1347 3609 1537 3648 rursus
1570 3610 1793 3665 parvum
1826 3610 1909 3650 re-

314 3685 483 3741 fertur
513 3687 577 3740 ad
614 3702 888 3755 magnum.
920 3685 1073 3753 Quod
1107 3687 1153 3741 si
1177 3688 1277 3741 hoc
1307 3687 1357 3741 in
1401 3687 1637 3743 relativis
1658 3667 1908 3743 oumibus

316 3779 605 3843 invenitur,
637 3777 782 3831 nulla
812 3787 895 3831 est
923 3778 1185 3831 dubitatio
1207 3778 1336 3844 quin
1367 3779 1529 3832 etiam
1579 3778 1634 3831 in
1701 3779 1783 3834 bis
1808 3781 1911 3835 hoc

313 3869 647 3939 deprehendi
689 3869 874 3937 possit,
916 3884 1037 3937 qua:
1064 3870 1358 3923 secundum
1384 3871 1450 3923 ad
1501 3870 1700 3939 aliquid
1735 3886 1908 3939 oppo-

316 3971 540 4024 nuntur,
574 3969 632 4014 ut
660 3974 723 4013 ea
767 3960 881 4029 ipsa
910 3959 960 4013 id
982 3961 1121 4029 quod
1158 3969 1284 4015 sunt
1313 3961 1685 4031 oppositorum
1722 3962 1909 4016 dican-

316 4067 406 4109 tur
436 4054 521 4110 vel
572 4052 971 4122 quomodolibet
1020 4054 1175 4109 aliter
1218 4057 1283 4108 ad
1334 4056 1602 4123 opposita.
1658 4064 1714 4108 ut
1753 4056 1797 4107 si
1828 4064 1913 4109 est

312 4162 502 4203 servus
524 4146 743 4201 domino
772 4146 1068 4217 oppositus,
1098 4146 1351 4201 dominus
1390 4147 1533 4202 servi
1580 4146 1815 4214 dicatur,
1857 4148 1911 4204 id

316 4250 398 4294 est
430 4240 662 4310 Oppositi
694 4242 801 4310 sui,
843 4249 897 4295 et
924 4256 1111 4296 rursus
1140 4241 1184 4296 si
1220 4241 1469 4296 dominus
1508 4258 1666 4296 servo
1689 4242 1911 4312 Opposi-

316 4340 403 4386 tus
438 4340 540 4398 est,
574 4332 777 4387 domini
798 4348 983 4388 servus
1027 4334 1258 4389 dicatur.
1292 4334 1521 4388 Parvum
1553 4351 1683 4390 vero
1708 4336 1774 4389 ad
1800 4352 1914 4390 ma-

316 4436 501 4489 gnum,
530 4432 582 4476 et
622 4438 871 4493 magnum
914 4424 981 4478 ad
1005 4439 1250 4495 parvum,
1290 4425 1343 4479 id
1388 4435 1471 4481 est
1492 4427 1557 4481 ad
1606 4428 1910 4497 oppositum

318 4512 443 4568 sibi.
474 4513 644 4584 Atque
673 4516 775 4570 hoc
804 4516 1019 4588 quidem
1050 4519 1102 4572 in
1122 4518 1373 4573 omnibus
1403 4520 1699 4574 secundum
1725 4520 1788 4575 ad
1812 4520 1910 4574 ali-

316 4605 447 4673 quid
498 4607 923 4675 oppositionibus
953 4608 1182 4663 inveniri
1232 4623 1453 4664 necesse
1499 4619 1601 4663 est.
1651 4610 1913 4675 Quocirca

314 4698 383 4751 sit
411 4697 526 4753 haec
558 4701 853 4770 preprictas
881 4718 1068 4757 eorum
1101 4719 1224 4773 qua:
1268 4703 1569 4758 seCundum
1609 4705 1675 4758 ad
1706 4685 1909 4775 aliquid

317 4802 683 4861 Opponuntur,
715 4794 858 4863 quod
900 4811 963 4849 ea
998 4797 1111 4865 ipsa
1143 4812 1262 4865 quae
1305 4806 1429 4851 sunt
1456 4798 1523 4850 ad
1553 4798 1799 4867 opposita
1827 4814 1914 4854 re-

324 4886 590 4954 leruntur,
627 4898 683 4944 et
722 4892 959 4959 ipsorum
1014 4905 1133 4945 esse
1174 4891 1440 4946 dicuntur.
1494 4891 1588 4946 His
1620 4907 1748 4963 ergo
1794 4902 1919 4947 ante

317 4984 620 5039 constitutis
664 4984 820 5041 docet
852 4984 1233 5056 diil‘erentiam,
1277 5004 1380 5057 qua
1426 4989 1565 5044 inter
1603 5004 1663 5045 se
1701 5004 1762 5044 ea
1794 5004 1913 5059 quae

315 5077 613 5132 secundum
658 5080 1091 5135 contrarietatem
1123 5080 1398 5146 dicuntur,
1432 5084 1516 5137 vel
1556 5098 1620 5137 ea
1656 5098 1775 5152 qua:
1821 5098 1909 5137 se-

315 5170 550 5224 cundum
580 5170 644 5225 ad
669 5172 888 5242 aliquid,
923 5172 1232 5243 discrepant
1260 5184 1419 5244 atque
1446 5173 1807 5239 dissentiunt;
1842 5174 1915 5228 ait

316 5273 460 5315 enim
502 5278 517 5315 ε

386 5352 497 5410 Illa
528 5372 646 5411 vero
671 5372 782 5425 qua:
814 5367 865 5410 ut
892 5362 1151 5415 contraria
1198 5370 1544 5431 opponuntur,
1578 5360 1691 5430 ipsa
1715 5359 1919 5427 quidem

320 5463 427 5515 quin
451 5458 576 5504 sunt
608 5450 748 5502 nullo
776 5453 925 5505 modo
961 5456 1027 5506 ad
1060 5474 1109 5509 se
1136 5456 1347 5508 invicem
1376 5455 1643 5521 dicuntur,
1665 5453 1923 5506 contraria

324 5555 429 5594 vero
461 5542 562 5594 sibi
594 5540 804 5595 invicem
836 5544 1099 5605 dicuntur.
1126 5563 1291 5615 neque
1319 5548 1454 5600 enim
1486 5547 1672 5600 bonum
1696 5546 1819 5597 ntali
1841 5544 1923 5597 di-

324 5635 447 5690 citur
495 5640 705 5699 bonum,
738 5637 826 5689 sed
869 5640 1209 5702 contrarium,
1244 5656 1332 5693 nec
1361 5641 1534 5694 album
1564 5640 1699 5711 nigri
1720 5639 1919 5705 album,

326 5729 407 5781 sed
436 5730 773 5793 rontrmium,
805 5746 959 5798 quare
983 5730 1233 5796 di/Terunt
1267 5748 1300 5785 a
1326 5750 1379 5788 se
1399 5733 1613 5787 invicem
1642 5732 1724 5788 Ita:
1758 5749 1920 5802 oppo-

326 5833 554 5875 srtmnes.

612 5918 885 5980 ΡΑι-ιιοι..
919 5919 1164 6013 μιν.

1995 1926 2101 1965 non
2128 1908 2355 1973 dicitur,
2388 1922 2447 1961 ea
2480 1907 2595 1976 ipsa
2625 1920 2744 1974 qua!
2782 1914 2904 1959 sunt
2952 1921 3055 1960 non
3104 1906 3353 1959 dicuntur
3382 1905 3597 1975 opposi-

2000 2011 2197 2065 torum,
2226 2016 2289 2054 ea
2340 1998 2548 2053 scilicet
2574 2014 2689 2067 quae
2716 1997 2817 2051 sibi
2848 2008 2906 2050 ut
2926 1998 3193 2051 contraria
3223 1998 3471 2052 videntur
3498 2014 3597 2067 op-

1998 2093 2144 2164 poni.
2193 2091 2297 2148 Sed
2345 2092 2595 2161 quoniam
2643 2088 2871 2143 dicimus
2928 2091 3125 2144 bonum
3177 2092 3319 2145 malo
3372 2101 3592 2146 contra-

2000 2189 2158 2252 rium,
2190 2196 2245 2242 et
2273 2187 2480 2256 nigrum
2512 2185 2637 2239 albo
2657 2186 3008 2250 contrarium,
3034 2200 3339 2255 quanquam
3362 2186 3415 2240 id
3442 2187 3589 2255 quod

2010 2294 2134 2338 sunt
2155 2283 2521 2353 opposilorum
2553 2296 2657 2335 non
2679 2280 2944 2345 dicantur,
2972 2290 3148 2335 tamen
3175 2282 3242 2335 ad
3269 2283 3511 2351 opposita
3533 2292 3593 2338 ut

2003 2376 2272 2434 contraria
2302 2374 2666 2428 nominantur.
2698 2373 2872 2442 Atque
2905 2372 3007 2427 hoc
3047 2384 3129 2427 est
3158 2374 3298 2441 quod
3339 2375 3445 2428 ait:
3480 2375 3599 2443 ipsa

2004 2470 2220 2540 quidem
2245 2483 2362 2537 qua:
2388 2476 2513 2519 sunt
2542 2465 2689 2519 nullo
2712 2463 2871 2518 modo
2893 2464 2957 2517 ad
2987 2479 3045 2518 se
3074 2466 3299 2518 invicem
3316 2465 3589 2519 dicuntur.

2004 2561 2284 2617 Contraria
2310 2573 2438 2612 vero
2456 2558 2555 2611 sibi
2604 2555 2838 2610 invicem
2876 2554 3146 2609 dicuntur.
3181 2555 3297 2610 Non
3349 2558 3491 2611 enim
3518 2557 3601 2613 di-

2006 2658 2147 2713 citur
2185 2658 2384 2710 bonum
2438 2654 2566 2708 mali
2618 2652 2847 2718 bonum,
2896 2652 2996 2706 hoc
3024 2662 3107 2707 est
3158 2654 3300 2707 enim
3350 2654 3407 2709 id
3456 2654 3602 2724 quod

2008 2766 2091 2811 est
2114 2755 2347 2825 oppositi
2369 2752 2680 2821 praedicare,
2712 2749 2805 2803 sed
2832 2748 3063 2802 dicimus
3089 2749 3285 2802 bonum
3314 2750 3455 2804 malo
3475 2765 3604 2804 con-

1936 2890 1945 2901 .
2009 2851 2257 2904 trarium.
2292 2845 2553 2913 Quocirca
2586 2840 2843 2896 dili'erunt
2870 2855 2933 2893 ea
2961 2855 3080 2909 qua:
3109 2840 3357 2894 similiter
3395 2841 3463 2894 ad
3506 2842 3604 2895 ali-

2010 2943 2137 3013 quid
2183 2947 2525 3011 opponuntur
2566 2938 2651 2991 his
2687 2951 2806 3006 qua:
2838 2935 3132 2988 secundum
3164 2935 3603 2990 contrarietatem

2010 3038 2113 3095 sibi
2144 3045 2269 3091 sunt
2292 3034 2533 3106 opposita
2560 3073 2576 3095 ,
2622 3030 2762 3097 quod
2791 3045 2851 3084 ea
2883 3030 3096 3099 quidem
3136 3044 3254 3099 qum
3308 3030 3602 3085 secundum

2014 3132 2332 3188 relationem
2366 3127 2616 3198 apposita
2660 3132 2787 3179 sunt
2808 3124 2858 3178 id
2890 3124 3031 3193 quod
3076 3136 3201 3179 sunt
3232 3127 3603 3191 Oppositorum

2012 3226 2278 3281 dicuntur.
2323 3221 2419 3276 llla
2464 3232 2593 3272 vero
2635 3232 2753 3285 qua:
2782 3216 3164 3280 utcontraria,
3216 3217 3329 3286 ipsa
3386 3217 3603 3286 quidem

2010 3320 2155 3391 quod
2189 3325 2308 3373 sunt
2334 3315 2703 3385 oppositurum
2732 3312 2950 3368 nomine
2981 3312 3234 3375 minime,
3268 3312 3362 3366 sed
3398 3322 3608 3368 tantum

2010 3412 2279 3470 contraria
2330 3408 2720 3478 praedicantur,
2769 3413 2828 3459 ut
2874 3406 3072 3461 bonum
3120 3405 3448 3460 contrarium
3487 3420 3608 3461 esse

2011 3510 2219 3565 dicatur
2235 3504 2463 3576 oppositi
2494 3502 2578 3593 sui
2609 3516 2723 3576 non
2768 3500 2913 3554 boni.
2939 3499 3175 3554 Dicimus
3221 3500 3363 3554 enim
3411 3501 3607 3555 bonum

2011 3605 2152 3658 malo
2183 3600 2532 3663 contrarium,
2562 3611 2684 3651 cum
2719 3610 2823 3649 non
2857 3594 3099 3647 dicamus
3130 3594 3327 3649 bonum
3360 3594 3485 3648 mali
3513 3596 3608 3649 bo-

2012 3711 2157 3751 num.
2195 3693 2298 3749 Sed
2329 3691 2580 3762 quoniam
2610 3688 2966 3747 dilierentiam
2992 3683 3287 3740 secundum
3313 3687 3379 3740 ad
3406 3688 3608 3757 aliquid

2012 3785 2361 3857 appositionis
2411 3782 2910 3847 contrariorumque
2954 3781 3308 3846 monstravit,
3355 3780 3603 3848 ipsorum

2014 3880 2153 3933 inter
2187 3893 2253 3931 se
2286 3873 2677 3929 contrariorum
2706 3868 3062 3923 diﬂ'erentiam
3085 3870 3608 3940 discrepantiamque

2014 3970 2370 4041 persequitur.

2088 4062 2414 4128 Qua-minque
2445 4070 2560 4109 vero
2588 4052 2965 4107 contrariorum
2996 4055 3121 4107 talia
3150 4062 3288 4119 sunt,
3329 4062 3383 4117 ut
3405 4071 3459 4107 ιη
3495 4056 3609 4124 qui-

2017 4154 2109 4208 bus
2149 4160 2272 4205 nata
2299 4157 2416 4203 sunt
2456 4147 2588 4215 ﬁeri,
2621 4146 2696 4199 vel
2738 4145 2801 4199 de
2827 4146 3007 4215 quibus
3036 4147 3404 4217 prwdicantur,
3439 4164 3609 4202 neces-

2015 4247 2206 4301 sarium
2233 4244 2299 4297 sit
2321 4242 2537 4296 alterum
2580 4241 2807 4306 ipsorum
2830 4242 3013 4301 inesse.
3044 4242 3172 4295 nihil
3197 4242 3381 4295 horum
3401 4252 3473 4296 est
3497 4259 3605 4295 me-

2018 4338 2179 4392 dium.
2213 4340 2440 4404 Quorum
2464 4351 2580 4387 vero
2599 4351 2701 4387 non
2726 4336 3065 4388 necessarium
3086 4345 3161 4388 est
3186 4337 3405 4388 alterum
3424 4336 3607 4399 inesse,

2019 4435 2199 4487 Iterum
2220 4432 2417 4497 aiiquid
2436 4441 2506 4483 est
2529 4428 2752 4481 medium
2776 4432 3003 4491 omnino,
3028 4438 3079 4480 ut
3107 4428 3326 4497 languor
3346 4441 3391 4481 et
3415 4430 3608 4483 sanitas

2020 4528 2072 4579 in
2102 4540 2314 4591 corpore
2338 4524 2574 4577 animalis
2598 4531 2783 4574 natura
2809 4522 2993 4575 habent
3031 4522 3163 4589 ﬁeri,
3200 4532 3245 4575 et
3267 4525 3609 4576 necessarium

2021 4612 2093 4673 est
2133 4619 2351 4670 alterum
2382 4631 2490 4669 esse
2518 4616 2757 4667 animalis
2804 4615 2855 4667 in
2905 4630 3147 4683 corpore,
3191 4617 3270 4669 vel
3308 4616 3605 4689 languorem

2020 4712 2098 4766 vel
2141 4711 2434 4773 sanitatem;
2468 4726 2562 4778 pur
2592 4723 2788 4776 quoque
2813 4716 2860 4759 et
2887 4708 3055 4777 impar
3082 4709 3146 4760 de
3168 4724 3376 4763 numero
3420 4712 3608 4777 pradi-

2022 4813 2221 4865 cantur,
2254 4812 2297 4854 et
2328 4800 2667 4854 necessarium
2696 4810 2769 4851 est
2800 4801 3021 4853 alterum
3060 4800 3112 4853 in
3145 4817 3353 4855 numero
3385 4820 3492 4856 esse
3521 4814 3612 4857 aut

2024 4898 2191 4966 impar
2216 4904 2306 4948 aut
2330 4910 2446 4966 par,
2475 4902 2523 4947 et
2544 4892 2675 4946 nihil
2697 4902 2770 4947 est
2796 4894 2849 4945 in
2873 4893 3041 4948 medio
3073 4909 3269 4957 eorum,
3304 4910 3464 4964 neque
3483 4897 3617 4949 inter

2027 4992 2325 5061 languorem
2370 4997 2418 5042 et
2475 4989 2776 5051 sanitatem,
2826 5003 2986 5056 neque
3026 4988 3156 5041 inter
3201 5004 3295 5058 par
3335 4999 3380 5041 et
3426 4989 3615 5055 impar.

2023 5084 2256 5151 Quorum
2288 5100 2401 5136 vero
2427 5099 2529 5137 non
2558 5093 2631 5135 est
2662 5085 3003 5135 necessarium
3048 5081 3266 5135 alterum
3304 5082 3490 5145 inesse,
3522 5082 3618 5136 lto-

2020 5193 2137 5232 rum
2159 5186 2230 5230 est
2252 5176 2459 5244 aliquod
2484 5176 2723 5239 medium,
2751 5184 2803 5228 ut
2823 5176 3025 5247 nigrum
3048 5186 3093 5227 et
3116 5174 3287 5227 album
3312 5174 3363 5224 in
3406 5190 3618 5243 corpore

2023 5283 2209 5323 natura
2250 5268 2431 5320 habent
2452 5268 2582 5333 fieri,
2609 5280 2653 5319 et
2692 5283 2793 5320 non
2820 5276 2891 5319 est
2920 5266 3261 5321 necessarium
3285 5266 3503 5319 alterum
3526 5267 3619 5321 ho-

2025 5378 2142 5415 rum
2171 5362 2332 5413 inesse
2356 5359 2588 5429 corpori,
2622 5376 2721 5411 non
2747 5359 2880 5411 enim
2920 5374 3067 5410 omne
3092 5373 3274 5422 corpus
3301 5368 3388 5409 aut
3418 5358 3612 5424 album,

2033 5463 2123 5506 aut
2146 5453 2345 5520 nigrum
2366 5460 2459 5502 est.
2478 5448 2706 5502 Pravum
2725 5465 2921 5518 quoque
2948 5459 2996 5502 et
3026 5450 3309 5502 studiosum
3332 5451 3619 5516 pra’dican-

2033 5558 2117 5601 tur
2148 5545 2351 5616 quidem
2382 5544 2444 5597 de
2469 5544 2699 5608 homine,
2730 5555 2779 5597 et
2826 5545 2888 5597 de
2917 5543 3032 5597 aliis
3062 5546 3253 5608 multis,
3282 5545 3371 5599 sed
3411 5563 3511 5599 non
3545 5558 3620 5601 est

2031 5639 2363 5695 necessarium
2393 5638 2610 5689 alterum
2644 5638 2826 5690 horum
2856 5636 3017 5693 inesse
3046 5638 3149 5691 illis
3182 5642 3245 5693 de
3273 5641 3457 5711 quibus
3483 5658 3619 5711 pm:-

2030 5735 2286 5798 ilicantur,
2317 5748 2415 5784 non
2439 5732 2574 5785 enim
2595 5732 2765 5784 omnia
2794 5735 2869 5787 vel
2897 5749 3074 5799 prava,
3100 5735 3174 5787 vel
3202 5736 3434 5790 studiosa
3461 5748 3617 5791 sunt:

2029 5825 2116 5880 sed
2146 5833 2216 5879 est
2246 5824 2429 5879 horum
2459 5824 2677 5878 medium
2700 5826 2918 5895 aliquid,
2948 5835 3005 5881 ut
3025 5825 3126 5878 albi
3156 5828 3363 5892 quidem
3402 5840 3450 5883 et
3484 5830 3614 5901 ηἱίίγὶ

2663 5952 2672 5981 ι
3104 5916 3143 5977 9
