4280 6268
605 352 705 411 267

1856 344 2179 404 AN.MANL.
2221 340 2371 403 SEV.
2413 333 2637 402 ΒΟΕΤΙῙ

3770 329 3875 399 eos

608 472 809 541 fuscum
838 475 885 523 et
912 465 1182 540 pallidum,
1233 472 1279 519 et
1321 466 1606 537 quicunque
1648 464 1740 518 alii
1780 464 1995 531 colores,
2045 460 2189 531 pravi
2215 460 2271 523 Α
2296 463 2601 518 necessario
2631 460 2886 517 alterutra
2916 459 3172 531 subjectis
3200 446 3398 525 inesSe,
3444 465 3497 514 et
3520 472 3639 529 quae
3669 471 3771 512 non
3797 468 3882 513 est

609 578 723 618 vero
749 575 794 617 et
820 562 1055 623 studiosi,
1084 560 1219 629 quod
1247 576 1407 631 neque
1437 576 1670 628 pravum,
1702 574 1859 627 neque
1904 554 2191 609 studiosum

607 669 698 715 ut.
737 656 802 711 In
854 656 1109 723 aliquibus
1139 658 1309 723 itaque
1353 656 1560 709 nomina
1591 654 1755 723 positu
1787 660 1903 704 sunt
1949 651 2034 717 iis,
2080 663 2195 718 qua:

548 810 553 813 μ
608 750 778 806 media
798 758 935 815 sunt,
969 757 1024 802 ut
1053 749 1156 803 albi
1185 759 1230 801 et
1250 749 1401 819 nigri,
1431 750 1633 819 fuscum
1656 756 1704 799 et
1733 744 2005 814 pallidum,
2036 750 2082 796 et
2104 741 2196 795 alii

609 846 822 900 colores.
859 842 921 896 In
935 841 1190 913 aliquibus
1212 852 1385 897 autem
1406 842 1620 896 nomina
1649 838 1853 910 quidem
1872 835 2039 890 medio
2064 833 2195 889 assi-

610 954 768 1010 gnare
798 946 1091 1007 promptum
1114 954 1213 990 non
1238 945 1332 1002 est,
1357 935 1444 989 sed
1468 950 1556 1004 per
1588 942 1913 1001 utrorumque
1939 938 2196 983 extremo-

612 1050 727 1087 rum
770 1036 1084 1105 negationem
1138 1032 1275 1103 quod
1306 1031 1529 1085 medium
1573 1037 1648 1082 est
1707 1024 2093 1088 determinatur,
2144 1030 2201 1074 ut

614 1147 775 1202 neque
806 1131 1013 1197 bonum,
1048 1142 1207 1197 neque
1256 1123 1469 1191 malum,
1498 1136 1655 1190 neque
1685 1122 1908 1191 justum,
1937 1129 2098 1185 neque
2124 1112 2204 1166 in-

615 1228 833 1299 justum.

692 1319 877 1375 Brevis
923 1314 1312 1372 contrariorum
1353 1307 1569 1380 partitio
1609 1307 1711 1365 hoc
1759 1304 1918 1359 modo
1961 1298 2206 1355 facienda

619 1425 721 1469 est.
773 1409 1176 1468 Contrariorum
1220 1405 1324 1459 alia
1372 1411 1498 1460 sunt
1546 1398 1794 1455 habentia
1843 1393 2208 1456 medietatem,

620 1504 724 1559 alia
757 1517 883 1557 vero
913 1516 1016 1555 non
1045 1498 1317 1565 habentia,
1352 1505 1405 1550 et
1434 1507 1619 1549 eorum
1649 1502 1876 1561 quotum
1905 1494 1986 1541 est
2012 1481 2210 1553 aliquid

623 1595 881 1661 medium,
910 1595 963 1647 in
990 1591 1110 1647 aliis
1156 1592 1332 1660 plures
1360 1587 1695 1647 medietates,
1726 1582 1777 1635 in
1807 1580 1925 1634 aliis
1955 1592 2085 1633 vero
2107 1589 2211 1630 una

622 1696 828 1744 tantum
862 1684 1120 1743 medietas
1149 1680 1441 1737 invenitur.
1468 1679 1642 1747 Atque
1665 1674 1855 1729 horum
1884 1670 2076 1737 aliqua;
2100 1680 2214 1720 me-

625 1781 854 1837 dietates
884 1777 1113 1847 propriis
1145 1771 1450 1829 nominibus
1476 1768 1830 1840 appellantur,
1863 1763 1915 1817 in
1945 1758 2213 1827 aliquibus

2300 573 2520 613 necesse
2547 559 2802 613 alterutra
2829 555 3088 627 subjectis
3126 557 3322 621 inesse,
3373 568 3479 609 non
3522 562 3604 609 est
3663 552 3881 606 dttbium

2299 652 2428 720 quin
2473 650 2583 705 illic
2622 648 2864 720 quaedam
2916 648 3087 718 possit
3125 662 3246 703 esse
3274 646 3552 709 medietas,
3587 644 3679 700 sed
3710 644 3759 696 in
3790 642 3885 720 ali-

2302 744 2499 815 quibus
2530 742 2747 811 quidem
2783 715 2984 809 plures,
3037 739 3090 793 in
3140 738 3402 808 aliquibus
3433 744 3612 791 autem
3656 748 3759 787 una
3804 715 3887 787 est

2303 838 2584 906 medietas,
2613 845 2669 890 ut
2698 835 2749 890 in
2773 834 2954 892 colore
2979 833 3116 887 inter
3145 832 3321 887 album
3346 834 3503 899 atque
3533 828 3739 898 nigrum
3771 825 3889 894 plu-

2306 946 2393 985 res
2416 929 2729 985 medietates
2745 936 2887 984 sunt.
2914 927 3007 980 Est
3030 924 3168 980 enim
3193 923 3274 993 (ut
3298 922 3496 976 dictum
3518 922 3622 989 est)
3646 920 3883 983 rubrum,

2307 1032 2392 1080 est
2415 1038 2627 1095 quoque
2656 1020 2933 1093 pallidum,
2967 1019 3155 1075 eodem
3187 1030 3398 1086 quoque
3428 1012 3588 1067 modo
3613 1018 3887 1075 venetum,

2308 1128 2364 1172 et
2408 1116 2573 1171 multa
2621 1124 2878 1185 praeterea
2932 1110 3255 1183 huiusmodi.
3293 1109 3344 1163 In
3372 1106 3546 1164 calido
3574 1121 3706 1161 vero
3733 1112 3892 1174 atque

2310 1209 2506 1279 frigido
2527 1224 2632 1264 una
2663 1208 2923 1264 medietas
2951 1216 3057 1273 est,
3102 1220 3219 1276 quae
3249 1203 3443 1258 dicitur
3469 1210 3643 1270 tepor.
3689 1200 3893 1255 Horum

2311 1308 2490 1356 autem
2521 1300 2712 1369 quibus
2740 1314 2844 1354 una
2899 1297 3163 1353 medietas
3200 1306 3305 1359 est,
3336 1295 3390 1348 in
3421 1293 3543 1347 aliis
3588 1306 3785 1347 nomen
3813 1300 3895 1353 est

2314 1396 2567 1467 positum,
2599 1398 2650 1451 in
2681 1396 2798 1451 aliis
2828 1412 2956 1451 non.
2979 1394 3044 1448 Et
3069 1394 3299 1463 positum
3324 1392 3538 1462 quidem
3570 1402 3762 1443 nomen
3792 1393 3898 1451 est,

2317 1500 2371 1545 ut
2395 1490 2536 1544 inter
2556 1488 2789 1543 calidum
2823 1487 3201 1557 frigidamque,
3229 1485 3368 1540 hanc
3392 1485 3535 1540 enim
3557 1481 3902 1537 medietatem

2317 1582 2558 1652 tepidum
2591 1595 2710 1636 esse
2744 1578 3121 1650 praedicamus.
3154 1576 3269 1631 Non
3302 1586 3385 1631 est
3424 1590 3547 1630 vero
3578 1572 3810 1642 positum
3850 1569 3903 1629 in

2318 1691 2383 1729 eo
2411 1675 2554 1744 quod
2585 1672 2910 1730 Aristoteles
2950 1674 3062 1741 ipse
3089 1670 3169 1726 sic
3208 1668 3345 1724 dixit
3374 1686 3387 1722 :
3414 1665 3649 1736 [mprobi
3690 1678 3816 1718 vero
3853 1670 3904 1721 et

2320 1767 2497 1836 probi,
2545 1764 2687 1836 quod
2724 1779 2899 1831 neque
2943 1763 3167 1832 probum
3208 1770 3312 1826 est,
3362 1774 3535 1835 neque
3580 1758 3903 1825 improbum.

625 1888 753 1928 vero
785 1871 913 1941 ipsa:
937 1868 1150 1939 quidem
1184 1865 1498 1921 medietates
1520 1858 1748 1930 propriis
1764 1851 2212 1926 appellationibus
2242 1849 2291 1912 Β
2318 1859 2449 1914 Nam
2481 1858 2734 1929 quoniam
2767 1858 2960 1912 bonum
2991 1863 3149 1923 atque
3179 1852 3378 1906 malum
3401 1850 3501 1905 sibi
3531 1857 3655 1904 sum
3680 1854 3903 1902 compa-

625 1974 830 2033 carent,
862 1961 1250 2018 contrariorum
1288 1973 1416 2013 vero
1448 1954 1729 2023 negatione
1771 1949 2065 2019 signantur.
2109 1940 2214 1999 Sed

627 2057 744 2113 base
774 2071 895 2126 qua:
925 2055 1063 2109 dicta
1091 2062 1238 2118 sunt,
1267 2066 1294 2103 a
1326 2045 1620 2119 primordio
1652 2048 1957 2112 repetentes
1988 2034 2216 2107 propriis

628 2151 915 2221 probemus
945 2146 1221 2214 exemplis.
1272 2143 1364 2198 llla
1406 2155 1533 2196 vero
1578 2136 1847 2194 contraria
1888 2147 2007 2204 quae
2038 2128 2217 2184 medio

629 2251 817 2299 carent
843 2241 965 2295 talia
997 2246 1140 2303 sunt,
1175 2244 1232 2291 ut
1266 2247 1487 2289 necesse
1516 2230 1585 2285 sit
1614 2229 1841 2283 alterum
1867 2236 2053 2279 eorum
2093 2233 2217 2289 pro-

629 2337 751 2409 prio
776 2336 953 2391 inesse
973 2332 1237 2401 subjecto,
1263 2337 1322 2383 ut
1342 2336 1421 2383 est
1445 2321 1702 2395 aegritudo
1722 2330 1776 2375 et
1802 2316 2021 2373 sanitas.
2047 2313 2219 2367 Omne

632 2433 776 2490 enim
808 2443 1003 2498 corpus
1048 2428 1099 2479 in
1142 2438 1249 2495 quo
1292 2418 1553 2493 aegritudo
1598 2417 1907 2484 sanitasque
1955 2417 2216 2469 versatur,

634 2534 729 2581 aut
748 2537 947 2594 aegrum
977 2528 1070 2573 aut
1092 2530 1281 2571 sanum
1307 2523 1411 2569 est.
1434 2514 1612 2583 Atque
1643 2508 1763 2563 ideo
1791 2505 2040 2575 quoniam
2066 2498 2222 2570 aegri-

636 2617 767 2672 tudo
789 2624 844 2669 ct
866 2612 1065 2666 sanitas
1109 2607 1397 2661 medietate
1425 2609 1634 2666 carent,
1678 2599 1994 2653 alterutrum
2034 2604 2219 2648 eorum

638 2707 799 2765 inerit
825 2705 876 2761 ei
907 2701 1167 2771 subjecto,
1210 2698 1265 2752 in
1294 2713 1400 2767 quo
1431 2706 1655 2762 utraque
1694 2700 1814 2743 nata
1846 2695 1971 2741 sunt
1999 2684 2136 2747 fieri,
2168 2690 2223 2736 et

638 2802 708 2859 de
737 2814 843 2872 quo
889 2796 1268 2868 praedicantur.
1299 2789 1431 2845 Nam
1461 2787 1713 2859 quoniam
1746 2784 1797 2838 in
1840 2795 2065 2850 corpore
2104 2776 2223 2830 ani-

641 2866 795 2951 malis
822 2866 1024 2946 sanitas
1044 2898 1099 2943 et
1119 2883 1380 2956 aegritudo
1412 2882 1527 2936 ﬁeri
1554 2888 1677 2935 nata
1704 2885 1811 2953 est,
1835 2876 1887 2930 id
1908 2883 1991 2929 est
2013 2874 2084 2924 ita
2106 2866 2223 2921 ﬁeri

641 2989 801 3055 solet,
845 2993 897 3040 et
936 2986 1005 3037 ita
1033 2995 1195 3037 omne
1227 2988 1407 3033 natum
1440 2985 1521 3032 est
1558 2971 1779 3037 animal,
1814 2977 1870 3024 ut
1897 2974 1990 3022 aut
2036 2974 2223 3018 sanum

642 3096 761 3137 esse
784 3078 952 3150 possit
976 3084 1069 3129 aut
1087 3088 1312 3144 aegrum.
1355 3070 1422 3125 Et
1449 3068 1702 3140 quoniam
1741 3065 1808 3119 de
1836 3059 2081 3116 animalis
2108 3070 2228 3110 cor-

645 3187 775 3243 pore
800 3180 890 3224 aut
916 3182 1127 3232 sanum,
1157 3174 1247 3219 aut
1282 3177 1483 3232 aegrum
1513 3159 1855 3231 praedicatur,
1898 3165 2119 3208 necesse
2144 3155 2229 3204 est

2321 1950 2419 2017 ria,
2451 1965 2557 2005 non
2587 1959 2765 2003 autem
2808 1962 3030 2002 necesse
3060 1954 3143 2000 est
3172 1959 3330 1997 omne
3370 1941 3511 2011 quod
3556 1940 3681 1995 boni
3712 1938 3907 1994 malive

2320 2042 2666 2112 susceptibile
2690 2048 2801 2108 est,
2833 2040 2915 2096 vel
2949 2040 3145 2094 bonum
3185 2051 3304 2091 esse
3331 2036 3413 2091 vel
3447 2035 3643 2091 malum
3664 2073 3679 2097 ,
3710 2032 3907 2088 idcirco

2327 2134 2465 2190 dixit
2501 2135 2698 2191 bonum
2738 2131 3063 2201 titulumque,
3102 2145 3222 2186 cum
3245 2131 3353 2186 sint
3379 2128 3679 2192 contraria,
3716 2125 3910 2181 habere

2320 2226 2608 2298 quamdam
2655 2224 3027 2287 medietatem,
3070 2223 3154 2278 cui
3195 2237 3390 2277 nomen
3437 2220 3666 2290 positum
3694 2218 3909 2289 quidem

2320 2335 2429 2375 non
2458 2320 2557 2385 sit,
2580 2317 2675 2372 sed
2709 2316 3055 2371 nihilominus
3086 2330 3204 2370 eam
3249 2315 3366 2383 quis
3398 2314 3538 2367 inter
3568 2314 3663 2365 has
3694 2320 3910 2365 contra-

2322 2413 2525 2467 riorum
2573 2418 2792 2463 naturas
2836 2407 3090 2461 inveniet.
3142 2403 3274 2458 Nam
3323 2401 3467 2473 quod
3512 2402 3715 2457 dictum
3763 2407 3847 2455 est
3881 2414 3913 2454 a

2330 2507 2724 2580 posterioribus
2758 2505 2897 2559 inter
2926 2503 3126 2556 bonum
3151 2500 3460 2567 malumque
3487 2511 3607 2551 esse
3620 2510 3680 2550 ea
3695 2510 3815 2556 quae
3830 2493 3914 2548 di-

2326 2612 2517 2659 cantur
2547 2598 2924 2662 indiﬂ‘erentia,
2953 2607 3011 2649 ut
3039 2598 3260 2651 interest
3279 2593 3533 2648 virtutem
3557 2600 3717 2661 atque
3740 2588 3915 2659 turpi-

2328 2694 2591 2757 tudinem,
2624 2706 2742 2762 (ιιιιε
2770 2700 2995 2758 utraque
3018 2686 3121 2742 sibi
3146 2693 3274 2742 sunt
3305 2684 3603 2747 contraria,
3632 2682 3831 2738 divitiae
3860 2689 3917 2735 et

2329 2784 2699 2858 pulchritudo,
2724 2797 2843 2853 qua:
2869 2781 2950 2853 (ιιι
2976 2778 3145 2836 Stbici
3175 2775 3395 2851 putant)
3426 2791 3599 2847 neque
3626 2775 3788 2839 mala,
3816 2788 3916 2829 ne-

2330 2892 2434 2951 que
2463 2877 2599 2931 bona
2630 2883 2783 2937 sunt,
2828 2881 2988 2941 atque
3032 2869 3230 2925 idcirco
3280 2867 3635 2925 iudiﬂ'erentia
3675 2862 3919 2919 nomina-

2332 2988 2458 3027 vere
2478 3012 2493 3037 ,
2526 2969 2621 3025 sed
2653 2969 2754 3021 hoc
2784 2967 2956 3036 ipsum
3002 2962 3145 3033 quod
3181 2960 3408 3017 dicimus
3438 2958 3749 3014 indiﬂ‘erens
3776 2956 3919 3026 apud

2332 3065 2539 3135 priores
2560 3074 2754 3115 nomen
2786 3072 2890 3111 non
2920 3062 3036 3111 erat
3055 3096 3069 3121 ,
3097 3064 3153 3112 et
3177 3068 3209 3109 a
3236 3051 3625 3124 posterioribus
3646 3050 3915 3105 inventum

2334 3166 2433 3213 est.
2467 3150 2786 3212 Aristoteles
2808 3156 2986 3205 autem
3008 3147 3098 3219 qui
3120 3148 3222 3203 hoc
3246 3146 3466 3202 nomine
3494 3159 3622 3200 usus
3647 3156 3921 3213 nunquam

646 3264 895 3335 quoniam
926 3262 1040 3315 hac
1065 3258 1243 3313 medio
1262 3256 1513 3310 carentin
1543 3252 1689 3307 omni
1712 3263 1940 3316 corpore
1963 3240 2229 3308 animalis,
2254 3225 2451 3320 C‘esi,
2478 3249 2553 3304 ait
2577 3246 2807 3318 probum
2836 3253 2995 3315 atque
3026 3240 3330 3313 improbum
3358 3238 3557 3296 habere
3583 3236 3800 3309 quidem
3829 3235 3923 3290 aii-

647 3365 739 3410 aut
756 3351 1146 3422 aegritudinem,
1174 3357 1263 3402 aut
1287 3348 1568 3402 sanitatem
1599 3358 1736 3398 esse.
1766 3340 2027 3409 Quocirca
2046 3349 2231 3391 eorum

649 3461 771 3517 qua;
788 3443 963 3498 medio
986 3452 1190 3506 carent,
1208 3452 1433 3495 necesse
1447 3437 1675 3492 alterum
1692 3435 1953 3489 interesse
1968 3428 2232 3499 subjecto,

652 3547 706 3594 et
724 3548 1054 3607 quacunque
1077 3532 1196 3587 talia
1223 3538 1367 3596 sunt,
1396 3540 1452 3584 ut
1481 3528 1707 3583 alterum
1737 3528 1973 3595 ipsorum
1998 3520 2238 3590 subjecto

653 3633 833 3688 inesse
862 3641 1083 3683 necesse
1111 3626 1199 3688 sit,
1231 3623 1375 3678 nulla
1400 3622 1542 3676 inter
1570 3636 1631 3677 ea
1665 3618 1925 3687 medietas
1951 3614 2234 3669 clauditur.

657 3727 749 3781 Illa
775 3736 906 3778 vero
926 3719 1189 3776 contraria
1221 3717 1271 3769 in
1301 3715 1492 3784 quibus
1523 3712 1700 3782 aliqua
1729 3709 1987 3765 medietas
2017 3715 2099 3760 est
2134 3719 2240 3759 non

656 3829 784 3873 sunt
813 3815 957 3891 talia,
991 3823 1048 3867 ttt
1092 3825 1279 3866 eorum
1308 3821 1527 3861 necesse
1556 3810 1627 3860 sit
1656 3804 1881 3858 alterum
1916 3803 2094 3855 inesse
2118 3796 2245 3851 sub-

660 3910 818 3982 iecto.
863 3890 994 3962 Nam
1033 3906 1086 3960 in
1112 3904 1217 3957 illis
1239 3917 1357 3972 quae
1399 3898 1577 3955 medio
1602 3906 1807 3964 carent,
1856 3890 2057 3948 id'circo
2081 3892 2247 3945 alter-

664 4011 841 4057 utrum
882 3997 1128 4068 subjecto
1154 3995 1333 4049 inesse
1363 4004 1585 4047 necesse
1613 3998 1714 4057 est,
1749 3989 1891 4057 quod
1918 3998 2105 4039 eorum
2136 3996 2249 4035 me-

665 4097 838 4154 dietas
870 4093 1009 4148 nulla
1048 4100 1132 4146 est
1171 4105 1290 4160 quae
1336 4087 1504 4158 possit
1534 4086 1737 4141 interea
1776 4083 2033 4151 subjecta:
2073 4080 2251 4134 inesse

667 4189 1002 4251 sttl.stantim,
1030 4196 1086 4239 ttt
1108 4185 1161 4239 in
1194 4199 1419 4239 numero
1448 4183 1700 4252 quoniam
1731 4180 1928 4249 paritas
1956 4186 2010 4229 et
2035 4171 2253 4242 impari-

672 4295 754 4337 tas
785 4280 1018 4335 medium
1050 4276 1183 4330 nihil
1231 4274 1426 4327 habent
1478 4271 1676 4342 (omnis
1707 4270 1847 4325 enim
1880 4280 2134 4321 numerus
2165 4270 2255 4316 aut

670 4391 765 4445 par
804 4382 894 4427 aut
940 4372 1112 4439 impar
1151 4378 1251 4429 est,
1297 4382 1395 4420 nec
1425 4374 1508 4419 est
1548 4363 1686 4433 quod
1720 4372 1999 4432 propterea
2033 4369 2258 4411 numero

675 4471 853 4523 inesse
875 4462 1086 4533 possit),
1107 4459 1226 4528 ideo
1255 4457 1428 4513 omnis
1454 4469 1708 4510 numerus
1737 4461 1827 4507 aut
1848 4466 1940 4521 par
1968 4458 2059 4503 aut
2086 4449 2259 4517 impar

674 4572 774 4617 est.
790 4561 845 4615 In
879 4559 961 4612 his
984 4571 1110 4611 vero
1126 4571 1242 4625 qua:
1266 4554 1403 4607 inter
1431 4566 1489 4605 se
1510 4547 1847 4604 medietatem
1867 4544 2099 4613 aliquam
2120 4556 2261 4595 com-

2337 3358 2499 3415 quam
2529 3338 2904 3404 medietatem,
2944 3342 3314 3390 verumtamen
3361 3348 3478 3388 eam
3524 3329 3668 3386 nullo
3711 3324 3925 3383 nomine

2340 3434 2635 3505 nuncupari
2659 3478 2673 3504 ,
2707 3432 2800 3489 sed
2825 3447 2944 3486 eam
2968 3430 3249 3500 utriusque
3281 3425 3535 3484 contrarii
3562 3422 3925 3493 negotiatione

2342 3527 2613 3585 dilﬁnivit.
2650 3524 2741 3580 Ait
2769 3526 2914 3578 enim
2951 3522 3298 3578 medietatem
3324 3518 3479 3591 probi
3517 3526 3673 3588 atque
3698 3513 3931 3585 improbi

2345 3636 2487 3689 esse,
2516 3618 2657 3690 quod
2685 3631 2859 3687 neque
2880 3616 3110 3687 probum
3143 3624 3287 3672 esset
3312 3628 3484 3683 neque
3515 3609 3842 3681 improbum,
3874 3616 3934 3667 ut

2343 3714 2470 3785 justi
2501 3724 2659 3784 atque
2690 3710 2870 3783 injuSti
2901 3709 3164 3765 medietas
3189 3719 3307 3773 est,
3338 3706 3475 3775 quod
3506 3718 3677 3775 neque
3704 3703 3937 3774 justum,

2349 3822 2524 3879 neque
2554 3804 2807 3875 injustum
2847 3812 2950 3857 est.
2991 3801 3098 3856 Sed
3149 3816 3217 3855 ne
3264 3798 3505 3854 videatur
3550 3795 3939 3852 inconveniens

2351 3900 2551 3972 aliquid
2581 3896 2959 3969 negationibus
2989 3894 3245 3960 dil‘tiniri,
3279 3894 3393 3965 ipse
3430 3893 3505 3947 ait
3538 3909 3551 3944 :
3585 3890 3643 3946 lu
3672 3889 3943 3961 aliquibus

2354 4011 2484 4051 vero
2513 4002 2723 4049 nonest
2749 3991 2963 4047 nomine
2986 3990 3257 4061 assignare
3286 3985 3946 4055 medietatem,utriusque

2357 4102 2488 4142 vero
2515 4085 2800 4154 negatione
2838 4081 3118 4136 diftiuitur.
3150 4079 3392 4150 Namque
3428 4078 3520 4133 ubi
3563 4088 3647 4133 est
3686 4090 3789 4131 una
3834 4089 3947 4131 me.

2358 4179 2550 4244 dietas,
2578 4176 2622 4231 si
2650 4185 2874 4244 utraque
2903 4173 3169 4229 contraria
3194 4174 3306 4228 sint
3332 4179 3540 4227 remota
3557 4210 3574 4237 ,
3601 4169 3711 4226 sola
3742 4176 3948 4226 tantum

2359 4271 2619 4328 medietas
2648 4269 3015 4339 permanth,
3049 4266 3193 4321 utin
3236 4280 3300 4321 eo
3342 4262 3485 4334 quod
3524 4270 3608 4318 est
3652 4260 3854 4315 bonum
3897 4268 3950 4319 et

2362 4366 2584 4431 malum,
2614 4363 2866 4433 quoniam
2901 4362 2984 4417 his
3006 4375 3109 4416 una
3139 4358 3399 4416 medietas
3427 4363 3544 4421 est,
3571 4353 3783 4410 sublato
3804 4351 3951 4409 bono

2362 4468 2523 4529 atque
2550 4454 2725 4520 malo,
2753 4453 2926 4508 solum
2957 4452 3102 4524 quod
3130 4466 3305 4523 neque
3339 4449 3538 4505 bonum
3559 4488 3577 4516 ,
3608 4457 3785 4515 neque
3830 4457 3952 4499 mac

2365 4551 2475 4606 lum
2514 4558 2596 4605 est
2645 4546 2986 4617 relinquitur.
3045 4544 3306 4614 Quocirca
3368 4549 3478 4597 tota
3532 4553 3720 4597 rursus
3759 4535 3956 4597 divisio

674 4655 1002 4726 plectuntur,
1026 4664 1129 4705 ι.οη
1161 4658 1241 4702 εει
1272 4660 1494 4701 ιιεεεεεε
1528 4654 1743 4711 semper
1772 4639 2000 4693 alterum
2039 4646 2235 4691 contra-

2378 4644 2602 4703 breviter
2632 4641 2949 4697 assumenda
2999 4649 3100 4697 est.
3146 4640 3346 4695 Eorum
3383 4654 3506 4710 quae
3533 4643 3659 4693 sunt
3684 4632 3959 4693 contraria

676 4748 876 4803 riorum
908 4746 1103 4799 inesse.
1138 4741 1320 4796 Potest
1346 4750 1576 4806 namque
1600 4736 1775 4789 inesse
1804 4731 2084 4795 medietas,
2111 4738 2168 4781 ttt
2207 4728 2263 4782 in

679 4841 880 4904 colore,
918 4839 1172 4907 quoniam
1216 4834 1392 4887 album
1424 4844 1585 4901 atque
1619 4828 1829 4899 nigrum
1866 4822 2263 4881 eontrarietatis

680 4931 800 4985 vice
828 4930 1041 4984 diversa
1088 4936 1232 4990 sunt,
1271 4925 1466 4978 habent
1495 4933 1673 4976 autem
1723 4918 1953 4974 medium
1992 4916 2135 4987 quod
2180 4923 2266 4969 est

682 5023 905 5078 rubrum
935 5021 1017 5075 vel
1048 5018 1323 5088 pallidum,
1372 5016 1569 5068 ideirco
1611 5028 1716 5066 non
1754 5026 1915 5065 omne
1948 5024 2142 5077 corpus
2179 5007 2265 5063 vel

685 5116 865 5169 album
892 5111 973 5166 vel
1002 5111 1209 5179 nigrum
1255 5116 1355 5174 est,
1387 5105 1638 5176 quoniam
1679 5112 1855 5171 potest
1889 5099 2178 5169 aliquando
2208 5099 2262 5154 in

685 5206 941 5275 subjectis
966 5200 1283 5272 corporibus
1314 5199 1417 5252 albi
1453 5207 1612 5266 atque
1650 5194 1784 5264 nigri
1822 5193 2082 5248 medietas
2116 5191 2265 5245 inve-

686 5300 810 5356 niri.
870 5297 1120 5351 Videmus
1167 5308 1396 5361 namque
1446 5290 1662 5345 rubrum
1710 5301 1936 5356 corpus,
1990 5295 2048 5340 ut
2088 5302 2263 5351 rosam

686 5392 991 5460 multosque
1032 5398 1289 5459 pra'terea
1314 5386 1492 5449 ﬂores,
1518 5396 1652 5453 quos
1679 5381 1829 5435 verni
1859 5380 2112 5449 temporis
2156 5381 2267 5435 cle-

689 5486 891 5541 mentia
920 5483 1162 5554 parturit.
1196 5480 1359 5534 Recte
1388 5478 1545 5545 igitur
1574 5474 1772 5530 dictum
1801 5483 1900 5537 est,
1928 5488 2111 5528 eorum
2137 5487 2266 5542 quo-

690 5596 809 5635 rum
856 5595 963 5632 non
1007 5588 1131 5630 sunt
1174 5575 1365 5644 aliqua:
1414 5570 1729 5625 medietates
1780 5568 2006 5623 alterum
2058 5580 2274 5635 sempor

694 5674 871 5726 inesse
913 5670 1186 5735 subjectis,
1232 5676 1283 5722 et
1329 5667 1380 5719 iu
1423 5665 1616 5734 quibus
1660 5676 1880 5719 necesse
1926 5673 2007 5716 est
2044 5661 2271 5715 alterum

618 5770 623 5775 '
694 5767 892 5829 inesse,
922 5763 1038 5818 ﬁeri
1066 5780 1169 5817 non
1194 5776 1351 5830 posse
1370 5760 1498 5828 quin
1523 5759 1631 5813 illic
1656 5758 1912 5813 medietas
1934 5756 2038 5812 ulla
2058 5756 2146 5809 sit.
2170 5755 2275 5811 Eo-

694 5860 818 5913 dt-m
847 5871 1058 5925 quoque
1101 5854 1258 5909 modo
1293 5861 1347 5906 ει
1391 5868 1510 5922 quae
1539 5850 1853 5907 medietates
1906 5850 2119 5915 habent,
2166 5864 2275 5907 non

2368 4748 2597 4815 quorum
2618 4752 2841 4796 necesse
2870 4747 2948 4791 est
2980 4750 3195 4805 semper
3222 4734 3453 4790 alterum
3482 4732 3661 4789 inesse
3682 4728 3740 4787 iu
3769 4728 3875 4795 his,
3904 4726 3959 4789 in

2371 4836 2561 4906 quibus
2592 4850 2655 4891 ea
2694 4831 2988 4888 secundum
3032 4828 3583 4900 propriam'naturam
3613 4826 3792 4881 inesse
3832 4836 3961 4878 con~

2373 4929 2605 4998 tingunt,
2628 4941 2690 4981 ea
2714 4924 2916 4980 nullam
2945 4923 3085 4977 inter
3100 4936 3160 4977 se
3179 4921 3413 4977 retinent
3436 4918 3800 4981 medietatem,
3822 4924 3882 4970 ut
3909 4914 3964 4972 in

2374 5034 2599 5090 corpore
2628 5018 2829 5073 sanitas
2860 5025 2915 5071 et
2940 5015 3222 5085 agritudo,
3246 5014 3302 5069 in
3331 5027 3557 5069 numero
3581 5010 3781 5082 paritas
3802 5017 3965 5079 atque

2380 5112 2674 5180 imparitas.
2714 5110 3058 5180 Quaecunque
3108 5122 3235 5164 vero
3270 5107 3325 5161 in
3373 5106 3454 5160 bis
3500 5104 3552 5159 in
3598 5100 3792 5172 quibus
3843 5113 3967 5157 esse

2378 5210 2623 5273 possunt,
2657 5216 2763 5262 non
2792 5201 2859 5255 ἱῐί
2893 5210 3015 5256 sunt
3040 5244 3054 5269 ,
3089 5208 3146 5253 ut
3172 5212 3359 5254 eorum
3389 5208 3615 5261 necesse
3643 5193 3713 5248 sit
3738 5183 3993 5247 alterum.

2381 5296 2577 5359 inesse,
2613 5294 2727 5349 haec
2770 5294 3001 5364 aliqttztm
3046 5292 3183 5348 inter
3221 5306 3279 5345 se
3315 5288 3629 5360 qualitatem
3665 5284 3970 5342 medietatis

2378 5389 2789 5459 amplectuntur,
2818 5396 2876 5440 ut
2894 5384 3085 5440 albedo
3110 5390 3270 5454 atque
3300 5380 3557 5453 nigredo,
3588 5380 3839 5442 rubrum,
3870 5375 3967 5431 iri-

2379 5482 2560 5556 gidnm
2591 5492 2750 5551 atque
2796 5477 3026 5534 calidum
3076 5485 3340 5545 teporem.
3394 5474 3596 5529 Horum
3646 5481 3823 5526 autem
3864 5467 3968 5522 alia

2377 5587 2499 5633 sunt
2519 5590 2640 5647 qua:
2662 5588 2822 5628 unam
2845 5569 3011 5625 solam
3035 5567 3311 5623 continent
3330 5565 3694 5629 medietatem,
3717 5563 3817 5617 alia
3842 5572 3970 5614 vero

2378 5687 2497 5742 quae
2525 5668 2744 5732 multas,
2769 5673 2824 5720 et
2852 5662 3063 5729 multas,
3091 5671 3149 5716 ut
3177 5663 3315 5717 inter
3337 5662 3517 5717 album
3549 5668 3706 5727 atque
3733 5654 3967 5722 nigrum,

2381 5762 2661 5831 pallidum,
2694 5766 2969 5829 venetum,
2998 5771 3119 5826 quae
3148 5756 3470 5812 medietates
3497 5758 3640 5805 sunt.
3665 5750 3805 5802 Inter
3832 5744 3969 5799 eali-

2380 5854 2507 5910 dum
2535 5860 2693 5921 atque
2732 5848 2981 5917 frigidum
3012 5861 3115 5904 una
3164 5848 3278 5903 sola
3319 5855 3401 5901 est
3449 5840 3743 5907 medietas,
3791 5845 3968 5907 tepor.
