4280 6268
368 202 462 266 269

1327 190 1399 259 ΙΝ
1430 196 1872 260 CATEGORIAS
1908 193 2356 255 ARISTOTELIS
2397 193 2523 250 LIB.
2565 190 2655 250 IV.

3527 190 3632 248 270
3669 253 3707 288 Κ,

366 328 562 386 Horum
610 336 789 387 autem
828 344 951 401 qua
983 344 1143 386 unam
1192 332 1424 388 retinent
1460 328 1833 391 medietatem,
1887 323 1939 379 in
1965 324 2017 391 Α
2044 319 2245 375 habere
2294 317 2609 372 naturaliter
2649 315 2837 385 debet,
2886 313 3078 371 dentes
3124 326 3235 369 non
3283 300 3465 384 habet,
3496 317 3624 371 utsi
3666 308 3677 334 '

364 425 478 478 aliis
507 425 725 479 nomina
756 432 882 479 sunt
907 424 1079 494 posita
1098 469 1111 491 ,
1142 432 1201 477 ut
1226 423 1277 479 in
1308 438 1374 479 eo
1400 424 1516 492 ipso
1542 420 1721 477 calore
1747 433 1810 474 ac
1840 416 1936 472 fri-

361 531 507 585 gore.
545 515 641 571 Est
664 517 807 571 enim
834 526 987 586 tepor
1011 515 1271 572 medietas
1296 514 1488 571 caloris
1512 524 1673 585 atque
1702 510 1934 582 frigoris.

363 608 419 662 In
461 608 724 678 aliquibus
759 623 886 664 vero
914 623 1110 664 nomen
1150 608 1381 677 positum
1412 623 1515 663 non
1555 616 1672 672 est,
1705 614 1763 660 ut
1789 605 1842 659 in
1871 619 1937 660 eo

361 701 502 772 quod
530 710 612 756 est
650 702 841 756 bonum
878 711 1037 771 atque
1067 701 1297 769 malum,
1320 702 1521 771 justum
1568 709 1727 768 atque
1769 697 1938 768 injus-

363 803 496 847 tum.
527 793 581 848 in
612 793 694 847 his
718 794 861 860 enim
891 792 1151 849 medietas
1192 808 1386 849 nomen
1426 794 1658 863 positum
1696 805 1801 846 non
1843 793 1937 845 ha-

360 882 478 954 bet,
509 885 601 941 sed
628 899 975 958 utrorumque
1001 888 1389 942 contrariorum
1422 884 1796 957 negationibus
1831 883 1933 939 dif-

359 980 556 1045 ﬁuitur,
590 988 646 1033 ut
671 980 910 1035 dicamus
940 996 1056 1036 eam
1083 996 1202 1036 esse
1234 980 1359 1036 boni
1387 991 1547 1051 atque
1579 979 1705 1034 mali
1737 977 1939 1034 medie-

356 1080 535 1139 tatem,
568 1074 709 1143 quod
732 1089 906 1144 neque
929 1074 1123 1129 bonum
1145 1086 1230 1129 est
1256 1090 1429 1144 neque
1458 1074 1654 1129 malum
1672 1113 1688 1139 ,
1710 1086 1938 1141 eamque

352 1180 469 1220 csse
485 1164 613 1234 justi
642 1175 697 1221 et
724 1166 909 1237 injusti
949 1166 1308 1233 medietatem,
1334 1182 1455 1236 quae
1484 1174 1708 1236 utraque
1729 1170 1937 1220 contra-

351 1258 538 1312 rietate
568 1268 835 1313 summota
860 1300 875 1325 ,
908 1272 1259 1330 utrorumque
1291 1260 1572 1329 negatione
1596 1257 1934 1328 relinquitur,

349 1360 405 1405 ut
434 1362 515 1407 est
547 1368 721 1421 neque
743 1352 969 1420 justum,
998 1368 1172 1423 neque
1204 1353 1483 1422 injustum.

421 1444 653 1499 Privatio
675 1456 845 1500 autem
868 1456 916 1499 et
942 1445 1144 1499 habitus
1173 1447 1359 1499 dicitur
1386 1446 1589 1517 quidem
1615 1459 1730 1514 quae
1752 1444 1938 1498 habent

347 1537 464 1603 fieri
494 1538 628 1590 circa
667 1536 803 1592 idem
840 1537 1059 1606 aliquid.
1085 1545 1138 1589 ut
1160 1537 1285 1591 visio
1311 1546 1358 1590 et
1403 1537 1601 1591 edacitas
1629 1536 1765 1590 circa
1809 1550 1931 1588 ocu-

345 1629 476 1682 lum.
506 1628 873 1683 Universaliter
896 1638 1065 1681 autem
1090 1628 1327 1692 dicendo,
1358 1629 1410 1681 in
1437 1644 1534 1697 quo
1565 1636 1720 1682 natus
1737 1637 1814 1683 est
1840 1627 1935 1681 ha-

344 1722 482 1775 bitus
501 1722 635 1791 ﬁeri,
660 1722 797 1774 circa
826 1723 920 1774 hoc
948 1722 1082 1774 idem
1103 1721 1294 1774 dicitur
1322 1728 1591 1791 utrumque
1616 1720 1820 1775 horum.

412 1813 614 1868 Ordine
628 1813 837 1868 tertiam
854 1812 1086 1881 speciem
1102 1811 1387 1881 propositae
1402 1812 1753 1882 appositionis
1775 1826 1929 1869 exse-

343 1910 525 1976 quitur
555 1922 671 1962 eant
698 1922 820 1978 qua:
855 1906 1149 1962 secundum
1188 1906 1427 1962 habitum
1470 1907 1929 1979 privationemque

343 2001 562 2065 dicitur,
587 2010 747 2071 atque
790 2002 840 2056 in
882 2016 945 2056 ea
981 2015 1139 2055 unam
1170 1999 1577 2067 similitudinem
1604 2001 1781 2072 posuit
1809 2015 1929 2072 qua:

341 2093 419 2148 illi
449 2102 537 2148 est
571 2108 695 2148 cum
740 2094 1117 2148 contrarietate
1165 2093 1471 2161 conjuncta.
1518 2092 1649 2148 Nam
1696 2093 1836 2148 sicut
1865 2108 1926 2149 ea

338 2201 462 2256 quin
489 2195 616 2241 sunt
641 2186 906 2241 contraria
934 2186 1075 2240 circa
1105 2184 1248 2240 idem
1291 2195 1437 2248 sunt,
1465 2192 1525 2240 ut
1552 2185 1759 2251 album,
1786 2200 1927 2254 quo-

337 2279 484 2334 niam
511 2292 726 2348 semper
758 2278 809 2332 in
846 2292 1073 2348 corpore
1101 2286 1205 2345 est,
1239 2276 1447 2347 nigrum
1478 2292 1690 2347 quoque
1711 2292 1928 2347 semper

338 2379 422 2425 cst
458 2369 510 2424 in
537 2384 795 2439 corpore,
825 2378 880 2424 et
922 2367 1152 2438 justitia,
1199 2368 1452 2438 quoniam
1499 2382 1714 2439 semper
1744 2369 1925 2424 animo

337 2461 539 2518 inserta
567 2470 673 2527 est,
706 2460 962 2531 iniustitia
1005 2475 1218 2531 quoque
1263 2464 1456 2517 mentis
1487 2468 1571 2516 est
1608 2461 1819 2527 vitium,
1851 2460 1925 2517 ita

335 2567 549 2626 quoque
588 2569 650 2609 ea
687 2568 806 2624 quae
844 2552 1140 2624 secundum
1186 2554 1539 2623 privationem
1579 2552 1925 2623 habitumque

334 2647 608 2715 dicuntur,
637 2647 779 2702 circa
815 2646 953 2702 idem
987 2661 1201 2715 semper
1227 2660 1449 2703 necesse
1485 2656 1567 2702 est
1591 2646 1842 2710 inveniri,
1867 2654 1925 2702 ut

333 2741 588 2811 quoniam
623 2739 773 2794 visus
802 2738 1014 2795 habitus
1044 2748 1126 2795 est
1156 2738 1449 2811 (habemus
1470 2738 1616 2794 enim
1636 2737 1848 2809 visum)
1871 2748 1925 2794 et

334 2835 485 2891 visus
521 2844 607 2890 est
637 2834 689 2889 in
720 2832 878 2889 oculo
907 2841 963 2888 et
995 2832 1139 2888 circa
1167 2831 1401 2895 oculum,
1442 2829 1659 2886 cacitas
1687 2845 1920 2903 quoque,

332 2944 455 3001 qua:
487 2927 714 2998 privatio
738 2928 883 2983 visus
910 2935 1014 2993 est,
1051 2935 1248 2997 praeter
1281 2925 1498 2983 oculum
1539 2941 1648 2983 non
1676 2936 1780 2983 est.
1811 2926 1923 2982 Au-

332 3021 477 3079 ditus
499 3022 681 3087 etiam,
698 3019 787 3092 qui
805 3019 1022 3075 habitus
1042 3029 1147 3087 est,
1175 3018 1424 3091 quoniam
1450 3018 1591 3075 circa
1618 3033 1779 3075 aures
1808 3029 1915 3091 est,

2044 414 2163 486 quis
2190 426 2477 483 puerorum
2503 410 2734 481 septimo
2759 426 2899 466 anno
2930 412 3146 467 omnino
3178 408 3381 464 nullum
3408 424 3632 468 creave-r
3662 452 3673 459 ο

2042 507 2131 572 rit,
2165 506 2287 561 illos
2324 502 2451 575 jure
2492 502 2773 561 edentulos
2802 505 3157 576 appellamus,
3186 513 3347 577 atque
3376 504 3479 560 hoc
3518 512 3622 571 est,

2042 598 2183 670 quod
2204 599 2279 653 ait
2301 614 2315 652 :
2644 622 2650 627 -

2112 691 2426 748 Edentulum
2446 692 2579 748 enim
2619 692 2833 749 dicimus
2857 709 2961 748 non
2986 695 3075 766 qui
3108 712 3210 749 non
3237 694 3383 749 habet
3426 696 3621 755 dentes,

2041 804 2129 843 nec
2150 803 2337 842 circum
2358 788 2446 859 qui
2478 804 2584 843 non
2614 788 2760 843 habet
2792 788 2976 855 visum,
3002 789 3092 842 sed
3113 790 3315 860 quando
3346 790 3431 859 qui
3458 789 3624 842 debuit

2040 880 2221 935 habere
2261 897 2363 934 non
2403 880 2571 935 habet.
2609 880 2857 948 Quendam
2888 882 3081 936 enima
3106 881 3431 952 generatione
3470 894 3628 947 neque

2040 975 2237 1040 dentes,
2266 990 2422 1045 neque
2445 975 2609 1029 visum
2642 974 2853 1043 habent,
2875 974 2965 1029 sed
2994 991 3097 1028 non
3126 974 3368 1027 dicuntur
3388 973 3627 1027 edentults

2040 1083 2204 1138 neque
2227 1082 2383 1122 cwca.

2112 1162 2225 1220 Hoc
2252 1172 2351 1229 est,
2387 1177 2494 1218 non
2536 1178 2697 1220 omne
2744 1163 2888 1235 quod
2935 1178 3042 1218 non
3073 1162 3220 1218 videt
3260 1176 3484 1231 caecum,
3526 1175 3625 1217 nec

2037 1254 2182 1326 quod
2209 1254 2398 1311 dentes
2429 1270 2533 1312 non
2563 1256 2725 1314 habet
2747 1256 3055 1313 edentulum
3089 1256 3440 1328 appellamus.
3469 1254 3625 1309 Plura

2036 1346 2181 1401 enim
2204 1354 2469 1417 suntquae
2500 1358 2592 1402 aut
2619 1349 2839 1404 omnino
2874 1357 2966 1403 aut
2995 1356 3145 1403 certo
3186 1356 3426 1416 tempore
3470 1356 3623 1400 natu-

2034 1438 2219 1493 raliter
2240 1436 2357 1497 hac
2386 1438 2586 1496 habere
2613 1456 2717 1496 non
2752 1450 2997 1511 possunt,
3029 1440 3125 1496 sed
3155 1450 3240 1496 est
3276 1441 3368 1495 illa
3394 1438 3623 1510 privatio

2034 1530 2245 1601 quoties
2274 1530 2320 1586 is
2349 1530 2587 1586 habitum
2615 1547 2723 1587 non
2752 1531 2937 1600 habet,
2967 1533 3057 1603 qui
3082 1532 3281 1588 habere
3308 1531 3625 1587 naturaliter

2036 1631 2234 1694 potest,
2268 1632 2321 1679 et
2355 1639 2422 1679 eo
2460 1634 2702 1695 tempore
2740 1642 2862 1682 cum
2897 1626 3007 1697 jam
3051 1642 3147 1697 per
3185 1636 3432 1681 naturam
3478 1625 3623 1680 illius

1961 1717 2010 1785 B
2035 1732 2156 1774 esse
2182 1733 2402 1790 compos
2438 1720 2649 1776 habitus
2671 1722 2859 1792 possit,
2896 1720 2981 1776 vel
3015 1722 3059 1775 si
3093 1721 3298 1777 habens
3336 1720 3453 1792 quis
3493 1718 3624 1775 reti-

2034 1827 2278 1883 nensque
2317 1812 2579 1882 habitum,
2612 1814 2762 1871 illum
2792 1815 3081 1885 cujuslibet
3110 1815 3423 1871 incursione
3467 1828 3625 1869 casus

2031 1907 2295 1974 amiserit,
2328 1917 2385 1963 ut
2431 1908 2485 1963 in
2529 1909 2710 1978 pueris
2748 1909 2862 1980 jam
2904 1910 3101 1965 adultis
3142 1910 3189 1965 si
3234 1926 3339 1965 non
3387 1910 3621 1966 habeant

2031 2000 2243 2056 dentes.
2273 1999 2404 2056 Nam
2433 2002 2683 2071 quoniam
2708 2002 2956 2058 homines
2970 2012 3113 2071 sunt,
3150 2011 3372 2073 possunt
3398 2001 3621 2068 habere;

2030 2093 2173 2162 quod
2219 2097 2265 2149 si
2313 2092 2571 2149 habentes
2621 2094 2919 2161 amiserint,
2944 2094 3185 2149 cdentuli
3234 2094 3524 2158 dicuntur;
3572 2094 3618 2148 si

2030 2202 2163 2244 vero
2210 2187 2430 2243 omnino
2476 2203 2585 2243 non
2631 2189 2903 2245 creverint
2946 2189 3157 2255 dentes,
3209 2190 3460 2259 quoniam
3507 2187 3619 2257 jam

2030 2277 2215 2349 pueris
2246 2288 2406 2350 atque
2428 2279 2629 2335 adultis
2662 2290 2721 2337 ut
2751 2280 2943 2337 dentes
2984 2279 3271 2347 haberent,
3306 2278 3619 2335 naturaliter

2028 2380 2241 2443 poterat
2281 2374 2515 2440 evenire,
2547 2374 2599 2429 id
2632 2374 2775 2447 quod
2809 2389 2940 2429 casu
2967 2375 3151 2445 aliquo
3180 2374 3262 2429 vel
3303 2371 3618 2442 aegritudine

2028 2466 2301 2522 efﬁciente
2341 2466 2540 2523 factum
2584 2478 2687 2535 est,
2728 2482 2826 2524 eos
2865 2467 3147 2525 edentulos
3175 2475 3230 2523 et
3265 2465 3445 2522 habitu
3490 2466 3617 2522 den-

2030 2558 2163 2615 tium
2187 2560 2421 2631 privatos
2451 2575 2573 2618 esse
2601 2560 2967 2616 nominamus.

2101 2652 2307 2709 Privari
2345 2672 2462 2710 vero
2493 2664 2541 2708 et
2572 2654 2758 2709 habere
2790 2654 3044 2719 habitum,
3075 2669 3177 2707 non
3220 2662 3295 2706 est
3338 2651 3541 2705 habitus
3571 2657 3618 2705 et

2028 2746 2268 2816 privatio,
2302 2747 2504 2803 habitus
2532 2748 2664 2802 enim
2691 2757 2763 2802 ext
2791 2749 2949 2802 visus.
2988 2745 3213 2800 Privatio
3251 2762 3367 2800 vero
3392 2746 3614 2813 cwcitas,

2025 2838 2215 2895 habere
2256 2850 2430 2896 autem
2456 2842 2642 2908 visum,
2669 2857 2768 2894 non
2800 2849 2873 2895 est
2909 2840 3066 2909 visus,
3112 2856 3203 2893 nec
3250 2854 3437 2892 cwcum
3486 2856 3613 2901 esse,

2024 2931 2252 2999 accitas;
2270 2934 2488 3003 privatio
2511 2934 2645 2988 enim
2671 2933 2906 3005 quaedam
2935 2941 3010 2987 est
3034 2933 3255 2999 ca’citas,
3284 2948 3473 2985 ca'rum
3502 2947 3615 2986 vero

2024 3039 2133 3079 esse
2159 3025 2349 3096 privari
2366 3033 2413 3079 et
2438 3042 2541 3079 non
2571 3026 2787 3095 privatio
2808 3037 2899 3081 est.

333 3116 459 3186 ejus
487 3131 695 3186 quoque
724 3115 948 3185 privatio
974 3130 1095 3185 quae
1121 3114 1355 3170 surditas
1374 3113 1588 3181 dicitur,
1613 3114 1682 3169 ab
1700 3113 1921 3171 auribus
1944 3110 1993 3174 Ο
2099 3117 2195 3173 Hic
2223 3117 2506 3174 verissima
2550 3118 2757 3173 ratione
2807 3126 3139 3173 monstratur
3178 3126 3355 3171 utrum
3397 3132 3458 3171 ea
3497 3132 3615 3186 quau

334 3222 449 3263 non
482 3208 714 3277 recedit};
738 3208 806 3264 ita
832 3223 1046 3279 quoque
1067 3215 1123 3262 et
1152 3207 1294 3263 circa
1317 3207 1459 3277 quod
1486 3206 1646 3263 fuerit
1681 3207 1918 3278 habitus,

332 3303 479 3357 circa
502 3300 643 3356 idem
668 3302 839 3371 ipsum
873 3301 1013 3355 illius
1038 3300 1252 3356 habitus
1274 3301 1502 3370 privatio
1524 3301 1917 3358 consideratur.

335 3392 511 3463 Atque
535 3392 660 3448 hinc
692 3394 934 3463 regulam
962 3391 1076 3447 dat.
1110 3391 1501 3448 Universaliter
1529 3393 1672 3448 enim
1710 3392 1841 3450 dicit
1865 3394 1920 3450 in

336 3503 440 3558 quo
466 3488 535 3542 sit
556 3487 767 3542 habitus
795 3486 850 3540 in
877 3499 945 3541 eo
967 3484 1087 3541 ﬁeri
1122 3485 1497 3555 privationem.
1530 3485 1668 3553 Quid
1700 3501 1827 3543 vero
1851 3487 1921 3542 sit

334 3582 554 3651 privari,
581 3581 892 3636 continuata
921 3579 1275 3649 dispositione
1297 3578 1607 3649 subjunxit:

406 3672 613 3727 Privari
641 3682 815 3725 autem
844 3680 963 3725 tunc
1002 3671 1221 3726 dicimus
1260 3673 1659 3744 unumquodque
1683 3675 1921 3746 suscepti-

330 3767 514 3822 bilium
557 3764 781 3830 habitus,
826 3764 1032 3834 quando
1070 3764 1127 3819 id
1156 3765 1291 3834 quod
1333 3774 1511 3819 natum
1540 3775 1615 3821 est
1644 3764 1846 3832 habere,
1872 3775 1919 3821 et

335 3861 548 3931 quando
579 3870 757 3913 natum
780 3868 855 3913 est
874 3857 1078 3926 habere,
1104 3858 1250 3914 nullo
1274 3861 1425 3914 modo
1460 3859 1631 3916 habet.

410 3952 549 4019 Quid
590 3955 659 4007 sit
700 3951 922 4022 privatio
953 3950 1053 4007 hac
1091 3953 1408 4010 Aristoteles
1436 3952 1757 4011 difﬁnitione
1784 3970 1917 4013 con-

332 4048 517 4104 clusit.
563 4047 747 4117 Neque
776 4048 919 4102 euim
950 4062 1279 4119 quacunque
1326 4064 1434 4103 non
1479 4048 1681 4105 habent
1719 4050 1914 4118 visum,

329 4154 473 4198 caeca
499 4139 770 4207 dicuntur,
798 4154 897 4196 nec
924 4155 1050 4196 vero
1075 4140 1299 4196 surdum
1324 4150 1408 4197 est
1447 4156 1607 4197 omne
1636 4141 1777 4212 quod
1808 4156 1917 4198 non

329 4235 493 4292 sentit
531 4234 792 4297 auditum,
824 4249 983 4289 nemo
1024 4232 1165 4289 enim
1198 4249 1371 4304 neque
1414 4236 1673 4305 parietem
1713 4250 1915 4292 caecum

329 4328 549 4391 dixerit,
578 4342 679 4383 nec
716 4327 937 4383 surdum
980 4327 1237 4397 lapidem.
1279 4336 1380 4383 nec
1423 4328 1679 4399 quidquid
1726 4328 1914 4399 hujus-

327 4425 479 4481 modi
507 4432 607 4479 est.
641 4423 744 4480 Sed
776 4439 838 4480 ea
884 4423 999 4479 sola
1043 4424 1240 4493 privari
1272 4424 1502 4480 dicimus
1533 4425 1736 4493 habitu,
1768 4440 1917 4498 quie-

2022 3208 2127 3265 sub
2154 3209 2455 3280 privatione
2486 3217 2647 3282 atque
2684 3208 2868 3265 habitu
2913 3208 3111 3264 cadant
3149 3208 3475 3279 privationes
3509 3210 3614 3264 sint

2020 3314 2184 3374 atque
2210 3304 2447 3372 habitus,
2479 3320 2545 3358 an
2575 3304 2833 3360 minime:
2856 3318 2978 3358 nam
3009 3303 3260 3373 quoniam
3290 3302 3500 3357 habitus
3532 3312 3616 3357 est

2022 3401 2193 3462 visus,
2220 3399 2446 3467 privatio
2470 3413 2602 3454 vero
2626 3402 2859 3465 czecitas,
2888 3397 2989 3452 sub
3029 3396 3213 3452 habitu
3236 3411 3365 3451 vero
3407 3405 3489 3450 est
3518 3395 3613 3449 ha-

2022 3486 2153 3544 bere
2194 3490 2389 3557 visum,
2423 3500 2476 3544 et
2512 3490 2615 3545 sub
2662 3489 2961 3560 privatione
3006 3504 3127 3545 esse
3169 3503 3390 3555 caecum,
3431 3500 3610 3544 utrum
3690 3554 3693 3557 γ

2020 3579 2223 3637 habere
2254 3582 2423 3637 viSnm
2463 3581 2603 3636 idem
2645 3582 2714 3637 sit
2740 3580 2880 3651 quod
2913 3582 3030 3653 ipse
3064 3581 3153 3651 qui
3184 3580 3411 3636 habetur
3438 3582 3613 3649 visus,

2022 3681 2077 3727 et
2105 3684 2281 3727 utrum
2319 3673 2460 3729 idem
2492 3674 2563 3729 sit
2594 3689 2793 3729 ciccum
2824 3688 2946 3729 esse
2974 3672 3117 3744 quod
3143 3671 3379 3738 czecitas,
3408 3673 3614 3743 perspi-

2021 3766 2221 3820 caciter
2247 3765 2581 3820 intuentibus
2605 3765 2746 3821 aliud
2772 3765 3039 3836 quoddam
3063 3776 3143 3819 est
3182 3764 3379 3819 habere
3410 3764 3612 3835 aliquid

2018 3858 2161 3929 quod
2194 3858 2443 3913 habetur.
2474 3856 2608 3913 Tres
2632 3872 2861 3926 namque
2889 3872 2973 3911 res
2999 3866 3123 3910 sunt
3150 3858 3201 3910 in
3230 3873 3294 3909 eo
3318 3859 3367 3911 in
3397 3872 3503 3928 quo
3531 3865 3613 3912 est

2020 3949 2257 4016 habitus,
2287 3951 2332 4007 is
2364 3950 2451 4020 qui
2481 3950 2661 4008 habet.
2690 3964 2752 4002 ra
2781 3964 2867 4002 res
2898 3965 3016 4018 qua:
3050 3949 3294 4011 habetur,
3315 3960 3365 4001 et
3389 3950 3609 4013 habere,

2022 4052 2081 4097 ut
2107 4052 2190 4099 est
2214 4043 2261 4097 is
2285 4044 2376 4112 qui
2418 4042 2581 4109 videt,
2612 4052 2666 4098 et
2705 4042 2818 4111 ipse
2845 4041 3013 4102 visus.
3044 4051 3095 4094 et
3132 4040 3229 4093 IIOC
3272 4042 3439 4109 ipsum
3473 4043 3611 4109 quod

2020 4151 2086 4192 ex
2113 4138 2373 4208 utrisque,
2420 4137 2476 4192 ﬁt
2506 4152 2570 4192 ex
2603 4152 2667 4192 eo
2694 4137 2898 4192 scilicet
2926 4136 3014 4207 qui
3052 4136 3193 4192 videt
3222 4145 3275 4192 et
3301 4137 3435 4201 visu,
3470 4138 3609 4208 quod

2021 4238 2105 4285 est
2134 4229 2335 4286 videre.
2367 4229 2538 4285 Distat
2566 4239 2745 4285 autem
2774 4238 2829 4283 et
2855 4229 3038 4283 videre
3060 4229 3127 4283 ab
3149 4244 3213 4284 eo
3244 4229 3331 4299 qui
3358 4230 3525 4293 videt,
3559 4239 3610 4282 et

2022 4324 2125 4378 hoc
2174 4324 2345 4393 ipsum
2390 4323 2572 4379 videre
2618 4338 2807 4380 rursus
2834 4339 2863 4378 ει
2893 4326 3031 4377 visu.
3063 4323 3217 4377 Aliud
3259 4334 3339 4378 est
3383 4325 3523 4377 enim
3558 4321 3611 4378 id

2021 4418 2163 4489 quod
2199 4417 2253 4473 ﬁt
2306 4434 2465 4489 quam
2500 4419 2543 4473 is
2570 4419 2659 4489 qui
2684 4418 2826 4475 facit.
2846 4417 3041 4473 Videre
3069 4427 3243 4471 autem
3270 4417 3458 4471 videns
3486 4432 3611 4488 ope-

327 4530 543 4586 cunque
568 4524 659 4570 aut
686 4514 925 4570 habuere
955 4514 1194 4570 habitum
1219 4530 1391 4586 eoque
1424 4531 1671 4587 caruere,
1703 4497 1796 4573 aut
1822 4518 1919 4575 ha-
1940 4497 1997 4560 D
2021 4519 2194 4574 ratur,
2220 4510 2361 4564 aliud
2389 4520 2472 4566 est
2500 4510 2664 4580 igitur
2692 4509 2877 4566 videre
2906 4525 3063 4577 quam
3088 4509 3293 4564 videns.
3325 4508 3491 4564 Distat
3520 4525 3611 4564 au-

324 4608 464 4665 bere
489 4618 710 4678 potuere
730 4618 784 4663 et
808 4624 915 4662 non
949 4606 1169 4663 habent.
1194 4606 1461 4665 Parietem
1485 4620 1667 4666 autem
1714 4611 1917 4668 idcirco

323 4714 437 4759 non
466 4701 693 4756 dicimus
735 4716 959 4767 caecum,
1012 4700 1155 4771 quod
1195 4701 1248 4756 in
1298 4716 1364 4757 eo
1412 4703 1557 4758 visus
1603 4706 1918 4762 naturaliter

324 4797 512 4854 venire
544 4813 647 4853 non
678 4796 871 4865 potuit.
905 4794 1106 4850 Parvos
1135 4810 1263 4851 vero
1293 4797 1504 4853 catulos
1536 4798 1731 4867 quibus
1764 4801 1916 4856 visus

321 4904 437 4944 non
465 4897 568 4953 est,
602 4903 709 4943 non
739 4886 871 4942 satis
894 4885 1057 4955 digne
1090 4886 1283 4957 aliquis
1311 4901 1483 4943 caecos
1516 4904 1639 4946 esse
1671 4906 1912 4959 pronun-

320 4984 441 5038 liet.
472 4981 549 5036 Eo
574 4980 717 5035 enim
744 4989 982 5048 tempore
1009 4978 1248 5034 nondum
1280 4980 1595 5041 naturaliter
1620 4981 1791 5038 visum
1817 4984 1914 5040 ha-

319 5076 456 5131 bere
489 5080 728 5141 possunt.
774 5071 829 5125 Si
872 5086 1001 5126 vero
1042 5072 1318 5128 exhaustis
1360 5072 1549 5131 diebus
1589 5076 1787 5146 quibus
1829 5077 1915 5133 his

316 5168 471 5224 oculi
503 5167 744 5236 pateﬁeri
776 5176 831 5221 et
852 5166 1025 5221 lucem
1058 5166 1274 5222 haurire
1317 5169 1634 5225 naturaliter
1662 5180 1913 5240 possunt,

316 5279 434 5319 non
465 5262 695 5321 habeant
722 5262 914 5326 visum,
945 5277 1040 5316 eos
1067 5276 1243 5317 caecos
1281 5276 1403 5319 esse
1435 5262 1776 5318 manifestum
1810 5273 1913 5320 est.

314 5358 395 5411 At
434 5371 566 5409 vero
613 5368 785 5422 neque
824 5362 1002 5408 ostrea
1056 5352 1307 5408 dicuntur
1350 5352 1624 5418 edentula,
1662 5355 1913 5423 quoniam

312 5444 648 5503 naturaliter
689 5458 792 5497 non
836 5447 1033 5497 habent
1072 5443 1284 5510 dentes,
1331 5443 1427 5498 sed
1478 5458 1575 5499 nec
1622 5443 1917 5502 infantulos

317 5538 526 5611 quibus
569 5534 739 5588 adhuc
787 5533 1019 5588 nondum
1066 5533 1371 5603 hujusmodi
1413 5543 1543 5588 setas
1589 5543 1692 5601 est,
1724 5542 1783 5591 ut
1824 5536 1920 5594 ha-

319 5637 495 5691 beant
536 5628 745 5690 dentes,
777 5640 1031 5680 vocamus
1060 5625 1360 5691 edentulos,
1406 5626 1500 5680 sed
1531 5627 1577 5682 si
1605 5639 1696 5683 aut
1736 5629 1783 5684 is
1825 5628 1918 5701 qui

321 5734 451 5789 ante
488 5721 695 5788 habuit,
725 5719 917 5775 dentes
959 5718 1221 5782 amiserit,
1255 5728 1345 5772 aut
1386 5734 1492 5789 quo
1528 5720 1640 5790 jam
1672 5731 1917 5794 tempore

2025 4611 2133 4657 tem
2166 4600 2349 4656 videre
2393 4600 2554 4656 etiam
2588 4616 2618 4654 a
2649 4601 2787 4669 visu,
2818 4600 2961 4655 aliud
3005 4614 3234 4670 namque
3263 4608 3343 4653 est
3375 4600 3424 4653 id
3471 4600 3611 4670 quod

2022 4694 2085 4748 iit
2114 4708 2273 4763 quam
2315 4693 2367 4747 id
2410 4708 2505 4762 per
2553 4693 2696 4762 quod
2735 4692 2936 4761 aliquid
2969 4692 3194 4763 geritur,
3220 4690 3406 4747 videre
3434 4703 3608 4747 autem

2021 4800 2122 4855 per
2143 4785 2313 4839 visum
2337 4782 2415 4837 ﬁt.
2436 4783 2607 4838 Distat
2628 4798 2757 4854 ergo
2783 4782 3047 4838 videreab
3076 4798 3141 4839 eo
3166 4784 3283 4853 ipso
3300 4784 3409 4856 (qui
3442 4786 3611 4855 ipsum

2021 4882 2206 4938 videre
2253 4881 2458 4953 efﬁcit)
2487 4880 2623 4947 visu,
2669 4880 2764 4935 sed
2810 4878 2993 4935 videre
3041 4880 3211 4935 visunt
3268 4879 3463 4937 habere
3508 4890 3611 4943 est,

2020 4980 2193 5031 visum
2225 4988 2402 5031 autem
2456 4974 2654 5030 habere
2700 4974 2936 5028 habitum
2986 4974 3219 5029 retinere
3246 4983 3348 5043 est,
3383 4982 3435 5027 et
3468 4975 3612 5025 visus

2020 5069 2237 5125 habitus
2262 5077 2362 5124 est.
2394 5066 2511 5123 Non
2541 5075 2625 5123 est
2651 5067 2813 5136 igitur
2850 5067 2989 5122 idem
3021 5065 3237 5121 habitus
3280 5076 3333 5119 ct
3375 5064 3499 5134 quid
3532 5073 3612 5118 est

2020 5162 2123 5220 sub
2150 5162 2421 5230 habitu,id
2444 5171 2527 5218 est
2551 5162 2846 5231 quemlibet
2871 5161 3108 5215 habitum
3141 5161 3387 5215 retinere.
3408 5159 3608 5214 Eutlrtu

2021 5272 2234 5327 quoque
2257 5256 2415 5310 modo
2439 5256 2597 5310 etiam
2623 5255 2674 5309 in
2700 5254 3023 5324 privatione,
3056 5261 3111 5307 et
3140 5252 3248 5306 illic
3266 5268 3478 5323 quoque
3507 5262 3615 5307 tros

2025 5358 2150 5404 sunt
2181 5364 2289 5416 res,
2320 5351 2363 5404 is
2390 5350 2477 5419 qui
2508 5348 2765 5419 privatur,
2796 5349 2895 5403 hoc
2932 5348 3102 5417 ipsum
3130 5344 3273 5416 quod
3315 5346 3393 5409 llt.
3437 5345 3488 5401 id
3538 5356 3616 5403 est

2029 5443 2252 5514 privari,
2283 5452 2338 5498 et
2364 5444 2538 5514 ipsum
2582 5458 2688 5508 quo
2716 5443 2836 5512 quis
2875 5441 3136 5511 privatur,
3161 5438 3211 5495 id
3242 5450 3323 5497 est
3355 5440 3465 5511 ipsa
3508 5440 3617 5510 pri-

2030 5539 2196 5593 vatio.
2229 5536 2381 5605 Quod
2410 5538 2453 5592 si
2485 5536 2647 5591 distat
2683 5536 2729 5590 is
2777 5536 2867 5606 qui
2913 5533 3075 5588 habet
3102 5548 3169 5589 eo
3197 5533 3313 5604 ipso
3358 5533 3500 5603 quod
3534 5544 3620 5591 est

2029 5628 2267 5684 habitum
2312 5627 2539 5694 habere,
2567 5627 2730 5683 distat
2770 5637 2825 5684 et
2868 5627 2913 5680 is
2951 5625 3040 5696 qui
3079 5625 3317 5695 privatur
3368 5640 3433 5681 eo
3475 5627 3621 5699 quod

2029 5728 2114 5779 est
2143 5719 2357 5791 privari.
2382 5720 2535 5789 Quod
2563 5720 2609 5776 si
2635 5719 2797 5777 etiam
2828 5719 2993 5776 distat
3017 5717 3157 5787 quod
3182 5730 3265 5777 est
3299 5718 3501 5777 habere
3526 5720 3620 5777 Ita~
