4280 6268
617 279 719 337 271

1849 278 1960 335 ΑΝ.
1999 279 2206 337 MANL.
2246 276 2403 349 δεῖν.
2444 279 2663 337 ΒΟΕΤΙΙ

3793 282 3897 336 272

612 399 786 453 bitum
818 396 914 453 illo
946 396 1063 467 ipso
1091 388 1867 466 lmJJiLILqulhabemrnBistat
1894 399 2203 454 necessario
2234 401 2290 462 Α
2312 398 2539 452 mativas
2560 412 2682 452 esse
2711 398 3091 467 negativasqne
3117 398 3410 453 orationes.
3435 396 3587 465 Quod
3615 398 3661 451 si
3690 405 3895 455 exami-

614 491 668 545 id
700 491 841 562 quod
886 498 967 544 est
998 488 1195 559 privari
1247 489 1334 543 illa
1362 489 1471 558 ipsa
1520 488 1722 545 scilicet
1768 489 2065 559 privatione
2103 508 2204 560 qua

616 587 843 654 quisque
876 582 1135 652 privatur.
1164 582 1341 649 Quare
1372 598 1544 653 neque
1588 583 1639 637 id
1686 582 1827 653 quod
1876 584 1975 637 sub
2022 583 2206 638 habitu

616 689 698 733 est
730 677 942 731 habitus
976 676 1234 746 appellari
1280 686 1474 745 potest,
1508 691 1679 745 neque
1708 675 1759 728 id
1787 676 1925 746 quod
1968 676 2069 729 sub
2099 678 2206 745 pri-

615 770 827 823 vatione
878 770 1128 839 privatio.
1179 768 1344 823 Recte
1390 768 1550 837 igitur
1593 767 1798 823 dictum
1839 780 1921 821 est
1964 766 2206 822 habitum

616 861 818 916 habere
847 877 951 916 non
981 877 1101 917 esse
1126 861 1381 925 habitum,
1411 860 1716 929 privarique
1747 876 1849 912 non
1884 874 2003 914 esse
2026 860 2207 930 priva-

618 954 857 1008 tionem:
890 954 975 1007 cui
1023 955 1097 1008 rei
1146 952 1323 1022 aliqua
1352 951 1596 1021 quaedam
1646 950 1874 1005 validior
1923 953 2003 1005 vis
2046 966 2206 1019 argu-

617 1045 967 1101 mentationis
1028 1045 1353 1115 adjungitur,
1393 1059 1552 1113 quam
1600 1042 1920 1099 Aristoteles
1963 1043 2035 1097 ita
2084 1056 2209 1112 pro-

618 1141 850 1194 nuntiat.

690 1233 924 1304 Amplius
947 1233 991 1286 si
1020 1234 1155 1285 idem
1185 1242 1311 1286 esset
1336 1232 1538 1286 cwcitas
1566 1240 1614 1283 et
1640 1246 1830 1283 ciccum
1860 1245 1984 1295 esse,
2008 1237 2208 1283 utrum-

618 1344 714 1399 que
740 1328 802 1381 de
838 1330 1012 1382 eodem
1053 1329 1443 1399 praedicaretur.
1477 1326 1584 1383 Sed
1624 1341 1786 1380 caecus
1825 1326 2015 1379 dicitur
2035 1328 2206 1390 homo,

620 1423 824 1476 eiecitas
854 1438 969 1475 vero
991 1422 1135 1475 nullo
1165 1429 1316 1475 modo
1353 1420 1505 1475 homo
1534 1420 1742 1474 dicitur.

692 1515 748 1569 Si
782 1514 920 1569 idem
947 1515 1118 1584 inquit
1142 1524 1287 1569 esset
1312 1512 1527 1567 caicitas
1556 1512 1697 1582 quod
1732 1518 1816 1567 est
1839 1525 1960 1567 esse
1983 1524 2208 1574 caecum,

620 1606 689 1662 de
718 1622 1037 1678 quocunque
1084 1621 1283 1661 caseum
1313 1620 1434 1661 esse
1476 1606 1768 1669 diceretur,
1806 1604 1873 1658 de
1906 1618 1971 1659 eo
1998 1615 2210 1673 quoque

620 1702 834 1755 caecitas
880 1701 1285 1769 prmiticaretur,
1327 1701 1420 1755 sed
1451 1715 1654 1755 caecum
1684 1700 1914 1755 dicimus
1954 1713 2074 1753 esse
2116 1698 2211 1750 lio-

624 1796 849 1859 minem,
874 1794 1170 1848 czecitatcni
1200 1809 1327 1849 vero
1354 1793 1526 1861 ipsum
1542 1792 1811 1846 hominem
1836 1791 2016 1845 nullus
2039 1789 2204 1843 dicit:

619 1903 787 1957 quare
819 1888 1069 1957 quoniam
1105 1889 1155 1940 in
1183 1886 1424 1956 utrisque
1446 1885 1659 1939 diversa
1688 1896 1769 1939 est
1801 1882 2133 1952 praedicatio,
2163 1891 2216 1935 et

621 1980 688 2033 de
720 1996 827 2048 quo
874 1980 1087 2034 emacitas
1128 1980 1343 2042 dicitur,
1394 1993 1501 2031 non
1542 1978 1609 2031 de
1638 1993 1703 2031 eo
1739 1976 1935 2029 dicitur
1990 1988 2211 2040 czecum,

621 2083 943 2137 rursumque
971 2068 1039 2123 de
1063 2083 1171 2137 quo
1196 2083 1396 2122 cmcum
1424 2083 1546 2122 esse
1570 2066 1908 2135 prredicatur,
1938 2068 1982 2117 is
2003 2064 2215 2119 caecitas

622 2162 730 2216 dici
760 2179 865 2216 non
890 2173 1087 2231 potest,
1116 2177 1219 2216 non
1244 2173 1323 2217 est
1346 2160 1565 2216 dubium
1589 2160 1717 2230 quin
1742 2160 1885 2214 aliud
1913 2160 1983 2213 sit
2009 2172 2212 2212 caacum

621 2270 743 2311 esse
784 2271 943 2326 quam
992 2256 1230 2321 caecitas,
1280 2252 1333 2309 id
1377 2262 1462 2309 est
1506 2253 1863 2323 privationem
1915 2268 2035 2305 esse
2069 2250 2213 2303 aliud

621 2366 780 2421 quam
810 2350 1055 2421 privari:
1108 2349 1203 2404 sed
1261 2350 1504 2419 quamvis
1548 2346 1768 2411 distent,
1806 2346 1995 2415 aequali
2038 2355 2213 2399 tamen

621 2444 977 2513 oppositionis
1008 2443 1125 2497 vice
1170 2443 1483 2511 funguntur,
1531 2440 1672 2510 quod
1714 2441 1829 2509 ipse
1856 2439 2089 2509 loquitur
2116 2440 2212 2490 sic.

697 2539 946 2608 Opposita
977 2553 1094 2590 vero
1136 2540 1290 2589 etiam
1330 2535 1440 2589 tunc
1484 2536 1723 2588 videntur
1766 2551 1891 2601 esse,
1933 2533 2125 2601 privari
2168 2541 2217 2585 et

623 2630 853 2683 habitum
886 2628 1090 2693 habere,
1120 2631 1252 2681 sicut
1280 2628 1496 2694 privatio
1530 2636 1578 2680 et
1614 2627 1837 2691 habitus,
1870 2626 2052 2678 modus
2081 2624 2218 2679 enim

622 2724 965 2794 appositionis
994 2724 1130 2775 idem
1160 2731 1254 2787 est,
1294 2736 1413 2774 nam
1442 2722 1571 2772 sicut
1598 2719 1798 2773 cwcitas
1826 2719 1957 2771 visui
1982 2717 2217 2787 opposita

622 2828 719 2885 est,
752 2819 823 2873 sic
855 2834 1043 2872 caecum
1070 2833 1179 2871 esse
1220 2816 1288 2869 ad
1319 2816 1483 2868 visum
1510 2814 1693 2867 habere
1722 2813 2011 2884 oppositum
2046 2820 2142 2865 est.

692 2910 866 2982 Equo
906 2925 1134 2980 namque
1159 2909 1511 2979 proportione
1535 2907 1637 2961 sibi
1670 2906 1894 2975 privatio
1927 2913 2086 2973 atque
2117 2904 2215 2956 lia-

620 3005 766 3061 bitus
788 3014 1152 3075 opponuntur,
1179 3013 1233 3057 et
1260 3016 1321 3056 ea
1346 3018 1463 3072 quae
1482 3001 1579 3055 sub
1602 3000 1900 3069 privatione
1923 2997 2216 3065 habituque

620 3097 963 3152 clauduntur.
1006 3098 1112 3151 Cur
1152 3095 1297 3149 enim
1341 3094 1387 3147 si
1426 3093 1651 3161 privatio
1696 3102 1857 3162 atque
1890 3091 2126 3156 habitus,
2160 3086 2214 3142 id

2311 490 2488 545 natius
2516 504 2577 543 ac
2612 490 2857 545 subtilius
2900 490 3197 557 definisset,
3232 490 3640 545 aftirmationem
3690 509 3782 559 per
3810 494 3895 548 af-

2312 584 2628 637 ﬁrmativam
2664 584 2965 637 orationem
2998 599 3100 635 non
3130 583 3405 636 diltiniret.
3436 582 3570 636 Nam
3605 584 3647 635 si
3680 584 3895 637 dubium

2312 684 2392 728 est
2438 674 2562 743 quid
2596 676 2665 727 sit
2717 675 3023 742 affirmatio,
3074 674 3242 728 nihilo
3290 675 3457 743 magis
3502 675 3703 728 clarum
3742 685 3902 744 atque

2314 769 2648 836 persiiicuuni
2688 778 2771 820 est
2814 766 2941 836 quid
2986 769 3055 820 sit
3096 767 3412 820 affirinativa
3455 770 3648 822 oratio.
3695 767 3897 821 Idcirco

2311 861 2451 929 quod
2481 860 2522 912 si
2554 860 2673 927 quis
2705 860 2876 914 nescit
2897 860 3021 929 quid
3054 863 3123 915 sit
3151 861 3459 926 affirmatio,
3488 861 3628 917 idem
3664 863 3782 915 sine
3801 862 3902 916 dn-

2312 953 2400 1006 bio
2432 964 2732 1007 neseitnrns
2756 963 2840 1007 est
2865 954 2992 1023 quid
3021 955 3193 1009 oratio
3219 954 3288 1009 sit
3310 954 3652 1010 afﬁrmativa.
3686 956 3791 1010 Sed
3823 957 3903 1008 id-

2312 1044 2460 1098 circo
2507 1045 2593 1097 hic
2648 1045 3009 1115 indulgentius
3064 1046 3400 1112 terminavit,
3460 1048 3601 1115 quod
3658 1052 3706 1102 in
3768 1048 3911 1103 libro

2312 1143 2431 1215 Περὶ
2460 1140 2721 1214 ἐρμενείας
2750 1140 3027 1209 utriusque
3056 1155 3237 1194 veram
3277 1140 3597 1209 plenamque
3633 1144 3738 1195 vitn
3766 1140 3906 1194 diffi-

2312 1232 2529 1285 nitionis
2553 1232 2771 1300 aptavit.
2805 1232 3001 1285 Eadem
3040 1248 3251 1303 quoque
3292 1234 3344 1286 in
3375 1233 3457 1287 his
3487 1234 3625 1288 ratio
3650 1245 3731 1289 est
3775 1249 3894 1304 qnie

2314 1331 2440 1377 sunt
2479 1324 2581 1377 sub
2611 1324 2968 1380 afﬁrmatione
3007 1336 3061 1380 et
3089 1328 3393 1397 negatione,
3426 1344 3545 1397 qua:
3576 1329 3627 1382 in
3676 1329 3758 1382 his
3787 1344 3906 1398 qua:

2314 1417 2415 1470 sub
2456 1416 2754 1484 privatione
2783 1428 2945 1486 atque
2983 1418 3164 1474 habitu
3208 1422 3566 1488 ponebantur,
3614 1438 3735 1475 nam
3770 1422 3905 1477 sicut

2314 1525 2420 1564 non
2461 1521 2542 1565 est
2590 1510 2731 1565 idem
2783 1512 2994 1566 habitus
3041 1522 3202 1583 atque
3233 1514 3465 1583 privatio
3515 1516 3656 1585 quod
3708 1518 3906 1573 habere

2315 1604 2553 1659 habitum
2583 1615 2749 1674 atque
2788 1606 3010 1675 privari,
3061 1608 3132 1662 ita
3165 1623 3271 1663 non
3301 1608 3442 1664 idem
3486 1619 3567 1664 cst
3598 1608 3906 1665 affirmatio-

2317 1712 2437 1753 nem
2481 1709 2535 1753 et
2577 1701 2917 1768 negationem
2962 1715 3084 1754 esse
3120 1701 3262 1771 quod
3295 1710 3380 1755 est
3423 1702 3523 1756 sub
3552 1702 3905 1759 affirmatione

2240 1795 2286 1854 B
2314 1802 2367 1846 et
2398 1792 2701 1861 negatione.
2744 1792 3051 1846 Affirmatio
3082 1804 3184 1857 est,
3223 1794 3369 1848 verbi
3391 1798 3586 1864 gratia,
3627 1796 3777 1850 scifet
3808 1796 3903 1852 So-

2317 1895 2519 1950 crates,
2554 1886 2765 1954 negatio
2791 1900 2942 1953 vero,
2977 1902 3081 1940 non
3118 1888 3269 1942 sedet
3305 1887 3579 1942 Socrates.
3622 1888 3734 1943 Sub
3761 1889 3903 1944 afﬁr-

2320 1979 2560 2033 matione
2591 1989 2768 2032 autem
2815 1979 2916 2034 hoc
2944 1968 3117 2047 ipsum
3163 1981 3355 2036 sedere
3398 1981 3694 2047 Socratem,
3746 1983 3797 2037 id
3825 1994 3905 2044 est

2319 2071 2420 2123 hoc
2462 2068 2603 2139 quod
2649 2070 2748 2124 sub
2795 2070 3157 2125 afﬁrmatione
3187 2072 3315 2126 dicit
3347 2074 3542 2128 facere.
3590 2073 3703 2129 Sub
3742 2091 3905 2147 nega-

2319 2163 2463 2215 tione
2504 2178 2632 2216 vero
2662 2178 2766 2215 non
2799 2164 2989 2219 sedere
3032 2164 3334 2230 Socratem,
3377 2166 3428 2219 id
3472 2175 3557 2221 est
3591 2182 3697 2222 non
3730 2166 3906 2226 facere

2319 2254 2368 2307 id
2398 2254 2540 2321 quod
2579 2258 2792 2324 negatio
2824 2256 3124 2313 submovet.
3154 2258 3264 2312 Hoc
3286 2269 3462 2314 autem
3512 2262 3578 2314 ita
3609 2264 3900 2331 probatur.

2318 2346 2461 2415 quod
2510 2349 2684 2401 omnis
2732 2348 3018 2405 affirmatio
3062 2352 3341 2421 omnisque
3385 2356 3596 2422 negatio
3634 2358 3903 2413 orationes

2319 2449 2469 2507 sunt,
2505 2440 2644 2494 sicut
2674 2455 2859 2495 eorum
2894 2443 3197 2512 supradicta
3227 2445 3478 2500 diffinitio
3505 2447 3903 2505 determinatio-

2319 2548 2423 2602 que
2461 2536 2796 2587 monstravit.
2824 2534 3028 2591 Sedere
3055 2547 3233 2591 autem
3279 2549 3333 2593 et
3362 2555 3468 2593 non
3500 2540 3710 2607 sedere,
3743 2542 3795 2597 id
3823 2552 3905 2600 est

2320 2624 2500 2681 facere
2540 2636 2593 2682 et
2628 2642 2733 2681 non
2778 2627 2979 2695 facere,
3017 2630 3291 2685 orationes
3340 2647 3445 2685 non
3490 2641 3635 2697 sunt,
3673 2635 3814 2703 quod
3860 2637 3905 2692 si

2319 2719 2605 2774 affirmatio
2636 2730 2688 2775 et
2722 2720 2938 2791 negatio
2968 2724 3241 2776 orationes
3270 2732 3413 2789 sunt,
3455 2725 3647 2778 dicitur
3680 2726 3728 2780 id
3762 2727 3905 2797 quod

2320 2814 2420 2869 sub
2456 2814 2812 2870 afﬁrmatione
2857 2829 2909 2870 et
2950 2817 3233 2887 negatione
3278 2827 3381 2885 est,
3429 2833 3491 2872 ea
3526 2819 3642 2887 ipsa
3674 2820 3905 2875 afﬁrma-

2322 2910 2466 2963 tione
2489 2919 2543 2963 et
2578 2910 2862 2979 negatione
2890 2912 3112 2967 distare.
3149 2913 3255 2969 Sed
3289 2916 3338 2969 in
3385 2914 3486 2969 hoc
3517 2926 3739 2971 servant
3766 2918 3903 2973 illam

2319 3018 2532 3073 quoque
2568 3004 2997 3073 similitudinem,
3029 3007 3173 3074 quod
3202 3022 3262 3061 ea
3297 3008 3409 3077 ipsa
3451 3010 3555 3065 sibi
3585 3022 3712 3065 sunt
3736 3025 3903 3081 oppo-

2320 3096 2446 3166 sita,
2489 3112 2607 3165 qua:
2651 3097 2943 3152 secundum
2995 3098 3404 3155 affirmationem
3452 3103 3902 3176 negationemque

622 3205 705 3249 est
736 3194 884 3248 visus
912 3200 966 3247 et
993 3191 1210 3247 cmcitas
1241 3189 1340 3244 sibi
1372 3198 1495 3243 sunt
1517 3188 1785 3258 opposita,
1816 3202 1920 3239 non
1948 3187 2109 3239 etiam
2135 3182 2211 3235 vi-
2237 3172 2286 3240 C
2318 3188 2588 3244 dicuntur.
2630 3190 2781 3245 Sicut
2817 3192 2959 3246 enim
2994 3194 3105 3262 ipsa
3148 3192 3436 3249 affirmatio
3463 3212 3583 3266 qua:
3631 3196 3781 3265 dicit,
3816 3172 3904 3254 se-

620 3288 750 3341 dere
780 3297 940 3355 atque
982 3299 1103 3338 esse
1146 3298 1349 3336 cantum
1382 3280 1570 3334 eodem
1619 3278 1779 3332 modo
1809 3278 2037 3331 invicem
2084 3276 2214 3329 sibi-

621 3387 731 3432 met
762 3384 1120 3444 opponantur.
1171 3375 1346 3441 Quare
1388 3387 1691 3441 quanquam
1734 3370 1849 3426 hinc
1889 3369 2105 3435 distent,
2138 3379 2217 3424 ta-

624 3481 744 3520 men
769 3465 956 3518 modus
994 3464 1046 3517 in
1082 3464 1164 3517 his
1196 3464 1547 3531 oppositionis
1578 3460 1798 3532 aequalis
1826 3470 1930 3516 est.

698 3557 821 3611 Non
862 3565 931 3609 est
981 3567 1153 3609 autem
1200 3571 1359 3625 neque
1398 3556 1451 3607 id
1495 3555 1630 3622 quod
1672 3554 1761 3607 sub
1792 3555 2128 3625 affirmatione
2166 3566 2215 3608 et

626 3650 895 3719 negatione
917 3650 1078 3719 jacet,
1121 3648 1391 3717 afﬁrmatio
1422 3655 1468 3699 et
1497 3648 1722 3715 negatio,
1756 3646 2028 3716 afﬁrmatio
2066 3663 2216 3699 nant-

621 3759 718 3811 que
748 3742 910 3795 oratio
938 3755 1011 3796 est
1047 3741 1371 3811 u/ﬁrmativa,
1419 3739 1621 3810 negatio
1660 3752 1829 3793 autem
1865 3741 2028 3794 oratio
2056 3756 2213 3812 nega-

621 3839 741 3900 tiva,
787 3834 972 3888 horum
1014 3851 1125 3888 vero
1170 3849 1286 3904 qua:
1341 3832 1434 3885 sub
1476 3832 1811 3902 afﬁrmatione
1854 3843 1903 3885 ct
1943 3834 2214 3901 negatione

622 3944 763 3995 sunt,
796 3930 999 3984 nullum
1028 3940 1103 3983 est
1134 3930 1323 3994 oratio,
1352 3927 1443 3981 sed
1475 3944 1554 3981 res
1584 3928 1727 3990 ipsae.
1764 3926 2015 3980 Dicuntur
2043 3936 2212 3979 autem

619 4032 777 4076 etiam
804 4025 913 4075 lucc
960 4038 1064 4076 esse
1092 4023 1328 4092 opposita
1355 4021 1636 4086 alterutris,
1688 4022 1820 4075 sicut
1863 4022 2129 4090 afﬁrmatio
2166 4030 2212 4074 et

619 4117 841 4187 negatio,
872 4133 989 4169 nam
1018 4118 1070 4170 in
1101 4118 1180 4169 Itis
1202 4118 1385 4169 modus
1417 4118 1755 4187 appositionis
1777 4125 1851 4170 est
1883 4117 2036 4169 idem.
2064 4116 2210 4169 Sicut

622 4208 758 4260 enim
798 4209 1067 4277 afﬁrmatio
1109 4209 1352 4261 adversus
1390 4212 1708 4278 negationem
1742 4210 1975 4280 opposita
2013 4220 2107 4272 est,
2156 4218 2211 4261 ut

618 4316 731 4367 qua:
761 4300 901 4353 sedet
927 4301 975 4353 ei
1004 4317 1117 4369 qua:
1138 4318 1239 4354 non
1269 4301 1433 4363 sedet,
1466 4303 1538 4355 sic
1568 4312 1613 4355 et
1637 4318 1715 4355 res
1742 4318 1855 4371 qua:
1878 4303 1968 4353 sub
1997 4313 2212 4371 utroque

619 4391 801 4459 posita?
823 4402 963 4457 sunt,
1001 4392 1173 4446 sedere
1198 4393 1487 4462 quempiam
1514 4402 1560 4445 et
1586 4410 1688 4445 non
1711 4395 1902 4447 sedere.

687 4481 768 4536 Ad
800 4492 1042 4552 quartam
1077 4483 1432 4552 appositionis
1466 4484 1703 4550 speciem
1742 4484 2027 4537 transitum
2060 4482 2204 4548 fecit,

2319 3280 2414 3337 det
2443 3283 2716 3349 Socrates,
2757 3294 2813 3338 et
2842 3300 2960 3354 qua:
2990 3285 3142 3350 dicit,
3191 3302 3295 3340 non
3328 3288 3479 3343 sedet
3522 3291 3794 3355 Socrates,
3836 3292 3903 3344 ita

2319 3390 2534 3445 quoque
2580 3377 2811 3447 idipsum
2854 3378 2993 3447 quod
3029 3390 3111 3433 est
3140 3380 3328 3435 sedere
3373 3382 3664 3441 Socratem.
3708 3394 3761 3437 et
3798 3398 3905 3439 non

2321 3468 2533 3533 sedere,
2566 3481 2713 3523 certa
2754 3471 2962 3526 ratione
2991 3472 3359 3529 similitudinis
3388 3485 3749 3549 opponuntur.
3796 3478 3904 3533 Sed

2321 3560 2575 3628 quoniam
2620 3572 2851 3630 quatuor
2900 3566 3111 3632 species
3152 3566 3505 3635 Oppositionis
3550 3566 3705 3621 dieue
3747 3579 3903 3637 sunt,

2324 3670 2464 3708 nunc
2497 3655 2806 3709 Aristotelis
2844 3657 3067 3727 vestigia
3104 3672 3511 3729 persequentes,
3542 3672 3724 3715 earum
3754 3662 3904 3717 diffe-

2322 3746 2524 3801 rentias
2571 3746 2911 3816 colligamus,
2937 3762 3055 3816 qua:
3084 3758 3211 3803 situt
3240 3767 3461 3805 numero
3504 3768 3594 3806 sex
3633 3771 3667 3804 ;·
3693 3770 3817 3807 nam
3861 3758 3904 3809 si
3958 3785 3961 3789 -

2318 3856 2438 3909 qua:
2466 3854 2554 3893 res
2584 3839 2695 3894 sint
2723 3850 2974 3911 quatuor,
3009 3858 3206 3913 easque
3233 3845 3448 3901 differre
3469 3862 3579 3901 a-se
3611 3861 3672 3901 ac
3704 3846 3906 3906 distare

2320 3934 2571 3987 volumus
2603 3974 2616 3997 ,
2668 3950 2763 3989 se:
2820 3938 2963 3990 solas
3020 3937 3349 3993 differentias
3396 3941 3714 3996 invenimus.
3774 3942 3907 4001 Cum

2318 4028 2461 4083 enim
2519 4029 2745 4097 primam
2796 4030 3012 4088 ditferre
3060 4049 3087 4086 a
3146 4036 3384 4091 secunda
3434 4052 3497 4090 ac
3547 4040 3701 4092 tertia
3752 4051 3907 4109 atque

2316 4133 2506 4190 quarta
2541 4128 2808 4191 ponimus,
2850 4135 2959 4181 tres
2999 4136 3124 4181 sunt
3168 4127 3507 4183 differentiae.
3544 4131 3670 4184 Item
3714 4146 3907 4185 secun-

2318 4215 2438 4267 dam
2464 4230 2574 4269 rem
2605 4232 2633 4269 a
2660 4218 2827 4282 prima
2854 4234 2909 4271 re
2932 4218 3151 4273 differre
3179 4222 3467 4275 ostendere
3496 4233 3656 4291 atque
3683 4222 3904 4277 demon-

2319 4314 2494 4359 strare
2534 4307 2863 4375 superfluum
2903 4320 3003 4363 est.
3042 4312 3174 4365 Cum
3214 4316 3356 4367 enim
3388 4313 3574 4382 prima:
3612 4316 3687 4368 rei
3718 4314 3783 4368 ad
3815 4332 3905 4370 se-

2318 4397 2545 4451 cundam
2590 4399 2900 4454 distantiam
2945 4403 3350 4476 eolligcremus,
3388 4406 3513 4475 quid
3562 4409 3794 4462 secunda
3825 4409 3904 4464 di-

2317 4501 2481 4545 staret
2520 4509 2547 4545 a
2597 4494 2765 4561 prima
2812 4495 3115 4551 docuimus.
3157 4498 3363 4554 Relicta
3408 4501 3566 4570 igitur
3611 4500 3798 4571 prima:
3837 4502 3902 4557 ad

618 4588 738 4643 qua:
779 4574 1075 4628 secundum
1115 4573 1528 4629 af’firmationem
1578 4575 2026 4644 negationctnqne
2068 4574 2206 4628 diei-
2238 4567 2291 4629 D
2316 4585 2603 4637 secundam
2639 4601 2750 4640 rem
2797 4586 3118 4655 dim-rentia,
3168 4567 3520 4647 secundm'ei
3548 4567 3742 4661 ιριῖιίιρ,
3776 4595 3902 4650 item

618 4674 723 4721 tur.
768 4666 1068 4723 Affirmatio
1110 4678 1288 4723 antem
1338 4681 1418 4723 est
1467 4685 1584 4738 qua:
1615 4670 1846 4739 aliquam
1896 4685 2009 4724 rem
2048 4669 2204 4725 alicui

614 4760 846 4829 quadam
878 4763 1288 4831 participatione
1318 4763 1614 4832 conjungit.
1660 4764 1884 4832 Negatio
1916 4778 2044 4817 vero
2084 4778 2206 4832 qua:

615 4852 849 4919 aliquam
880 4870 993 4907 rem
1039 4854 1107 4908 ab
1139 4856 1318 4924 aliqua
1364 4872 1423 4911 re
1452 4857 1681 4926 quadam
1713 4859 2058 4927 separatione
2097 4856 2206 4911 dis-

610 4944 807 5015 iungit,
846 4957 900 4999 ut
923 4956 1007 5000 est
1044 4947 1230 5001 Omnis
1272 4948 1434 5003 iiomo
1462 4961 1543 5004 est
1571 4952 1789 5015 animal,
1829 4952 2028 5005 animal
2059 4953 2203 5006 enim

611 5039 675 5091 ad
740 5039 1012 5095 hominem
1071 5040 1184 5095 hare
1233 5044 1404 5097 oratio
1452 5044 1647 5113 jungit.
1710 5045 2002 5113 Participat
2058 5048 2201 5100 enim

612 5132 775 5186 homo
811 5133 1027 5203 proprio
1058 5150 1279 5204 genere,
1313 5138 1517 5190 scilicet
1549 5137 1766 5203 animal,
1803 5139 2013 5207 negatio
2046 5154 2201 5207 vero,

612 5223 777 5278 homo
808 5226 942 5293 lapis
970 5240 1073 5279 non
1117 5236 1217 5281 est.
1256 5226 1519 5296 Disjungit
1562 5229 1704 5283 enim
1738 5239 1980 5284 naturam
2012 5230 2201 5299 lapidis

607 5315 676 5368 ab
702 5316 1032 5372 humanitate
1062 5319 1152 5389 qui
1184 5329 1362 5389 negat,
1396 5322 1489 5374 sed
1519 5322 1682 5375 multa
1716 5322 1784 5375 de
1817 5324 1898 5376 his
1927 5324 1977 5376 in
2009 5324 2101 5378 lib.
2133 5325 2201 5380 de

607 5404 1054 5476 lnterpretatione
1101 5412 1323 5466 dicenda
1366 5424 1509 5467 sunt.
1544 5414 1718 5480 Quare
1763 5413 1968 5483 plenior
2010 5417 2200 5471 horum

607 5498 901 5568 disputatio
919 5502 970 5555 in
997 5512 1207 5572 tempus
1230 5504 1374 5558 aliud
1397 5504 1695 5559 differatur.
1728 5507 2049 5563 Aristoteles
2072 5524 2199 5565 vero

604 5591 1005 5660 simplicissime
1035 5606 1089 5649 et
1126 5612 1263 5664 pene
1309 5600 1575 5653 incuriose
1615 5609 1834 5670 propter
1864 5616 1957 5655 eos
1990 5603 2079 5672 qui
2112 5604 2198 5656 in-

605 5682 898 5738 stituuntur
940 5684 1290 5742 diffinitiones
1353 5690 1723 5746 afﬁrmationis
1784 5694 2197 5763 negationisque

602 5775 855 5841 signavit,
884 5778 1070 5836 dicens
1095 5783 1435 5849 negationem
1470 5784 2014 5856 afﬁrmationemqu‘e,
2051 5788 2198 5843 afﬁr-

2316 4676 2567 4731 secnnda:
2595 4688 2907 4749 quartzeque
2938 4681 3259 4738 differentia:
3292 4686 3752 4753 monstrabantur,
3784 4703 3903 4757 qua:

2317 4776 2444 4821 sunt
2482 4768 2624 4833 dum,
2673 4786 2791 4839 quae
2824 4773 2996 4827 tribus
3038 4777 3402 4843 superioribus
3428 4778 3630 4847 juncta:
3670 4780 3903 4851 quinque

2315 4862 2459 4916 solas
2492 4862 2755 4918 efﬁciunt.
2798 4865 2985 4921 Restat
3027 4872 3199 4925 tertia:
3244 4873 3321 4926 rei
3351 4885 3663 4951 quartzeque
3694 4874 3903 4929 distan-

2317 4956 2408 5008 tia.
2440 4956 2570 5010 Narn
2606 4961 2791 5026 prima}
2822 4960 2887 5015 ad
2914 4966 3202 5019 secundam
3240 4977 3401 5035 atque
3431 4970 3643 5022 tertiam
3673 4968 3903 5022 demon-

2314 5057 2485 5103 strata
2532 5060 2619 5105 est
2661 5052 3041 5123 discrepantia,
3094 5068 3212 5111 cum
3254 5062 3420 5127 prima
3464 5077 3495 5115 a
3535 5064 3772 5115 secunda
3816 5065 3900 5118 di-

2310 5148 2503 5205 staret,
2550 5153 2711 5209 atqne
2741 5146 2929 5202 eodem
2974 5150 3131 5205 modo
3186 5166 3214 5203 a
3247 5154 3399 5205 tertia
3442 5154 3899 5214 monSIrabamus.

2310 5230 2367 5286 1d
2397 5233 2479 5287 his
2506 5236 2761 5303 probatur
2787 5242 3065 5311 exemplis.
3097 5242 3227 5296 Nam
3255 5260 3373 5298 cum
3401 5249 3667 5316 opposilio
3692 5267 3755 5307 ea
3782 5269 3903 5325 quae

2310 5338 2393 5381 est
2434 5330 2725 5385 secundum
2770 5333 2833 5387 ad
2861 5335 3080 5404 aliquid,
3115 5338 3182 5390 ah
3213 5337 3295 5391 his
3324 5342 3754 5409 oppositionibus
3780 5364 3899 5417 quas

2309 5430 2435 5476 sunt
2484 5425 2777 5479 secundum
2828 5429 3286 5501 contrarietatem,
3340 5433 3692 5501 privationem
3739 5452 3899 5510 atque

2310 5516 2748 5590 habitum,atque
2775 5521 3181 5578 afﬁrtnationem
3215 5538 3263 5581 et
3290 5531 3658 5599 negationem,
3691 5534 3896 5589 distare

2310 5612 2645 5679 proponitur,
2679 5624 2783 5667 tres
2827 5624 2952 5668 sunt
2977 5614 3319 5673 differentim.
3354 5620 3487 5676 Cum
3529 5639 3657 5678 vero
3686 5639 3745 5679 ea
3774 5639 3896 5693 quas

2310 5704 2601 5757 secundum
2635 5706 2990 5767 privationem
3024 5719 3181 5779 atque
3212 5710 3449 5767 habitum
3492 5715 3758 5784 oppositio
3786 5724 3889 5782 est,

2306 5808 2336 5847 a
2368 5794 2660 5850 contrariis
2711 5805 2764 5850 ct
2794 5798 2863 5852 ab
2894 5802 3250 5859 affirmatione
3279 5808 3664 5876 negationeque
3690 5804 3895 5864 discre-
