4280 6268
284 386 291 393 .
343 318 441 403 ξπ»

1313 358 1380 413 ΙΝ
1415 359 1847 417 CATEGORIAS
1884 361 2326 420 ARISTOTELIS
2367 366 2493 420 LIB.
2537 366 2624 423 IV.

3492 382 3595 436 274

340 473 449 534 pat,
476 464 597 519 duae
626 475 752 520 sunt
785 468 1114 536 dill'erentiae,
1159 485 1274 541 qua
1300 471 1495 541 junctae
1544 474 1910 541 superioribus
1938 482 1993 541 Α
2090 477 2238 542 Quod
2268 488 2439 531 autem
2470 496 2629 548 neque
2658 491 2709 533 ut
2738 488 2995 541 contraria
3018 500 3345 558 opponuntur
3373 507 3454 557 ea,
3479 509 3593 562 qua

339 562 575 629 quinque
607 561 904 630 perﬁciunt.
953 564 1155 617 Idcirco
1180 565 1318 618 enim
1346 566 1471 635 qttid
1504 567 1723 620 distaret
1762 568 1911 621 habi-

338 659 423 703 tus
462 662 619 719 atque
663 654 908 720 privatio,
940 669 1002 707 ea
1046 656 1378 724 oppositione
1404 672 1525 725 quae
1567 658 1782 712 relativa
1826 668 1910 713 est

338 746 804 812 pra-termisimus,
847 749 1095 815 quoniam
1137 750 1283 816 prius
1329 759 1738 805 monstravimus
1782 754 1904 822 quid

336 836 550 889 relativa
582 838 845 905 Oppositio
882 840 950 891 ab
988 838 1166 893 habitu
1200 842 1602 912 privationeqne
1630 845 1904 910 iliﬂ‘erret;

334 942 437 979 non
468 937 547 981 est
590 930 728 981 enim
762 929 978 983 dubium
1019 947 1222 1001 aequam
1253 948 1373 988 esse
1400 936 1451 988 in
1482 937 1722 1007 utrisque
1749 938 1904 992 dill‘e-

333 1020 570 1084 rentiam,
612 1035 730 1074 cum
762 1037 864 1075 una
908 1024 975 1075 ab
1004 1025 1105 1077 alia
1147 1024 1551 1094 discrepaverit.
1589 1030 1771 1085 Restat
1800 1047 1901 1086 una

329 1113 437 1165 sola
469 1112 788 1180 diﬂercntia,
822 1132 939 1183 quae
971 1126 1053 1171 est
1082 1120 1472 1175 contrariorum
1502 1124 1566 1177 ad
1594 1124 1901 1181 afﬁrmatio-

329 1218 445 1256 nem
471 1204 673 1258 scilicet
696 1217 750 1260 et
778 1210 1146 1275 negationem;
1173 1216 1533 1280 praetermissa
1565 1233 1794 1287 namque
1821 1231 1903 1275 est

326 1298 708 1351 contrariorum
751 1302 1079 1367 differentia,
1118 1305 1186 1360 de
1224 1307 1443 1363 relativa
1493 1312 1694 1368 scilicet
1735 1328 1789 1369 et
1818 1331 1903 1371 se-

323 1386 553 1440 cundum
602 1390 843 1443 habiturn
890 1393 1347 1466 priviitionemquc
1387 1403 1744 1470 Oppositione,
1775 1408 1900 1475 quid

322 1476 443 1532 haec
483 1482 730 1547 superius
779 1498 809 1536 a
836 1487 1213 1541 contrarietate
1255 1490 1501 1556 distaret,
1544 1508 1897 1554 monstratum

322 1579 427 1625 est.
474 1571 652 1638 Quare
698 1577 949 1642 quoniam
996 1590 1125 1644 quot
1172 1593 1295 1634 sunt
1347 1583 1535 1639 borum
1583 1587 1898 1647 dill‘erentiae

319 1665 591 1731 cognitum
615 1674 718 1732 est,
743 1667 808 1721 ad
828 1673 1103 1740 sequentis
1128 1675 1305 1742 Operis
1329 1678 1571 1747 ordinem
1598 1687 1891 1743 veniamus.

385 2510 537 2578 Quod
567 2520 734 2564 autem
757 2512 973 2581 privatio
1003 2521 1047 2564 et
1084 2512 1283 2564 habitus
1325 2528 1429 2564 non
1460 2514 1531 2565 sii:
1560 2528 1889 2581 opponuntur

312 2614 364 2657 ut
387 2605 455 2656 ad
486 2605 703 2671 aliquid,
734 2603 1056 2670 manilestum
1088 2613 1201 2666 est;
1232 2621 1389 2671 neque
1410 2605 1546 2657 enim
1578 2606 1765 2657 dicitur
1794 2605 1889 2658 hoc

310 2699 479 2765 ipsum
507 2698 645 2767 quod
687 2707 759 2749 est
789 2698 1029 2767 appositi,
1067 2698 1201 2749 visus
1241 2697 1375 2750 enim
1415 2714 1513 2749 non
1546 2709 1619 2749 est
1648 2697 1889 2751 cwcitatis

310 2791 469 2852 visus,
510 2806 599 2842 nec
628 2790 733 2842 alio
760 2788 867 2842 ullo
894 2791 1046 2841 modo
1083 2790 1150 2841 ad
1180 2790 1348 2855 ipsum
1379 2790 1589 2842 dicitur.
1641 2788 1890 2843 Similiter

308 2896 477 2937 autem
505 2900 665 2951 neque
701 2884 925 2947 omitas,
958 2883 1046 2936 sed
1077 2883 1291 2950 privatio
1320 2883 1521 2950 quidem
1564 2883 1701 2935 visus
1744 2884 1889 2935 caeci-

306 2988 386 3030 tas
410 2977 617 3041 dicitur,
652 2978 853 3029 caecitas
883 2991 999 3029 vero
1021 2976 1155 3029 visus
1182 2991 1283 3027 non
1315 2975 1524 3027 dicitur.
1556 2974 1792 3041 Amplius
1821 2975 1889 3027 ad

306 3071 509 3138 aiiquid
540 3070 731 3134 omnia,
763 3070 1021 3138 reciproca
1056 3070 1317 3133 diruntur,
1345 3084 1504 3135 quare
1540 3078 1588 3121 et
1618 3069 1819 3121 cwcitas
1844 3068 1889 3121 si

308 3173 441 3216 esset
479 3179 650 3216 eorum
681 3179 792 3229 qua:
829 3163 896 3214 ad
917 3162 1113 3230 aliquid
1152 3171 1293 3227 sunt,
1322 3161 1496 3229 utique
1521 3159 1888 3214 conveniretur

2014 571 2293 623 secundum
2347 571 2680 640 privationem
2733 584 2779 625 et
2833 575 3061 629 habitum
3100 580 3359 645 dicuntur,
3411 598 3473 635 ea;
3510 584 3591 637 his

2014 665 2336 733 manifestum
2367 675 2459 718 est.
2494 665 2726 730 Quorum
2756 668 2891 721 enim
2926 674 3300 726 contrariarum
3345 675 3474 728 nihil
3518 687 3592 731 est

2011 758 2255 821 medium,
2300 774 2501 811 necesse
2541 768 2612 811 est
2651 760 2704 812 in
2731 761 2912 829 quibus
2949 770 3073 815 nata
3103 776 3220 819 sunt
3250 767 3383 834 ﬁeri,
3411 779 3499 822 aut
3526 772 3590 824 de

2009 848 2187 917 quibus
2226 849 2592 916 prmdicantur,
2634 852 2853 903 alterum
2906 853 3130 923 ipsorum
3157 856 3321 909 inesse
3368 875 3585 929 semper,

2010 939 2190 992 horum
2218 940 2352 991 enim
2380 940 2506 993 nihil
2535 951 2642 994 erat
2671 944 2913 1008 medium,
2964 960 3181 1012 quorum
3228 948 3445 1003 alterum
3499 970 3585 1005 ne-

2008 1032 2283 1084 cessarium
2314 1042 2421 1085 erat
2452 1034 2615 1087 inesse
2643 1036 2976 1105 susceptibili,
3010 1048 3064 1089 ut
3097 1040 3395 1110 languorem
3425 1055 3473 1095 et
3503 1062 3584 1097 sa-

2006 1128 2239 1193 nitatem,
2269 1137 2314 1179 et
2357 1128 2524 1195 impar
2569 1137 2616 1181 et
2663 1145 2776 1195 par.
2831 1130 3063 1195 Quorum
3108 1148 3223 1186 vero
3268 1134 3481 1203 aliquod
3508 1148 3582 1191 est

2004 1221 2263 1285 medium,
2315 1237 2576 1289 nunquam
2631 1222 2898 1276 necessitas
2966 1235 3038 1277 est
3087 1226 3223 1277 omni
3268 1229 3581 1295 susceptibili

2004 1314 2165 1366 inesse
2192 1312 2432 1380 alterum,
2462 1330 2622 1384 neque
2649 1316 2781 1368 enim
2810 1332 3009 1370 necesse
3037 1328 3109 1371 est
3157 1335 3303 1373 omne
3331 1324 3581 1392 suscepti-

2006 1405 2104 1458 bile
2125 1406 2403 1458 candidum
2435 1406 2511 1459 vel
2536 1408 2739 1475 nigrum
2770 1424 2898 1473 esse,
2936 1426 3094 1478 neque
3123 1411 3393 1481 frigidum,
3421 1430 3580 1484 neque

2002 1496 2248 1560 calidum,
2279 1496 2462 1550 Iterum
2486 1499 2620 1550 enim
2668 1499 2895 1552 medium
2937 1501 3132 1571 aliquid
3172 1504 3299 1556 nihil
3347 1506 3578 1574 prohibet

2001 1604 2125 1652 esse,
2142 1587 2325 1641 horum
2341 1592 2495 1641 etiam
2517 1597 2622 1641 erat
2641 1590 2838 1659 aliquid
2859 1593 3099 1657 medium,
3118 1610 3334 1662 quorum
3352 1613 3453 1649 non
3470 1608 3576 1651 erat

2000 1682 2337 1732 necessarium
2392 1685 2609 1733 alterum
2655 1683 2817 1735 inesse
2867 1686 3207 1756 susceptibili,
3259 1698 3441 1756 praeter
3483 1691 3576 1745 illa

1998 1773 2175 1841 quibus
2205 1774 2511 1826 naturaliter
2545 1790 2703 1827 unum
2742 1777 2889 1842 inest,
2916 1788 2966 1830 ut
2994 1780 3099 1849 igni
3122 1778 3347 1833 calidum
3372 1799 3501 1847 esse,
3529 1794 3575 1837 et

1922 1870 1971 1930 Β
1998 1867 2097 1919 nivi
2141 1868 2437 1920 candidum.
2483 1869 2549 1921 ln
2580 1870 2658 1921 his
2688 1872 2822 1922 enim
2850 1871 3181 1926 determinate
3231 1878 3572 1932 necessarium

1994 1966 2065 2013 est
2086 1960 2300 2012 alterum
2341 1962 2504 2014 inesse
2548 1972 2594 2013 et
2636 1978 2737 2014 non
2763 1962 3084 2029 alterutrum,
3113 1980 3213 2018 non
3242 1968 3377 2019 enim
3407 1971 3571 2038 possi-

1996 2052 2093 2106 bile
2134 2062 2206 2105 est
2247 2054 2415 2121 ignem
2465 2053 2712 2122 [rigidum
2752 2070 2880 2119 esse,
2932 2072 3091 2124 neque
3138 2058 3300 2110 nivem
3346 2060 3567 2129 nigram.

1997 2140 2167 2206 Quare
2214 2142 2351 2193 omni
2398 2142 2601 2211 quidem
2631 2144 2944 2211 susceptibili
2987 2162 3088 2198 non
3134 2158 3207 2200 est
3236 2152 3571 2203 necessarium

1992 2236 2210 2287 alterum
2256 2251 2430 2288 eorum
2483 2236 2665 2300 inesse,
2698 2237 2785 2303 sed
2833 2236 2998 2290 solum
3034 2240 3215 2308 quibus
3266 2245 3572 2297 naturaliter

1992 2342 2149 2379 unum
2180 2328 2331 2392 inest,
2379 2327 2458 2380 his
2510 2326 2838 2381 determinate
2882 2345 3068 2397 unum,
3117 2347 3219 2385 non
3268 2332 3571 2389 alterutrum

1992 2417 2155 2470 inesse
2182 2418 2448 2486 contingit.
3410 2479 3449 2495 ν

2062 2507 2424 2563 Prolixitatein
2472 2518 2648 2565 textus
2698 2509 2899 2567 idcirco
2950 2513 3193 2567 contraxi
3252 2516 3393 2585 quod
3422 2525 3477 2572 et
3506 2532 3571 2575 ea

1993 2603 2105 2671 ipsa
2133 2618 2251 2672 quae
2290 2602 2541 2657 dicuntur
2568 2618 2730 2673 supra
2754 2605 2865 2675 jam
2893 2605 3035 2659 dicta
3060 2619 3203 2674 sunt,
3233 2624 3335 2665 nec
3365 2610 3571 2681 longior

1992 2696 2123 2749 ordo
2155 2695 2325 2764 possit
2353 2696 2569 2765 aliquod
2599 2712 2788 2752 creare
2818 2697 3115 2764 fastidium,
3158 2702 3301 2770 quod
3343 2718 3443 2758 nos
3470 2703 3572 2761 bac

1992 2796 2165 2841 textus
2193 2788 2456 2842 divisione
2481 2788 2842 2858 sejnnximus.
2875 2789 2945 2843 Et
2996 2790 3142 2857 prius
3192 2792 3405 2861 quidem
3443 2810 3569 2864 pro-

1994 2878 2143 2947 ponit
2170 2890 2293 2934 ante
2320 2880 2502 2934 ocul'is
2558 2896 2746 2935 omnes
2775 2881 2912 2935 inter
2951 2896 3011 2935 se
3042 2885 3436 2938 contrariorum
3466 2886 3570 2939 dil-

1992 2972 2276 3037 ferentias,
2336 2986 2468 3041 quas
2521 2973 2636 3041 ipse
2688 2983 2945 3044 quantum
3000 2982 3186 3042 potero
3256 2975 3571 3033 brevissime

1990 3066 2465 3129 commemorabo;
2512 3066 2585 3118 ait
2610 3068 2754 3120 enim
2801 3067 3193 3121 contrariorum
3222 3083 3344 3137 quae
3380 3070 3570 3126 mediis

1991 3167 2175 3213 carent
2218 3172 2431 3227 semper
2470 3158 2695 3213 alterum
2746 3158 2925 3213 inesse
2966 3158 3015 3212 ei
3042 3159 3184 3228 quod
3212 3159 3329 3213 illas
3353 3171 3567 3214 contra-

307 3253 379 3306 ad
403 3253 537 3305 illud
563 3254 630 3306 ad
657 3255 791 3320 quod
830 3253 1035 3315 dicitur,
1079 3252 1167 3306 sed
1216 3269 1317 3305 non
1362 3253 1687 3317 convertitur,
1729 3268 1888 3318 neque
1915 3255 1960 3319 C
1993 3256 2212 3308 rietates
2264 3254 2537 3319 suscipere
2569 3261 2775 3321 potest,
2830 3262 2885 3305 ut
2928 3252 3190 3323 aegritudo
3238 3262 3292 3307 et
3344 3255 3567 3323 sanitas,

310 3350 443 3402 enim
465 3351 597 3404 visus
628 3350 815 3403 dicitur
845 3350 1087 3403 caecitatis
1111 3349 1279 3423 visus.

382 3442 449 3496 Et
478 3451 683 3525 .cagtera
722 3441 939 3510 quidem
967 3456 1087 3509 quae
1118 3448 1241 3493 sunt
1282 3438 1581 3495 differentia
1610 3440 1887 3509 perspicue

312 3534 560 3601 superius
590 3534 642 3586 in
676 3535 1071 3587 contrariorum
1100 3531 1399 3585 diﬁerentia
1430 3531 1655 3586 relativa
1680 3533 1888 3601 opposi-

312 3626 457 3681 tione
492 3633 615 3678 ante
662 3614 941 3694 praemissa
984 3633 1126 3678 sunt.
1163 3623 1330 3678 Unam
1377 3639 1604 3693 namque
1634 3624 1886 3678 differen-

310 3722 438 3771 tiam
484 3717 871 3771 eontrariorum
917 3717 1364 3786 relativorumque
1407 3716 1546 3770 dixit
1575 3731 1711 3782 esse,
1744 3717 1885 3785 quod

308 3810 578 3862 contraria
609 3823 716 3861 non
748 3808 817 3861 ita
844 3819 901 3861 ut
927 3823 989 3861 ea
1020 3824 1135 3877 qua:
1172 3820 1295 3863 sunt
1327 3809 1391 3863 ad
1435 3808 1632 3878 aliquid
1663 3824 1886 3863 conver-

309 3908 575 3954 terentur.
618 3899 799 3968 Neque
840 3899 979 3953 enim
1008 3902 1125 3968 quis
1156 3901 1464 3968 pronuntiat
1500 3900 1755 3953 malitiam
1793 3900 1886 3955 bo—

307 3991 495 4046 nitatis
524 4004 643 4045 esse
666 3991 943 4054 malitiam,
973 4006 1145 4061 neque
1186 3993 1476 4046 bonitatem
1521 3993 1735 4045 malitia:
1766 4007 1885 4046 esse

302 4082 629 4146 bonitatem,
660 4082 802 4136 velut
829 4082 994 4137 tilium
1031 4083 1196 4153 patris
1218 4099 1337 4138 esse
1367 4084 1556 4150 tilium,
1596 4099 1884 4154 rursusque

305 4184 509 4239 patrem
543 4174 635 4228 lilii
680 4183 903 4244 patrem.
957 4175 1154 4231 Eadem
1187 4191 1400 4247 quoque
1440 4185 1494 4231 et
1541 4177 1593 4231 in
1637 4176 1718 4232 his
1762 4192 1881 4247 qua:

304 4266 600 4320 secundum
632 4268 983 4336 privationem
1016 4268 1365 4338 habitumque
1395 4269 1713 4335 redduntur,
1753 4269 1882 4324 dici-

305 4366 395 4410 tur
452 4357 765 4412 differentia.
800 4360 930 4413 Nam
973 4361 1110 4415 sicut
1148 4376 1210 4415 ea
1251 4376 1369 4431 quae
1413 4373 1535 4415 sunt
1576 4362 1639 4416 ad
1680 4362 1881 4431 aliquid

299 4454 572 4523 opposita,
614 4454 896 4510 adn-rsum
941 4457 1229 4526 semetipsa
1271 4458 1588 4523 redduntur,
1619 4468 1673 4511 et
1698 4457 1879 4511 omnia

303 4546 376 4601 ad
420 4547 656 4615 opposita
690 4549 1068 4617 praedicantur,
1123 4565 1225 4603 non
1261 4548 1448 4603 eodem
1498 4549 1655 4603 modo
1700 4550 1751 4603 in
1786 4548 1882 4602 ha-

1992 3347 2240 3415 quoniam
2268 3360 2479 3414 semper
2501 3346 2552 3397 in
2584 3344 2828 3397 animalis
2859 3358 3085 3413 corpore
3112 3354 3395 3413 reperitur,
3427 3355 3482 3401 et
3508 3362 3569 3401 ea

1989 3440 2106 3493 sine
2150 3438 2261 3492 ullo
2300 3449 2383 3493 est
2425 3437 2687 3492 adversus
2714 3454 2867 3492 suum
2897 3439 3226 3493 contrarium
3258 3441 3455 3494 medio.
3489 3440 3569 3495 ld-

1989 3532 2133 3586 circo
2162 3546 2322 3585 omne
2343 3516 2537 3601 corpus
2561 3532 2807 3585 animalis
2829 3546 3045 3601 semper
3074 3543 3165 3586 aut
3203 3543 3448 3602 aegrotat,
3481 3546 3569 3587 aut

1989 3636 2177 3675 sanum
2226 3630 2329 3685 est,
2394 3630 2448 3676 et
2490 3637 2704 3691 semper
2745 3623 2973 3676 alterum
3017 3633 3108 3677 aut
3160 3624 3408 3678 sanitatis
3468 3634 3563 3677 aut

1988 3712 2319 3782 aegritudinis
2346 3713 2484 3768 inest
2505 3714 2552 3768 ei
2584 3714 2722 3783 quod
2761 3715 2859 3767 bas
2888 3715 3113 3784 suscipit
3142 3717 3568 3771 contrarietates.

1992 3806 2187 3860 Eorum
2220 3821 2349 3860 vero
2375 3807 2764 3859 contrariorum
2794 3820 2911 3874 quae
2957 3804 3157 3859 habent
3198 3806 3433 3876 aliquam
3460 3824 3569 3864 me-

1988 3897 2269 3963 dietatem,
2298 3912 2404 3951 non
2436 3912 2658 3951 necesse
2680 3908 2761 3950 est
2791 3912 3004 3965 semper
3032 3897 3260 3952 alterum
3300 3901 3479 3955 inesse
3522 3903 3570 3957 ei

1987 3990 2072 4043 cui
2104 3991 2377 4053 accidunt,
2404 3998 2461 4041 ut
2480 3988 2655 4041 album
2687 3996 2843 4056 atque
2872 3988 3102 4055 nigrum,
3147 4004 3268 4042 cum
3294 3992 3403 4043 sint
3429 4002 3568 4044 utra.

1987 4096 2089 4150 que
2119 4080 2410 4143 contraria,
2440 4081 2690 4147 quoniam
2716 4078 2911 4133 habent
2942 4080 3174 4148 aliquam
3205 4080 3567 4150 medietatem,

1989 4182 2046 4227 ut
2074 4172 2317 4238 rubrum,
2349 4173 2570 4227 veniunt
2599 4180 2774 4225 autem
2824 4185 3039 4240 semper
3084 4172 3136 4225 in
3178 4187 3427 4242 corpora,
3464 4189 3569 4231 non

1989 4280 2209 4319 necesse
2231 4274 2314 4319 est
2335 4279 2493 4319 omne
2510 4278 2708 4333 corpus
2731 4264 2870 4335 fieri,
2895 4274 2988 4317 aut
3008 4264 3186 4320 album
3216 4276 3306 4320 aut
3339 4266 3567 4335 nigrum,

1985 4358 2235 4426 quoniam
2280 4366 2454 4425 potest
2491 4356 2780 4425 aliquando
2809 4358 3126 4427 contingere
3167 4368 3221 4409 ut
3265 4357 3354 4410 illa
3383 4374 3568 4413 eorum

1985 4450 2245 4504 medietas
2273 4448 2483 4518 corpori
2528 4450 2747 4504 cuilibet
2790 4450 3023 4504 eveniat.
3054 4452 3227 4518 Atque
3260 4449 3361 4503 hoc
3384 4452 3455 4503 ita
3490 4460 3567 4509 est

1986 4542 2038 4595 in
2066 4541 2132 4595 iis
2161 4557 2280 4611 quae
2308 4541 2483 4594 medio
2511 4557 2617 4594 non
2645 4551 2850 4606 carent,
2884 4556 3002 4610 qua:
3044 4542 3158 4609 ipsa
3206 4541 3431 4594 mediata
3473 4556 3566 4596 vo«

296 4639 417 4694 bitu
439 4649 596 4708 atque
627 4640 926 4709 privatione
953 4651 1054 4696 est.
1088 4640 1274 4695 Nullus
1294 4643 1436 4696 enim
1468 4641 1595 4695 dicit
1619 4641 1874 4695 caecitatis
1904 4647 1958 4707 1)
1983 4650 2189 4701 camus,
2223 4637 2460 4704 exceptis
2488 4636 2571 4687 bis
2602 4637 2794 4704 quibus
2838 4650 2944 4689 una
2989 4637 3344 4691 contrarietas
3373 4647 3455 4691 est
3483 4638 3566 4692 in-

216 4718 225 4725 .
296 4746 424 4785 esse
455 4732 646 4794 visum,
679 4746 778 4786 nec
808 4746 993 4785 l'tlt‘SttS
1032 4733 1177 4785 visus
1221 4748 1339 4787 esse
1384 4734 1702 4787 caecitatem.
1734 4734 1877 4799 Quo-

294 4825 441 4878 circa
469 4824 513 4878 si
538 4837 603 4879 ea
633 4840 753 4893 qua:
788 4834 912 4878 sunt
939 4824 1161 4878 rielativa
1200 4826 1265 4877 ad
1304 4825 1544 4893 opposita
1573 4825 1873 4893 praedican-

296 4896 419 4981 tur,
437 4916 850 4986 conversimque
877 4917 1128 4971 dicuntur
1155 4918 1295 4987 (cum
1323 4916 1465 4971 enim
1503 4918 1573 4971 sit
1597 4904 1873 4987 Oppositus

293 5008 408 5063 ﬁlio
439 5021 608 5079 pater,
660 5017 810 5077 pater
847 5010 939 5063 lilii
970 5009 1184 5073 dicitur,
1216 5011 1418 5064 scilicet
1444 5011 1510 5063 ad
1547 5012 1869 5078 Oppositum,

292 5118 591 5172 rursusque
617 5113 945 5157 convertitur
968 5112 1027 5156 ut
1049 5107 1213 5173 patris
1242 5104 1378 5157 ﬁlius
1400 5104 1717 5173 appelletur)
1741 5120 1872 5173 quo-

288 5197 439 5251 niam
483 5196 584 5249 hoc
612 5196 665 5249 in
694 5196 777 5250 bis
798 5210 919 5265 quae
959 5206 1080 5250 sunt
1116 5196 1409 5251 secundum
1442 5197 1789 5263 privationem
1819 5206 1873 5251 et

289 5291 537 5345 habitum
568 5304 673 5343 non
716 5289 927 5343 dicitur.
959 5289 1142 5359 Neque
1181 5290 1324 5344 enim
1357 5303 1478 5342 cum
1510 5289 1578 5341 sit
1609 5289 1751 5342 visus
1778 5304 1872 5356 op-

288 5384 505 5451 positus
534 5382 786 5447 cmcitati,
816 5382 1111 5436 secundum
1148 5382 1499 5451 privationem
1528 5390 1686 5449 atque
1719 5379 1870 5433 habi-

284 5485 402 5531 tum
436 5474 633 5528 dicitur
674 5474 821 5527 visus
856 5475 1131 5537 caecitatis,
1162 5475 1211 5527 id
1244 5484 1327 5527 est
1368 5487 1635 5541 nunquam
1678 5486 1872 5525 secun-

284 5570 415 5624 dum
450 5568 589 5621 hanc
628 5568 1021 5635 oppositionem
1051 5568 1249 5635 aliquid
1279 5566 1508 5634 oppositi
1552 5564 1869 5634 praedicatur

286 5677 468 5731 neque
498 5660 857 5723 convertitur,
888 5673 1061 5725 neque
1089 5659 1229 5709 enim
1252 5657 1444 5711 dicitur
1465 5656 1675 5711 caecitas
1707 5656 1868 5719 visus,

284 5766 435 5812 recte
469 5752 695 5825 privatio
723 5764 886 5822 atque
918 5748 1131 5804 habitus
1168 5765 1271 5803 non
1304 5751 1356 5803 in
1386 5748 1573 5803 eadem
1603 5764 1705 5817 qua
1736 5748 1870 5803 relao

289 5851 421 5912 tiva,
449 5846 542 5904 sed
575 5848 625 5902 in
652 5844 756 5901 alia
787 5842 968 5913 specie
1000 5852 1274 5897 numerata
1305 5852 1451 5896 sunt.

1980 4729 2079 4782 sita
2110 4744 2205 4797 per
2232 4740 2498 4799 naturam,
2547 4739 2601 4781 ut
2634 4729 2719 4781 nix
2752 4729 2871 4781 alba
2915 4737 3019 4794 est,
3060 4730 3198 4798 ignis
3244 4730 3473 4786 calidus.
3508 4731 3566 4785 In

1980 4822 2063 4876 his
2114 4825 2257 4877 enim
2314 4838 2473 4876 unam
2520 4837 2735 4891 semper
2782 4838 3000 4878 necesse
3054 4834 3135 4878 est
3184 4826 3402 4881 evenire
3460 4841 3566 4882 non

1978 4914 2159 4975 aliam,
2193 4929 2291 4969 nec
2324 4913 2662 4979 utrumlibet,
2705 4914 2799 4968 sed
2828 4914 3056 4969 dilﬁnite
3114 4932 3295 4970 tinam.
3330 4916 3387 4971 ld
3420 4918 3566 4971 enim

1982 5021 2086 5061 non
2118 5009 2263 5063 venit
2312 5009 2362 5061 in
2412 5009 2610 5077 ignem,
2642 5017 2702 5062 ut
2750 5008 3038 5078 aliquando
3066 5009 3138 5064 sit
3184 5009 3439 5075 calidum,
3470 5009 3565 5063 ali-

1979 5101 2192 5167 quando
2225 5101 2493 5169 lrigidum,
2521 5100 2805 5170 aliquando
2846 5116 2973 5155 vero
3022 5101 3161 5171 quod
3214 5100 3405 5154 horum
3442 5117 3555 5157 me-

1978 5194 2149 5248 dietas
2174 5205 2258 5249 est
2286 5196 2546 5264 tepidum.
2579 5195 2672 5249 sed
2705 5210 2919 5262 semper
2950 5194 3175 5249 naturali
3209 5195 3388 5248 calore
3432 5209 3555 5249 suc-

1977 5288 2263 5351 cenditur;
2301 5304 2399 5342 nec
2450 5290 2539 5342 nix
2572 5288 2861 5356 aliquando
2902 5289 2957 5341 lit
3009 5289 3177 5355 nigra,
3231 5302 3330 5340 nec
3369 5303 3558 5343 rursus

1979 5381 2167 5443 rubea,
2195 5392 2293 5435 nec
2324 5380 2446 5432 ullis
2479 5379 2601 5433 aliis
2646 5380 2919 5433 coloribus
2967 5388 3319 5446 perinutatur,
3355 5380 3446 5433 sed
3480 5397 3567 5434 so-

1978 5473 2085 5526 lum
2118 5486 2328 5538 semper
2357 5472 2474 5524 alba
2498 5482 2598 5525 est.
2632 5471 2762 5525 Cum
2797 5471 2911 5524 haec
2937 5473 3005 5524 ita
3049 5472 3178 5536 sint,
3211 5486 3273 5524 ea
3305 5488 3424 5541 quae
3474 5488 3561 5529 se-

1980 5563 2211 5617 cundum
2245 5562 2485 5615 habitum
2518 5562 2979 5631 privationemque
3024 5576 3391 5631 opponuntur,
3424 5564 3468 5617 si
3510 5576 3562 5620 et

1980 5660 2047 5713 ab
2074 5659 2156 5710 bis
2185 5656 2465 5709 contrariis
2506 5655 2703 5709 distare
2735 5666 3027 5709 monstrata
3058 5657 3167 5711 sint
3191 5673 3309 5725 quae
3366 5660 3563 5714 mediis

1989 5757 2195 5813 carent,
2226 5748 2366 5801 etab
2391 5747 2471 5801 bis
2499 5762 2618 5817 quae
2651 5748 2785 5801 intra
2815 5764 2875 5804 se
2900 5748 3186 5819 quamdam
3219 5750 3560 5807 medietatem

1978 5840 2245 5909 qualitatis
2274 5840 2571 5898 includunt.
2595 5850 2651 5896 et
2678 5842 2746 5897 ab
2778 5842 2859 5898 his
2884 5856 3096 5912 quoque
3124 5858 3265 5914 quae,
3290 5859 3410 5899 cum
3441 5859 3556 5900 me-
