4280 6268
642 461 742 515 273

1865 451 1973 508 ΑΝ.
2012 448 2222 507 MANL.
2259 448 2411 507 SEV.
2453 449 2671 507 BOETII

3784 450 3895 505 275

643 576 779 627 ιιιίιιιι
830 572 955 632 sint,
1002 577 1177 621 tamen
1219 566 1449 623 difﬁnite
1482 536 1652 622 alicui
1716 562 1921 630 insunt,
1973 563 2214 633 perfecte
2222 563 2292 639 ,ᾼ
2316 565 2598 617 contrariis
2662 579 2779 634 qua:
2831 564 3065 620 mediata
3126 573 3252 621 sunt
3318 565 3456 621 hanc
3503 564 3893 635 oppositionem

643 673 989 720 monstratum
1022 669 1104 715 est
1131 677 1193 715 ea
1222 676 1340 729 qua:
1367 660 1662 714 secundum
1705 658 1946 712 habitum
1998 665 2053 711 et
2103 655 2219 725 pri-

642 756 906 809 vationem
939 762 1063 807 sunt
1098 768 1127 807 a
1158 752 1439 807 contrariis
1482 752 1804 820 discrepare.
1863 752 2040 816 Quare
2091 747 2219 817 quid

642 849 839 904 distent
883 848 1171 902 Aristmele
1201 858 1478 901 teneamus
1500 857 1743 899 auctore.

716 941 779 994 In
826 941 1106 1007 privatione
1144 954 1258 991 vero
1298 946 1345 991 et
1391 936 1565 992 habitu
1614 944 1844 988 neutrum
1879 933 2064 986 horum
2107 947 2221 1001 qua:

643 1035 779 1089 dictu
813 1040 953 1097 sunt,
990 1047 1161 1085 verum
1189 1040 1282 1092 est,
1317 1045 1479 1099 neque
1516 1028 1645 1080 enim
1680 1042 1873 1096 semper
1902 1022 2220 1095 susceptibili

643 1127 981 1183 necessarium
1010 1134 1082 1179 est
1107 1127 1322 1178 alterum
1350 1124 1513 1177 inesse
1539 1136 1731 1174 eorum.
1762 1119 1910 1184 Quod
1933 1120 2067 1172 enim
2094 1135 2221 1171 non-

644 1223 766 1276 dum
794 1231 1032 1274 naturam
1061 1218 1205 1272 habet
1237 1220 1301 1271 ad
1323 1218 1615 1279 videndum,
1646 1228 1805 1282 neque
1825 1230 2035 1275 caecum,
2059 1227 2223 1280 neque

643 1316 806 1369 visum
833 1313 1023 1368 habens
1071 1313 1277 1366 dicitur.
1323 1297 1551 1378 ideoque
1580 1325 1684 1362 non
1728 1316 1873 1361 erunt
1907 1308 2015 1360 hwc
2045 1304 2225 1357 talium

645 1408 1033 1472 contrariorum,
1088 1421 1306 1476 quorum
1353 1401 1481 1457 nihil
1521 1412 1591 1457 est
1631 1402 1882 1463 medium,
1932 1400 2019 1453 sed
2065 1414 2223 1467 neque

644 1516 861 1569 quorum
899 1508 971 1553 est
1005 1499 1252 1563 medium,
1286 1495 1625 1550 necessarium
1670 1492 1804 1548 enim
1843 1501 1915 1547 est
1944 1492 2085 1544 omni
2130 1505 2223 1543 su-

645 1591 889 1659 sceptibili
932 1591 1150 1645 alterum
1196 1590 1411 1643 istorum
1451 1588 1634 1642 inesse.
1688 1584 1909 1651 Quando
1943 1583 2078 1637 enim
2108 1583 2225 1653 jam

645 1694 823 1739 natum
843 1682 997 1754 fuerit
1020 1681 1089 1735 ad
1118 1681 1410 1734 habendum
1424 1680 1610 1743 visum,
1634 1685 1756 1731 tunc
1784 1684 1871 1730 aut
1902 1689 2112 1738 ciccum,
2137 1681 2225 1725 aut

645 1777 834 1832 habens
857 1778 1020 1831 visum
1048 1775 1264 1843 dicetur,
1302 1783 1349 1828 et
1387 1773 1571 1827 horum
1608 1786 1709 1824 non
1768 1768 2097 1823 determinate
2143 1763 2224 1816 al-

646 1880 827 1933 terum,
852 1868 941 1923 sed
962 1868 1267 1922 alterutrum
1296 1865 1567 1935 contingit,
1584 1879 1688 1918 non
1717 1861 1851 1916 enim
1879 1858 2224 1914 necessarium

645 1975 737 2032 est,
770 1964 846 2020 rel
873 1980 1081 2029 cazcum,
1116 1966 1191 2017 vel
1220 1963 1409 2015 habens
1435 1962 1599 2015 visum
1636 1975 1764 2025 esse,
1795 1957 1885 2012 sed
1930 1956 2068 2027 quod
2106 1969 2228 2009 con-

645 2058 811 2129 tingit.
840 2055 907 2110 In
936 2056 1209 2109 contrariis
1247 2062 1419 2107 autem
1470 2051 1653 2123 quibus
1702 2049 1925 2103 medium
1963 2055 2057 2110 est,
2090 2060 2228 2099 nun-

644 2165 797 2221 quam
853 2148 1193 2202 necessarium
1259 2146 1356 2215 fuit
1424 2144 1566 2199 omni
1640 2140 1953 2210 susceptibiti
2010 2140 2229 2192 alterum

645 2245 829 2311 inesse,
871 2243 962 2297 sed
1002 2240 1327 2311 quibusdam,
1358 2246 1405 2293 et
1452 2238 1529 2292 his
1559 2235 1887 2291 determinate
1927 2247 2108 2296 unum,
2139 2231 2227 2285 sed

645 2353 745 2392 non
771 2336 908 2406 quod
923 2335 1191 2405 contingit,
1208 2331 1344 2387 unde
1365 2327 1538 2401 palam
1564 2327 1783 2399 estquod
1808 2326 2087 2379 secundum
2107 2338 2230 2376 neu-

646 2436 781 2482 trum
808 2427 1016 2480 modum
1044 2438 1288 2497 tanquam
1336 2422 1618 2486 contraria,
1652 2420 1887 2491 opposita
1930 2426 2046 2471 sunt
2096 2415 2226 2483 haec,

647 2537 763 2592 qua:
788 2519 1069 2574 secundum
1098 2517 1433 2584 privationem
1462 2526 1508 2569 et
1539 2514 1763 2567 habitum
1794 2518 2139 2580 opponuntur.

725 2611 822 2663 Dat
851 2608 1028 2677 primo
1058 2605 1388 2660 differentias
1419 2604 1612 2673 quibus
1649 2616 1710 2657 ea
1741 2617 1858 2671 qu:e
1889 2608 2013 2655 sunt
2039 2612 2231 2654 secun-

648 2700 773 2757 dum
823 2697 1063 2755 habitum
1110 2707 1163 2751 et
1193 2696 1543 2765 privationem
1572 2694 1835 2762 opposita,
1883 2692 1950 2747 ab
2004 2692 2066 2745 iis
2113 2704 2231 2759 quae

648 2802 778 2851 sunt
807 2790 1111 2848 immediata
1140 2787 1426 2843 contrariis
1456 2785 1674 2842 distent.
1721 2786 1776 2841 in
1819 2785 1900 2839 his
1929 2786 2070 2840 enim
2095 2799 2229 2839 con-

647 2885 828 2943 trariis
856 2899 975 2955 quze
1002 2880 1237 2939 medium
1265 2896 1372 2936 non
1402 2879 1620 2943 habent.
1652 2892 1869 2949 semper
1893 2891 2118 2932 necesse
2147 2882 2231 2931 est

646 2979 889 3052 ipsorum
919 2979 1147 3033 alterum
1190 2977 1367 3031 inesse
1396 2974 1446 3030 ei
1475 2972 1617 3043 quod
1643 2973 1729 3029 his
1771 2973 1902 3042 ipsis
1930 2970 2228 3041 subjectum

646 3083 749 3130 est.
799 3071 857 3127 ln
912 3070 1094 3125 habitu
1141 3082 1272 3123 vero
1313 3074 1369 3122 et
1414 3065 1713 3137 privatione
1752 3081 1859 3120 non
1895 3067 1962 3119 ita
1990 3072 2088 3117 est.
2113 3062 2231 3118 Non

647 3169 791 3224 enim
840 3179 1054 3232 semper
1083 3160 1340 3232 quaelibet
1383 3173 1471 3215 res
1512 3168 1604 3215 aut
1654 3157 1892 3215 habitum
1935 3157 2095 3213 habet
2139 3165 2232 3212 aut

646 3257 1024 3330 privationem,
1080 3253 1175 3310 sed
1218 3261 1303 3309 est
1330 3260 1539 3322 tempus
1567 3253 1779 3323 quando
1809 3261 2094 3321 utrumque
2118 3266 2225 3308 non

2319 656 2534 710 diﬂ‘crre
2565 659 2876 713 doceamus.
2905 659 2958 714 In
2992 660 3095 715 illis
3125 661 3267 716 enim
3301 676 3405 714 non
3434 674 3648 729 semper
3678 674 3897 716 necesse

2320 749 2420 802 eiit
2468 751 2732 803 contraria
2784 751 2959 805 inesse
3005 753 3266 821 subjecto,
3303 753 3506 806 idcirco
3535 752 3677 821 quod
3705 768 3890 808 eorum

2331 842 2648 895 medietatcs
2683 842 2888 909 pmsint
2927 842 3178 910 subjectis
3219 845 3435 898 evenire
3482 844 3813 909 substantiis,
3845 855 3899 901 ut

2322 934 2497 987 album
2529 935 2607 986 vel
2648 934 2851 1004 nigrum
2892 938 3032 1003 quod
3067 951 3169 989 non
3199 948 3275 990 est
3306 937 3463 991 alicui
3494 953 3589 1007 per
3632 948 3899 1004 naturam,

2322 1023 2414 1076 sed
2441 1032 2642 1077 tantum
2684 1026 2977 1077 secundum
3006 1027 3276 1079 accidens.
3321 1027 3552 1080 Possunt
3577 1029 3719 1081 enim
3754 1036 3900 1081 utra-

2324 1130 2426 1183 que
2458 1130 2560 1169 non
2611 1131 2730 1171 esse
2778 1118 2830 1171 in
2874 1120 3208 1187 corporibus,
3262 1120 3511 1187 quoniam
3562 1120 3645 1174 his
3686 1121 3767 1175 vel
3814 1136 3901 1174 ru-

2326 1208 2476 1262 brum
2530 1211 2609 1263 vel
2659 1211 2948 1279 pallidum,
3004 1228 3121 1281 qua:
3174 1226 3298 1266 sunt
3347 1229 3529 1267 eorum
3589 1213 3901 1268 medietates

2327 1301 2601 1354 eveniunt.
2656 1302 2707 1354 ln
2761 1303 3056 1370 privatione
3085 1319 3212 1359 vero
3251 1304 3303 1358 id
3346 1312 3402 1358 et
3432 1304 3613 1358 habitu
3659 1308 3765 1358 non
3795 1313 3899 1359 est.

2327 1394 2550 1460 Quando
2575 1394 2718 1448 enim
2757 1398 2953 1464 pcterit
2985 1412 3077 1465 per
3117 1407 3359 1451 naturam
3393 1396 3592 1452 habere
3639 1398 3901 1463 habitum,

2327 1487 2568 1556 utrisque
2594 1502 2711 1557 quae
2741 1502 2803 1542 ea
2836 1489 3154 1557 suscipiunt,
3182 1504 3367 1543 carere
3398 1505 3500 1543 non
3523 1500 3764 1558 possunt.
3798 1491 3902 1544 Ca-

2327 1582 2470 1635 tulus
2515 1582 2657 1635 enim
2699 1597 2820 1636 cum
2872 1597 2969 1649 per
3009 1594 3249 1638 naturam
3290 1583 3476 1639 videre
3525 1584 3774 1654 potuerit,
3817 1594 3904 1643 aut

2283 1748 2291 1755 .
2330 1672 2569 1727 habitum
2616 1672 2815 1727 habere
2862 1672 3078 1739 dicitur,
3125 1684 3177 1729 et
3222 1686 3302 1729 cst
3348 1676 3551 1741 videns,
3598 1684 3689 1730 aut
3734 1676 3904 1744 priva-

2329 1765 2548 1831 tionem,
2582 1768 2626 1821 si
2665 1765 2821 1820 iuerit
2860 1782 3053 1821 caecus.
3091 1767 3164 1820 Ita
3215 1783 3429 1838 semper
3455 1768 3522 1824 ab
3562 1783 3628 1823 eo
3667 1778 3904 1839 tempore

2328 1874 2435 1927 quo
2473 1859 2547 1914 illi
2590 1874 2687 1929 per
2720 1867 2961 1913 naturam
2998 1861 3306 1914 utrumlibet
3348 1861 3543 1916 habere
3589 1876 3903 1916 concessum

2258 1933 2307 1995 Β
2335 1960 2442 2015 εει,
2472 1951 2790 2006 alterutrum
2819 1951 3087 2021 retinebit,
3117 1953 3164 2006 id
3190 1961 3272 2007 est
3301 1962 3389 2005 aut
3413 1953 3763 2023 privationem
3781 1955 3904 2009 reti-

2329 2045 2512 2109 nebit,
2540 2054 2635 2098 aut
2657 2044 2915 2100 habitum.
2949 2046 3207 2113 Quocirca
3232 2047 3274 2101 si
3296 2048 3346 2101 in
3375 2047 3458 2103 his
3486 2048 3769 2102 contrariis
3787 2063 3905 2118 qua:

2330 2137 2507 2191 medio
2537 2153 2642 2192 non
2686 2149 2868 2193 carent
2894 2179 2909 2203 ,
2939 2149 3115 2208 poteSt
3145 2141 3257 2195 tieri
3291 2149 3348 2195 ut
3375 2150 3600 2210 utraque
3634 2142 3901 2195 contraria

2330 2228 2383 2282 in
2412 2228 2655 2298 subjecto
2680 2245 2785 2283 non
2826 2231 2954 2296 sint,
2986 2232 3036 2284 in
3063 2232 3357 2299 privatione
3385 2248 3511 2286 vero
3539 2241 3592 2287 et
3623 2231 3805 2287 habitu
3833 2233 3902 2287 ab

2328 2336 2395 2377 eo
2418 2332 2657 2393 tempore
2668 2339 2773 2394 quo
2786 2340 2881 2394 per
2902 2335 3142 2379 naturam
3160 2337 3331 2395 poteSt
3347 2336 3631 2396 utrumque
3647 2328 3903 2397 retinere,

2330 2413 2445 2468 ﬁeri
2480 2429 2587 2469 non
2638 2424 2815 2485 potest
2840 2416 2941 2470 nisi
2970 2431 3155 2471 eorum
3194 2417 3388 2471 habeat
3424 2419 3673 2486 alterum,
3706 2418 3905 2477 distant

2332 2506 2447 2563 haec
2474 2522 2687 2579 quoque
2713 2510 2941 2564 mediata
2975 2510 3038 2563 ab
3068 2509 3147 2563 his
3175 2524 3293 2579 quae
3333 2510 3625 2564 secundum
3658 2512 3765 2564 vim
3798 2512 3906 2581 pri-

2331 2598 2562 2654 vationis
2609 2584 2771 2670 atq‘ue
2818 2600 3027 2655 habitus
3072 2610 3433 2671 opponuntur.
3464 2601 3567 2656 Sed
3597 2611 3720 2657 ante
3748 2618 3907 2659 mon-

2334 2698 2563 2745 stratum
2608 2700 2691 2746 est
2737 2700 2793 2747 et
2836 2692 2919 2745 his
2943 2692 3227 2747 contrariis
3263 2708 3383 2763 qua:
3421 2708 3512 2761 per
3542 2702 3786 2747 naturam
3825 2709 3908 2750 es-

2333 2794 2475 2852 sent,
2506 2795 2562 2841 et
2598 2784 2663 2840 iis
2687 2800 2807 2855 qum
2835 2785 3013 2840 medio
3034 2796 3304 2852 carerent,
3349 2785 3487 2841 hanc
3516 2788 3906 2856 Oppositionem

2333 2890 2457 2934 esse
2498 2877 2837 2934 dissimilem.
2885 2879 3053 2934 Recte
3120 2880 3279 2949 igitur
3335 2882 3566 2949 positum
3606 2892 3688 2938 est
3736 2884 3909 2951 priva-

2335 2968 2497 3023 tionis
2535 2975 2695 3040 atque
2720 2970 2934 3029 habitus
2970 2971 3361 3040 oppositionem
3393 2972 3461 3028 ab
3488 2973 3573 3028 his
3599 2990 3718 3044 quae
3744 2989 3907 3045 oppo-

2335 3073 2535 3118 nuntur
2555 3071 2615 3119 ut
2641 3067 2930 3131 contraria,
2962 3065 3293 3135 discrepare.

2408 3155 2642 3225 Amplius
2662 3156 2717 3209 in
2747 3158 3012 3210 contrariis
3048 3158 3251 3227 quidem
3291 3160 3532 3214 existente
3564 3162 3875 3231 susceptibili
3893 3203 3907 3229 ,

2332 3247 2573 3317 possibile
2596 3256 2673 3301 est
2700 3247 2753 3301 in
2783 3248 3082 3301 alterutrum
3119 3249 3232 3315 ﬁeri
3259 3251 3619 3319 mutationem,
3651 3254 3748 3305 nisi
3787 3253 3909 3305 alte-

646 3316 863 3413 babeat,
889 3358 946 3401 ut
984 3316 1147 3400 catuli
1176 3342 1370 3413 quibus
1401 3316 1635 3398 nondqu
1668 3358 1764 3413 per
1812 3352 2053 3397 naturam
2085 3344 2228 3398 oculi
2256 3316 2309 3385 (ἶ
2335 3355 2447 3395 rum
2475 3340 2634 3395 alicui
2657 3341 2960 3395 naturaliter
2985 3342 3131 3410 insit,
3162 3353 3216 3396 ut
3236 3345 3343 3413 igni
3371 3344 3595 3398 calidum
3616 3362 3907 3401 esse:nam-

646 3447 852 3509 patent.
903 3437 1030 3491 Illos
1086 3435 1229 3490 enim
1279 3448 1379 3489 nec
1442 3434 1639 3488 habere
1687 3433 1922 3488 h‘abitnm
1976 3434 2228 3499 dicimus,

645 3530 894 3602 quoniam
941 3544 1047 3583 non
1088 3524 1295 3594 vident,
1333 3540 1433 3581 nec
1481 3527 1724 3596 privatos
1774 3527 1914 3592 visu,
1973 3527 2229 3595 quoniam

646 3623 849 3696 parvuli
889 3620 1063 3676 adhuc
1090 3621 1268 3675 visum
1301 3634 1397 3688 per
1427 3626 1673 3674 naturam
1713 3618 1914 3675 habere
1957 3634 2063 3674 non
2110 3633 2233 3689 pos-

646 3726 789 3773 sunt.
823 3714 987 3784 Igitur
1014 3717 1206 3768 horum
1238 3727 1359 3782 quae
1406 3712 1509 3767 sibi
1549 3712 1839 3768 secundum
1872 3713 2229 3782 privationem

646 3809 990 3876 habitumque
1014 3810 1140 3861 sunt
1164 3804 1432 3875 opposita,
1466 3818 1574 3859 non
1596 3818 1810 3875 semper
1846 3805 2076 3861 alterum
2107 3807 2233 3860 sub-

646 3900 789 3972 jecto
816 3900 959 3955 inest
1004 3912 1213 3954 eorum.
1242 3896 1351 3953 Sed
1380 3912 1567 3953 eorum
1620 3912 1738 3967 quae
1785 3906 1912 3952 sunt
1962 3899 2233 3954 contraria

647 3992 977 4056 immediata,
1021 3990 1074 4046 id
1103 3997 1187 4046 est
1236 3987 1413 4044 medio
1461 3988 1723 4055 carentia,
1750 4002 1968 4059 semper
2007 3991 2232 4045 alterum

648 4066 980 4153 susceptibili
1004 4083 1166 4138 inest.
1201 4080 1375 4137 Distat
1404 4081 1566 4150 igitur
1593 4096 1655 4137 ea
1676 4097 1795 4151 qua:
1817 4082 2110 4136 secundum
2141 4082 2233 4136 ha-

589 4170 593 4175 ’
648 4179 821 4233 bitum
842 4184 895 4232 et
920 4175 1274 4246 privationem
1298 4182 1379 4230 est
1402 4174 1690 4243 oppositio,
1716 4173 1782 4228 iis
1802 4190 1919 4244 quae
1941 4174 2231 4233 secundum

576 5882 604 5913 ναι

647 4269 919 4324 contraria
963 4273 1215 4335 putantur
1249 4265 1469 4334 opponi.
1505 4263 1611 4320 Sed
1641 4266 1893 4335 quoniam
1922 4275 2044 4319 sunt
2075 4280 2229 4335 qum-

649 4360 773 4414 dam
805 4358 1075 4414 contraria
1098 4370 1219 4426 quae
1243 4356 1425 4410 insunt
1445 4356 1603 4411 alicui
1636 4370 1729 4425 per
1757 4366 2021 4421 naturam,
2047 4368 2103 4410 ut
2128 4359 2233 4414 nivi

648 4451 851 4514 album,
901 4449 1006 4518 igni
1035 4446 1291 4511 calidum,
1341 4459 1505 4501 corvo
1551 4448 1785 4515 nigrum,
1828 4448 1989 4502 etiam
2036 4448 2104 4503 ab
2142 4448 2235 4525 his

650 4543 917 4611 discrepat
960 4539 1229 4611 oppositio
1272 4539 1587 4608 privationis
1623 4548 1678 4595 et
1728 4540 1965 4597 habitus.
1997 4542 2068 4596 Ea
2093 4543 2235 4600 enim

651 4646 771 4703 quae
797 4646 890 4700 per
920 4641 1163 4686 naturam
1192 4630 1393 4694 insunt,
1419 4630 1643 4686 dit’linita
1670 4640 1816 4700 sunt,
1836 4642 1891 4686 et
1909 4632 2052 4687 nullo
2076 4634 2235 4688 modo

2331 3448 2430 3502 que
2465 3431 2703 3504 possibile
2730 3443 2801 3486 est
2839 3434 2974 3501 quod
3001 3451 3182 3488 sanum
3224 3445 3327 3505 est,
3363 3438 3625 3508 languere,
3654 3447 3701 3492 et
3734 3440 3908 3492 candi-

2333 3523 2489 3592 dum,
2540 3523 2742 3593 nigrum
2785 3525 2926 3592 ﬁeri,
2968 3536 3013 3578 et
3058 3542 3121 3580 ea:
3164 3528 3413 3593 studioso,
3457 3539 3797 3613 pravumnet
3850 3547 3911 3587 ea

2293 3687 2298 3691 '
2335 3630 2512 3683 pravo,
2540 3616 2824 3670 studiosum
2872 3618 3109 3684 possibile
3148 3630 3221 3673 est
3254 3621 3389 3687 ﬁeri.
3435 3619 3628 3675 Pravus
3664 3622 3803 3675 enim
3826 3626 3909 3677 ad

2333 3708 2568 3763 meliores
2595 3710 2986 3764 consuetudines
3015 3706 3283 3775 deductus,
3310 3722 3358 3766 et
3387 3715 3456 3766 ad
3494 3714 3775 3781 doctrinas,
3800 3726 3847 3770 et
3867 3720 3912 3770 si

2335 3800 2591 3855 modicum
2619 3801 2816 3871 aliquid
2846 3804 3083 3872 pro/iciat
3111 3817 3164 3857 ut
3206 3808 3385 3859 melior
3415 3807 3499 3861 sit.
3528 3807 3590 3863 Si
3617 3823 3733 3861 vero
3759 3810 3913 3863 semel

2336 3895 2415 3949 vel
2441 3895 2696 3950 modicum
2718 3907 3027 3951 crementum
3049 3902 3349 3969 sumpserit,
3382 3902 3551 3969 palam
3573 3913 3645 3957 est
3666 3902 3802 3971 quod
3822 3913 3913 3956 aut

2336 3986 2555 4056 perfecte
2590 3987 2891 4053 mutabitur,
2921 3999 3011 4042 aut
3039 3992 3161 4044 satis
3192 3991 3406 4045 multum
3436 3994 3802 4048 incrementum
3831 4011 3914 4049 su-

2338 4088 2458 4136 met.
2486 4078 2697 4152 Semper
2726 4082 2858 4134 enim
2889 4081 3012 4137 bene
3060 4085 3293 4138 mobilior
3328 4086 3395 4137 ad
3422 4088 3652 4141 virtutem
3688 4090 3803 4155 ﬁet,
3840 4091 3914 4142 vel

2338 4170 2669 4242 quodcunque
2697 4185 3005 4229 crementum
3050 4179 3314 4247 sumpserit
3354 4195 3385 4230 a
3427 4180 3696 4248 principio.
3744 4181 3914 4247 Quare

2336 4264 2606 4317 verisimile
2634 4274 2707 4317 est
2737 4266 2958 4335 amplius
2988 4283 3104 4320 eum
3141 4284 3338 4323 sumere
3363 4280 3698 4336 crementum,
3739 4280 3787 4325 et
3819 4273 3914 4326 hoc

2340 4356 2463 4408 dum
2490 4371 2687 4425 semper
2725 4359 2812 4426 ﬁt,
2844 4363 3064 4428 perfecte
3088 4362 3141 4413 in
3170 4364 3479 4415 contrarium
3505 4363 3731 4415 habi'um
3763 4366 3911 4417 resti-

2341 4457 2527 4513 tuetur,
2575 4451 2673 4503 nisi
2720 4454 2853 4519 forte
2900 4462 3121 4523 tempore
3164 4470 3466 4521 suspensum
3508 4457 3593 4508 sit.
3639 4455 3819 4509 Verum
3860 4458 3913 4511 in

2341 4540 2621 4606 privatione
2643 4550 2689 4595 et
2712 4542 2885 4595 habitu
2911 4544 3219 4611 impossibile
3238 4559 3309 4599 est
3348 4547 3676 4601 mutationem
3696 4550 3748 4599 in
3782 4549 3913 4602 alte-

2339 4640 2544 4685 rutrum
2576 4634 2715 4701 ﬁeri,
2748 4636 2835 4688 sed
2865 4652 2927 4689 ea:
2958 4637 3133 4690 habitu
3170 4639 3369 4705 quidem
3402 4641 3453 4692 in
3487 4640 3817 4710 privationem
3859 4641 3915 4705 ﬁt

652 4735 1043 4796 permutantur,
1079 4734 1138 4780 ut
1165 4734 1249 4781 est
1274 4723 1454 4780 album
1484 4726 1609 4780 nivi.
1658 4726 1773 4783 Non
1820 4727 1961 4782 enim
2009 4731 2095 4783 nix
2147 4739 2239 4785 aut
2264 4715 2323 4779 1)
2345 4728 2575 4795 mutatio,
2606 4742 2639 4780 a
2669 4728 2950 4795 privatione
2982 4746 3101 4784 vero
3130 4731 3183 4784 in
3223 4734 3445 4785 habitum
3474 4734 3784 4803 impossibile
3810 4745 3911 4798 est,

652 4818 773 4870 alba
800 4825 891 4871 aut
928 4817 1077 4885 nigra
1116 4824 1221 4881 est,
1270 4817 1363 4871 sed
1392 4825 1599 4871 tantum
1645 4818 1790 4886 alba,
1821 4828 1876 4873 et
1902 4833 2100 4874 corvus
2129 4835 2233 4875 non

653 4915 747 4962 aut
784 4906 937 4961 albus
969 4914 1061 4961 aut
1104 4905 1275 4975 niger,
1301 4905 1396 4961 sed
1427 4907 1601 4961 solum
1644 4910 1815 4977 niger.
1852 4910 1906 4962 In
1940 4909 2236 4974 privatione

630 5012 782 5056 ‘vero
825 5008 879 5053 et
909 4996 1091 5053 habitu
1118 5010 1222 5051 una
1251 5011 1337 5051 res
1376 5011 1499 5052 esse
1526 5012 1632 5051 non
1662 5007 1836 5067 potest
1866 4999 2111 5065 diiiinita,
2142 5001 2236 5055 sed

655 5105 875 5162 semper
923 5097 1015 5145 aut
1065 5087 1293 5159 privatio
1336 5089 1616 5158 contingit,
1665 5098 1755 5145 aut
1791 5090 2024 5156 habitus,
2052 5093 2236 5150 ethoc

632 5196 743 5242 'est
769 5181 910 5254 quod
939 5184 1034 5250 ait,
1057 5190 1112 5238 et
1137 5182 1329 5236 horum
1360 5195 1466 5237 non
1496 5181 1722 5238 difiinite
1750 5183 1999 5250 alterum,
2021 5184 2117 5240 sed
2146 5196 2237 5242 aut

632 5278 775 5347 ,hoc,
824 5282 916 5331 aut
962 5274 1111 5331 illud.
1162 5273 1344 5345 Neque
1369 5274 1511 5329 enim
1549 5289 1774 5330 necesse
1799 5283 1881 5331 est
1906 5288 2000 5332 aut
2035 5292 2232 5335 caecum

632 5348 807 5437 ﬂesse,
860 5376 951 5424 aut
993 5367 1278 5423 habentem
1320 5365 1491 5421 visum
1544 5365 1773 5422 difﬁnite
1804 5368 2231 5426 subaudiendum

634 5446 641 5533 ί
656 5471 761 5531 εει,
787 5461 996 5517 catulus
1024 5461 1167 5517 enim
1184 5458 1275 5528 qui
1296 5474 1391 5528 per
1414 5466 1655 5546 natugam
1680 5455 1914 5515 nondum
1952 5462 2119 5525 videt,
2145 5471 2237 5518 aut

634 5544 897 5613 Lhabitum
944 5552 1222 5607 habiturus
1267 5561 1370 5621 est,
1420 5550 1474 5606 id
1522 5544 1606 5607 est
1633 5552 1824 5618 visum,
1880 5562 1975 5609 aut
2010 5569 2075 5611 eo
2121 5556 2234 5625 pri-

634 5648 860 5713 ;vandus
888 5656 991 5710 est,
1024 5654 1083 5699 ιιι
1103 5649 1175 5701 sit
1189 5660 1387 5713 caecus,
1414 5645 1508 5701 sed
1539 5660 1643 5701 non
1676 5644 1898 5701 difﬁnite
1925 5664 2110 5712 unum,
2140 5648 2238 5703 sed

635 5694 747 5865 ἴδω
775 5742 875 5797 hoc
905 5750 996 5795 aut
1022 5740 1153 5795 illud
1198 5740 1481 5796 indifﬂnite
1528 5741 1803 5812 contingit.
1852 5742 2019 5804 Distat
2069 5742 2232 5812 igitur

657 5831 773 5865 hmn
803 5832 1069 5865 Ληηαεῖιῖιι
1098 5830 1180 5865 hic
1210 5832 1492 5865 Ληηθιιιιι-ἶῖο
1520 5848 1638 5865 ηιμ-ι
1688 5834 1950 5865 aliIn-ilum
1994 5851 2091 5865 νη...
2136 5850 2199 5865 ..ιι

657 5831 773 5885 hzec
803 5832 1069 5901 Oppositio
1098 5830 1182 5885 his
1210 5832 1494 5886 contrariis
1520 5848 1638 5900 qua:
1688 5834 1952 5903 aliquibus
1994 5851 2091 5904 per
2136 5850 2232 5891 na-

632 5888 1285 5993 ituram-immutabiliter
1328 5888 1593 5980 accidunt.
1635 5888 1817 5980 Restat
1863 5888 2019 5997 igitur
2064 5888 2234 5987 uthis

2345 4833 2504 4889 neque
2538 4820 2669 4872 enim
2695 4821 2781 4889 qui
2829 4836 2990 4873 caecus
3023 4823 3187 4885 {actus
3216 4836 3317 4891 est,
3363 4841 3539 4880 rursus
3577 4826 3730 4890 vidit,
3763 4842 3917 4892 neque

2346 4924 2461 4961 cum
2488 4920 2614 4964 esset
2643 4911 2836 4976 calvus,
2878 4928 3056 4966 rursus
3081 4926 3308 4969 comatus
3336 4927 3407 4969 est
3450 4917 3640 4985 factus,
3684 4935 3774 4971 nec
3806 4934 3917 4971 cum

2346 5010 2472 5059 esset
2492 5001 2601 5055 sine
2622 5001 2874 5067 dentibus,
2900 5004 3071 5059 dentes
3092 5007 3274 5059 iterant
3300 5010 3396 5061 orti
3421 5018 3559 5061 sunt.
3772 5045 3799 5075 ,

2419 5092 2590 5146 Aliam
2636 5109 2820 5148 rursus
2849 5098 3236 5151 contrariorum
3281 5108 3334 5151 ct
3372 5100 3528 5167 hujus
3569 5101 3920 5167 appositionis

2346 5197 2462 5252 qua:
2497 5185 2786 5240 secundum
2819 5185 3056 5241 habitum
3088 5191 3539 5259 privationemque
3564 5192 3778 5257 dicitur,
3814 5195 3921 5249 dis-

2346 5278 2675 5345 crepantiam
2741 5282 2907 5348 ponit.
2975 5280 3050 5333 Ea
3102 5282 3241 5335 enim
3289 5298 3407 5350 quae
3447 5271 3711 5339 contraria
3761 5298 3918 5352 sunt,

2346 5378 2569 5437 possunt
2596 5369 2673 5423 in'
2698 5370 2898 5425 alterna
2939 5373 3154 5425 variatis
3183 5372 3383 5427 vicibus
3428 5377 3737 5442 permutari.
3766 5376 3918 5442 Quod

2347 5462 2485 5516 enim
2520 5462 2744 5517 calidum
2787 5473 2869 5520 est
2913 5474 3087 5532 potest
3113 5464 3255 5520 eftici
3304 5465 3585 5537 frigidum,
3631 5484 3919 5538 rursusque

2348 5556 2487 5627 quod
2515 5558 2761 5627 trigidum
2792 5570 2874 5611 est
2910 5567 3081 5626 potest
3111 5560 3163 5614 in
3201 5562 3394 5617 caloris
3425 5565 3558 5618 verti
3588 5566 3917 5633 qualitatem.

2346 5649 2440 5705 llis
2463 5660 2637 5705 tamen
2672 5652 2751 5720 (ut
2780 5650 2978 5706 dictum
3008 5659 3111 5721 est)
3142 5656 3272 5711 solis
3297 5659 3562 5726 exceptis,
3594 5658 3783 5724 quibus
3813 5672 3918 5711 una

2346 5743 2597 5811 quaslibet
2627 5758 2729 5798 res.
2753 5746 3141 5801 contrariorum
3174 5750 3482 5805 naturaliter
3512 5750 3667 5805 insita
3708 5760 3822 5816 est,
3865 5750 3919 5809 in

2348 5834 2428 5889 his
2458 5836 2600 5889 enim
2631 5834 2760 5889 solis
2790 5836 2905 5891 ﬁeri
2954 5853 3059 5893 non
3106 5849 3279 5909 potest
3321 5843 3523 5896 alterna
3572 5843 3831 5898 mutatio:
3866 5847 3921 5907 in

2344 5930 2427 5988 his
2456 5945 2582 5988 vero
2625 5946 2743 6001 qua:
2788 5932 3092 5991 accidenter
3124 5944 3181 5991 et
3224 5950 3333 5993 non
3376 5952 3472 6008 per
3512 5947 3753 5997 naturam
3794 5942 3920 5999 sui»
