  <div class='ocr_page' id='page_1' title='image "/cluster/home/n/w/nwhite01/storage/ocr_20150623/64/hvd.32044073505265/144.png"; bbox 0 0 4280 6268; ppageno 0'>
   <div class='ocr_carea' id='block_1_1' title="bbox 350 332 446 388">
    <p class='ocr_par' dir='ltr' id='par_1_1' title="bbox 350 332 446 388">
     <span class='ocr_line' id='line_1_1' title="bbox 350 332 446 388; baseline -0.031 -1"><span class='ocrx_word' id='word_1_1' title='bbox 350 332 446 388; x_wconf 76' lang='lat'><strong>2&#39;77</strong></span> 
     </span>
    </p>
   </div>
   <div class='ocr_carea' id='block_1_2' title="bbox 1320 303 2636 371">
    <p class='ocr_par' dir='ltr' id='par_1_2' title="bbox 1320 303 2636 371">
     <span class='ocr_line' id='line_1_2' title="bbox 1320 303 2636 371; baseline -0.009 1"><span class='ocrx_word' id='word_1_2' title='bbox 1320 316 1387 371; x_wconf 86' lang='lat' dir='ltr'><strong>IN</strong></span> <span class='ocrx_word' id='word_1_3' title='bbox 1423 308 1855 371; x_wconf 73' lang='lat' dir='ltr'><strong>CATEGORIAS</strong></span> <span class='ocrx_word' id='word_1_4' title='bbox 1898 304 2339 365; x_wconf 76' lang='lat' dir='ltr'><strong>ARISTOTELIS</strong></span> <span class='ocrx_word' id='word_1_5' title='bbox 2377 304 2507 359; x_wconf 85' lang='lat' dir='ltr'><strong>LIB.</strong></span> <span class='ocrx_word' id='word_1_6' title='bbox 2547 303 2636 360; x_wconf 73' lang='grc' dir='ltr'><strong>ιν.</strong></span> 
     </span>
    </p>
   </div>
   <div class='ocr_carea' id='block_1_3' title="bbox 3503 290 3606 349">
    <p class='ocr_par' dir='ltr' id='par_1_3' title="bbox 3503 290 3606 349">
     <span class='ocr_line' id='line_1_3' title="bbox 3503 290 3606 349; baseline 0 -1"><span class='ocrx_word' id='word_1_7' title='bbox 3503 290 3606 349; x_wconf 73' lang='lat' dir='ltr'><strong>27d</strong></span> 
     </span>
    </p>
   </div>
   <div class='ocr_carea' id='block_1_4' title="bbox 350 414 3605 517">
    <p class='ocr_par' dir='ltr' id='par_1_4' title="bbox 350 414 3605 517">
     <span class='ocr_line' id='line_1_4' title="bbox 350 414 3605 517; baseline -0.012 -16"><span class='ocrx_word' id='word_1_8' title='bbox 350 445 507 517; x_wconf 86' lang='lat' dir='ltr'><strong>jectis</strong></span> <span class='ocrx_word' id='word_1_9' title='bbox 548 443 829 508; x_wconf 86' lang='lat' dir='ltr'><strong>eveniunt,</strong></span> <span class='ocrx_word' id='word_1_10' title='bbox 862 441 920 495; x_wconf 83' lang='lat' dir='ltr'><strong>fit</strong></span> <span class='ocrx_word' id='word_1_11' title='bbox 958 451 1165 509; x_wconf 83' lang='lat' dir='ltr'><strong>semper</strong></span> <span class='ocrx_word' id='word_1_12' title='bbox 1192 435 1245 488; x_wconf 89' lang='lat' dir='ltr'><strong>in</strong></span> <span class='ocrx_word' id='word_1_13' title='bbox 1285 431 1551 487; x_wconf 89' lang='lat' dir='ltr'><strong>contraria</strong></span> <span class='ocrx_word' id='word_1_14' title='bbox 1583 425 1921 499; x_wconf 86' lang='lat' dir='ltr'><strong>permutatio,</strong></span> <span class='ocrx_word' id='word_1_15' title='bbox 1953 423 2006 485; x_wconf 77' lang='grc' dir='ltr'><strong>Α</strong></span> <span class='ocrx_word' id='word_1_16' title='bbox 2030 420 2201 490; x_wconf 85' lang='lat' dir='ltr'><strong>prium</strong></span> <span class='ocrx_word' id='word_1_17' title='bbox 2226 416 2598 475; x_wconf 84' lang='lat' dir='ltr'><strong>afﬁrmationis</strong></span> <span class='ocrx_word' id='word_1_18' title='bbox 2618 424 2669 470; x_wconf 79' lang='lat' dir='ltr'><strong>et</strong></span> <span class='ocrx_word' id='word_1_19' title='bbox 2692 414 3007 484; x_wconf 76' lang='lat' dir='ltr'><strong>negationis,</strong></span> <span class='ocrx_word' id='word_1_20' title='bbox 3032 421 3091 467; x_wconf 91' lang='lat' dir='ltr'><strong>ut</strong></span> <span class='ocrx_word' id='word_1_21' title='bbox 3110 426 3200 467; x_wconf 90' lang='lat' dir='ltr'><strong>eas</strong></span> <span class='ocrx_word' id='word_1_22' title='bbox 3226 423 3439 479; x_wconf 81' lang='lat' dir='ltr'><strong>semper</strong></span> <span class='ocrx_word' id='word_1_23' title='bbox 3468 423 3605 478; x_wconf 58' lang='lat' dir='ltr'><strong>quiec</strong></span> 
     </span>
    </p>
   </div>
   <div class='ocr_carea' id='block_1_5' title="bbox 350 534 1921 605">
    <p class='ocr_par' dir='ltr' id='par_1_5' title="bbox 350 534 1921 605">
     <span class='ocr_line' id='line_1_5' title="bbox 350 534 1921 605; baseline -0.015 -10"><span class='ocrx_word' id='word_1_24' title='bbox 350 551 409 595; x_wconf 85' lang='grc' dir='ltr'><strong>ιιι</strong></span> <span class='ocrx_word' id='word_1_25' title='bbox 452 554 520 594; x_wconf 73' lang='grc' dir='ltr'><strong>ει</strong></span> <span class='ocrx_word' id='word_1_26' title='bbox 560 552 693 593; x_wconf 70' lang='grc' dir='ltr'><strong>εειηο</strong></span> <span class='ocrx_word' id='word_1_27' title='bbox 738 549 967 605; x_wconf 61' lang='lat' dir='ltr'><strong>agrum,</strong></span> <span class='ocrx_word' id='word_1_28' title='bbox 996 548 1060 587; x_wconf 70' lang='grc' dir='ltr'>ΘΧ</span> <span class='ocrx_word' id='word_1_29' title='bbox 1100 543 1243 599; x_wconf 64' lang='grc' dir='ltr'><strong>εει-ο</strong></span> <span class='ocrx_word' id='word_1_30' title='bbox 1282 540 1467 581; x_wconf 81' lang='lat' dir='ltr'><strong>l‘lll&#39;SllS</strong></span> <span class='ocrx_word' id='word_1_31' title='bbox 1510 537 1697 578; x_wconf 89' lang='lat' dir='ltr'><strong>sanum</strong></span> <span class='ocrx_word' id='word_1_32' title='bbox 1728 534 1921 589; x_wconf 68' lang='grc' dir='ltr'><strong>θοι-ρης</strong></span> 
     </span>
    </p>
   </div>
   <div class='ocr_carea' id='block_1_6' title="bbox 352 616 1922 685">
    <p class='ocr_par' dir='ltr' id='par_1_6' title="bbox 352 616 1922 685">
     <span class='ocr_line' id='line_1_6' title="bbox 352 616 1922 685; baseline -0.013 -1"><span class='ocrx_word' id='word_1_33' title='bbox 352 631 584 685; x_wconf 78' lang='lat' dir='ltr'><strong>efficitur</strong></span> <span class='ocrx_word' id='word_1_34' title='bbox 637 626 898 682; x_wconf 86' lang='lat' dir='ltr'><strong>animalis.</strong></span> <span class='ocrx_word' id='word_1_35' title='bbox 939 623 1054 678; x_wconf 86' lang='lat' dir='ltr'><strong>Jam</strong></span> <span class='ocrx_word' id='word_1_36' title='bbox 1104 635 1231 675; x_wconf 90' lang='lat' dir='ltr'><strong>vero</strong></span> <span class='ocrx_word' id='word_1_37' title='bbox 1283 616 1411 673; x_wconf 91' lang='lat' dir='ltr'><strong>illud</strong></span> <span class='ocrx_word' id='word_1_38' title='bbox 1462 630 1647 671; x_wconf 90' lang='lat' dir='ltr'><strong>verum</strong></span> <span class='ocrx_word' id='word_1_39' title='bbox 1696 621 1804 679; x_wconf 92' lang='lat' dir='ltr'><strong>est,</strong></span> <span class='ocrx_word' id='word_1_40' title='bbox 1856 625 1922 665; x_wconf 88' lang='lat' dir='ltr'><strong>ex</strong></span> 
     </span>
    </p>
   </div>
   <div class='ocr_carea' id='block_1_7' title="bbox 354 708 1921 791">
    <p class='ocr_par' dir='ltr' id='par_1_7' title="bbox 354 708 1921 791">
     <span class='ocr_line' id='line_1_7' title="bbox 354 708 1921 791; baseline -0.011 -13"><span class='ocrx_word' id='word_1_41' title='bbox 354 725 496 778; x_wconf 78' lang='lat' dir='ltr'><strong>bou’o</strong></span> <span class='ocrx_word' id='word_1_42' title='bbox 534 721 816 791; x_wconf 84' lang='lat' dir='ltr'><strong>proclivior</strong></span> <span class='ocrx_word' id='word_1_43' title='bbox 856 732 1067 787; x_wconf 85' lang='lat' dir='ltr'><strong>semper</strong></span> <span class='ocrx_word' id='word_1_44' title='bbox 1108 715 1299 771; x_wconf 87' lang='lat' dir='ltr'><strong>semita</strong></span> <span class='ocrx_word' id='word_1_45' title='bbox 1340 712 1546 767; x_wconf 87' lang='lat' dir='ltr'><strong>videtur</strong></span> <span class='ocrx_word' id='word_1_46' title='bbox 1588 709 1656 764; x_wconf 90' lang='lat' dir='ltr'><strong>ad</strong></span> <span class='ocrx_word' id='word_1_47' title='bbox 1691 708 1921 771; x_wconf 90' lang='lat' dir='ltr'><strong>malum,</strong></span> 
     </span>
    </p>
   </div>
   <div class='ocr_carea' id='block_1_8' title="bbox 354 799 1922 878">
    <p class='ocr_par' dir='ltr' id='par_1_8' title="bbox 354 799 1922 878">
     <span class='ocr_line' id='line_1_8' title="bbox 354 799 1922 878; baseline -0.01 -9"><span class='ocrx_word' id='word_1_48' title='bbox 354 826 409 869; x_wconf 88' lang='lat' dir='ltr'><strong>et</strong></span> <span class='ocrx_word' id='word_1_49' title='bbox 432 814 675 869; x_wconf 87' lang='lat' dir='ltr'><strong>facillima</strong></span> <span class='ocrx_word' id='word_1_50' title='bbox 697 826 814 866; x_wconf 89' lang='lat' dir='ltr'><strong>esse</strong></span> <span class='ocrx_word' id='word_1_51' title='bbox 835 826 897 864; x_wconf 83' lang='lat' dir='ltr'><strong>ex</strong></span> <span class='ocrx_word' id='word_1_52' title='bbox 923 808 1185 878; x_wconf 90' lang='lat' dir='ltr'><strong>probitate</strong></span> <span class='ocrx_word' id='word_1_53' title='bbox 1204 807 1270 860; x_wconf 91' lang='lat' dir='ltr'><strong>ad</strong></span> <span class='ocrx_word' id='word_1_54' title='bbox 1296 805 1553 859; x_wconf 88' lang='lat' dir='ltr'><strong>malitiam</strong></span> <span class='ocrx_word' id='word_1_55' title='bbox 1576 799 1922 874; x_wconf 91' lang='lat' dir='ltr'><strong>permutatio,</strong></span> 
     </span>
    </p>
   </div>
   <div class='ocr_carea' id='block_1_9' title="bbox 357 892 1925 978">
    <p class='ocr_par' dir='ltr' id='par_1_9' title="bbox 357 892 1925 978">
     <span class='ocr_line' id='line_1_9' title="bbox 357 892 1925 978; baseline -0.011 -15"><span class='ocrx_word' id='word_1_56' title='bbox 357 907 497 978; x_wconf 88' lang='lat' dir='ltr'><strong>quod</strong></span> <span class='ocrx_word' id='word_1_57' title='bbox 528 905 843 961; x_wconf 76' lang='lat' dir='ltr'><strong>Terentiano</strong></span> <span class='ocrx_word' id='word_1_58' title='bbox 871 903 1094 958; x_wconf 80' lang='lat' dir='ltr'><strong>docetur</strong></span> <span class='ocrx_word' id='word_1_59' title='bbox 1113 899 1363 969; x_wconf 83' lang='lat' dir='ltr'><strong>exemplo</strong></span> <span class='ocrx_word' id='word_1_60' title='bbox 1390 916 1401 950; x_wconf 90' lang='lat'><strong>:</strong></span> <span class='ocrx_word' id='word_1_61' title='bbox 1434 899 1479 953; x_wconf 76' lang='grc' dir='ltr'>Α</span> <span class='ocrx_word' id='word_1_62' title='bbox 1511 895 1695 951; x_wconf 85' lang='lat' dir='ltr'><strong>labore</strong></span> <span class='ocrx_word' id='word_1_63' title='bbox 1722 892 1925 964; x_wconf 90' lang='lat' dir='ltr'><strong>procli-</strong></span> 
     </span>
    </p>
   </div>
   <div class='ocr_carea' id='block_1_10' title="bbox 360 988 1930 1065">
    <p class='ocr_par' dir='ltr' id='par_1_10' title="bbox 360 988 1930 1065">
     <span class='ocr_line' id='line_1_10' title="bbox 360 988 1930 1065; baseline -0.007 -14"><span class='ocrx_word' id='word_1_64' title='bbox 360 1014 477 1054; x_wconf 90' lang='lat' dir='ltr'><strong>vem</strong></span> <span class='ocrx_word' id='word_1_65' title='bbox 508 997 569 1051; x_wconf 91' lang='lat' dir='ltr'><strong>ad</strong></span> <span class='ocrx_word' id='word_1_66' title='bbox 602 996 733 1050; x_wconf 89' lang='lat' dir='ltr'><strong>libid</strong></span> <span class='ocrx_word' id='word_1_67' title='bbox 758 1010 902 1050; x_wconf 91' lang='lat' dir='ltr'><strong>nem.</strong></span> <span class='ocrx_word' id='word_1_68' title='bbox 934 994 1038 1049; x_wconf 88' lang='lat' dir='ltr'><strong>Sed</strong></span> <span class='ocrx_word' id='word_1_69' title='bbox 1064 1007 1365 1065; x_wconf 88' lang='lat' dir='ltr'><strong>quanquam</strong></span> <span class='ocrx_word' id='word_1_70' title='bbox 1408 989 1639 1045; x_wconf 88' lang='lat' dir='ltr'><strong>difficilis</strong></span> <span class='ocrx_word' id='word_1_71' title='bbox 1681 988 1752 1043; x_wconf 86' lang='lat' dir='ltr'><strong>sit</strong></span> <span class='ocrx_word' id='word_1_72' title='bbox 1782 995 1930 1041; x_wconf 79' lang='lat' dir='ltr'><strong>tran-</strong></span> 
     </span>
    </p>
   </div>
   <div class='ocr_carea' id='block_1_11' title="bbox 354 1078 1928 1155">
    <p class='ocr_par' dir='ltr' id='par_1_11' title="bbox 354 1078 1928 1155">
     <span class='ocr_line' id='line_1_11' title="bbox 354 1078 1928 1155; baseline -0.009 -10"><span class='ocrx_word' id='word_1_73' title='bbox 354 1091 485 1145; x_wconf 84' lang='lat' dir='ltr'><strong>situs</strong></span> <span class='ocrx_word' id='word_1_74' title='bbox 511 1088 574 1143; x_wconf 88' lang='lat' dir='ltr'><strong>ad</strong></span> <span class='ocrx_word' id='word_1_75' title='bbox 608 1089 830 1142; x_wconf 76' lang='lat' dir='ltr'><strong>virtutes</strong></span> <span class='ocrx_word' id='word_1_76' title='bbox 867 1102 898 1141; x_wconf 87' lang='lat' dir='ltr'><strong>a</strong></span> <span class='ocrx_word' id='word_1_77' title='bbox 928 1084 1257 1155; x_wconf 85' lang='lat' dir='ltr'><strong>turpitudine</strong></span> <span class='ocrx_word' id='word_1_78' title='bbox 1300 1084 1581 1149; x_wconf 88' lang='lat' dir='ltr'><strong>vitiorum,</strong></span> <span class='ocrx_word' id='word_1_79' title='bbox 1612 1078 1928 1133; x_wconf 85' lang='lat' dir='ltr'><strong>Aristoteles</strong></span> 
     </span>
    </p>
   </div>
   <div class='ocr_carea' id='block_1_12' title="bbox 358 1170 1928 1249">
    <p class='ocr_par' dir='ltr' id='par_1_12' title="bbox 358 1170 1928 1249">
     <span class='ocr_line' id='line_1_12' title="bbox 358 1170 1928 1249; baseline -0.008 -14"><span class='ocrx_word' id='word_1_80' title='bbox 358 1191 529 1236; x_wconf 90' lang='lat' dir='ltr'><strong>tamen</strong></span> <span class='ocrx_word' id='word_1_81' title='bbox 564 1180 674 1235; x_wconf 83' lang='lat' dir='ltr'><strong>fieri</strong></span> <span class='ocrx_word' id='word_1_82' title='bbox 720 1193 878 1249; x_wconf 84' lang='lat' dir='ltr'><strong>posse</strong></span> <span class='ocrx_word' id='word_1_83' title='bbox 922 1179 1062 1232; x_wconf 90' lang='lat' dir='ltr'><strong>hunc</strong></span> <span class='ocrx_word' id='word_1_84' title='bbox 1102 1177 1383 1231; x_wconf 86' lang='lat' dir='ltr'><strong>transitum</strong></span> <span class='ocrx_word' id='word_1_85' title='bbox 1430 1172 1729 1228; x_wconf 84' lang='lat' dir='ltr'><strong>confirmat.</strong></span> <span class='ocrx_word' id='word_1_86' title='bbox 1760 1170 1928 1239; x_wconf 83' lang='lat' dir='ltr'><strong>Hujus</strong></span> 
     </span>
    </p>
   </div>
   <div class='ocr_carea' id='block_1_13' title="bbox 355 1265 1929 1343">
    <p class='ocr_par' dir='ltr' id='par_1_13' title="bbox 355 1265 1929 1343">
     <span class='ocr_line' id='line_1_13' title="bbox 355 1265 1929 1343; baseline -0.01 -13"><span class='ocrx_word' id='word_1_87' title='bbox 355 1275 494 1330; x_wconf 87' lang='lat' dir='ltr'><strong>enim</strong></span> <span class='ocrx_word' id='word_1_88' title='bbox 545 1270 852 1343; x_wconf 79' lang='lat' dir='ltr'><strong>philosOphi</strong></span> <span class='ocrx_word' id='word_1_89' title='bbox 903 1270 1165 1325; x_wconf 90' lang='lat' dir='ltr'><strong>sententia</strong></span> <span class='ocrx_word' id='word_1_90' title='bbox 1215 1278 1329 1333; x_wconf 89' lang='lat' dir='ltr'><strong>est,</strong></span> <span class='ocrx_word' id='word_1_91' title='bbox 1378 1265 1601 1320; x_wconf 82' lang='lat' dir='ltr'><strong>virtutes</strong></span> <span class='ocrx_word' id='word_1_92' title='bbox 1658 1277 1764 1317; x_wconf 91' lang='lat' dir='ltr'><strong>non</strong></span> <span class='ocrx_word' id='word_1_93' title='bbox 1811 1276 1929 1316; x_wconf 86' lang='lat' dir='ltr'><strong>esse</strong></span> 
     </span>
    </p>
   </div>
   <div class='ocr_carea' id='block_1_14' title="bbox 356 1353 1933 1429">
    <p class='ocr_par' dir='ltr' id='par_1_14' title="bbox 356 1353 1933 1429">
     <span class='ocr_line' id='line_1_14' title="bbox 356 1353 1933 1429; baseline -0.01 -9"><span class='ocrx_word' id='word_1_94' title='bbox 356 1364 628 1429; x_wconf 83' lang='lat' dir='ltr'><strong>scientias,</strong></span> <span class='ocrx_word' id='word_1_95' title='bbox 658 1372 717 1417; x_wconf 88' lang='lat' dir='ltr'><strong>ut</strong></span> <span class='ocrx_word' id='word_1_96' title='bbox 747 1364 1001 1418; x_wconf 80' lang='lat' dir='ltr'><strong>Socrates</strong></span> <span class='ocrx_word' id='word_1_97' title='bbox 1023 1359 1125 1428; x_wconf 91' lang='lat' dir='ltr'><strong>ait,</strong></span> <span class='ocrx_word' id='word_1_98' title='bbox 1148 1373 1324 1427; x_wconf 88' lang='lat' dir='ltr'><strong>neque</strong></span> <span class='ocrx_word' id='word_1_99' title='bbox 1350 1366 1406 1411; x_wconf 91' lang='lat' dir='ltr'><strong>ut</strong></span> <span class='ocrx_word' id='word_1_100' title='bbox 1427 1355 1590 1411; x_wconf 88' lang='lat' dir='ltr'><strong>Stoici</strong></span> <span class='ocrx_word' id='word_1_101' title='bbox 1622 1353 1933 1408; x_wconf 87' lang='lat' dir='ltr'><strong>naturaliter</strong></span> 
     </span>
    </p>
   </div>
   <div class='ocr_carea' id='block_1_15' title="bbox 358 1446 1931 1519">
    <p class='ocr_par' dir='ltr' id='par_1_15' title="bbox 358 1446 1931 1519">
     <span class='ocr_line' id='line_1_15' title="bbox 358 1446 1931 1519; baseline -0.011 -8"><span class='ocrx_word' id='word_1_102' title='bbox 358 1472 452 1511; x_wconf 88' lang='lat' dir='ltr'><strong>eas</strong></span> <span class='ocrx_word' id='word_1_103' title='bbox 477 1470 614 1519; x_wconf 89' lang='lat' dir='ltr'><strong>esse,</strong></span> <span class='ocrx_word' id='word_1_104' title='bbox 642 1455 737 1510; x_wconf 89' lang='lat' dir='ltr'><strong>sed</strong></span> <span class='ocrx_word' id='word_1_105' title='bbox 766 1453 1060 1519; x_wconf 91' lang='lat' dir='ltr'><strong>discibiles,</strong></span> <span class='ocrx_word' id='word_1_106' title='bbox 1095 1460 1149 1504; x_wconf 91' lang='lat' dir='ltr'><strong>et</strong></span> <span class='ocrx_word' id='word_1_107' title='bbox 1191 1464 1286 1519; x_wconf 90' lang='lat' dir='ltr'><strong>per</strong></span> <span class='ocrx_word' id='word_1_108' title='bbox 1315 1446 1597 1517; x_wconf 80' lang='lat' dir='ltr'><strong>quamdam</strong></span> <span class='ocrx_word' id='word_1_109' title='bbox 1636 1446 1763 1501; x_wconf 88' lang='lat' dir='ltr'><strong>boni</strong></span> <span class='ocrx_word' id='word_1_110' title='bbox 1801 1459 1931 1499; x_wconf 90' lang='lat' dir='ltr'><strong>con-</strong></span> 
     </span>
    </p>
   </div>
   <div class='ocr_carea' id='block_1_16' title="bbox 362 1535 1935 1607">
    <p class='ocr_par' dir='ltr' id='par_1_16' title="bbox 362 1535 1935 1607">
     <span class='ocr_line' id='line_1_16' title="bbox 362 1535 1935 1607; baseline -0.008 -5"><span class='ocrx_word' id='word_1_111' title='bbox 362 1545 699 1602; x_wconf 79' lang='lat' dir='ltr'><strong>suetudinem</strong></span> <span class='ocrx_word' id='word_1_112' title='bbox 744 1543 1016 1597; x_wconf 89' lang='lat' dir='ltr'><strong>hominum</strong></span> <span class='ocrx_word' id='word_1_113' title='bbox 1061 1541 1323 1595; x_wconf 83' lang='lat' dir='ltr'><strong>mentibus</strong></span> <span class='ocrx_word' id='word_1_114' title='bbox 1369 1538 1551 1593; x_wconf 86' lang='lat' dir='ltr'><strong>inseri.</strong></span> <span class='ocrx_word' id='word_1_115' title='bbox 1600 1540 1771 1607; x_wconf 82' lang='lat' dir='ltr'><strong>Atque</strong></span> <span class='ocrx_word' id='word_1_116' title='bbox 1814 1535 1935 1589; x_wconf 90' lang='lat' dir='ltr'><strong>ideo</strong></span> 
     </span>
    </p>
   </div>
   <div class='ocr_carea' id='block_1_17' title="bbox 363 1628 1933 1709">
    <p class='ocr_par' dir='ltr' id='par_1_17' title="bbox 363 1628 1933 1709">
     <span class='ocr_line' id='line_1_17' title="bbox 363 1628 1933 1709; baseline -0.01 -14"><span class='ocrx_word' id='word_1_117' title='bbox 363 1640 411 1695; x_wconf 88' lang='lat' dir='ltr'><strong>si</strong></span> <span class='ocrx_word' id='word_1_118' title='bbox 438 1638 554 1709; x_wconf 88' lang='lat' dir='ltr'><strong>quis</strong></span> <span class='ocrx_word' id='word_1_119' title='bbox 602 1638 670 1692; x_wconf 88' lang='lat' dir='ltr'><strong>sit</strong></span> <span class='ocrx_word' id='word_1_120' title='bbox 712 1636 1040 1706; x_wconf 87' lang='lat' dir='ltr'><strong>quibuslibet</strong></span> <span class='ocrx_word' id='word_1_121' title='bbox 1085 1633 1351 1703; x_wconf 91' lang='lat' dir='ltr'><strong>prioribus</strong></span> <span class='ocrx_word' id='word_1_122' title='bbox 1390 1632 1531 1685; x_wconf 83' lang='lat' dir='ltr'><strong>vitiis</strong></span> <span class='ocrx_word' id='word_1_123' title='bbox 1576 1630 1857 1692; x_wconf 82' lang='lat' dir='ltr'><strong>obnoxius,</strong></span> <span class='ocrx_word' id='word_1_124' title='bbox 1889 1628 1933 1680; x_wconf 88' lang='lat' dir='ltr'><strong>si</strong></span> 
     </span>
    </p>
   </div>
   <div class='ocr_carea' id='block_1_18' title="bbox 364 1725 1937 1796">
    <p class='ocr_par' dir='ltr' id='par_1_18' title="bbox 364 1725 1937 1796">
     <span class='ocr_line' id='line_1_18' title="bbox 364 1725 1937 1796; baseline -0.008 -9"><span class='ocrx_word' id='word_1_125' title='bbox 364 1747 485 1787; x_wconf 87' lang='lat' dir='ltr'><strong>eum</strong></span> <span class='ocrx_word' id='word_1_126' title='bbox 517 1730 703 1785; x_wconf 88' lang='lat' dir='ltr'><strong>melior</strong></span> <span class='ocrx_word' id='word_1_127' title='bbox 724 1742 904 1782; x_wconf 88' lang='lat' dir='ltr'><strong>sermo</strong></span> <span class='ocrx_word' id='word_1_128' title='bbox 933 1725 1256 1796; x_wconf 90' lang='lat' dir='ltr'><strong>susceperit,</strong></span> <span class='ocrx_word' id='word_1_129' title='bbox 1279 1733 1334 1779; x_wconf 86' lang='lat' dir='ltr'><strong>et</strong></span> <span class='ocrx_word' id='word_1_130' title='bbox 1362 1725 1679 1793; x_wconf 81' lang='lat' dir='ltr'><strong>sapientium</strong></span> <span class='ocrx_word' id='word_1_131' title='bbox 1711 1734 1937 1775; x_wconf 89' lang='lat' dir='ltr'><strong>consue-</strong></span> 
     </span>
    </p>
   </div>
   <div class='ocr_carea' id='block_1_19' title="bbox 2027 504 3606 582">
    <p class='ocr_par' dir='ltr' id='par_1_19' title="bbox 2027 504 3606 582">
     <span class='ocr_line' id='line_1_19' title="bbox 2027 504 3606 582; baseline -0.008 -13"><span class='ocrx_word' id='word_1_132' title='bbox 2027 528 2205 569; x_wconf 85' lang='lat' dir='ltr'><strong>ramus</strong></span> <span class='ocrx_word' id='word_1_133' title='bbox 2235 526 2549 582; x_wconf 81' lang='lat' dir='ltr'><strong>agnoscere,</strong></span> <span class='ocrx_word' id='word_1_134' title='bbox 2584 518 2641 563; x_wconf 94' lang='lat' dir='ltr'><strong>ut</strong></span> <span class='ocrx_word' id='word_1_135' title='bbox 2673 512 2714 565; x_wconf 93' lang='lat' dir='ltr'><strong>si</strong></span> <span class='ocrx_word' id='word_1_136' title='bbox 2744 526 2844 579; x_wconf 87' lang='lat' dir='ltr'><strong>qua</strong></span> <span class='ocrx_word' id='word_1_137' title='bbox 2875 512 2979 563; x_wconf 90' lang='lat' dir='ltr'><strong>sint</strong></span> <span class='ocrx_word' id='word_1_138' title='bbox 3022 525 3139 577; x_wconf 71' lang='lat' dir='ltr'><strong>qua:</strong></span> <span class='ocrx_word' id='word_1_139' title='bbox 3182 508 3283 563; x_wconf 88' lang='lat' dir='ltr'><strong>hoc</strong></span> <span class='ocrx_word' id='word_1_140' title='bbox 3324 508 3476 575; x_wconf 73' lang='lat' dir='ltr'><strong>signo</strong></span> <span class='ocrx_word' id='word_1_141' title='bbox 3508 504 3606 557; x_wconf 89' lang='lat' dir='ltr'><strong>mi-</strong></span> 
     </span>
    </p>
   </div>
   <div class='ocr_carea' id='block_1_20' title="bbox 2028 597 3604 671">
    <p class='ocr_par' dir='ltr' id='par_1_20' title="bbox 2028 597 3604 671">
     <span class='ocr_line' id='line_1_20' title="bbox 2028 597 3604 671; baseline -0.006 -10"><span class='ocrx_word' id='word_1_142' title='bbox 2028 608 2171 661; x_wconf 88' lang='lat' dir='ltr'><strong>nime</strong></span> <span class='ocrx_word' id='word_1_143' title='bbox 2204 612 2511 669; x_wconf 87' lang='lat' dir='ltr'><strong>teneantur,</strong></span> <span class='ocrx_word' id='word_1_144' title='bbox 2556 602 2645 657; x_wconf 89' lang='lat' dir='ltr'><strong>illa</strong></span> <span class='ocrx_word' id='word_1_145' title='bbox 2678 602 2744 656; x_wconf 91' lang='lat' dir='ltr'><strong>ab</strong></span> <span class='ocrx_word' id='word_1_146' title='bbox 2787 602 3159 656; x_wconf 84' lang='lat' dir='ltr'><strong>affirmationis</strong></span> <span class='ocrx_word' id='word_1_147' title='bbox 3197 597 3604 671; x_wconf 78' lang='lat' dir='ltr'><strong>negationisque</strong></span> 
     </span>
    </p>
   </div>
   <div class='ocr_carea' id='block_1_21' title="bbox 2026 687 3603 768">
    <p class='ocr_par' dir='ltr' id='par_1_21' title="bbox 2026 687 3603 768">
     <span class='ocr_line' id='line_1_21' title="bbox 2026 687 3603 768; baseline -0.008 -15"><span class='ocrx_word' id='word_1_148' title='bbox 2026 698 2363 768; x_wconf 88' lang='lat' dir='ltr'><strong>oppositione</strong></span> <span class='ocrx_word' id='word_1_149' title='bbox 2407 694 2623 749; x_wconf 75' lang='lat' dir='ltr'><strong>differre</strong></span> <span class='ocrx_word' id='word_1_150' title='bbox 2666 691 2923 746; x_wconf 86' lang='lat' dir='ltr'><strong>dicamus.</strong></span> <span class='ocrx_word' id='word_1_151' title='bbox 2966 692 3021 747; x_wconf 93' lang='lat' dir='ltr'><strong>In</strong></span> <span class='ocrx_word' id='word_1_152' title='bbox 3050 690 3405 745; x_wconf 82' lang='lat' dir='ltr'><strong>affirmatione</strong></span> <span class='ocrx_word' id='word_1_153' title='bbox 3456 687 3603 743; x_wconf 75' lang='lat' dir='ltr'><strong>enim</strong></span> 
     </span>
    </p>
   </div>
   <div class='ocr_carea' id='block_1_22' title="bbox 2029 780 3609 857">
    <p class='ocr_par' dir='ltr' id='par_1_22' title="bbox 2029 780 3609 857">
     <span class='ocr_line' id='line_1_22' title="bbox 2029 780 3609 857; baseline -0.008 -12"><span class='ocrx_word' id='word_1_154' title='bbox 2029 799 2083 845; x_wconf 90' lang='lat' dir='ltr'><strong>et</strong></span> <span class='ocrx_word' id='word_1_155' title='bbox 2108 788 2393 857; x_wconf 84' lang='lat' dir='ltr'><strong>negatione</strong></span> <span class='ocrx_word' id='word_1_156' title='bbox 2432 785 2549 841; x_wconf 82' lang='lat' dir='ltr'><strong>ﬁeri</strong></span> <span class='ocrx_word' id='word_1_157' title='bbox 2596 799 2701 838; x_wconf 91' lang='lat' dir='ltr'><strong>non</strong></span> <span class='ocrx_word' id='word_1_158' title='bbox 2747 792 2951 852; x_wconf 88' lang='lat' dir='ltr'><strong>potest,</strong></span> <span class='ocrx_word' id='word_1_159' title='bbox 2986 783 3114 837; x_wconf 91' lang='lat' dir='ltr'><strong>utsi</strong></span> <span class='ocrx_word' id='word_1_160' title='bbox 3158 780 3443 836; x_wconf 78' lang='lat' dir='ltr'><strong>affirmatio</strong></span> <span class='ocrx_word' id='word_1_161' title='bbox 3485 792 3609 834; x_wconf 82' lang='lat' dir='ltr'><strong>vera</strong></span> 
     </span>
    </p>
   </div>
   <div class='ocr_carea' id='block_1_23' title="bbox 2028 872 3610 947">
    <p class='ocr_par' dir='ltr' id='par_1_23' title="bbox 2028 872 3610 947">
     <span class='ocr_line' id='line_1_23' title="bbox 2028 872 3610 947; baseline -0.007 -11"><span class='ocrx_word' id='word_1_162' title='bbox 2028 883 2125 943; x_wconf 90' lang='lat' dir='ltr'><strong>sit,</strong></span> <span class='ocrx_word' id='word_1_163' title='bbox 2159 880 2337 934; x_wconf 81' lang='lat' dir='ltr'><strong>statim</strong></span> <span class='ocrx_word' id='word_1_164' title='bbox 2378 877 2510 932; x_wconf 89' lang='lat' dir='ltr'><strong>falsa</strong></span> <span class='ocrx_word' id='word_1_165' title='bbox 2554 876 2765 947; x_wconf 80' lang='lat' dir='ltr'><strong>negatio</strong></span> <span class='ocrx_word' id='word_1_166' title='bbox 2807 889 2914 928; x_wconf 91' lang='lat' dir='ltr'><strong>non</strong></span> <span class='ocrx_word' id='word_1_167' title='bbox 2956 874 3058 938; x_wconf 89' lang='lat' dir='ltr'><strong>sit;</strong></span> <span class='ocrx_word' id='word_1_168' title='bbox 3103 874 3146 927; x_wconf 91' lang='lat' dir='ltr'><strong>si</strong></span> <span class='ocrx_word' id='word_1_169' title='bbox 3195 872 3405 943; x_wconf 75' lang='lat' dir='ltr'><strong>negatio</strong></span> <span class='ocrx_word' id='word_1_170' title='bbox 3453 885 3610 936; x_wconf 87' lang='lat' dir='ltr'><strong>vera,</strong></span> 
     </span>
    </p>
   </div>
   <div class='ocr_carea' id='block_1_24' title="bbox 2029 962 3611 1036">
    <p class='ocr_par' dir='ltr' id='par_1_24' title="bbox 2029 962 3611 1036">
     <span class='ocr_line' id='line_1_24' title="bbox 2029 962 3611 1036; baseline -0.004 -13"><span class='ocrx_word' id='word_1_171' title='bbox 2029 971 2312 1027; x_wconf 82' lang='lat' dir='ltr'><strong>affirmatio</strong></span> <span class='ocrx_word' id='word_1_172' title='bbox 2344 968 2608 1026; x_wconf 88' lang='lat' dir='ltr'><strong>mendacii</strong></span> <span class='ocrx_word' id='word_1_173' title='bbox 2636 978 2759 1023; x_wconf 91' lang='lat' dir='ltr'><strong>nota</strong></span> <span class='ocrx_word' id='word_1_174' title='bbox 2782 982 2969 1022; x_wconf 87' lang='lat' dir='ltr'><strong>carere</strong></span> <span class='ocrx_word' id='word_1_175' title='bbox 3001 964 3202 1036; x_wconf 83' lang='lat' dir='ltr'><strong>possit,</strong></span> <span class='ocrx_word' id='word_1_176' title='bbox 3232 972 3289 1017; x_wconf 92' lang='lat' dir='ltr'><strong>ut</strong></span> <span class='ocrx_word' id='word_1_177' title='bbox 3312 964 3356 1018; x_wconf 90' lang='lat' dir='ltr'><strong>si</strong></span> <span class='ocrx_word' id='word_1_178' title='bbox 3386 964 3505 1031; x_wconf 91' lang='lat' dir='ltr'><strong>quis</strong></span> <span class='ocrx_word' id='word_1_179' title='bbox 3530 962 3611 1017; x_wconf 87' lang='lat' dir='ltr'><strong>di-</strong></span> 
     </span>
    </p>
   </div>
   <div class='ocr_carea' id='block_1_25' title="bbox 2030 1052 3612 1133">
    <p class='ocr_par' dir='ltr' id='par_1_25' title="bbox 2030 1052 3612 1133">
     <span class='ocr_line' id='line_1_25' title="bbox 2030 1052 3612 1133; baseline -0.006 -16"><span class='ocrx_word' id='word_1_180' title='bbox 2030 1071 2147 1129; x_wconf 87' lang='lat' dir='ltr'><strong>cat,</strong></span> <span class='ocrx_word' id='word_1_181' title='bbox 2197 1062 2449 1117; x_wconf 85' lang='lat' dir='ltr'><strong>Socratcs</strong></span> <span class='ocrx_word' id='word_1_182' title='bbox 2498 1058 2767 1133; x_wconf 84' lang='lat' dir='ltr'><strong>ambulat,</strong></span> <span class='ocrx_word' id='word_1_183' title='bbox 2810 1058 3081 1114; x_wconf 86' lang='lat' dir='ltr'><strong>Socrates&#39;</strong></span> <span class='ocrx_word' id='word_1_184' title='bbox 3102 1069 3207 1110; x_wconf 87' lang='lat' dir='ltr'><strong>non</strong></span> <span class='ocrx_word' id='word_1_185' title='bbox 3260 1054 3518 1107; x_wconf 87' lang='lat' dir='ltr'><strong>ambulat.</strong></span> <span class='ocrx_word' id='word_1_186' title='bbox 3552 1052 3612 1107; x_wconf 92' lang='lat' dir='ltr'><strong>Si</strong></span> 
     </span>
    </p>
   </div>
   <div class='ocr_carea' id='block_1_26' title="bbox 2032 1147 3615 1215">
    <p class='ocr_par' dir='ltr' id='par_1_26' title="bbox 2032 1147 3615 1215">
     <span class='ocr_line' id='line_1_26' title="bbox 2032 1147 3615 1215; baseline -0.009 -6"><span class='ocrx_word' id='word_1_187' title='bbox 2032 1170 2215 1209; x_wconf 90' lang='lat' dir='ltr'><strong>verum</strong></span> <span class='ocrx_word' id='word_1_188' title='bbox 2252 1165 2334 1210; x_wconf 91' lang='lat' dir='ltr'><strong>est</strong></span> <span class='ocrx_word' id='word_1_189' title='bbox 2371 1152 2648 1209; x_wconf 88' lang='lat' dir='ltr'><strong>Socratem</strong></span> <span class='ocrx_word' id='word_1_190' title='bbox 2695 1149 2991 1215; x_wconf 89' lang='lat' dir='ltr'><strong>ambulare,</strong></span> <span class='ocrx_word' id='word_1_191' title='bbox 3018 1147 3210 1201; x_wconf 89' lang='lat' dir='ltr'><strong>falsum</strong></span> <span class='ocrx_word' id='word_1_192' title='bbox 3238 1153 3322 1200; x_wconf 84' lang='lat' dir='ltr'><strong>est</strong></span> <span class='ocrx_word' id='word_1_193' title='bbox 3349 1157 3455 1198; x_wconf 90' lang='lat' dir='ltr'><strong>non</strong></span> <span class='ocrx_word' id='word_1_194' title='bbox 3501 1157 3615 1196; x_wconf 66' lang='lat' dir='ltr'><strong>amo</strong></span> 
     </span>
    </p>
   </div>
   <div class='ocr_carea' id='block_1_27' title="bbox 2032 1234 3613 1310">
    <p class='ocr_par' dir='ltr' id='par_1_27' title="bbox 2032 1234 3613 1310">
     <span class='ocr_line' id='line_1_27' title="bbox 2032 1234 3613 1310; baseline -0.009 -10"><span class='ocrx_word' id='word_1_195' title='bbox 2032 1245 2237 1310; x_wconf 89' lang='lat' dir='ltr'><strong>bulare,</strong></span> <span class='ocrx_word' id='word_1_196' title='bbox 2272 1252 2325 1298; x_wconf 91' lang='lat' dir='ltr'><strong>et</strong></span> <span class='ocrx_word' id='word_1_197' title='bbox 2354 1258 2537 1298; x_wconf 89' lang='lat' dir='ltr'><strong>rursus</strong></span> <span class='ocrx_word' id='word_1_198' title='bbox 2562 1244 2605 1298; x_wconf 90' lang='lat' dir='ltr'><strong>si</strong></span> <span class='ocrx_word' id='word_1_199' title='bbox 2638 1256 2821 1296; x_wconf 85' lang='lat' dir='ltr'><strong>verum</strong></span> <span class='ocrx_word' id='word_1_200' title='bbox 2847 1249 2928 1294; x_wconf 90' lang='lat' dir='ltr'><strong>est</strong></span> <span class='ocrx_word' id='word_1_201' title='bbox 2958 1254 3063 1293; x_wconf 91' lang='lat' dir='ltr'><strong>non</strong></span> <span class='ocrx_word' id='word_1_202' title='bbox 3094 1236 3387 1303; x_wconf 82' lang='lat' dir='ltr'><strong>ambulare,</strong></span> <span class='ocrx_word' id='word_1_203' title='bbox 3422 1234 3613 1288; x_wconf 84' lang='lat' dir='ltr'><strong>falsum</strong></span> 
     </span>
    </p>
   </div>
   <div class='ocr_carea' id='block_1_28' title="bbox 2034 1328 3615 1401">
    <p class='ocr_par' dir='ltr' id='par_1_28' title="bbox 2034 1328 3615 1401">
     <span class='ocr_line' id='line_1_28' title="bbox 2034 1328 3615 1401; baseline -0.008 -9"><span class='ocrx_word' id='word_1_204' title='bbox 2034 1348 2115 1393; x_wconf 87' lang='lat' dir='ltr'><strong>est</strong></span> <span class='ocrx_word' id='word_1_205' title='bbox 2157 1338 2453 1391; x_wconf 85' lang='lat' dir='ltr'><strong>ambulare.</strong></span> <span class='ocrx_word' id='word_1_206' title='bbox 2496 1336 2645 1391; x_wconf 87' lang='lat' dir='ltr'><strong>Hanc</strong></span> <span class='ocrx_word' id='word_1_207' title='bbox 2674 1344 2850 1389; x_wconf 87' lang='lat' dir='ltr'><strong>autem</strong></span> <span class='ocrx_word' id='word_1_208' title='bbox 2895 1333 3006 1387; x_wconf 91' lang='lat' dir='ltr'><strong>veri</strong></span> <span class='ocrx_word' id='word_1_209' title='bbox 3036 1332 3258 1401; x_wconf 89' lang='lat' dir='ltr'><strong>falsique</strong></span> <span class='ocrx_word' id='word_1_210' title='bbox 3297 1328 3615 1382; x_wconf 83' lang='lat' dir='ltr'><strong>divisionem</strong></span> 
     </span>
    </p>
   </div>
   <div class='ocr_carea' id='block_1_29' title="bbox 2035 1424 3616 1499">
    <p class='ocr_par' dir='ltr' id='par_1_29' title="bbox 2035 1424 3616 1499">
     <span class='ocr_line' id='line_1_29' title="bbox 2035 1424 3616 1499; baseline -0.007 -13"><span class='ocrx_word' id='word_1_211' title='bbox 2035 1432 2217 1486; x_wconf 90' lang='lat' dir='ltr'><strong>nullus</strong></span> <span class='ocrx_word' id='word_1_212' title='bbox 2244 1446 2473 1499; x_wconf 83' lang='lat' dir='ltr'><strong>unquam</strong></span> <span class='ocrx_word' id='word_1_213' title='bbox 2510 1431 2560 1483; x_wconf 91' lang='lat' dir='ltr'><strong>in</strong></span> <span class='ocrx_word' id='word_1_214' title='bbox 2602 1430 2720 1484; x_wconf 89' lang='lat' dir='ltr'><strong>aliis</strong></span> <span class='ocrx_word' id='word_1_215' title='bbox 2767 1428 3196 1499; x_wconf 91' lang='lat' dir='ltr'><strong>oppositionibus</strong></span> <span class='ocrx_word' id='word_1_216' title='bbox 3242 1424 3437 1494; x_wconf 89' lang='lat' dir='ltr'><strong>poterit</strong></span> <span class='ocrx_word' id='word_1_217' title='bbox 3469 1424 3616 1476; x_wconf 81' lang='lat' dir='ltr'><strong>inve-</strong></span> 
     </span>
    </p>
   </div>
   <div class='ocr_carea' id='block_1_30' title="bbox 2037 1520 3615 1603">
    <p class='ocr_par' dir='ltr' id='par_1_30' title="bbox 2037 1520 3615 1603">
     <span class='ocr_line' id='line_1_30' title="bbox 2037 1520 3615 1603; baseline -0.005 -23"><span class='ocrx_word' id='word_1_218' title='bbox 2037 1528 2171 1581; x_wconf 90' lang='lat' dir='ltr'><strong>nire.</strong></span> <span class='ocrx_word' id='word_1_219' title='bbox 2205 1526 2334 1580; x_wconf 85' lang='lat' dir='ltr'><strong>Nam</strong></span> <span class='ocrx_word' id='word_1_220' title='bbox 2366 1526 2418 1579; x_wconf 92' lang='lat' dir='ltr'><strong>in</strong></span> <span class='ocrx_word' id='word_1_221' title='bbox 2448 1525 2531 1579; x_wconf 90' lang='lat' dir='ltr'><strong>his</strong></span> <span class='ocrx_word' id='word_1_222' title='bbox 2553 1540 2671 1595; x_wconf 73' lang='lat' dir='ltr'><strong>qua:</strong></span> <span class='ocrx_word' id='word_1_223' title='bbox 2700 1532 2823 1578; x_wconf 90' lang='lat' dir='ltr'><strong>sunt</strong></span> <span class='ocrx_word' id='word_1_224' title='bbox 2843 1522 2910 1577; x_wconf 92' lang='lat' dir='ltr'><strong>ad</strong></span> <span class='ocrx_word' id='word_1_225' title='bbox 2941 1522 3137 1593; x_wconf 88' lang='lat' dir='ltr'><strong>aliquid</strong></span> <span class='ocrx_word' id='word_1_226' title='bbox 3163 1526 3270 1603; x_wconf 78' lang='lat' dir='ltr'><strong>non</strong></span> <span class='ocrx_word' id='word_1_227' title='bbox 3301 1520 3475 1574; x_wconf 90' lang='lat' dir='ltr'><strong>solum</strong></span> <span class='ocrx_word' id='word_1_228' title='bbox 3512 1533 3615 1573; x_wconf 87' lang='lat' dir='ltr'><strong>non</strong></span> 
     </span>
    </p>
   </div>
   <div class='ocr_carea' id='block_1_31' title="bbox 2038 1613 3617 1689">
    <p class='ocr_par' dir='ltr' id='par_1_31' title="bbox 2038 1613 3617 1689">
     <span class='ocr_line' id='line_1_31' title="bbox 2038 1613 3617 1689; baseline -0.004 -15"><span class='ocrx_word' id='word_1_229' title='bbox 2038 1630 2119 1675; x_wconf 89' lang='lat' dir='ltr'><strong>est</strong></span> <span class='ocrx_word' id='word_1_230' title='bbox 2158 1634 2378 1674; x_wconf 79' lang='lat' dir='ltr'><strong>necesse</strong></span> <span class='ocrx_word' id='word_1_231' title='bbox 2421 1618 2810 1689; x_wconf 84' lang='lat' dir='ltr'><strong>oppositionem</strong></span> <span class='ocrx_word' id='word_1_232' title='bbox 2840 1618 3008 1689; x_wconf 80' lang='lat' dir='ltr'><strong>ipsam</strong></span> <span class='ocrx_word' id='word_1_233' title='bbox 3035 1616 3136 1671; x_wconf 89' lang='lat' dir='ltr'><strong>sibi</strong></span> <span class='ocrx_word' id='word_1_234' title='bbox 3167 1630 3349 1669; x_wconf 88' lang='lat' dir='ltr'><strong>verum</strong></span> <span class='ocrx_word' id='word_1_235' title='bbox 3396 1613 3617 1668; x_wconf 86' lang='lat' dir='ltr'><strong>falsum-</strong></span> 
     </span>
    </p>
   </div>
   <div class='ocr_carea' id='block_1_32' title="bbox 2038 1707 3617 1782">
    <p class='ocr_par' dir='ltr' id='par_1_32' title="bbox 2038 1707 3617 1782">
     <span class='ocr_line' id='line_1_32' title="bbox 2038 1707 3617 1782; baseline -0.004 -18"><span class='ocrx_word' id='word_1_236' title='bbox 2038 1728 2140 1782; x_wconf 86' lang='lat' dir='ltr'><strong>que</strong></span> <span class='ocrx_word' id='word_1_237' title='bbox 2167 1712 2425 1777; x_wconf 84' lang='lat' dir='ltr'><strong>dividere,</strong></span> <span class='ocrx_word' id='word_1_238' title='bbox 2452 1710 2546 1765; x_wconf 89' lang='lat' dir='ltr'><strong>sed</strong></span> <span class='ocrx_word' id='word_1_239' title='bbox 2576 1711 2630 1764; x_wconf 93' lang='lat' dir='ltr'><strong>in</strong></span> <span class='ocrx_word' id='word_1_240' title='bbox 2662 1710 2745 1764; x_wconf 92' lang='lat' dir='ltr'><strong>his</strong></span> <span class='ocrx_word' id='word_1_241' title='bbox 2773 1710 2917 1764; x_wconf 89' lang='lat' dir='ltr'><strong>nulla</strong></span> <span class='ocrx_word' id='word_1_242' title='bbox 2954 1710 3174 1764; x_wconf 88' lang='lat' dir='ltr'><strong>omnino</strong></span> <span class='ocrx_word' id='word_1_243' title='bbox 3204 1722 3373 1776; x_wconf 89' lang='lat' dir='ltr'><strong>neque</strong></span> <span class='ocrx_word' id='word_1_244' title='bbox 3400 1707 3617 1773; x_wconf 90' lang='lat' dir='ltr'><strong>veritas,</strong></span> 
     </span>
    </p>
   </div>
   <div class='ocr_carea' id='block_1_33' title="bbox 362 1799 3620 1887">
    <p class='ocr_par' dir='ltr' id='par_1_33' title="bbox 362 1799 3620 1887">
     <span class='ocr_line' id='line_1_33' title="bbox 362 1799 3620 1887; baseline -0.008 -9"><span class='ocrx_word' id='word_1_245' title='bbox 362 1823 543 1879; x_wconf 89' lang='lat' dir='ltr'><strong>tudine</strong></span> <span class='ocrx_word' id='word_1_246' title='bbox 589 1807 1127 1887; x_wconf 79' lang='lat' dir='ltr'><strong>confabulationeque</strong></span> <span class='ocrx_word' id='word_1_247' title='bbox 1170 1825 1434 1881; x_wconf 89' lang='lat' dir='ltr'><strong>comatur,</strong></span> <span class='ocrx_word' id='word_1_248' title='bbox 1480 1814 1678 1882; x_wconf 87' lang='lat' dir='ltr'><strong>aliquid</strong></span> <span class='ocrx_word' id='word_1_249' title='bbox 1717 1829 1783 1869; x_wconf 87' lang='lat' dir='ltr'><strong>ex</strong></span> <span class='ocrx_word' id='word_1_250' title='bbox 1812 1822 1935 1866; x_wconf 88' lang='lat' dir='ltr'><strong>ante</strong></span> <span class='ocrx_word' id='word_1_251' title='bbox 1966 1811 2014 1869; x_wconf 90' lang='lat' dir='ltr'><strong>B</strong></span> <span class='ocrx_word' id='word_1_252' title='bbox 2040 1819 2214 1873; x_wconf 76' lang='lat' dir='ltr'><strong>neque</strong></span> <span class='ocrx_word' id='word_1_253' title='bbox 2246 1804 2449 1857; x_wconf 84' lang='lat' dir='ltr'><strong>falsitas</strong></span> <span class='ocrx_word' id='word_1_254' title='bbox 2479 1804 2767 1859; x_wconf 82' lang='lat' dir='ltr'><strong>invenitur.</strong></span> <span class='ocrx_word' id='word_1_255' title='bbox 2800 1803 2857 1857; x_wconf 88' lang='lat' dir='ltr'><strong>Si</strong></span> <span class='ocrx_word' id='word_1_256' title='bbox 2886 1803 3006 1871; x_wconf 88' lang='lat' dir='ltr'><strong>quis</strong></span> <span class='ocrx_word' id='word_1_257' title='bbox 3033 1802 3174 1857; x_wconf 90' lang='lat' dir='ltr'><strong>enim</strong></span> <span class='ocrx_word' id='word_1_258' title='bbox 3203 1799 3347 1855; x_wconf 80' lang='lat' dir='ltr'><strong>dicat</strong></span> <span class='ocrx_word' id='word_1_259' title='bbox 3373 1800 3475 1853; x_wconf 91' lang='lat' dir='ltr'><strong>hoc</strong></span> <span class='ocrx_word' id='word_1_260' title='bbox 3504 1807 3620 1852; x_wconf 67' lang='grc' dir='ltr'><strong>ωης</strong></span> 
     </span>
    </p>
   </div>
   <div class='ocr_carea' id='block_1_34' title="bbox 366 1905 1936 1971">
    <p class='ocr_par' dir='ltr' id='par_1_34' title="bbox 366 1905 1936 1971">
     <span class='ocr_line' id='line_1_34' title="bbox 366 1905 1936 1971; baseline -0.008 -1"><span class='ocrx_word' id='word_1_261' title='bbox 366 1916 498 1970; x_wconf 88' lang='lat' dir='ltr'><strong>actis</strong></span> <span class='ocrx_word' id='word_1_262' title='bbox 535 1914 784 1968; x_wconf 88' lang='lat' dir='ltr'><strong>vitiorum</strong></span> <span class='ocrx_word' id='word_1_263' title='bbox 830 1909 1099 1965; x_wconf 90' lang='lat' dir='ltr'><strong>illecebris</strong></span> <span class='ocrx_word' id='word_1_264' title='bbox 1140 1908 1533 1971; x_wconf 82' lang='lat' dir='ltr'><strong>emendabitur,</strong></span> <span class='ocrx_word' id='word_1_265' title='bbox 1580 1916 1634 1961; x_wconf 92' lang='lat' dir='ltr'><strong>et</strong></span> <span class='ocrx_word' id='word_1_266' title='bbox 1677 1922 1797 1961; x_wconf 89' lang='lat' dir='ltr'><strong>sese</strong></span> <span class='ocrx_word' id='word_1_267' title='bbox 1840 1905 1936 1958; x_wconf 90' lang='lat' dir='ltr'><strong>ali-</strong></span> 
     </span>
    </p>
   </div>
   <div class='ocr_carea' id='block_1_35' title="bbox 365 1996 1937 2079">
    <p class='ocr_par' dir='ltr' id='par_1_35' title="bbox 365 1996 1937 2079">
     <span class='ocr_line' id='line_1_35' title="bbox 365 1996 1937 2079; baseline -0.009 -16"><span class='ocrx_word' id='word_1_268' title='bbox 365 2008 675 2079; x_wconf 76' lang='lat' dir='ltr'><strong>quantulum</strong></span> <span class='ocrx_word' id='word_1_269' title='bbox 718 2014 904 2070; x_wconf 90' lang='lat' dir='ltr'><strong>exuet,</strong></span> <span class='ocrx_word' id='word_1_270' title='bbox 939 2012 992 2059; x_wconf 90' lang='lat' dir='ltr'><strong>et</strong></span> <span class='ocrx_word' id='word_1_271' title='bbox 1028 2001 1302 2072; x_wconf 88' lang='lat' dir='ltr'><strong>paululum</strong></span> <span class='ocrx_word' id='word_1_272' title='bbox 1345 1998 1564 2054; x_wconf 89' lang='lat' dir='ltr'><strong>liberior</strong></span> <span class='ocrx_word' id='word_1_273' title='bbox 1604 1998 1672 2052; x_wconf 89' lang='lat' dir='ltr'><strong>ad</strong></span> <span class='ocrx_word' id='word_1_274' title='bbox 1716 1996 1937 2051; x_wconf 85' lang='lat' dir='ltr'><strong>meliora</strong></span> 
     </span>
    </p>
   </div>
   <div class='ocr_carea' id='block_1_36' title="bbox 368 2090 1940 2172">
    <p class='ocr_par' dir='ltr' id='par_1_36' title="bbox 368 2090 1940 2172">
     <span class='ocr_line' id='line_1_36' title="bbox 368 2090 1940 2172; baseline -0.008 -17"><span class='ocrx_word' id='word_1_275' title='bbox 368 2101 641 2172; x_wconf 90' lang='lat' dir='ltr'><strong>procedet.</strong></span> <span class='ocrx_word' id='word_1_276' title='bbox 672 2099 746 2153; x_wconf 91' lang='lat' dir='ltr'><strong>lta</strong></span> <span class='ocrx_word' id='word_1_277' title='bbox 776 2107 834 2152; x_wconf 89' lang='lat' dir='ltr'><strong>ut</strong></span> <span class='ocrx_word' id='word_1_278' title='bbox 854 2099 923 2152; x_wconf 87' lang='lat' dir='ltr'><strong>sit</strong></span> <span class='ocrx_word' id='word_1_279' title='bbox 955 2096 1124 2165; x_wconf 92' lang='lat' dir='ltr'><strong>primo</strong></span> <span class='ocrx_word' id='word_1_280' title='bbox 1148 2094 1364 2165; x_wconf 90' lang='lat' dir='ltr'><strong>quidem</strong></span> <span class='ocrx_word' id='word_1_281' title='bbox 1392 2094 1567 2147; x_wconf 90' lang='lat' dir='ltr'><strong>minus</strong></span> <span class='ocrx_word' id='word_1_282' title='bbox 1598 2090 1789 2152; x_wconf 89' lang='lat' dir='ltr'><strong>malus,</strong></span> <span class='ocrx_word' id='word_1_283' title='bbox 1818 2097 1940 2156; x_wconf 88' lang='lat' dir='ltr'><strong>post</strong></span> 
     </span>
    </p>
   </div>
   <div class='ocr_carea' id='block_1_37' title="bbox 365 2181 1936 2256">
    <p class='ocr_par' dir='ltr' id='par_1_37' title="bbox 365 2181 1936 2256">
     <span class='ocr_line' id='line_1_37' title="bbox 365 2181 1936 2256; baseline -0.008 -9"><span class='ocrx_word' id='word_1_284' title='bbox 365 2207 496 2247; x_wconf 86' lang='lat' dir='ltr'><strong>vero</strong></span> <span class='ocrx_word' id='word_1_285' title='bbox 522 2207 626 2245; x_wconf 89' lang='lat' dir='ltr'><strong>non</strong></span> <span class='ocrx_word' id='word_1_286' title='bbox 676 2190 875 2252; x_wconf 85' lang='lat' dir='ltr'><strong>malus,</strong></span> <span class='ocrx_word' id='word_1_287' title='bbox 922 2186 1114 2242; x_wconf 90' lang='lat' dir='ltr'><strong>deinde</strong></span> <span class='ocrx_word' id='word_1_288' title='bbox 1152 2187 1263 2256; x_wconf 89' lang='lat' dir='ltr'><strong>jam</strong></span> <span class='ocrx_word' id='word_1_289' title='bbox 1288 2185 1502 2255; x_wconf 87' lang='lat' dir='ltr'><strong>jamque</strong></span> <span class='ocrx_word' id='word_1_290' title='bbox 1549 2181 1936 2252; x_wconf 80' lang='lat' dir='ltr'><strong>aliquantulum</strong></span> 
     </span>
    </p>
   </div>
   <div class='ocr_carea' id='block_1_38' title="bbox 364 2273 1937 2347">
    <p class='ocr_par' dir='ltr' id='par_1_38' title="bbox 364 2273 1937 2347">
     <span class='ocr_line' id='line_1_38' title="bbox 364 2273 1937 2347; baseline -0.007 -10"><span class='ocrx_word' id='word_1_291' title='bbox 364 2280 554 2337; x_wconf 89' lang='lat' dir='ltr'><strong>bonus.</strong></span> <span class='ocrx_word' id='word_1_292' title='bbox 579 2281 675 2337; x_wconf 89' lang='lat' dir='ltr'><strong>Cui</strong></span> <span class='ocrx_word' id='word_1_293' title='bbox 704 2283 747 2335; x_wconf 88' lang='lat' dir='ltr'><strong>si</strong></span> <span class='ocrx_word' id='word_1_294' title='bbox 781 2279 1082 2347; x_wconf 73' lang='lat' dir='ltr'><strong>huiusmodi</strong></span> <span class='ocrx_word' id='word_1_295' title='bbox 1110 2278 1342 2333; x_wconf 88' lang='lat' dir='ltr'><strong>inlensio</strong></span> <span class='ocrx_word' id='word_1_296' title='bbox 1369 2274 1796 2345; x_wconf 88' lang='lat' dir='ltr'><strong>frequentissime</strong></span> <span class='ocrx_word' id='word_1_297' title='bbox 1825 2273 1937 2339; x_wconf 83' lang='lat' dir='ltr'><strong>fiat,</strong></span> 
     </span>
    </p>
   </div>
   <div class='ocr_carea' id='block_1_39' title="bbox 365 2366 1939 2444">
    <p class='ocr_par' dir='ltr' id='par_1_39' title="bbox 365 2366 1939 2444">
     <span class='ocr_line' id='line_1_39' title="bbox 365 2366 1939 2444; baseline -0.007 -14"><span class='ocrx_word' id='word_1_298' title='bbox 365 2389 463 2430; x_wconf 89' lang='lat' dir='ltr'><strong>nec</strong></span> <span class='ocrx_word' id='word_1_299' title='bbox 492 2373 751 2444; x_wconf 85' lang='lat' dir='ltr'><strong>parvitate</strong></span> <span class='ocrx_word' id='word_1_300' title='bbox 778 2372 1036 2441; x_wconf 91' lang='lat' dir='ltr'><strong>temporis</strong></span> <span class='ocrx_word' id='word_1_301' title='bbox 1066 2369 1447 2441; x_wconf 67' lang='lat' dir='ltr'><strong>prmveniatur,</strong></span> <span class='ocrx_word' id='word_1_302' title='bbox 1478 2376 1573 2422; x_wconf 92' lang='lat' dir='ltr'><strong>aut</strong></span> <span class='ocrx_word' id='word_1_303' title='bbox 1599 2366 1649 2422; x_wconf 93' lang='lat' dir='ltr'><strong>ei</strong></span> <span class='ocrx_word' id='word_1_304' title='bbox 1678 2367 1939 2421; x_wconf 82' lang='lat' dir='ltr'><strong>terminus</strong></span> 
     </span>
    </p>
   </div>
   <div class='ocr_carea' id='block_1_40' title="bbox 364 2456 1943 2529">
    <p class='ocr_par' dir='ltr' id='par_1_40' title="bbox 364 2456 1943 2529">
     <span class='ocr_line' id='line_1_40' title="bbox 364 2456 1943 2529; baseline -0.006 -9"><span class='ocrx_word' id='word_1_305' title='bbox 364 2466 550 2520; x_wconf 91' lang='lat' dir='ltr'><strong>mortis</strong></span> <span class='ocrx_word' id='word_1_306' title='bbox 578 2463 844 2529; x_wconf 78' lang='lat' dir='ltr'><strong>olfecerit,</strong></span> <span class='ocrx_word' id='word_1_307' title='bbox 890 2477 994 2517; x_wconf 89' lang='lat' dir='ltr'><strong>non</strong></span> <span class='ocrx_word' id='word_1_308' title='bbox 1038 2470 1119 2517; x_wconf 88' lang='lat' dir='ltr'><strong>est</strong></span> <span class='ocrx_word' id='word_1_309' title='bbox 1158 2460 1377 2516; x_wconf 90' lang='lat' dir='ltr'><strong>dubium</strong></span> <span class='ocrx_word' id='word_1_310' title='bbox 1418 2458 1567 2513; x_wconf 90' lang='lat' dir='ltr'><strong>illum</strong></span> <span class='ocrx_word' id='word_1_311' title='bbox 1614 2473 1679 2512; x_wconf 87' lang='lat' dir='ltr'><strong>ex</strong></span> <span class='ocrx_word' id='word_1_312' title='bbox 1709 2456 1943 2526; x_wconf 88' lang='lat' dir='ltr'><strong>pessimo</strong></span> 
     </span>
    </p>
   </div>
   <div class='ocr_carea' id='block_1_41' title="bbox 367 2546 1942 2627">
    <p class='ocr_par' dir='ltr' id='par_1_41' title="bbox 367 2546 1942 2627">
     <span class='ocr_line' id='line_1_41' title="bbox 367 2546 1942 2627; baseline -0.006 -17"><span class='ocrx_word' id='word_1_313' title='bbox 367 2570 461 2627; x_wconf 88' lang='lat' dir='ltr'><strong>per</strong></span> <span class='ocrx_word' id='word_1_314' title='bbox 488 2554 681 2626; x_wconf 90' lang='lat' dir='ltr'><strong>probas</strong></span> <span class='ocrx_word' id='word_1_315' title='bbox 709 2552 1126 2609; x_wconf 80' lang='lat' dir='ltr'><strong>consuetudines</strong></span> <span class='ocrx_word' id='word_1_316' title='bbox 1145 2549 1705 2619; x_wconf 85' lang='lat' dir='ltr'><strong>confabulationesque</strong></span> <span class='ocrx_word' id='word_1_317' title='bbox 1730 2546 1942 2616; x_wconf 89' lang='lat' dir='ltr'><strong>sapien-</strong></span> 
     </span>
    </p>
   </div>
   <div class='ocr_carea' id='block_1_42' title="bbox 369 2640 1940 2717">
    <p class='ocr_par' dir='ltr' id='par_1_42' title="bbox 369 2640 1940 2717">
     <span class='ocr_line' id='line_1_42' title="bbox 369 2640 1940 2717; baseline -0.007 -14"><span class='ocrx_word' id='word_1_318' title='bbox 369 2657 510 2715; x_wconf 89' lang='lat' dir='ltr'><strong>tum,</strong></span> <span class='ocrx_word' id='word_1_319' title='bbox 538 2650 590 2703; x_wconf 92' lang='lat' dir='ltr'><strong>in</strong></span> <span class='ocrx_word' id='word_1_320' title='bbox 634 2648 921 2717; x_wconf 87' lang='lat' dir='ltr'><strong>perfectam</strong></span> <span class='ocrx_word' id='word_1_321' title='bbox 961 2647 1175 2700; x_wconf 86' lang='lat' dir='ltr'><strong>virtutis</strong></span> <span class='ocrx_word' id='word_1_322' title='bbox 1215 2643 1581 2699; x_wconf 85' lang='lat' dir='ltr'><strong>habitudinem</strong></span> <span class='ocrx_word' id='word_1_323' title='bbox 1627 2640 1940 2711; x_wconf 88' lang='lat' dir='ltr'><strong>permutari.</strong></span> 
     </span>
    </p>
   </div>
   <div class='ocr_carea' id='block_1_43' title="bbox 369 2732 1943 2810">
    <p class='ocr_par' dir='ltr' id='par_1_43' title="bbox 369 2732 1943 2810">
     <span class='ocr_line' id='line_1_43' title="bbox 369 2732 1943 2810; baseline -0.006 -15"><span class='ocrx_word' id='word_1_324' title='bbox 369 2741 465 2795; x_wconf 88' lang='lat' dir='ltr'><strong>Est</strong></span> <span class='ocrx_word' id='word_1_325' title='bbox 494 2740 653 2810; x_wconf 82' lang='lat' dir='ltr'><strong>igitur</strong></span> <span class='ocrx_word' id='word_1_326' title='bbox 676 2754 743 2794; x_wconf 80' lang='lat' dir='ltr'><strong>ex</strong></span> <span class='ocrx_word' id='word_1_327' title='bbox 775 2739 917 2793; x_wconf 89' lang='lat' dir='ltr'><strong>bono</strong></span> <span class='ocrx_word' id='word_1_328' title='bbox 946 2737 999 2791; x_wconf 92' lang='lat' dir='ltr'><strong>in</strong></span> <span class='ocrx_word' id='word_1_329' title='bbox 1031 2738 1258 2801; x_wconf 88' lang='lat' dir='ltr'><strong>malum,</strong></span> <span class='ocrx_word' id='word_1_330' title='bbox 1287 2744 1342 2790; x_wconf 90' lang='lat' dir='ltr'><strong>et</strong></span> <span class='ocrx_word' id='word_1_331' title='bbox 1380 2750 1447 2790; x_wconf 81' lang='lat' dir='ltr'><strong>ex</strong></span> <span class='ocrx_word' id='word_1_332' title='bbox 1478 2734 1619 2788; x_wconf 88' lang='lat' dir='ltr'><strong>malo</strong></span> <span class='ocrx_word' id='word_1_333' title='bbox 1660 2733 1712 2787; x_wconf 90' lang='lat' dir='ltr'><strong>in</strong></span> <span class='ocrx_word' id='word_1_334' title='bbox 1744 2732 1943 2787; x_wconf 91' lang='lat' dir='ltr'><strong>bonum</strong></span> 
     </span>
    </p>
   </div>
   <div class='ocr_carea' id='block_1_44' title="bbox 369 2826 1940 2901">
    <p class='ocr_par' dir='ltr' id='par_1_44' title="bbox 369 2826 1940 2901">
     <span class='ocr_line' id='line_1_44' title="bbox 369 2826 1940 2901; baseline -0.006 -13"><span class='ocrx_word' id='word_1_335' title='bbox 369 2845 554 2888; x_wconf 85' lang='lat' dir='ltr'><strong>rursus</strong></span> <span class='ocrx_word' id='word_1_336' title='bbox 586 2830 929 2901; x_wconf 86' lang='lat' dir='ltr'><strong>permutatio,</strong></span> <span class='ocrx_word' id='word_1_337' title='bbox 970 2838 1129 2900; x_wconf 88' lang='lat' dir='ltr'><strong>atque</strong></span> <span class='ocrx_word' id='word_1_338' title='bbox 1158 2830 1259 2883; x_wconf 92' lang='lat' dir='ltr'><strong>hoc</strong></span> <span class='ocrx_word' id='word_1_339' title='bbox 1288 2827 1504 2898; x_wconf 86' lang='lat' dir='ltr'><strong>quidem</strong></span> <span class='ocrx_word' id='word_1_340' title='bbox 1551 2826 1609 2879; x_wconf 90' lang='lat' dir='ltr'><strong>fit</strong></span> <span class='ocrx_word' id='word_1_341' title='bbox 1640 2827 1690 2880; x_wconf 90' lang='lat' dir='ltr'><strong>in</strong></span> <span class='ocrx_word' id='word_1_342' title='bbox 1727 2835 1940 2880; x_wconf 81' lang='lat' dir='ltr'><strong>contra-</strong></span> 
     </span>
    </p>
   </div>
   <div class='ocr_carea' id='block_1_45' title="bbox 370 2920 1943 2993">
    <p class='ocr_par' dir='ltr' id='par_1_45' title="bbox 370 2920 1943 2993">
     <span class='ocr_line' id='line_1_45' title="bbox 370 2920 1943 2993; baseline -0.006 -13"><span class='ocrx_word' id='word_1_343' title='bbox 370 2927 483 2981; x_wconf 90' lang='lat' dir='ltr'><strong>riis.</strong></span> <span class='ocrx_word' id='word_1_344' title='bbox 514 2927 569 2980; x_wconf 91' lang='lat' dir='ltr'><strong>In</strong></span> <span class='ocrx_word' id='word_1_345' title='bbox 612 2924 792 2980; x_wconf 89' lang='lat' dir='ltr'><strong>habitu</strong></span> <span class='ocrx_word' id='word_1_346' title='bbox 835 2938 965 2978; x_wconf 90' lang='lat' dir='ltr'><strong>vero</strong></span> <span class='ocrx_word' id='word_1_347' title='bbox 1004 2931 1060 2978; x_wconf 89' lang='lat' dir='ltr'><strong>et</strong></span> <span class='ocrx_word' id='word_1_348' title='bbox 1089 2922 1382 2993; x_wconf 88' lang='lat' dir='ltr'><strong>privatione</strong></span> <span class='ocrx_word' id='word_1_349' title='bbox 1413 2934 1518 2975; x_wconf 90' lang='lat' dir='ltr'><strong>non</strong></span> <span class='ocrx_word' id='word_1_350' title='bbox 1551 2920 1640 2988; x_wconf 84' lang='lat' dir='ltr'><strong>ﬁt,</strong></span> <span class='ocrx_word' id='word_1_351' title='bbox 1673 2928 1757 2974; x_wconf 88' lang='lat' dir='ltr'><strong>est</strong></span> <span class='ocrx_word' id='word_1_352' title='bbox 1795 2933 1943 2972; x_wconf 85' lang='lat' dir='ltr'><strong>nam-</strong></span> 
     </span>
    </p>
   </div>
   <div class='ocr_carea' id='block_1_46' title="bbox 373 3010 1947 3089">
    <p class='ocr_par' dir='ltr' id='par_1_46' title="bbox 373 3010 1947 3089">
     <span class='ocr_line' id='line_1_46' title="bbox 373 3010 1947 3089; baseline -0.007 -15"><span class='ocrx_word' id='word_1_353' title='bbox 373 3033 476 3089; x_wconf 87' lang='lat' dir='ltr'><strong>que</strong></span> <span class='ocrx_word' id='word_1_354' title='bbox 520 3018 861 3088; x_wconf 88' lang='lat' dir='ltr'><strong>permutatio,</strong></span> <span class='ocrx_word' id='word_1_355' title='bbox 892 3016 986 3072; x_wconf 84' lang='lat' dir='ltr'><strong>sed</strong></span> <span class='ocrx_word' id='word_1_356' title='bbox 1019 3015 1134 3069; x_wconf 64' lang='lat' dir='ltr'><strong>haec</strong></span> <span class='ocrx_word' id='word_1_357' title='bbox 1164 3030 1264 3069; x_wconf 91' lang='lat' dir='ltr'><strong>una</strong></span> <span class='ocrx_word' id='word_1_358' title='bbox 1307 3023 1539 3075; x_wconf 83' lang='lat' dir='ltr'><strong>tantum,</strong></span> <span class='ocrx_word' id='word_1_359' title='bbox 1570 3011 1712 3065; x_wconf 90' lang='lat' dir='ltr'><strong>nulla</strong></span> <span class='ocrx_word' id='word_1_360' title='bbox 1741 3010 1947 3065; x_wconf 87' lang='lat' dir='ltr'><strong>ratione</strong></span> 
     </span>
    </p>
   </div>
   <div class='ocr_carea' id='block_1_47' title="bbox 376 3104 1946 3174">
    <p class='ocr_par' dir='ltr' id='par_1_47' title="bbox 376 3104 1946 3174">
     <span class='ocr_line' id='line_1_47' title="bbox 376 3104 1946 3174; baseline -0.006 -8"><span class='ocrx_word' id='word_1_361' title='bbox 376 3126 495 3166; x_wconf 85' lang='lat' dir='ltr'><strong>sese</strong></span> <span class='ocrx_word' id='word_1_362' title='bbox 514 3121 855 3174; x_wconf 86' lang='lat' dir='ltr'><strong>convertens;</strong></span> <span class='ocrx_word' id='word_1_363' title='bbox 879 3108 953 3163; x_wconf 91' lang='lat' dir='ltr'><strong>ait</strong></span> <span class='ocrx_word' id='word_1_364' title='bbox 980 3108 1122 3163; x_wconf 90' lang='lat' dir='ltr'><strong>enim</strong></span> <span class='ocrx_word' id='word_1_365' title='bbox 1148 3126 1161 3159; x_wconf 86' lang='lat'>:</span> <span class='ocrx_word' id='word_1_366' title='bbox 1190 3107 1272 3162; x_wconf 83' lang='lat' dir='ltr'><strong>Ab</strong></span> <span class='ocrx_word' id='word_1_367' title='bbox 1298 3106 1478 3160; x_wconf 89' lang='lat' dir='ltr'><strong>habitu</strong></span> <span class='ocrx_word' id='word_1_368' title='bbox 1503 3104 1566 3157; x_wconf 90' lang='lat' dir='ltr'><strong>ad</strong></span> <span class='ocrx_word' id='word_1_369' title='bbox 1596 3105 1946 3172; x_wconf 84' lang='lat' dir='ltr'><strong>privationem</strong></span> 
     </span>
    </p>
   </div>
   <div class='ocr_carea' id='block_1_48' title="bbox 2044 1889 3620 1965">
    <p class='ocr_par' dir='ltr' id='par_1_48' title="bbox 2044 1889 3620 1965">
     <span class='ocr_line' id='line_1_48' title="bbox 2044 1889 3620 1965; baseline -0.002 -17"><span class='ocrx_word' id='word_1_370' title='bbox 2044 1905 2186 1960; x_wconf 90' lang='lat' dir='ltr'><strong>tum,</strong></span> <span class='ocrx_word' id='word_1_371' title='bbox 2221 1906 2392 1965; x_wconf 90' lang='lat' dir='ltr'><strong>pater,</strong></span> <span class='ocrx_word' id='word_1_372' title='bbox 2424 1894 2508 1950; x_wconf 88' lang='lat' dir='ltr'><strong>vel</strong></span> <span class='ocrx_word' id='word_1_373' title='bbox 2553 1910 2761 1959; x_wconf 86' lang='lat' dir='ltr'><strong>rursus,</strong></span> <span class='ocrx_word' id='word_1_374' title='bbox 2794 1894 2956 1962; x_wconf 81' lang='lat' dir='ltr'><strong>filius,</strong></span> <span class='ocrx_word' id='word_1_375' title='bbox 2996 1909 3169 1963; x_wconf 90' lang='lat' dir='ltr'><strong>neque</strong></span> <span class='ocrx_word' id='word_1_376' title='bbox 3193 1908 3377 1947; x_wconf 88' lang='lat' dir='ltr'><strong>verum</strong></span> <span class='ocrx_word' id='word_1_377' title='bbox 3423 1889 3620 1960; x_wconf 88' lang='lat' dir='ltr'><strong>aliquid</strong></span> 
     </span>
    </p>
   </div>
   <div class='ocr_carea' id='block_1_49' title="bbox 2041 1984 3615 2056">
    <p class='ocr_par' dir='ltr' id='par_1_49' title="bbox 2041 1984 3615 2056">
     <span class='ocr_line' id='line_1_49' title="bbox 2041 1984 3615 2056; baseline -0.004 -13"><span class='ocrx_word' id='word_1_378' title='bbox 2041 2002 2214 2056; x_wconf 86' lang='lat' dir='ltr'><strong>neque</strong></span> <span class='ocrx_word' id='word_1_379' title='bbox 2264 1987 2451 2040; x_wconf 87' lang='lat' dir='ltr'><strong>falsum</strong></span> <span class='ocrx_word' id='word_1_380' title='bbox 2494 1986 2820 2055; x_wconf 88' lang='lat' dir='ltr'><strong>pronuntiat.</strong></span> <span class='ocrx_word' id='word_1_381' title='bbox 2864 1986 2932 2039; x_wconf 88' lang='lat' dir='ltr'><strong>Et</strong></span> <span class='ocrx_word' id='word_1_382' title='bbox 2974 1985 3027 2039; x_wconf 92' lang='lat' dir='ltr'><strong>in</strong></span> <span class='ocrx_word' id='word_1_383' title='bbox 3072 1984 3355 2039; x_wconf 88' lang='lat' dir='ltr'><strong>contrariis</strong></span> <span class='ocrx_word' id='word_1_384' title='bbox 3399 1998 3615 2052; x_wconf 87' lang='lat' dir='ltr'><strong>quoque</strong></span> 
     </span>
    </p>
   </div>
   <div class='ocr_carea' id='block_1_50' title="bbox 2041 2073 3621 2146">
    <p class='ocr_par' dir='ltr' id='par_1_50' title="bbox 2041 2073 3621 2146">
     <span class='ocr_line' id='line_1_50' title="bbox 2041 2073 3621 2146; baseline -0.006 -11"><span class='ocrx_word' id='word_1_385' title='bbox 2041 2080 2180 2135; x_wconf 89' lang='lat' dir='ltr'><strong>idem</strong></span> <span class='ocrx_word' id='word_1_386' title='bbox 2221 2088 2333 2146; x_wconf 89' lang='lat' dir='ltr'><strong>est,</strong></span> <span class='ocrx_word' id='word_1_387' title='bbox 2365 2094 2487 2133; x_wconf 89' lang='lat' dir='ltr'><strong>nam</strong></span> <span class='ocrx_word' id='word_1_388' title='bbox 2515 2093 2635 2132; x_wconf 90' lang='lat' dir='ltr'><strong>cum</strong></span> <span class='ocrx_word' id='word_1_389' title='bbox 2664 2077 2807 2132; x_wconf 87' lang='lat' dir='ltr'><strong>bono</strong></span> <span class='ocrx_word' id='word_1_390' title='bbox 2845 2077 3042 2131; x_wconf 90' lang='lat' dir='ltr'><strong>malum</strong></span> <span class='ocrx_word' id='word_1_391' title='bbox 3070 2075 3142 2130; x_wconf 89' lang='lat' dir='ltr'><strong>sit</strong></span> <span class='ocrx_word' id='word_1_392' title='bbox 3168 2074 3527 2140; x_wconf 88' lang='lat' dir='ltr'><strong>contrarium,</strong></span> <span class='ocrx_word' id='word_1_393' title='bbox 3574 2073 3621 2129; x_wconf 88' lang='lat' dir='ltr'><strong>si</strong></span> 
     </span>
    </p>
   </div>
   <div class='ocr_carea' id='block_1_51' title="bbox 2042 2166 3621 2242">
    <p class='ocr_par' dir='ltr' id='par_1_51' title="bbox 2042 2166 3621 2242">
     <span class='ocr_line' id='line_1_51' title="bbox 2042 2166 3621 2242; baseline -0.006 -16"><span class='ocrx_word' id='word_1_394' title='bbox 2042 2172 2161 2242; x_wconf 86' lang='lat' dir='ltr'><strong>quis</strong></span> <span class='ocrx_word' id='word_1_395' title='bbox 2206 2170 2446 2225; x_wconf 89' lang='lat' dir='ltr'><strong>nominet</strong></span> <span class='ocrx_word' id='word_1_396' title='bbox 2487 2168 2716 2236; x_wconf 87' lang='lat' dir='ltr'><strong>bonum,</strong></span> <span class='ocrx_word' id='word_1_397' title='bbox 2751 2177 2805 2224; x_wconf 88' lang='lat' dir='ltr'><strong>et</strong></span> <span class='ocrx_word' id='word_1_398' title='bbox 2843 2168 2887 2223; x_wconf 88' lang='lat' dir='ltr'><strong>si</strong></span> <span class='ocrx_word' id='word_1_399' title='bbox 2920 2168 3039 2237; x_wconf 90' lang='lat' dir='ltr'><strong>quis</strong></span> <span class='ocrx_word' id='word_1_400' title='bbox 3081 2180 3268 2222; x_wconf 88' lang='lat' dir='ltr'><strong>rursus</strong></span> <span class='ocrx_word' id='word_1_401' title='bbox 3312 2166 3621 2235; x_wconf 87' lang='lat' dir='ltr'><strong>simpliciter</strong></span> 
     </span>
    </p>
   </div>
   <div class='ocr_carea' id='block_1_52' title="bbox 2043 2257 3623 2334">
    <p class='ocr_par' dir='ltr' id='par_1_52' title="bbox 2043 2257 3623 2334">
     <span class='ocr_line' id='line_1_52' title="bbox 2043 2257 3623 2334; baseline -0.004 -16"><span class='ocrx_word' id='word_1_402' title='bbox 2043 2263 2353 2334; x_wconf 89' lang='lat' dir='ltr'><strong>pronuntiet</strong></span> <span class='ocrx_word' id='word_1_403' title='bbox 2382 2262 2609 2325; x_wconf 90' lang='lat' dir='ltr'><strong>malum,</strong></span> <span class='ocrx_word' id='word_1_404' title='bbox 2643 2260 2787 2315; x_wconf 89' lang='lat' dir='ltr'><strong>nulla</strong></span> <span class='ocrx_word' id='word_1_405' title='bbox 2816 2260 2874 2314; x_wconf 90' lang='lat' dir='ltr'><strong>in</strong></span> <span class='ocrx_word' id='word_1_406' title='bbox 2901 2259 3000 2313; x_wconf 89' lang='lat' dir='ltr'><strong>hac</strong></span> <span class='ocrx_word' id='word_1_407' title='bbox 3030 2257 3405 2329; x_wconf 64' lang='lat' dir='ltr'><strong>prmdicatione</strong></span> <span class='ocrx_word' id='word_1_408' title='bbox 3452 2269 3623 2324; x_wconf 89' lang='lat' dir='ltr'><strong>neque</strong></span> 
     </span>
    </p>
   </div>
   <div class='ocr_carea' id='block_1_53' title="bbox 2043 2347 3624 2423">
    <p class='ocr_par' dir='ltr' id='par_1_53' title="bbox 2043 2347 3624 2423">
     <span class='ocr_line' id='line_1_53' title="bbox 2043 2347 3624 2423; baseline -0.004 -17"><span class='ocrx_word' id='word_1_409' title='bbox 2043 2352 2262 2420; x_wconf 83' lang='lat' dir='ltr'><strong>falsitas,</strong></span> <span class='ocrx_word' id='word_1_410' title='bbox 2300 2368 2471 2423; x_wconf 90' lang='lat' dir='ltr'><strong>neque</strong></span> <span class='ocrx_word' id='word_1_411' title='bbox 2502 2351 2702 2407; x_wconf 89' lang='lat' dir='ltr'><strong>veritas</strong></span> <span class='ocrx_word' id='word_1_412' title='bbox 2740 2360 2843 2407; x_wconf 91' lang='lat' dir='ltr'><strong>est.</strong></span> <span class='ocrx_word' id='word_1_413' title='bbox 2889 2350 3087 2406; x_wconf 84' lang='lat' dir='ltr'><strong>Eodem</strong></span> <span class='ocrx_word' id='word_1_414' title='bbox 3130 2363 3344 2418; x_wconf 89' lang='lat' dir='ltr'><strong>quoque</strong></span> <span class='ocrx_word' id='word_1_415' title='bbox 3373 2362 3431 2403; x_wconf 88' lang='lat' dir='ltr'><strong>se</strong></span> <span class='ocrx_word' id='word_1_416' title='bbox 3461 2347 3624 2401; x_wconf 91' lang='lat' dir='ltr'><strong>modo</strong></span> 
     </span>
    </p>
   </div>
   <div class='ocr_carea' id='block_1_54' title="bbox 2044 2441 3616 2512">
    <p class='ocr_par' dir='ltr' id='par_1_54' title="bbox 2044 2441 3616 2512">
     <span class='ocr_line' id='line_1_54' title="bbox 2044 2441 3616 2512; baseline -0.001 -14"><span class='ocrx_word' id='word_1_417' title='bbox 2044 2444 2207 2499; x_wconf 84' lang='lat' dir='ltr'><strong>habet</strong></span> <span class='ocrx_word' id='word_1_418' title='bbox 2234 2445 2393 2500; x_wconf 89' lang='lat' dir='ltr'><strong>etiam</strong></span> <span class='ocrx_word' id='word_1_419' title='bbox 2426 2445 2479 2499; x_wconf 92' lang='lat' dir='ltr'><strong>in</strong></span> <span class='ocrx_word' id='word_1_420' title='bbox 2508 2445 2593 2500; x_wconf 89' lang='lat' dir='ltr'><strong>his</strong></span> <span class='ocrx_word' id='word_1_421' title='bbox 2632 2459 2751 2512; x_wconf 67' lang='lat' dir='ltr'><strong>quae</strong></span> <span class='ocrx_word' id='word_1_422' title='bbox 2780 2442 3074 2499; x_wconf 87' lang='lat' dir='ltr'><strong>secundum</strong></span> <span class='ocrx_word' id='word_1_423' title='bbox 3104 2442 3341 2496; x_wconf 84' lang='lat' dir='ltr'><strong>habitum</strong></span> <span class='ocrx_word' id='word_1_424' title='bbox 3369 2441 3616 2510; x_wconf 50' lang='lat' dir='ltr'><strong>privati).</strong></span> 
     </span>
    </p>
   </div>
   <div class='ocr_carea' id='block_1_55' title="bbox 2045 2534 3618 2607">
    <p class='ocr_par' dir='ltr' id='par_1_55' title="bbox 2045 2534 3618 2607">
     <span class='ocr_line' id='line_1_55' title="bbox 2045 2534 3618 2607; baseline -0.005 -14"><span class='ocrx_word' id='word_1_425' title='bbox 2045 2552 2275 2607; x_wconf 88' lang='lat' dir='ltr'><strong>nemque</strong></span> <span class='ocrx_word' id='word_1_426' title='bbox 2302 2538 2571 2593; x_wconf 90' lang='lat' dir='ltr'><strong>dicuntur.</strong></span> <span class='ocrx_word' id='word_1_427' title='bbox 2599 2537 2858 2593; x_wconf 89' lang='lat' dir='ltr'><strong>Similiter</strong></span> <span class='ocrx_word' id='word_1_428' title='bbox 2881 2536 3023 2592; x_wconf 90' lang='lat' dir='ltr'><strong>enim</strong></span> <span class='ocrx_word' id='word_1_429' title='bbox 3052 2534 3182 2590; x_wconf 91' lang='lat' dir='ltr'><strong>nihil</strong></span> <span class='ocrx_word' id='word_1_430' title='bbox 3210 2548 3381 2604; x_wconf 89' lang='lat' dir='ltr'><strong>neque</strong></span> <span class='ocrx_word' id='word_1_431' title='bbox 3403 2548 3584 2587; x_wconf 91' lang='lat' dir='ltr'><strong>verum</strong></span> <span class='ocrx_word' id='word_1_432' title='bbox 3604 2574 3618 2600; x_wconf 90' lang='lat'><strong>,</strong></span> 
     </span>
    </p>
   </div>
   <div class='ocr_carea' id='block_1_56' title="bbox 2016 2625 3627 2709">
    <p class='ocr_par' dir='ltr' id='par_1_56' title="bbox 2016 2625 3627 2709">
     <span class='ocr_line' id='line_1_56' title="bbox 2016 2625 3627 2709; baseline -0.002 -23"><span class='ocrx_word' id='word_1_433' title='bbox 2016 2646 2221 2709; x_wconf 83' lang='lat' dir='ltr'><strong>neque</strong></span> <span class='ocrx_word' id='word_1_434' title='bbox 2262 2629 2452 2686; x_wconf 88' lang='lat' dir='ltr'><strong>falsum</strong></span> <span class='ocrx_word' id='word_1_435' title='bbox 2484 2643 2596 2695; x_wconf 85' lang='lat' dir='ltr'><strong>est,</strong></span> <span class='ocrx_word' id='word_1_436' title='bbox 2636 2632 2681 2685; x_wconf 90' lang='lat' dir='ltr'><strong>si</strong></span> <span class='ocrx_word' id='word_1_437' title='bbox 2722 2631 2841 2697; x_wconf 89' lang='lat' dir='ltr'><strong>quis</strong></span> <span class='ocrx_word' id='word_1_438' title='bbox 2880 2631 3051 2684; x_wconf 89' lang='lat' dir='ltr'><strong>visum</strong></span> <span class='ocrx_word' id='word_1_439' title='bbox 3086 2628 3324 2683; x_wconf 88' lang='lat' dir='ltr'><strong>nominet</strong></span> <span class='ocrx_word' id='word_1_440' title='bbox 3352 2626 3438 2680; x_wconf 85' lang='lat' dir='ltr'><strong>vel</strong></span> <span class='ocrx_word' id='word_1_441' title='bbox 3466 2625 3627 2682; x_wconf 59' lang='lat' dir='ltr'><strong>caeci-</strong></span> 
     </span>
    </p>
   </div>
   <div class='ocr_carea' id='block_1_57' title="bbox 2049 2721 3626 2791">
    <p class='ocr_par' dir='ltr' id='par_1_57' title="bbox 2049 2721 3626 2791">
     <span class='ocr_line' id='line_1_57' title="bbox 2049 2721 3626 2791; baseline -0.001 -14"><span class='ocrx_word' id='word_1_442' title='bbox 2049 2731 2242 2791; x_wconf 88' lang='lat' dir='ltr'><strong>tatem,</strong></span> <span class='ocrx_word' id='word_1_443' title='bbox 2274 2723 2377 2778; x_wconf 90' lang='lat' dir='ltr'><strong>hoc</strong></span> <span class='ocrx_word' id='word_1_444' title='bbox 2405 2735 2582 2777; x_wconf 89' lang='lat' dir='ltr'><strong>autem</strong></span> <span class='ocrx_word' id='word_1_445' title='bbox 2628 2723 2829 2777; x_wconf 89' lang='lat' dir='ltr'><strong>idcirco</strong></span> <span class='ocrx_word' id='word_1_446' title='bbox 2855 2722 3064 2788; x_wconf 89' lang='lat' dir='ltr'><strong>evenit,</strong></span> <span class='ocrx_word' id='word_1_447' title='bbox 3109 2721 3229 2790; x_wconf 89' lang='lat' dir='ltr'><strong>quia</strong></span> <span class='ocrx_word' id='word_1_448' title='bbox 3253 2721 3452 2788; x_wconf 89' lang='lat' dir='ltr'><strong>omnia,</strong></span> <span class='ocrx_word' id='word_1_449' title='bbox 3481 2736 3626 2791; x_wconf 68' lang='lat' dir='ltr'><strong>quae-</strong></span> 
     </span>
    </p>
   </div>
   <div class='ocr_carea' id='block_1_58' title="bbox 2048 2815 3623 2887">
    <p class='ocr_par' dir='ltr' id='par_1_58' title="bbox 2048 2815 3623 2887">
     <span class='ocr_line' id='line_1_58' title="bbox 2048 2815 3623 2887; baseline -0.002 -15"><span class='ocrx_word' id='word_1_450' title='bbox 2048 2832 2257 2887; x_wconf 90' lang='lat' dir='ltr'><strong>cunque</strong></span> <span class='ocrx_word' id='word_1_451' title='bbox 2288 2826 2438 2881; x_wconf 88' lang='lat' dir='ltr'><strong>sunt,</strong></span> <span class='ocrx_word' id='word_1_452' title='bbox 2462 2817 2517 2870; x_wconf 88' lang='lat' dir='ltr'><strong>in</strong></span> <span class='ocrx_word' id='word_1_453' title='bbox 2548 2817 2739 2887; x_wconf 87' lang='lat' dir='ltr'><strong>quibus</strong></span> <span class='ocrx_word' id='word_1_454' title='bbox 2782 2825 2875 2870; x_wconf 90' lang='lat' dir='ltr'><strong>aut</strong></span> <span class='ocrx_word' id='word_1_455' title='bbox 2920 2815 3143 2877; x_wconf 84' lang='lat' dir='ltr'><strong>falsitas,</strong></span> <span class='ocrx_word' id='word_1_456' title='bbox 3175 2824 3267 2868; x_wconf 84' lang='lat' dir='ltr'><strong>aut</strong></span> <span class='ocrx_word' id='word_1_457' title='bbox 3308 2816 3506 2869; x_wconf 89' lang='lat' dir='ltr'><strong>veritas</strong></span> <span class='ocrx_word' id='word_1_458' title='bbox 3538 2815 3623 2869; x_wconf 83' lang='lat' dir='ltr'><strong>in-</strong></span> 
     </span>
    </p>
   </div>
   <div class='ocr_carea' id='block_1_59' title="bbox 2050 2909 3624 2980">
    <p class='ocr_par' dir='ltr' id='par_1_59' title="bbox 2050 2909 3624 2980">
     <span class='ocr_line' id='line_1_59' title="bbox 2050 2909 3624 2980; baseline -0.003 -15"><span class='ocrx_word' id='word_1_459' title='bbox 2050 2912 2286 2976; x_wconf 79' lang='lat' dir='ltr'><strong>venitur,</strong></span> <span class='ocrx_word' id='word_1_460' title='bbox 2310 2911 2605 2965; x_wconf 87' lang='lat' dir='ltr'><strong>secundum</strong></span> <span class='ocrx_word' id='word_1_461' title='bbox 2630 2910 2863 2980; x_wconf 84' lang='lat' dir='ltr'><strong>aliquam</strong></span> <span class='ocrx_word' id='word_1_462' title='bbox 2892 2910 3315 2978; x_wconf 79' lang='lat' dir='ltr'><strong>complexionem</strong></span> <span class='ocrx_word' id='word_1_463' title='bbox 3352 2909 3624 2962; x_wconf 91' lang='lat' dir='ltr'><strong>dicuntur.</strong></span> 
     </span>
    </p>
   </div>
   <div class='ocr_carea' id='block_1_60' title="bbox 2051 3001 3627 3071">
    <p class='ocr_par' dir='ltr' id='par_1_60' title="bbox 2051 3001 3627 3071">
     <span class='ocr_line' id='line_1_60' title="bbox 2051 3001 3627 3071; baseline 0 -15"><span class='ocrx_word' id='word_1_464' title='bbox 2051 3001 2127 3056; x_wconf 88' lang='lat' dir='ltr'><strong>Ea</strong></span> <span class='ocrx_word' id='word_1_465' title='bbox 2174 3016 2304 3057; x_wconf 76' lang='lat' dir='ltr'><strong>vero</strong></span> <span class='ocrx_word' id='word_1_466' title='bbox 2355 3016 2474 3071; x_wconf 77' lang='lat' dir='ltr'><strong>quae</strong></span> <span class='ocrx_word' id='word_1_467' title='bbox 2534 3002 2845 3070; x_wconf 90' lang='lat' dir='ltr'><strong>simpliciter</strong></span> <span class='ocrx_word' id='word_1_468' title='bbox 2895 3002 3260 3071; x_wconf 87' lang='lat' dir='ltr'><strong>proferuntur,</strong></span> <span class='ocrx_word' id='word_1_469' title='bbox 3304 3001 3416 3055; x_wconf 86' lang='lat' dir='ltr'><strong>veri</strong></span> <span class='ocrx_word' id='word_1_470' title='bbox 3465 3008 3627 3070; x_wconf 86' lang='lat' dir='ltr'><strong>atque</strong></span> 
     </span>
    </p>
   </div>
   <div class='ocr_carea' id='block_1_61' title="bbox 2053 3094 3631 3165">
    <p class='ocr_par' dir='ltr' id='par_1_61' title="bbox 2053 3094 3631 3165">
     <span class='ocr_line' id='line_1_61' title="bbox 2053 3094 3631 3165; baseline 0.001 -16"><span class='ocrx_word' id='word_1_471' title='bbox 2053 3096 2172 3151; x_wconf 86' lang='lat' dir='ltr'><strong>falsi</strong></span> <span class='ocrx_word' id='word_1_472' title='bbox 2204 3096 2500 3165; x_wconf 89' lang='lat' dir='ltr'><strong>prolatione</strong></span> <span class='ocrx_word' id='word_1_473' title='bbox 2527 3104 2745 3159; x_wconf 88' lang='lat' dir='ltr'><strong>carent,</strong></span> <span class='ocrx_word' id='word_1_474' title='bbox 2780 3106 2834 3149; x_wconf 92' lang='lat' dir='ltr'><strong>ut</strong></span> <span class='ocrx_word' id='word_1_475' title='bbox 2871 3097 2984 3165; x_wconf 89' lang='lat' dir='ltr'><strong>ipse</strong></span> <span class='ocrx_word' id='word_1_476' title='bbox 3006 3096 3106 3165; x_wconf 87' lang='lat' dir='ltr'><strong>ait,</strong></span> <span class='ocrx_word' id='word_1_477' title='bbox 3132 3110 3250 3149; x_wconf 89' lang='lat' dir='ltr'><strong>cum</strong></span> <span class='ocrx_word' id='word_1_478' title='bbox 3284 3097 3335 3148; x_wconf 90' lang='lat' dir='ltr'><strong>in</strong></span> <span class='ocrx_word' id='word_1_479' title='bbox 3365 3094 3631 3164; x_wconf 90' lang='lat' dir='ltr'><strong>principio</strong></span> 
     </span>
    </p>
   </div>
   <div class='ocr_carea' id='block_1_62' title="bbox 379 3187 3631 3275">
    <p class='ocr_par' dir='ltr' id='par_1_62' title="bbox 379 3187 3631 3275">
     <span class='ocr_line' id='line_1_62' title="bbox 379 3187 3631 3275; baseline -0.005 -16"><span class='ocrx_word' id='word_1_480' title='bbox 379 3204 716 3275; x_wconf 80' lang='lat' dir='ltr'><strong>permutatio,</strong></span> <span class='ocrx_word' id='word_1_481' title='bbox 747 3218 775 3256; x_wconf 90' lang='lat' dir='ltr'><strong>a</strong></span> <span class='ocrx_word' id='word_1_482' title='bbox 807 3202 1103 3271; x_wconf 79' lang='lat' dir='ltr'><strong>privatione</strong></span> <span class='ocrx_word' id='word_1_483' title='bbox 1142 3214 1271 3254; x_wconf 78' lang='lat' dir='ltr'><strong>vero</strong></span> <span class='ocrx_word' id='word_1_484' title='bbox 1310 3200 1375 3252; x_wconf 88' lang='lat' dir='ltr'><strong>ad</strong></span> <span class='ocrx_word' id='word_1_485' title='bbox 1422 3198 1658 3253; x_wconf 89' lang='lat' dir='ltr'><strong>habitum</strong></span> <span class='ocrx_word' id='word_1_486' title='bbox 1700 3197 1945 3266; x_wconf 82' lang='lat' dir='ltr'><strong>impossi-</strong></span> <span class='ocrx_word' id='word_1_487' title='bbox 1979 3193 2027 3259; x_wconf 85' lang='lat' dir='ltr'>C</span> <span class='ocrx_word' id='word_1_488' title='bbox 2055 3190 2233 3246; x_wconf 88' lang='lat' dir='ltr'><strong>omnia</strong></span> <span class='ocrx_word' id='word_1_489' title='bbox 2295 3190 2710 3257; x_wconf 72' lang='lat' dir='ltr'><strong>praedicamenta</strong></span> <span class='ocrx_word' id='word_1_490' title='bbox 2779 3199 3103 3255; x_wconf 86' lang='lat' dir='ltr'><strong>numeraret,</strong></span> <span class='ocrx_word' id='word_1_491' title='bbox 3162 3188 3346 3243; x_wconf 90' lang='lat' dir='ltr'><strong>dicens</strong></span> <span class='ocrx_word' id='word_1_492' title='bbox 3419 3187 3631 3257; x_wconf 78' lang='lat' dir='ltr'><strong>singula</strong></span> 
     </span>
    </p>
   </div>
   <div class='ocr_carea' id='block_1_63' title="bbox 377 3289 1953 3362">
    <p class='ocr_par' dir='ltr' id='par_1_63' title="bbox 377 3289 1953 3362">
     <span class='ocr_line' id='line_1_63' title="bbox 377 3289 1953 3362; baseline -0.003 -13"><span class='ocrx_word' id='word_1_493' title='bbox 377 3294 484 3351; x_wconf 90' lang='lat' dir='ltr'><strong>bile</strong></span> <span class='ocrx_word' id='word_1_494' title='bbox 522 3305 623 3349; x_wconf 85' lang='lat' dir='ltr'><strong>est.</strong></span> <span class='ocrx_word' id='word_1_495' title='bbox 669 3293 735 3348; x_wconf 85' lang='lat' dir='ltr'><strong>Et</strong></span> <span class='ocrx_word' id='word_1_496' title='bbox 781 3296 881 3348; x_wconf 91' lang='lat' dir='ltr'><strong>hoc</strong></span> <span class='ocrx_word' id='word_1_497' title='bbox 929 3291 1238 3362; x_wconf 85' lang='lat' dir='ltr'><strong>planissime</strong></span> <span class='ocrx_word' id='word_1_498' title='bbox 1282 3290 1440 3345; x_wconf 89' lang='lat' dir='ltr'><strong>docet</strong></span> <span class='ocrx_word' id='word_1_499' title='bbox 1487 3289 1772 3357; x_wconf 75' lang='lat' dir='ltr'><strong>exemplis.</strong></span> <span class='ocrx_word' id='word_1_500' title='bbox 1822 3289 1953 3355; x_wconf 76' lang='lat' dir='ltr'><strong>Quis</strong></span> 
     </span>
    </p>
   </div>
   <div class='ocr_carea' id='block_1_64' title="bbox 377 3384 1955 3459">
    <p class='ocr_par' dir='ltr' id='par_1_64' title="bbox 377 3384 1955 3459">
     <span class='ocr_line' id='line_1_64' title="bbox 377 3384 1955 3459; baseline -0.004 -16"><span class='ocrx_word' id='word_1_501' title='bbox 377 3391 518 3444; x_wconf 88' lang='lat' dir='ltr'><strong>enim</strong></span> <span class='ocrx_word' id='word_1_502' title='bbox 565 3404 794 3459; x_wconf 89' lang='lat' dir='ltr'><strong>unquam</strong></span> <span class='ocrx_word' id='word_1_503' title='bbox 831 3402 898 3441; x_wconf 86' lang='lat' dir='ltr'><strong>ex</strong></span> <span class='ocrx_word' id='word_1_504' title='bbox 942 3401 1085 3441; x_wconf 62' lang='lat' dir='ltr'><strong>caeco</strong></span> <span class='ocrx_word' id='word_1_505' title='bbox 1128 3385 1298 3440; x_wconf 87' lang='lat' dir='ltr'><strong>factus</strong></span> <span class='ocrx_word' id='word_1_506' title='bbox 1327 3394 1408 3439; x_wconf 88' lang='lat' dir='ltr'><strong>est</strong></span> <span class='ocrx_word' id='word_1_507' title='bbox 1439 3384 1660 3439; x_wconf 89' lang='lat' dir='ltr'><strong>videns?</strong></span> <span class='ocrx_word' id='word_1_508' title='bbox 1701 3384 1818 3453; x_wconf 88' lang='lat' dir='ltr'><strong>quis</strong></span> <span class='ocrx_word' id='word_1_509' title='bbox 1856 3385 1955 3437; x_wconf 73' lang='lat' dir='ltr'><strong>ali-</strong></span> 
     </span>
    </p>
   </div>
   <div class='ocr_carea' id='block_1_65' title="bbox 378 3476 1954 3553">
    <p class='ocr_par' dir='ltr' id='par_1_65' title="bbox 378 3476 1954 3553">
     <span class='ocr_line' id='line_1_65' title="bbox 378 3476 1954 3553; baseline -0.004 -16"><span class='ocrx_word' id='word_1_510' title='bbox 378 3482 588 3553; x_wconf 86' lang='lat' dir='ltr'><strong>quando</strong></span> <span class='ocrx_word' id='word_1_511' title='bbox 616 3481 798 3536; x_wconf 87' lang='lat' dir='ltr'><strong>calvus</strong></span> <span class='ocrx_word' id='word_1_512' title='bbox 839 3479 1064 3534; x_wconf 89' lang='lat' dir='ltr'><strong>criuitus</strong></span> <span class='ocrx_word' id='word_1_513' title='bbox 1104 3477 1365 3532; x_wconf 84' lang='lat' dir='ltr'><strong>efficitur?</strong></span> <span class='ocrx_word' id='word_1_514' title='bbox 1415 3478 1500 3531; x_wconf 92' lang='lat' dir='ltr'><strong>cui</strong></span> <span class='ocrx_word' id='word_1_515' title='bbox 1542 3476 1749 3530; x_wconf 87' lang='lat' dir='ltr'><strong>amissis</strong></span> <span class='ocrx_word' id='word_1_516' title='bbox 1796 3485 1954 3530; x_wconf 82' lang='lat' dir='ltr'><strong>:etate</strong></span> 
     </span>
    </p>
   </div>
   <div class='ocr_carea' id='block_1_66' title="bbox 379 3568 1953 3641">
    <p class='ocr_par' dir='ltr' id='par_1_66' title="bbox 379 3568 1953 3641">
     <span class='ocr_line' id='line_1_66' title="bbox 379 3568 1953 3641; baseline -0.006 -11"><span class='ocrx_word' id='word_1_517' title='bbox 379 3574 630 3630; x_wconf 89' lang='lat' dir='ltr'><strong>dentibus</strong></span> <span class='ocrx_word' id='word_1_518' title='bbox 673 3588 858 3627; x_wconf 85' lang='lat' dir='ltr'><strong>rursus</strong></span> <span class='ocrx_word' id='word_1_519' title='bbox 891 3572 978 3626; x_wconf 89' lang='lat' dir='ltr'><strong>alii</strong></span> <span class='ocrx_word' id='word_1_520' title='bbox 1011 3570 1389 3641; x_wconf 81' lang='lat' dir='ltr'><strong>procreantur?</strong></span> <span class='ocrx_word' id='word_1_521' title='bbox 1426 3568 1599 3637; x_wconf 87' lang='lat' dir='ltr'><strong>Quare</strong></span> <span class='ocrx_word' id='word_1_522' title='bbox 1632 3570 1673 3621; x_wconf 87' lang='lat' dir='ltr'><strong>si</strong></span> <span class='ocrx_word' id='word_1_523' title='bbox 1723 3569 1773 3622; x_wconf 88' lang='lat' dir='ltr'><strong>in</strong></span> <span class='ocrx_word' id='word_1_524' title='bbox 1822 3582 1953 3622; x_wconf 85' lang='lat' dir='ltr'><strong>con-</strong></span> 
     </span>
    </p>
   </div>
   <div class='ocr_carea' id='block_1_67' title="bbox 381 3662 1957 3730">
    <p class='ocr_par' dir='ltr' id='par_1_67' title="bbox 381 3662 1957 3730">
     <span class='ocr_line' id='line_1_67' title="bbox 381 3662 1957 3730; baseline -0.005 -10"><span class='ocrx_word' id='word_1_525' title='bbox 381 3667 557 3720; x_wconf 87' lang='lat' dir='ltr'><strong>trariis</strong></span> <span class='ocrx_word' id='word_1_526' title='bbox 584 3664 639 3718; x_wconf 82' lang='lat' dir='ltr'><strong>fit</strong></span> <span class='ocrx_word' id='word_1_527' title='bbox 681 3665 887 3719; x_wconf 89' lang='lat' dir='ltr'><strong>alterna</strong></span> <span class='ocrx_word' id='word_1_528' title='bbox 917 3663 1162 3727; x_wconf 88' lang='lat' dir='ltr'><strong>mutatio,</strong></span> <span class='ocrx_word' id='word_1_529' title='bbox 1195 3662 1246 3714; x_wconf 93' lang='lat' dir='ltr'><strong>in</strong></span> <span class='ocrx_word' id='word_1_530' title='bbox 1287 3662 1580 3730; x_wconf 85' lang='lat' dir='ltr'><strong>privatione</strong></span> <span class='ocrx_word' id='word_1_531' title='bbox 1626 3674 1753 3713; x_wconf 93' lang='lat' dir='ltr'><strong>vero</strong></span> <span class='ocrx_word' id='word_1_532' title='bbox 1796 3668 1957 3728; x_wconf 88' lang='lat' dir='ltr'><strong>atque</strong></span> 
     </span>
    </p>
   </div>
   <div class='ocr_carea' id='block_1_68' title="bbox 380 3751 1960 3823">
    <p class='ocr_par' dir='ltr' id='par_1_68' title="bbox 380 3751 1960 3823">
     <span class='ocr_line' id='line_1_68' title="bbox 380 3751 1960 3823; baseline -0.005 -11"><span class='ocrx_word' id='word_1_533' title='bbox 380 3757 567 3813; x_wconf 89' lang='lat' dir='ltr'><strong>habitu</strong></span> <span class='ocrx_word' id='word_1_534' title='bbox 610 3771 716 3811; x_wconf 91' lang='lat' dir='ltr'><strong>non</strong></span> <span class='ocrx_word' id='word_1_535' title='bbox 754 3756 841 3822; x_wconf 87' lang='lat' dir='ltr'><strong>fit,</strong></span> <span class='ocrx_word' id='word_1_536' title='bbox 889 3754 1051 3810; x_wconf 89' lang='lat' dir='ltr'><strong>distat</strong></span> <span class='ocrx_word' id='word_1_537' title='bbox 1089 3755 1201 3808; x_wconf 66' lang='lat' dir='ltr'><strong>hare</strong></span> <span class='ocrx_word' id='word_1_538' title='bbox 1240 3753 1503 3823; x_wconf 81' lang='lat' dir='ltr'><strong>Oppositio</strong></span> <span class='ocrx_word' id='word_1_539' title='bbox 1542 3753 1608 3805; x_wconf 88' lang='lat' dir='ltr'><strong>ab</strong></span> <span class='ocrx_word' id='word_1_540' title='bbox 1651 3766 1711 3804; x_wconf 84' lang='lat' dir='ltr'><strong>ea</strong></span> <span class='ocrx_word' id='word_1_541' title='bbox 1754 3751 1900 3805; x_wconf 87' lang='lat' dir='ltr'><strong>scilic</strong></span> <span class='ocrx_word' id='word_1_542' title='bbox 1939 3760 1960 3804; x_wconf 93' lang='lat' dir='ltr'><strong>t</strong></span> 
     </span>
    </p>
   </div>
   <div class='ocr_carea' id='block_1_69' title="bbox 386 3844 1898 3921">
    <p class='ocr_par' dir='ltr' id='par_1_69' title="bbox 386 3844 1898 3921">
     <span class='ocr_line' id='line_1_69' title="bbox 386 3844 1898 3921; baseline -0.005 -17"><span class='ocrx_word' id='word_1_543' title='bbox 386 3849 719 3921; x_wconf 83' lang='lat' dir='ltr'><strong>oppositione</strong></span> <span class='ocrx_word' id='word_1_544' title='bbox 739 3864 853 3917; x_wconf 68' lang='lat' dir='ltr'><strong>qua:</strong></span> <span class='ocrx_word' id='word_1_545' title='bbox 881 3848 938 3901; x_wconf 88' lang='lat' dir='ltr'><strong>lit</strong></span> <span class='ocrx_word' id='word_1_546' title='bbox 957 3847 1246 3902; x_wconf 87' lang='lat' dir='ltr'><strong>secundum</strong></span> <span class='ocrx_word' id='word_1_547' title='bbox 1276 3847 1573 3901; x_wconf 84' lang='lat' dir='ltr'><strong>contrarias</strong></span> <span class='ocrx_word' id='word_1_548' title='bbox 1597 3844 1898 3914; x_wconf 85' lang='lat' dir='ltr'><strong>qualitates.</strong></span> 
     </span>
    </p>
   </div>
   <div class='ocr_carea' id='block_1_70' title="bbox 464 3962 1959 4034">
    <p class='ocr_par' dir='ltr' id='par_1_70' title="bbox 464 3962 1959 4034">
     <span class='ocr_line' id='line_1_70' title="bbox 464 3962 1959 4034; baseline -0.004 -17"><span class='ocrx_word' id='word_1_549' title='bbox 464 3966 788 4034; x_wconf 78' lang='lat' dir='ltr'><strong>Quwcunque</strong></span> <span class='ocrx_word' id='word_1_550' title='bbox 822 3979 937 4017; x_wconf 83' lang='lat' dir='ltr'><strong>vero</strong></span> <span class='ocrx_word' id='word_1_551' title='bbox 965 3971 1201 4032; x_wconf 85' lang='lat' dir='ltr'><strong>tanquam</strong></span> <span class='ocrx_word' id='word_1_552' title='bbox 1239 3962 1508 4032; x_wconf 53' lang='lat' dir='ltr'><strong>afﬁrmatio</strong></span> <span class='ocrx_word' id='word_1_553' title='bbox 1539 3971 1583 4013; x_wconf 86' lang='lat' dir='ltr'><strong>et</strong></span> <span class='ocrx_word' id='word_1_554' title='bbox 1628 3962 1834 4029; x_wconf 86' lang='lat' dir='ltr'><strong>negatio</strong></span> <span class='ocrx_word' id='word_1_555' title='bbox 1871 3976 1959 4030; x_wconf 86' lang='lat' dir='ltr'><strong>op-</strong></span> 
     </span>
    </p>
   </div>
   <div class='ocr_carea' id='block_1_71' title="bbox 386 4051 1961 4128">
    <p class='ocr_par' dir='ltr' id='par_1_71' title="bbox 386 4051 1961 4128">
     <span class='ocr_line' id='line_1_71' title="bbox 386 4051 1961 4128; baseline -0.004 -17"><span class='ocrx_word' id='word_1_556' title='bbox 386 4058 551 4128; x_wconf 82' lang='lat' dir='ltr'><strong>posita</strong></span> <span class='ocrx_word' id='word_1_557' title='bbox 580 4064 727 4119; x_wconf 84' lang='lat' dir='ltr'><strong>sunt,</strong></span> <span class='ocrx_word' id='word_1_558' title='bbox 762 4055 931 4125; x_wconf 80' lang='lat' dir='ltr'><strong>palam</strong></span> <span class='ocrx_word' id='word_1_559' title='bbox 963 4063 1032 4107; x_wconf 78' lang='lat' dir='ltr'><strong>est</strong></span> <span class='ocrx_word' id='word_1_560' title='bbox 1060 4055 1192 4125; x_wconf 84' lang='lat' dir='ltr'><strong>quod</strong></span> <span class='ocrx_word' id='word_1_561' title='bbox 1220 4052 1363 4106; x_wconf 89' lang='lat' dir='ltr'><strong>nullo</strong></span> <span class='ocrx_word' id='word_1_562' title='bbox 1395 4051 1750 4120; x_wconf 77' lang='lat' dir='ltr'><strong>prwdielorum</strong></span> <span class='ocrx_word' id='word_1_563' title='bbox 1784 4053 1961 4104; x_wconf 79' lang='lat' dir='ltr'><strong>modo-</strong></span> 
     </span>
    </p>
   </div>
   <div class='ocr_carea' id='block_1_72' title="bbox 386 4143 1963 4218">
    <p class='ocr_par' dir='ltr' id='par_1_72' title="bbox 386 4143 1963 4218">
     <span class='ocr_line' id='line_1_72' title="bbox 386 4143 1963 4218; baseline -0.004 -16"><span class='ocrx_word' id='word_1_564' title='bbox 386 4164 500 4202; x_wconf 86' lang='lat' dir='ltr'><strong>rum</strong></span> <span class='ocrx_word' id='word_1_565' title='bbox 534 4147 767 4218; x_wconf 80' lang='lat' dir='ltr'><strong>apposita</strong></span> <span class='ocrx_word' id='word_1_566' title='bbox 797 4154 935 4200; x_wconf 79' lang='lat' dir='ltr'><strong>sunt.</strong></span> <span class='ocrx_word' id='word_1_567' title='bbox 974 4143 1038 4198; x_wconf 83' lang='lat' dir='ltr'><strong>In</strong></span> <span class='ocrx_word' id='word_1_568' title='bbox 1063 4148 1182 4199; x_wconf 79' lang='lat' dir='ltr'><strong>solis</strong></span> <span class='ocrx_word' id='word_1_569' title='bbox 1211 4146 1343 4198; x_wconf 85' lang='lat' dir='ltr'><strong>enim</strong></span> <span class='ocrx_word' id='word_1_570' title='bbox 1384 4145 1491 4198; x_wconf 80' lang='lat' dir='ltr'><strong>istis</strong></span> <span class='ocrx_word' id='word_1_571' title='bbox 1523 4144 1859 4197; x_wconf 57' lang='lat' dir='ltr'><strong>necessarium</strong></span> <span class='ocrx_word' id='word_1_572' title='bbox 1890 4153 1963 4196; x_wconf 77' lang='lat' dir='ltr'><strong>est</strong></span> 
     </span>
    </p>
   </div>
   <div class='ocr_carea' id='block_1_73' title="bbox 386 4236 1965 4313">
    <p class='ocr_par' dir='ltr' id='par_1_73' title="bbox 386 4236 1965 4313">
     <span class='ocr_line' id='line_1_73' title="bbox 386 4236 1965 4313; baseline -0.004 -17"><span class='ocrx_word' id='word_1_573' title='bbox 386 4258 580 4313; x_wconf 84' lang='lat' dir='ltr'><strong>semper</strong></span> <span class='ocrx_word' id='word_1_574' title='bbox 602 4240 745 4293; x_wconf 85' lang='lat' dir='ltr'><strong>aliud</strong></span> <span class='ocrx_word' id='word_1_575' title='bbox 770 4240 972 4308; x_wconf 77' lang='lat' dir='ltr'><strong>quidem</strong></span> <span class='ocrx_word' id='word_1_576' title='bbox 994 4255 1165 4294; x_wconf 84' lang='lat' dir='ltr'><strong>eorum</strong></span> <span class='ocrx_word' id='word_1_577' title='bbox 1190 4255 1361 4293; x_wconf 85' lang='lat' dir='ltr'><strong>verum</strong></span> <span class='ocrx_word' id='word_1_578' title='bbox 1380 4282 1394 4305; x_wconf 87' lang='lat'><strong>,</strong></span> <span class='ocrx_word' id='word_1_579' title='bbox 1418 4239 1560 4292; x_wconf 82' lang='lat' dir='ltr'><strong>aliud</strong></span> <span class='ocrx_word' id='word_1_580' title='bbox 1581 4250 1747 4291; x_wconf 84' lang='lat' dir='ltr'><strong>autem</strong></span> <span class='ocrx_word' id='word_1_581' title='bbox 1771 4236 1965 4306; x_wconf 75' lang='lat' dir='ltr'><strong>falsum</strong></span> 
     </span>
    </p>
   </div>
   <div class='ocr_carea' id='block_1_74' title="bbox 389 4333 1960 4404">
    <p class='ocr_par' dir='ltr' id='par_1_74' title="bbox 389 4333 1960 4404">
     <span class='ocr_line' id='line_1_74' title="bbox 389 4333 1960 4404; baseline -0.005 -16"><span class='ocrx_word' id='word_1_582' title='bbox 389 4350 512 4397; x_wconf 81' lang='lat' dir='ltr'><strong>esse,</strong></span> <span class='ocrx_word' id='word_1_583' title='bbox 540 4350 697 4404; x_wconf 86' lang='lat' dir='ltr'><strong>neque</strong></span> <span class='ocrx_word' id='word_1_584' title='bbox 722 4334 857 4386; x_wconf 90' lang='lat' dir='ltr'><strong>enim</strong></span> <span class='ocrx_word' id='word_1_585' title='bbox 888 4334 937 4385; x_wconf 87' lang='lat' dir='ltr'><strong>in</strong></span> <span class='ocrx_word' id='word_1_586' title='bbox 977 4333 1245 4385; x_wconf 77' lang='lat' dir='ltr'><strong>contrariis</strong></span> <span class='ocrx_word' id='word_1_587' title='bbox 1273 4333 1608 4385; x_wconf 77' lang='lat' dir='ltr'><strong>necessarium</strong></span> <span class='ocrx_word' id='word_1_588' title='bbox 1641 4340 1713 4384; x_wconf 81' lang='lat' dir='ltr'><strong>est</strong></span> <span class='ocrx_word' id='word_1_589' title='bbox 1740 4344 1960 4399; x_wconf 82' lang='lat' dir='ltr'><strong>semper,</strong></span> 
     </span>
    </p>
   </div>
   <div class='ocr_carea' id='block_1_75' title="bbox 392 4421 1967 4492">
    <p class='ocr_par' dir='ltr' id='par_1_75' title="bbox 392 4421 1967 4492">
     <span class='ocr_line' id='line_1_75' title="bbox 392 4421 1967 4492; baseline -0.003 -13"><span class='ocrx_word' id='word_1_590' title='bbox 392 4427 603 4479; x_wconf 88' lang='lat' dir='ltr'><strong>alterum</strong></span> <span class='ocrx_word' id='word_1_591' title='bbox 634 4441 806 4479; x_wconf 83' lang='lat' dir='ltr'><strong>verum</strong></span> <span class='ocrx_word' id='word_1_592' title='bbox 828 4440 954 4487; x_wconf 86' lang='lat' dir='ltr'><strong>esse,</strong></span> <span class='ocrx_word' id='word_1_593' title='bbox 984 4424 1198 4478; x_wconf 83' lang='lat' dir='ltr'><strong>alterum</strong></span> <span class='ocrx_word' id='word_1_594' title='bbox 1239 4424 1426 4492; x_wconf 74' lang='lat' dir='ltr'><strong>falsum</strong></span> <span class='ocrx_word' id='word_1_595' title='bbox 1445 4465 1457 4487; x_wconf 90' lang='lat'><strong>,</strong></span> <span class='ocrx_word' id='word_1_596' title='bbox 1485 4438 1643 4492; x_wconf 83' lang='lat' dir='ltr'><strong>neque</strong></span> <span class='ocrx_word' id='word_1_597' title='bbox 1681 4421 1732 4473; x_wconf 86' lang='lat' dir='ltr'><strong>in</strong></span> <span class='ocrx_word' id='word_1_598' title='bbox 1760 4423 1822 4474; x_wconf 77' lang='lat' dir='ltr'><strong>iis</strong></span> <span class='ocrx_word' id='word_1_599' title='bbox 1852 4435 1967 4490; x_wconf 79' lang='lat' dir='ltr'><strong>qua:</strong></span> 
     </span>
    </p>
   </div>
   <div class='ocr_carea' id='block_1_76' title="bbox 394 4511 1969 4585">
    <p class='ocr_par' dir='ltr' id='par_1_76' title="bbox 394 4511 1969 4585">
     <span class='ocr_line' id='line_1_76' title="bbox 394 4511 1969 4585; baseline -0.006 -15"><span class='ocrx_word' id='word_1_600' title='bbox 394 4526 512 4571; x_wconf 81' lang='lat' dir='ltr'><strong>sunt</strong></span> <span class='ocrx_word' id='word_1_601' title='bbox 539 4518 601 4569; x_wconf 88' lang='lat' dir='ltr'><strong>ad</strong></span> <span class='ocrx_word' id='word_1_602' title='bbox 632 4517 855 4584; x_wconf 83' lang='lat' dir='ltr'><strong>aliquid,</strong></span> <span class='ocrx_word' id='word_1_603' title='bbox 887 4531 1045 4585; x_wconf 87' lang='lat' dir='ltr'><strong>neque</strong></span> <span class='ocrx_word' id='word_1_604' title='bbox 1062 4515 1117 4568; x_wconf 87' lang='lat' dir='ltr'><strong>in</strong></span> <span class='ocrx_word' id='word_1_605' title='bbox 1148 4514 1321 4566; x_wconf 81' lang='lat' dir='ltr'><strong>habitu</strong></span> <span class='ocrx_word' id='word_1_606' title='bbox 1353 4523 1395 4565; x_wconf 88' lang='lat' dir='ltr'><strong>et</strong></span> <span class='ocrx_word' id='word_1_607' title='bbox 1427 4513 1725 4581; x_wconf 78' lang='lat' dir='ltr'><strong>privatione,</strong></span> <span class='ocrx_word' id='word_1_608' title='bbox 1754 4521 1806 4563; x_wconf 86' lang='lat' dir='ltr'><strong>ut</strong></span> <span class='ocrx_word' id='word_1_609' title='bbox 1827 4511 1969 4564; x_wconf 78' lang='lat' dir='ltr'><strong>sani-</strong></span> 
     </span>
    </p>
   </div>
   <div class='ocr_carea' id='block_1_77' title="bbox 2055 3278 3631 3351">
    <p class='ocr_par' dir='ltr' id='par_1_77' title="bbox 2055 3278 3631 3351">
     <span class='ocr_line' id='line_1_77' title="bbox 2055 3278 3631 3351; baseline -0.002 -15"><span class='ocrx_word' id='word_1_610' title='bbox 2055 3296 2237 3336; x_wconf 82' lang='lat' dir='ltr'><strong>eorutn</strong></span> <span class='ocrx_word' id='word_1_611' title='bbox 2265 3296 2384 3351; x_wconf 87' lang='lat' dir='ltr'><strong>quae</strong></span> <span class='ocrx_word' id='word_1_612' title='bbox 2412 3290 2597 3335; x_wconf 88' lang='lat' dir='ltr'><strong>essent</strong></span> <span class='ocrx_word' id='word_1_613' title='bbox 2631 3280 2772 3334; x_wconf 89' lang='lat' dir='ltr'><strong>dicta</strong></span> <span class='ocrx_word' id='word_1_614' title='bbox 2805 3279 2861 3335; x_wconf 92' lang='lat' dir='ltr'><strong>in</strong></span> <span class='ocrx_word' id='word_1_615' title='bbox 2892 3279 3033 3334; x_wconf 88' lang='lat' dir='ltr'><strong>nulla</strong></span> <span class='ocrx_word' id='word_1_616' title='bbox 3084 3278 3445 3335; x_wconf 85' lang='lat' dir='ltr'><strong>affirmatione</strong></span> <span class='ocrx_word' id='word_1_617' title='bbox 3490 3278 3631 3350; x_wconf 84' lang='lat' dir='ltr'><strong>dici,</strong></span> 
     </span>
    </p>
   </div>
   <div class='ocr_carea' id='block_1_78' title="bbox 2057 3371 3634 3445">
    <p class='ocr_par' dir='ltr' id='par_1_78' title="bbox 2057 3371 3634 3445">
     <span class='ocr_line' id='line_1_78' title="bbox 2057 3371 3634 3445; baseline -0.001 -18"><span class='ocrx_word' id='word_1_618' title='bbox 2057 3372 2288 3445; x_wconf 90' lang='lat' dir='ltr'><strong>quadam</strong></span> <span class='ocrx_word' id='word_1_619' title='bbox 2316 3387 2446 3428; x_wconf 84' lang='lat' dir='ltr'><strong>vero</strong></span> <span class='ocrx_word' id='word_1_620' title='bbox 2478 3373 2853 3443; x_wconf 81' lang='lat' dir='ltr'><strong>complexione</strong></span> <span class='ocrx_word' id='word_1_621' title='bbox 2881 3372 3019 3427; x_wconf 87' lang='lat' dir='ltr'><strong>inter</strong></span> <span class='ocrx_word' id='word_1_622' title='bbox 3053 3386 3112 3427; x_wconf 90' lang='lat' dir='ltr'><strong>se</strong></span> <span class='ocrx_word' id='word_1_623' title='bbox 3154 3372 3343 3426; x_wconf 90' lang='lat' dir='ltr'><strong>horum</strong></span> <span class='ocrx_word' id='word_1_624' title='bbox 3374 3371 3634 3442; x_wconf 86' lang='lat' dir='ltr'><strong>praedica-</strong></span> 
     </span>
    </p>
   </div>
   <div class='ocr_carea' id='block_1_79' title="bbox 2056 3462 3637 3535">
    <p class='ocr_par' dir='ltr' id='par_1_79' title="bbox 2056 3462 3637 3535">
     <span class='ocr_line' id='line_1_79' title="bbox 2056 3462 3637 3535; baseline -0.003 -14"><span class='ocrx_word' id='word_1_625' title='bbox 2056 3476 2363 3522; x_wconf 88' lang='lat' dir='ltr'><strong>mentorum</strong></span> <span class='ocrx_word' id='word_1_626' title='bbox 2391 3466 2669 3521; x_wconf 82' lang='lat' dir='ltr'><strong>veritatem</strong></span> <span class='ocrx_word' id='word_1_627' title='bbox 2706 3464 3096 3533; x_wconf 89' lang='lat' dir='ltr'><strong>falsitatemque</strong></span> <span class='ocrx_word' id='word_1_628' title='bbox 3134 3464 3312 3535; x_wconf 73' lang='lat' dir='ltr'><strong>gigni,</strong></span> <span class='ocrx_word' id='word_1_629' title='bbox 3348 3463 3416 3517; x_wconf 89' lang='lat' dir='ltr'><strong>de</strong></span> <span class='ocrx_word' id='word_1_630' title='bbox 3445 3462 3637 3533; x_wconf 88' lang='lat' dir='ltr'><strong>quibus</strong></span> 
     </span>
    </p>
   </div>
   <div class='ocr_carea' id='block_1_80' title="bbox 2056 3553 3638 3625">
    <p class='ocr_par' dir='ltr' id='par_1_80' title="bbox 2056 3553 3638 3625">
     <span class='ocr_line' id='line_1_80' title="bbox 2056 3553 3638 3625; baseline -0.004 -11"><span class='ocrx_word' id='word_1_631' title='bbox 2056 3557 2375 3614; x_wconf 75' lang='lat' dir='ltr'><strong>Aristoteles</strong></span> <span class='ocrx_word' id='word_1_632' title='bbox 2422 3554 2638 3612; x_wconf 88' lang='lat' dir='ltr'><strong>edocuit</strong></span> <span class='ocrx_word' id='word_1_633' title='bbox 2696 3564 2891 3625; x_wconf 73' lang='lat' dir='ltr'><strong>praeter</strong></span> <span class='ocrx_word' id='word_1_634' title='bbox 2937 3554 3362 3623; x_wconf 79' lang='lat' dir='ltr'><strong>complexionem</strong></span> <span class='ocrx_word' id='word_1_635' title='bbox 3405 3553 3638 3625; x_wconf 88' lang='lat' dir='ltr'><strong>aliquam</strong></span> 
     </span>
    </p>
   </div>
   <div class='ocr_carea' id='block_1_81' title="bbox 2061 3646 3640 3718">
    <p class='ocr_par' dir='ltr' id='par_1_81' title="bbox 2061 3646 3640 3718">
     <span class='ocr_line' id='line_1_81' title="bbox 2061 3646 3640 3718; baseline -0.003 -12"><span class='ocrx_word' id='word_1_636' title='bbox 2061 3651 2116 3706; x_wconf 90' lang='lat' dir='ltr'><strong>in</strong></span> <span class='ocrx_word' id='word_1_637' title='bbox 2160 3649 2500 3705; x_wconf 87' lang='lat' dir='ltr'><strong>sermonibus</strong></span> <span class='ocrx_word' id='word_1_638' title='bbox 2526 3648 2803 3704; x_wconf 88' lang='lat' dir='ltr'><strong>veritatem</strong></span> <span class='ocrx_word' id='word_1_639' title='bbox 2837 3648 3225 3718; x_wconf 82' lang='lat' dir='ltr'><strong>falsitatemque</strong></span> <span class='ocrx_word' id='word_1_640' title='bbox 3265 3646 3488 3702; x_wconf 90' lang='lat' dir='ltr'><strong>inveniri</strong></span> <span class='ocrx_word' id='word_1_641' title='bbox 3534 3661 3640 3701; x_wconf 89' lang='lat' dir='ltr'><strong>non</strong></span> 
     </span>
    </p>
   </div>
   <div class='ocr_carea' id='block_1_82' title="bbox 2061 3739 3641 3814">
    <p class='ocr_par' dir='ltr' id='par_1_82' title="bbox 2061 3739 3641 3814">
     <span class='ocr_line' id='line_1_82' title="bbox 2061 3739 3641 3814; baseline -0.003 -16"><span class='ocrx_word' id='word_1_642' title='bbox 2061 3758 2242 3814; x_wconf 90' lang='lat' dir='ltr'><strong>posse.</strong></span> <span class='ocrx_word' id='word_1_643' title='bbox 2274 3744 2331 3799; x_wconf 91' lang='lat' dir='ltr'><strong>Si</strong></span> <span class='ocrx_word' id='word_1_644' title='bbox 2360 3742 2573 3813; x_wconf 90' lang='lat' dir='ltr'><strong>quidem</strong></span> <span class='ocrx_word' id='word_1_645' title='bbox 2616 3741 2863 3809; x_wconf 84' lang='lat' dir='ltr'><strong>exemplo</strong></span> <span class='ocrx_word' id='word_1_646' title='bbox 2898 3756 3111 3810; x_wconf 89' lang='lat' dir='ltr'><strong>quoque</strong></span> <span class='ocrx_word' id='word_1_647' title='bbox 3156 3740 3254 3795; x_wconf 88' lang='lat' dir='ltr'><strong>hoc</strong></span> <span class='ocrx_word' id='word_1_648' title='bbox 3301 3739 3641 3794; x_wconf 85' lang='lat' dir='ltr'><strong>manifestum</strong></span> 
     </span>
    </p>
   </div>
   <div class='ocr_carea' id='block_1_83' title="bbox 2063 3832 3643 3901">
    <p class='ocr_par' dir='ltr' id='par_1_83' title="bbox 2063 3832 3643 3901">
     <span class='ocr_line' id='line_1_83' title="bbox 2063 3832 3643 3901; baseline -0.004 -10"><span class='ocrx_word' id='word_1_649' title='bbox 2063 3847 2166 3891; x_wconf 88' lang='lat' dir='ltr'><strong>est.</strong></span> <span class='ocrx_word' id='word_1_650' title='bbox 2206 3835 2261 3892; x_wconf 91' lang='lat' dir='ltr'><strong>Si</strong></span> <span class='ocrx_word' id='word_1_651' title='bbox 2301 3836 2457 3896; x_wconf 77' lang='lat' dir='ltr'><strong>enim,</strong></span> <span class='ocrx_word' id='word_1_652' title='bbox 2481 3834 2689 3901; x_wconf 80' lang='lat' dir='ltr'><strong>dixero,</strong></span> <span class='ocrx_word' id='word_1_653' title='bbox 2728 3832 2979 3889; x_wconf 85' lang='lat' dir='ltr'><strong>Socrates</strong></span> <span class='ocrx_word' id='word_1_654' title='bbox 3007 3832 3166 3886; x_wconf 90' lang='lat' dir='ltr'><strong>homo</strong></span> <span class='ocrx_word' id='word_1_655' title='bbox 3192 3840 3302 3895; x_wconf 87' lang='lat' dir='ltr'><strong>est,</strong></span> <span class='ocrx_word' id='word_1_656' title='bbox 3336 3840 3428 3885; x_wconf 91' lang='lat' dir='ltr'><strong>aut</strong></span> <span class='ocrx_word' id='word_1_657' title='bbox 3456 3844 3643 3886; x_wconf 78' lang='lat' dir='ltr'><strong>verum</strong></span> 
     </span>
    </p>
   </div>
   <div class='ocr_carea' id='block_1_84' title="bbox 2063 3922 3639 3992">
    <p class='ocr_par' dir='ltr' id='par_1_84' title="bbox 2063 3922 3639 3992">
     <span class='ocr_line' id='line_1_84' title="bbox 2063 3922 3639 3992; baseline -0.003 -11"><span class='ocrx_word' id='word_1_658' title='bbox 2063 3939 2156 3983; x_wconf 89' lang='lat' dir='ltr'><strong>aut</strong></span> <span class='ocrx_word' id='word_1_659' title='bbox 2184 3926 2375 3982; x_wconf 86' lang='lat' dir='ltr'><strong>falsum</strong></span> <span class='ocrx_word' id='word_1_660' title='bbox 2404 3935 2506 3981; x_wconf 89' lang='lat' dir='ltr'><strong>est.</strong></span> <span class='ocrx_word' id='word_1_661' title='bbox 2541 3924 2694 3992; x_wconf 87' lang='lat' dir='ltr'><strong>Quod</strong></span> <span class='ocrx_word' id='word_1_662' title='bbox 2720 3924 2765 3977; x_wconf 92' lang='lat' dir='ltr'><strong>si</strong></span> <span class='ocrx_word' id='word_1_663' title='bbox 2798 3924 2899 3976; x_wconf 89' lang='lat' dir='ltr'><strong>hoc</strong></span> <span class='ocrx_word' id='word_1_664' title='bbox 2930 3929 3133 3976; x_wconf 88' lang='lat' dir='ltr'><strong>tantum</strong></span> <span class='ocrx_word' id='word_1_665' title='bbox 3164 3922 3339 3976; x_wconf 89' lang='lat' dir='ltr'><strong>dicam</strong></span> <span class='ocrx_word' id='word_1_666' title='bbox 3368 3924 3639 3987; x_wconf 86' lang='lat' dir='ltr'><strong>Socrates,</strong></span> 
     </span>
    </p>
   </div>
   <div class='ocr_carea' id='block_1_85' title="bbox 2064 4014 3646 4085">
    <p class='ocr_par' dir='ltr' id='par_1_85' title="bbox 2064 4014 3646 4085">
     <span class='ocr_line' id='line_1_85' title="bbox 2064 4014 3646 4085; baseline -0.001 -11"><span class='ocrx_word' id='word_1_667' title='bbox 2064 4031 2155 4074; x_wconf 88' lang='lat' dir='ltr'><strong>aut</strong></span> <span class='ocrx_word' id='word_1_668' title='bbox 2183 4034 2390 4080; x_wconf 88' lang='lat' dir='ltr'><strong>rursus,</strong></span> <span class='ocrx_word' id='word_1_669' title='bbox 2420 4018 2601 4081; x_wconf 88' lang='lat' dir='ltr'><strong>homo,</strong></span> <span class='ocrx_word' id='word_1_670' title='bbox 2632 4016 2760 4071; x_wconf 88' lang='lat' dir='ltr'><strong>nihil</strong></span> <span class='ocrx_word' id='word_1_671' title='bbox 2792 4016 2847 4069; x_wconf 87' lang='lat' dir='ltr'><strong>in</strong></span> <span class='ocrx_word' id='word_1_672' title='bbox 2875 4030 2940 4069; x_wconf 86' lang='lat' dir='ltr'><strong>eo</strong></span> <span class='ocrx_word' id='word_1_673' title='bbox 2986 4030 3160 4083; x_wconf 90' lang='lat' dir='ltr'><strong>neque</strong></span> <span class='ocrx_word' id='word_1_674' title='bbox 3188 4014 3429 4068; x_wconf 84' lang='lat' dir='ltr'><strong>veritatis</strong></span> <span class='ocrx_word' id='word_1_675' title='bbox 3474 4030 3646 4085; x_wconf 85' lang='lat' dir='ltr'><strong>neun</strong></span> 
     </span>
    </p>
   </div>
   <div class='ocr_carea' id='block_1_86' title="bbox 2065 4104 3645 4177">
    <p class='ocr_par' dir='ltr' id='par_1_86' title="bbox 2065 4104 3645 4177">
     <span class='ocr_line' id='line_1_86' title="bbox 2065 4104 3645 4177; baseline -0.003 -10"><span class='ocrx_word' id='word_1_676' title='bbox 2065 4112 2313 4167; x_wconf 87' lang='lat' dir='ltr'><strong>falsitatis</strong></span> <span class='ocrx_word' id='word_1_677' title='bbox 2338 4118 2439 4165; x_wconf 89' lang='lat' dir='ltr'><strong>est.</strong></span> <span class='ocrx_word' id='word_1_678' title='bbox 2470 4108 2729 4176; x_wconf 87' lang='lat' dir='ltr'><strong>Quocirca</strong></span> <span class='ocrx_word' id='word_1_679' title='bbox 2750 4107 3001 4177; x_wconf 90' lang='lat' dir='ltr'><strong>quoniam</strong></span> <span class='ocrx_word' id='word_1_680' title='bbox 3021 4106 3193 4160; x_wconf 90' lang='lat' dir='ltr'><strong>omnis</strong></span> <span class='ocrx_word' id='word_1_681' title='bbox 3216 4104 3501 4162; x_wconf 85' lang='lat' dir='ltr'><strong>affirmatio</strong></span> <span class='ocrx_word' id='word_1_682' title='bbox 3523 4122 3645 4162; x_wconf 90' lang='lat' dir='ltr'><strong>cum</strong></span> 
     </span>
    </p>
   </div>
   <div class='ocr_carea' id='block_1_87' title="bbox 2067 4199 3646 4272">
    <p class='ocr_par' dir='ltr' id='par_1_87' title="bbox 2067 4199 3646 4272">
     <span class='ocr_line' id='line_1_87' title="bbox 2067 4199 3646 4272; baseline -0.003 -13"><span class='ocrx_word' id='word_1_683' title='bbox 2067 4201 2441 4272; x_wconf 91' lang='lat' dir='ltr'><strong>complexione</strong></span> <span class='ocrx_word' id='word_1_684' title='bbox 2488 4199 2775 4269; x_wconf 89' lang='lat' dir='ltr'><strong>profertur,</strong></span> <span class='ocrx_word' id='word_1_685' title='bbox 2826 4207 3002 4271; x_wconf 88' lang='lat' dir='ltr'><strong>potest</strong></span> <span class='ocrx_word' id='word_1_686' title='bbox 3051 4200 3103 4254; x_wconf 93' lang='lat' dir='ltr'><strong>in</strong></span> <span class='ocrx_word' id='word_1_687' title='bbox 3146 4213 3240 4265; x_wconf 89' lang='lat' dir='ltr'><strong>ea,</strong></span> <span class='ocrx_word' id='word_1_688' title='bbox 3289 4208 3379 4255; x_wconf 89' lang='lat' dir='ltr'><strong>aut</strong></span> <span class='ocrx_word' id='word_1_689' title='bbox 3425 4200 3646 4268; x_wconf 90' lang='lat' dir='ltr'><strong>veritas,</strong></span> 
     </span>
    </p>
   </div>
   <div class='ocr_carea' id='block_1_88' title="bbox 2070 4292 3649 4363">
    <p class='ocr_par' dir='ltr' id='par_1_88' title="bbox 2070 4292 3649 4363">
     <span class='ocr_line' id='line_1_88' title="bbox 2070 4292 3649 4363; baseline -0.003 -12"><span class='ocrx_word' id='word_1_690' title='bbox 2070 4308 2160 4351; x_wconf 90' lang='lat' dir='ltr'><strong>aut</strong></span> <span class='ocrx_word' id='word_1_691' title='bbox 2188 4297 2386 4351; x_wconf 80' lang='lat' dir='ltr'><strong>falsitas</strong></span> <span class='ocrx_word' id='word_1_692' title='bbox 2412 4293 2661 4349; x_wconf 87' lang='lat' dir='ltr'><strong>inveniri.</strong></span> <span class='ocrx_word' id='word_1_693' title='bbox 2704 4293 2778 4348; x_wconf 87' lang='lat' dir='ltr'><strong>Ea</strong></span> <span class='ocrx_word' id='word_1_694' title='bbox 2825 4309 2956 4348; x_wconf 87' lang='lat' dir='ltr'><strong>vero</strong></span> <span class='ocrx_word' id='word_1_695' title='bbox 3001 4306 3123 4361; x_wconf 71' lang='lat' dir='ltr'><strong>quae</strong></span> <span class='ocrx_word' id='word_1_696' title='bbox 3168 4300 3293 4347; x_wconf 90' lang='lat' dir='ltr'><strong>sunt</strong></span> <span class='ocrx_word' id='word_1_697' title='bbox 3337 4294 3403 4347; x_wconf 90' lang='lat' dir='ltr'><strong>ad</strong></span> <span class='ocrx_word' id='word_1_698' title='bbox 3446 4292 3649 4363; x_wconf 87' lang='lat' dir='ltr'><strong>aliquid</strong></span> 
     </span>
    </p>
   </div>
   <div class='ocr_carea' id='block_1_89' title="bbox 2073 4383 3652 4459">
    <p class='ocr_par' dir='ltr' id='par_1_89' title="bbox 2073 4383 3652 4459">
     <span class='ocr_line' id='line_1_89' title="bbox 2073 4383 3652 4459; baseline -0.004 -16"><span class='ocrx_word' id='word_1_699' title='bbox 2073 4389 2385 4459; x_wconf 88' lang='lat' dir='ltr'><strong>simpliciter</strong></span> <span class='ocrx_word' id='word_1_700' title='bbox 2412 4397 2465 4441; x_wconf 88' lang='lat' dir='ltr'><strong>et</strong></span> <span class='ocrx_word' id='word_1_701' title='bbox 2495 4387 2613 4442; x_wconf 90' lang='lat' dir='ltr'><strong>sine</strong></span> <span class='ocrx_word' id='word_1_702' title='bbox 2643 4386 2750 4439; x_wconf 90' lang='lat' dir='ltr'><strong>ulla</strong></span> <span class='ocrx_word' id='word_1_703' title='bbox 2776 4385 3148 4454; x_wconf 83' lang='lat' dir='ltr'><strong>complexione</strong></span> <span class='ocrx_word' id='word_1_704' title='bbox 3186 4383 3455 4438; x_wconf 90' lang='lat' dir='ltr'><strong>dicuntur.</strong></span> <span class='ocrx_word' id='word_1_705' title='bbox 3485 4383 3652 4439; x_wconf 87' lang='lat' dir='ltr'><strong>Simi-</strong></span> 
     </span>
    </p>
   </div>
   <div class='ocr_carea' id='block_1_90' title="bbox 2076 4473 3650 4545">
    <p class='ocr_par' dir='ltr' id='par_1_90' title="bbox 2076 4473 3650 4545">
     <span class='ocr_line' id='line_1_90' title="bbox 2076 4473 3650 4545; baseline -0.004 -10"><span class='ocrx_word' id='word_1_706' title='bbox 2076 4481 2198 4536; x_wconf 88' lang='lat' dir='ltr'><strong>liter</strong></span> <span class='ocrx_word' id='word_1_707' title='bbox 2235 4489 2413 4534; x_wconf 88' lang='lat' dir='ltr'><strong>autem</strong></span> <span class='ocrx_word' id='word_1_708' title='bbox 2443 4487 2497 4532; x_wconf 90' lang='lat' dir='ltr'><strong>et</strong></span> <span class='ocrx_word' id='word_1_709' title='bbox 2536 4476 2801 4531; x_wconf 84' lang='lat' dir='ltr'><strong>contraria</strong></span> <span class='ocrx_word' id='word_1_710' title='bbox 2820 4516 2837 4543; x_wconf 93' lang='lat'><strong>,</strong></span> <span class='ocrx_word' id='word_1_711' title='bbox 2867 4486 2922 4530; x_wconf 91' lang='lat' dir='ltr'><strong>et</strong></span> <span class='ocrx_word' id='word_1_712' title='bbox 2950 4490 3013 4530; x_wconf 90' lang='lat' dir='ltr'><strong>ea</strong></span> <span class='ocrx_word' id='word_1_713' title='bbox 3038 4489 3159 4545; x_wconf 74' lang='lat' dir='ltr'><strong>qua:</strong></span> <span class='ocrx_word' id='word_1_714' title='bbox 3184 4482 3309 4528; x_wconf 90' lang='lat' dir='ltr'><strong>sunt</strong></span> <span class='ocrx_word' id='word_1_715' title='bbox 3356 4473 3650 4529; x_wconf 90' lang='lat' dir='ltr'><strong>secundum</strong></span> 
     </span>
    </p>
   </div>
   <div class='ocr_carea' id='block_1_91' title="bbox 396 4564 2086 4680">
    <p class='ocr_par' dir='ltr' id='par_1_91' title="bbox 396 4564 2086 4680">
     <span class='ocr_line' id='line_1_91' title="bbox 396 4564 1724 4585; baseline -0.005 -1"><span class='ocrx_word' id='word_1_716' title='bbox 396 4564 508 4571; x_wconf 58' lang='lat' dir='ltr'><strong>w-n</strong></span> <span class='ocrx_word' id='word_1_717' title='bbox 540 4564 599 4569; x_wconf 83' lang='lat'><strong><em>——</em></strong></span> <span class='ocrx_word' id='word_1_718' title='bbox 633 4564 855 4584; x_wconf 64' lang='lat' dir='ltr'><strong>&quot;&quot;‘I&quot;&#39;&quot;1</strong></span> <span class='ocrx_word' id='word_1_719' title='bbox 1186 4564 1316 4566; x_wconf 39' lang='grc' dir='ltr'><em>γ</em></span> <span class='ocrx_word' id='word_1_720' title='bbox 1358 4564 1367 4565; x_wconf 45' lang='grc' dir='ltr'><em>κ</em></span> <span class='ocrx_word' id='word_1_721' title='bbox 1427 4564 1445 4581; x_wconf 48' lang='grc' dir='ltr'><em>,ν</em></span> <span class='ocrx_word' id='word_1_722' title='bbox 1712 4564 1724 4577; x_wconf 86' lang='grc'><strong>,</strong></span> 
     </span>
     <span class='ocr_line' id='line_1_92' title="bbox 396 4574 2086 4680; baseline -0.004 -17"><span class='ocrx_word' id='word_1_723' title='bbox 396 4620 473 4664; x_wconf 77' lang='lat' dir='ltr'><strong>tas</strong></span> <span class='ocrx_word' id='word_1_724' title='bbox 496 4619 539 4663; x_wconf 84' lang='lat' dir='ltr'><strong>et</strong></span> <span class='ocrx_word' id='word_1_725' title='bbox 566 4608 781 4680; x_wconf 82' lang='lat' dir='ltr'><strong>languor</strong></span> <span class='ocrx_word' id='word_1_726' title='bbox 810 4608 1067 4662; x_wconf 87' lang='lat' dir='ltr'><strong>contraria</strong></span> <span class='ocrx_word' id='word_1_727' title='bbox 1094 4614 1239 4670; x_wconf 80' lang='lat' dir='ltr'><strong>sunt,</strong></span> <span class='ocrx_word' id='word_1_728' title='bbox 1280 4615 1325 4657; x_wconf 90' lang='lat' dir='ltr'><strong>et</strong></span> <span class='ocrx_word' id='word_1_729' title='bbox 1358 4618 1589 4658; x_wconf 83' lang='lat' dir='ltr'><strong>neutrum</strong></span> <span class='ocrx_word' id='word_1_730' title='bbox 1614 4620 1773 4673; x_wconf 81' lang='lat' dir='ltr'><strong>neque</strong></span> <span class='ocrx_word' id='word_1_731' title='bbox 1794 4617 1966 4656; x_wconf 86' lang='lat' dir='ltr'><strong>verum</strong></span> <span class='ocrx_word' id='word_1_732' title='bbox 1997 4597 2051 4657; x_wconf 88' lang='lat' dir='ltr'><strong>D</strong></span> <span class='ocrx_word' id='word_1_733' title='bbox 2083 4574 2086 4625; x_wconf 43' lang='lat' dir='ltr'>J</span> 
     </span>
    </p>
   </div>
   <div class='ocr_carea' id='block_1_92' title="bbox 1964 4564 3654 4680">
    <p class='ocr_par' dir='ltr' id='par_1_92' title="bbox 1964 4564 3654 4657">
     <span class='ocr_line' id='line_1_93' title="bbox 1964 4564 3654 4657; baseline -0.005 -30"><span class='ocrx_word' id='word_1_734' title='bbox 1964 4597 2051 4657; x_wconf 16' lang='lat' dir='ltr'><strong>ID</strong></span> <span class='ocrx_word' id='word_1_735' title='bbox 2083 4573 2319 4626; x_wconf 88' lang='lat' dir='ltr'><strong>habitum</strong></span> <span class='ocrx_word' id='word_1_736' title='bbox 2370 4567 2835 4639; x_wconf 90' lang='lat' dir='ltr'><strong>privationemque</strong></span> <span class='ocrx_word' id='word_1_737' title='bbox 2880 4565 3095 4621; x_wconf 88' lang='lat' dir='ltr'><strong>sibimet</strong></span> <span class='ocrx_word' id='word_1_738' title='bbox 3139 4564 3418 4633; x_wconf 87' lang='lat' dir='ltr'><strong>opposita,</strong></span> <span class='ocrx_word' id='word_1_739' title='bbox 3466 4576 3524 4620; x_wconf 91' lang='lat' dir='ltr'><strong>ut</strong></span> <span class='ocrx_word' id='word_1_740' title='bbox 3571 4573 3654 4619; x_wconf 89' lang='lat' dir='ltr'><strong>est</strong></span> 
     </span>
    </p>
   </div>
   <div class='ocr_carea' id='block_1_93' title="bbox 394 4696 1967 4772">
    <p class='ocr_par' dir='ltr' id='par_1_93' title="bbox 394 4696 1967 4772">
     <span class='ocr_line' id='line_1_94' title="bbox 394 4696 1967 4772; baseline -0.008 -16"><span class='ocrx_word' id='word_1_741' title='bbox 394 4717 552 4772; x_wconf 86' lang='lat' dir='ltr'><strong>neque</strong></span> <span class='ocrx_word' id='word_1_742' title='bbox 580 4702 768 4771; x_wconf 78' lang='lat' dir='ltr'><strong>falsum</strong></span> <span class='ocrx_word' id='word_1_743' title='bbox 799 4710 890 4753; x_wconf 82' lang='lat' dir='ltr'><strong>est.</strong></span> <span class='ocrx_word' id='word_1_744' title='bbox 938 4697 1186 4754; x_wconf 79' lang='lat' dir='ltr'><strong>Similiter</strong></span> <span class='ocrx_word' id='word_1_745' title='bbox 1213 4697 1426 4767; x_wconf 85' lang='lat' dir='ltr'><strong>duplum</strong></span> <span class='ocrx_word' id='word_1_746' title='bbox 1466 4706 1513 4749; x_wconf 83' lang='lat' dir='ltr'><strong>et</strong></span> <span class='ocrx_word' id='word_1_747' title='bbox 1544 4696 1816 4748; x_wconf 82' lang='lat' dir='ltr'><strong>dimidium</strong></span> <span class='ocrx_word' id='word_1_748' title='bbox 1855 4702 1967 4745; x_wconf 87' lang='lat' dir='ltr'><strong>tan-</strong></span> 
     </span>
    </p>
   </div>
   <div class='ocr_carea' id='block_1_94' title="bbox 393 4790 1968 4865">
    <p class='ocr_par' dir='ltr' id='par_1_94' title="bbox 393 4790 1968 4865">
     <span class='ocr_line' id='line_1_95' title="bbox 393 4790 1968 4865; baseline -0.006 -17"><span class='ocrx_word' id='word_1_749' title='bbox 393 4810 548 4865; x_wconf 88' lang='lat' dir='ltr'><strong>quam</strong></span> <span class='ocrx_word' id='word_1_750' title='bbox 567 4792 777 4846; x_wconf 82' lang='lat' dir='ltr'><strong>relativa</strong></span> <span class='ocrx_word' id='word_1_751' title='bbox 805 4791 1040 4861; x_wconf 78' lang='lat' dir='ltr'><strong>opposita</strong></span> <span class='ocrx_word' id='word_1_752' title='bbox 1067 4798 1206 4852; x_wconf 86' lang='lat' dir='ltr'><strong>sunt,</strong></span> <span class='ocrx_word' id='word_1_753' title='bbox 1230 4797 1277 4841; x_wconf 87' lang='lat' dir='ltr'><strong>et</strong></span> <span class='ocrx_word' id='word_1_754' title='bbox 1308 4805 1407 4841; x_wconf 87' lang='lat' dir='ltr'><strong>non</strong></span> <span class='ocrx_word' id='word_1_755' title='bbox 1426 4797 1494 4839; x_wconf 84' lang='lat' dir='ltr'><strong>est</strong></span> <span class='ocrx_word' id='word_1_756' title='bbox 1526 4804 1699 4840; x_wconf 86' lang='lat' dir='ltr'><strong>eorum</strong></span> <span class='ocrx_word' id='word_1_757' title='bbox 1730 4790 1968 4850; x_wconf 86' lang='lat' dir='ltr'><strong>alterum,</strong></span> 
     </span>
    </p>
   </div>
   <div class='ocr_carea' id='block_1_95' title="bbox 395 4882 1972 4957">
    <p class='ocr_par' dir='ltr' id='par_1_95' title="bbox 395 4882 1972 4957">
     <span class='ocr_line' id='line_1_96' title="bbox 395 4882 1972 4957; baseline -0.006 -17"><span class='ocrx_word' id='word_1_758' title='bbox 395 4901 556 4957; x_wconf 84' lang='lat' dir='ltr'><strong>neque</strong></span> <span class='ocrx_word' id='word_1_759' title='bbox 568 4901 759 4953; x_wconf 83' lang='lat' dir='ltr'><strong>verum,</strong></span> <span class='ocrx_word' id='word_1_760' title='bbox 783 4899 942 4949; x_wconf 83' lang='lat' dir='ltr'><strong>neque</strong></span> <span class='ocrx_word' id='word_1_761' title='bbox 960 4883 1166 4952; x_wconf 80' lang='lat' dir='ltr'><strong>falsum,</strong></span> <span class='ocrx_word' id='word_1_762' title='bbox 1191 4882 1279 4935; x_wconf 80' lang='lat' dir='ltr'><strong>sed</strong></span> <span class='ocrx_word' id='word_1_763' title='bbox 1306 4896 1462 4950; x_wconf 78' lang='lat' dir='ltr'><strong>neque</strong></span> <span class='ocrx_word' id='word_1_764' title='bbox 1483 4896 1539 4932; x_wconf 89' lang='lat' dir='ltr'><strong>ea</strong></span> <span class='ocrx_word' id='word_1_765' title='bbox 1560 4896 1672 4949; x_wconf 73' lang='lat' dir='ltr'><strong>qua:</strong></span> <span class='ocrx_word' id='word_1_766' title='bbox 1695 4882 1972 4933; x_wconf 80' lang='lat' dir='ltr'><strong>secundum</strong></span> 
     </span>
    </p>
   </div>
   <div class='ocr_carea' id='block_1_96' title="bbox 397 4971 1979 5047">
    <p class='ocr_par' dir='ltr' id='par_1_96' title="bbox 397 4971 1979 5047">
     <span class='ocr_line' id='line_1_97' title="bbox 397 4971 1979 5047; baseline -0.004 -17"><span class='ocrx_word' id='word_1_767' title='bbox 397 4978 728 5047; x_wconf 76' lang='lat' dir='ltr'><strong>privationem</strong></span> <span class='ocrx_word' id='word_1_768' title='bbox 762 4984 811 5029; x_wconf 81' lang='lat' dir='ltr'><strong>et</strong></span> <span class='ocrx_word' id='word_1_769' title='bbox 853 4974 1079 5027; x_wconf 86' lang='lat' dir='ltr'><strong>habitum</strong></span> <span class='ocrx_word' id='word_1_770' title='bbox 1103 4974 1369 5038; x_wconf 86' lang='lat' dir='ltr'><strong>dicuntur,</strong></span> <span class='ocrx_word' id='word_1_771' title='bbox 1411 4973 1540 5025; x_wconf 78' lang='lat' dir='ltr'><strong>sicut</strong></span> <span class='ocrx_word' id='word_1_772' title='bbox 1570 4971 1707 5024; x_wconf 75' lang='lat' dir='ltr'><strong>uisus</strong></span> <span class='ocrx_word' id='word_1_773' title='bbox 1745 4982 1794 5024; x_wconf 85' lang='lat' dir='ltr'><strong>et</strong></span> <span class='ocrx_word' id='word_1_774' title='bbox 1832 4971 1979 5024; x_wconf 68' lang='lat' dir='ltr'><strong>carci-</strong></span> 
     </span>
    </p>
   </div>
   <div class='ocr_carea' id='block_1_97' title="bbox 399 5065 1976 5137">
    <p class='ocr_par' dir='ltr' id='par_1_97' title="bbox 399 5065 1976 5137">
     <span class='ocr_line' id='line_1_98' title="bbox 399 5065 1976 5137; baseline -0.003 -15"><span class='ocrx_word' id='word_1_775' title='bbox 399 5079 497 5123; x_wconf 84' lang='lat' dir='ltr'><strong>tas.</strong></span> <span class='ocrx_word' id='word_1_776' title='bbox 537 5067 755 5123; x_wconf 84' lang='lat' dir='ltr'><strong>Omnino</strong></span> <span class='ocrx_word' id='word_1_777' title='bbox 792 5076 963 5121; x_wconf 83' lang='lat' dir='ltr'><strong>autent</strong></span> <span class='ocrx_word' id='word_1_778' title='bbox 991 5084 1165 5121; x_wconf 87' lang='lat' dir='ltr'><strong>eorum</strong></span> <span class='ocrx_word' id='word_1_779' title='bbox 1194 5081 1305 5137; x_wconf 80' lang='lat' dir='ltr'><strong>qua:</strong></span> <span class='ocrx_word' id='word_1_780' title='bbox 1343 5068 1622 5119; x_wconf 83' lang='lat' dir='ltr'><strong>secundum</strong></span> <span class='ocrx_word' id='word_1_781' title='bbox 1663 5065 1976 5133; x_wconf 65' lang='lat' dir='ltr'><strong>complexio-</strong></span> 
     </span>
    </p>
   </div>
   <div class='ocr_carea' id='block_1_98' title="bbox 399 5158 1981 5231">
    <p class='ocr_par' dir='ltr' id='par_1_98' title="bbox 399 5158 1981 5231">
     <span class='ocr_line' id='line_1_99' title="bbox 399 5158 1981 5231; baseline -0.004 -16"><span class='ocrx_word' id='word_1_782' title='bbox 399 5178 514 5215; x_wconf 89' lang='lat' dir='ltr'><strong>nem</strong></span> <span class='ocrx_word' id='word_1_783' title='bbox 537 5160 697 5215; x_wconf 80' lang='lat' dir='ltr'><strong>ullam</strong></span> <span class='ocrx_word' id='word_1_784' title='bbox 726 5164 986 5227; x_wconf 84' lang='lat' dir='ltr'><strong>dicuntur,</strong></span> <span class='ocrx_word' id='word_1_785' title='bbox 1020 5160 1150 5213; x_wconf 86' lang='lat' dir='ltr'><strong>nihil</strong></span> <span class='ocrx_word' id='word_1_786' title='bbox 1180 5176 1335 5231; x_wconf 86' lang='lat' dir='ltr'><strong>neque</strong></span> <span class='ocrx_word' id='word_1_787' title='bbox 1361 5175 1533 5213; x_wconf 79' lang='lat' dir='ltr'><strong>verum</strong></span> <span class='ocrx_word' id='word_1_788' title='bbox 1553 5200 1567 5223; x_wconf 92' lang='lat'><strong>,</strong></span> <span class='ocrx_word' id='word_1_789' title='bbox 1606 5175 1760 5228; x_wconf 88' lang='lat' dir='ltr'><strong>neque</strong></span> <span class='ocrx_word' id='word_1_790' title='bbox 1790 5158 1981 5227; x_wconf 78' lang='lat' dir='ltr'><strong>falsum</strong></span> 
     </span>
    </p>
   </div>
   <div class='ocr_carea' id='block_1_99' title="bbox 399 5252 1983 5325">
    <p class='ocr_par' dir='ltr' id='par_1_99' title="bbox 399 5252 1983 5325">
     <span class='ocr_line' id='line_1_100' title="bbox 399 5252 1983 5325; baseline -0.003 -16"><span class='ocrx_word' id='word_1_791' title='bbox 399 5265 503 5318; x_wconf 82' lang='lat' dir='ltr'><strong>est,</strong></span> <span class='ocrx_word' id='word_1_792' title='bbox 550 5272 699 5323; x_wconf 81' lang='lat' dir='ltr'><strong>porro</strong></span> <span class='ocrx_word' id='word_1_793' title='bbox 744 5266 913 5310; x_wconf 85' lang='lat' dir='ltr'><strong>autem</strong></span> <span class='ocrx_word' id='word_1_794' title='bbox 952 5271 1068 5325; x_wconf 68' lang='lat' dir='ltr'><strong>quin</strong></span> <span class='ocrx_word' id='word_1_795' title='bbox 1106 5255 1244 5308; x_wconf 85' lang='lat' dir='ltr'><strong>dicta</strong></span> <span class='ocrx_word' id='word_1_796' title='bbox 1284 5262 1438 5322; x_wconf 76' lang='lat' dir='ltr'><strong>sunt,</strong></span> <span class='ocrx_word' id='word_1_797' title='bbox 1480 5253 1588 5306; x_wconf 82' lang='lat' dir='ltr'><strong>sine</strong></span> <span class='ocrx_word' id='word_1_798' title='bbox 1632 5252 1983 5322; x_wconf 74' lang='lat' dir='ltr'><strong>complexione</strong></span> 
     </span>
    </p>
   </div>
   <div class='ocr_carea' id='block_1_100' title="bbox 344 5350 661 5401">
    <p class='ocr_par' dir='ltr' id='par_1_100' title="bbox 344 5350 661 5401">
     <span class='ocr_line' id='line_1_101' title="bbox 344 5350 661 5401; baseline -0.006 0"><span class='ocrx_word' id='word_1_799' title='bbox 344 5391 354 5401; x_wconf 77' lang='lat'><strong>.</strong></span> <span class='ocrx_word' id='word_1_800' title='bbox 401 5350 661 5401; x_wconf 83' lang='lat' dir='ltr'><strong>dicuntur.</strong></span> 
     </span>
    </p>
   </div>
   <div class='ocr_carea' id='block_1_101' title="bbox 484 5454 1987 5528">
    <p class='ocr_par' dir='ltr' id='par_1_101' title="bbox 484 5454 1987 5528">
     <span class='ocr_line' id='line_1_102' title="bbox 484 5454 1987 5528; baseline 0.001 -18"><span class='ocrx_word' id='word_1_801' title='bbox 484 5458 744 5524; x_wconf 84' lang='lat' dir='ltr'><strong>Expositis</strong></span> <span class='ocrx_word' id='word_1_802' title='bbox 774 5458 857 5512; x_wconf 83' lang='lat' dir='ltr'><strong>liis</strong></span> <span class='ocrx_word' id='word_1_803' title='bbox 896 5457 1208 5515; x_wconf 61' lang='lat' dir='ltr'><strong>dil&#39;ferenﬁs</strong></span> <span class='ocrx_word' id='word_1_804' title='bbox 1234 5457 1428 5528; x_wconf 91' lang='lat' dir='ltr'><strong>quibus</strong></span> <span class='ocrx_word' id='word_1_805' title='bbox 1467 5456 1556 5511; x_wconf 85' lang='lat' dir='ltr'><strong>vel</strong></span> <span class='ocrx_word' id='word_1_806' title='bbox 1590 5454 1875 5511; x_wconf 90' lang='lat' dir='ltr'><strong>contrariis</strong></span> <span class='ocrx_word' id='word_1_807' title='bbox 1904 5472 1987 5513; x_wconf 90' lang='lat' dir='ltr'><strong>re—</strong></span> 
     </span>
    </p>
   </div>
   <div class='ocr_carea' id='block_1_102' title="bbox 408 5546 1988 5616">
    <p class='ocr_par' dir='ltr' id='par_1_102' title="bbox 408 5546 1988 5616">
     <span class='ocr_line' id='line_1_103' title="bbox 408 5546 1988 5616; baseline 0.001 -13"><span class='ocrx_word' id='word_1_808' title='bbox 408 5546 590 5607; x_wconf 68' lang='lat' dir='ltr'><strong>lativo,</strong></span> <span class='ocrx_word' id='word_1_809' title='bbox 624 5548 701 5599; x_wconf 83' lang='lat' dir='ltr'><strong>vel</strong></span> <span class='ocrx_word' id='word_1_810' title='bbox 741 5547 966 5616; x_wconf 87' lang='lat' dir='ltr'><strong>privatio</strong></span> <span class='ocrx_word' id='word_1_811' title='bbox 1008 5558 1062 5602; x_wconf 88' lang='lat' dir='ltr'><strong>et</strong></span> <span class='ocrx_word' id='word_1_812' title='bbox 1109 5548 1322 5603; x_wconf 89' lang='lat' dir='ltr'><strong>habitus</strong></span> <span class='ocrx_word' id='word_1_813' title='bbox 1367 5546 1637 5615; x_wconf 88' lang='lat' dir='ltr'><strong>relativis,</strong></span> <span class='ocrx_word' id='word_1_814' title='bbox 1673 5548 1757 5601; x_wconf 91' lang='lat' dir='ltr'><strong>vel</strong></span> <span class='ocrx_word' id='word_1_815' title='bbox 1806 5563 1988 5604; x_wconf 88' lang='lat' dir='ltr'><strong>rursus</strong></span> 
     </span>
    </p>
   </div>
   <div class='ocr_carea' id='block_1_103' title="bbox 410 5636 1992 5709">
    <p class='ocr_par' dir='ltr' id='par_1_103' title="bbox 410 5636 1992 5709">
     <span class='ocr_line' id='line_1_104' title="bbox 410 5636 1992 5709; baseline 0.002 -18"><span class='ocrx_word' id='word_1_816' title='bbox 410 5637 638 5709; x_wconf 75' lang='lat' dir='ltr'><strong>privatio</strong></span> <span class='ocrx_word' id='word_1_817' title='bbox 668 5648 721 5689; x_wconf 88' lang='lat' dir='ltr'><strong>et</strong></span> <span class='ocrx_word' id='word_1_818' title='bbox 752 5636 963 5690; x_wconf 79' lang='lat' dir='ltr'><strong>habitus</strong></span> <span class='ocrx_word' id='word_1_819' title='bbox 993 5638 1278 5691; x_wconf 88' lang='lat' dir='ltr'><strong>contrariis</strong></span> <span class='ocrx_word' id='word_1_820' title='bbox 1308 5637 1709 5708; x_wconf 76' lang='lat' dir='ltr'><strong>discreparent,</strong></span> <span class='ocrx_word' id='word_1_821' title='bbox 1742 5654 1883 5692; x_wconf 88' lang='lat' dir='ltr'><strong>nunc</strong></span> <span class='ocrx_word' id='word_1_822' title='bbox 1909 5657 1992 5694; x_wconf 87' lang='lat' dir='ltr'><strong>sc-</strong></span> 
     </span>
    </p>
   </div>
   <div class='ocr_carea' id='block_1_104' title="bbox 410 5729 1991 5800">
    <p class='ocr_par' dir='ltr' id='par_1_104' title="bbox 410 5729 1991 5800">
     <span class='ocr_line' id='line_1_105' title="bbox 410 5729 1991 5800; baseline 0.006 -19"><span class='ocrx_word' id='word_1_823' title='bbox 410 5730 592 5800; x_wconf 87' lang='lat' dir='ltr'><strong>quitur</strong></span> <span class='ocrx_word' id='word_1_824' title='bbox 643 5729 765 5799; x_wconf 88' lang='lat' dir='ltr'><strong>quid</strong></span> <span class='ocrx_word' id='word_1_825' title='bbox 814 5729 895 5782; x_wconf 79' lang='lat' dir='ltr'><strong>liis</strong></span> <span class='ocrx_word' id='word_1_826' title='bbox 943 5730 1194 5785; x_wconf 91' lang='lat' dir='ltr'><strong>omnibus</strong></span> <span class='ocrx_word' id='word_1_827' title='bbox 1240 5731 1531 5787; x_wconf 89' lang='lat' dir='ltr'><strong>secundum</strong></span> <span class='ocrx_word' id='word_1_828' title='bbox 1582 5731 1991 5790; x_wconf 89' lang='lat' dir='ltr'><strong>aflirmationem</strong></span> 
     </span>
    </p>
   </div>
   <div class='ocr_carea' id='block_1_105' title="bbox 416 5822 1994 5912">
    <p class='ocr_par' dir='ltr' id='par_1_105' title="bbox 416 5822 1994 5912">
     <span class='ocr_line' id='line_1_106' title="bbox 416 5822 1994 5912; baseline 0.004 -31"><span class='ocrx_word' id='word_1_829' title='bbox 416 5822 867 5896; x_wconf 67' lang='lat' dir='ltr'><strong>negationemque</strong></span> <span class='ocrx_word' id='word_1_830' title='bbox 893 5822 1139 5898; x_wconf 77' lang='lat' dir='ltr'><strong>opposita</strong></span> <span class='ocrx_word' id='word_1_831' title='bbox 1164 5822 1363 5911; x_wconf 81' lang='lat' dir='ltr'><strong>distent</strong></span> <span class='ocrx_word' id='word_1_832' title='bbox 1374 5836 1477 5912; x_wconf 23' lang='grc' dir='ltr'><em>,λοι</em></span> <span class='ocrx_word' id='word_1_833' title='bbox 1505 5826 1598 5889; x_wconf 88' lang='lat' dir='ltr'><strong>dat</strong></span> <span class='ocrx_word' id='word_1_834' title='bbox 1625 5827 1994 5899; x_wconf 78' lang='lat' dir='ltr'><strong>signum.pro-</strong></span> 
     </span>
    </p>
   </div>
   <div class='ocr_carea' id='block_1_106' title="bbox 2077 4658 3658 4735">
    <p class='ocr_par' dir='ltr' id='par_1_106' title="bbox 2077 4658 3658 4735">
     <span class='ocr_line' id='line_1_107' title="bbox 2077 4658 3658 4735; baseline -0.004 -16"><span class='ocrx_word' id='word_1_835' title='bbox 2077 4677 2226 4735; x_wconf 87' lang='lat' dir='ltr'><strong>pater</strong></span> <span class='ocrx_word' id='word_1_836' title='bbox 2255 4664 2419 4727; x_wconf 83' lang='lat' dir='ltr'><strong>ﬁlius,</strong></span> <span class='ocrx_word' id='word_1_837' title='bbox 2453 4662 2650 4717; x_wconf 82' lang='lat' dir='ltr'><strong>bonum</strong></span> <span class='ocrx_word' id='word_1_838' title='bbox 2682 4662 2877 4714; x_wconf 89' lang='lat' dir='ltr'><strong>malum</strong></span> <span class='ocrx_word' id='word_1_839' title='bbox 2896 4699 2910 4723; x_wconf 93' lang='lat'><strong>,</strong></span> <span class='ocrx_word' id='word_1_840' title='bbox 2940 4661 3085 4713; x_wconf 88' lang='lat' dir='ltr'><strong>visus</strong></span> <span class='ocrx_word' id='word_1_841' title='bbox 3114 4658 3350 4724; x_wconf 84' lang='lat' dir='ltr'><strong>caecitas,</strong></span> <span class='ocrx_word' id='word_1_842' title='bbox 3378 4672 3498 4728; x_wconf 80' lang='lat' dir='ltr'><strong>quae</strong></span> <span class='ocrx_word' id='word_1_843' title='bbox 3524 4672 3658 4727; x_wconf 85' lang='lat' dir='ltr'><strong>quo-</strong></span> 
     </span>
    </p>
   </div>
   <div class='ocr_carea' id='block_1_107' title="bbox 2078 4751 3658 4823">
    <p class='ocr_par' dir='ltr' id='par_1_107' title="bbox 2078 4751 3658 4823">
     <span class='ocr_line' id='line_1_108' title="bbox 2078 4751 3658 4823; baseline -0.003 -10"><span class='ocrx_word' id='word_1_844' title='bbox 2078 4758 2220 4813; x_wconf 86' lang='lat' dir='ltr'><strong>niam</strong></span> <span class='ocrx_word' id='word_1_845' title='bbox 2268 4756 2385 4810; x_wconf 90' lang='lat' dir='ltr'><strong>sine</strong></span> <span class='ocrx_word' id='word_1_846' title='bbox 2416 4752 2792 4823; x_wconf 79' lang='lat' dir='ltr'><strong>complexione</strong></span> <span class='ocrx_word' id='word_1_847' title='bbox 2826 4753 3073 4807; x_wconf 78' lang='lat' dir='ltr'><strong>dtcuntur</strong></span> <span class='ocrx_word' id='word_1_848' title='bbox 3120 4751 3243 4821; x_wconf 87' lang='lat' dir='ltr'><strong>(ubi</strong></span> <span class='ocrx_word' id='word_1_849' title='bbox 3288 4760 3466 4808; x_wconf 90' lang='lat' dir='ltr'><strong>autem</strong></span> <span class='ocrx_word' id='word_1_850' title='bbox 3512 4770 3658 4809; x_wconf 89' lang='lat' dir='ltr'><strong>com-</strong></span> 
     </span>
    </p>
   </div>
   <div class='ocr_carea' id='block_1_108' title="bbox 2077 4846 3657 4922">
    <p class='ocr_par' dir='ltr' id='par_1_108' title="bbox 2077 4846 3657 4922">
     <span class='ocr_line' id='line_1_109' title="bbox 2077 4846 3657 4922; baseline 0 -18"><span class='ocrx_word' id='word_1_851' title='bbox 2077 4850 2256 4922; x_wconf 85' lang='lat' dir='ltr'><strong>plexio</strong></span> <span class='ocrx_word' id='word_1_852' title='bbox 2300 4865 2404 4904; x_wconf 90' lang='lat' dir='ltr'><strong>non</strong></span> <span class='ocrx_word' id='word_1_853' title='bbox 2437 4858 2547 4914; x_wconf 88' lang='lat' dir='ltr'><strong>est,</strong></span> <span class='ocrx_word' id='word_1_854' title='bbox 2580 4848 2687 4903; x_wconf 86' lang='lat' dir='ltr'><strong>illic</strong></span> <span class='ocrx_word' id='word_1_855' title='bbox 2735 4862 2833 4902; x_wconf 88' lang='lat' dir='ltr'><strong>nec</strong></span> <span class='ocrx_word' id='word_1_856' title='bbox 2875 4846 3082 4902; x_wconf 90' lang='lat' dir='ltr'><strong>falsitas</strong></span> <span class='ocrx_word' id='word_1_857' title='bbox 3111 4861 3285 4916; x_wconf 77' lang='lat' dir='ltr'><strong>neque</strong></span> <span class='ocrx_word' id='word_1_858' title='bbox 3328 4848 3524 4906; x_wconf 87' lang='lat' dir='ltr'><strong>veritas</strong></span> <span class='ocrx_word' id='word_1_859' title='bbox 3554 4862 3657 4907; x_wconf 86' lang='lat' dir='ltr'><strong>est.</strong></span> 
     </span>
    </p>
   </div>
   <div class='ocr_carea' id='block_1_109' title="bbox 2081 4941 3663 5013">
    <p class='ocr_par' dir='ltr' id='par_1_109' title="bbox 2081 4941 3663 5013">
     <span class='ocr_line' id='line_1_110' title="bbox 2081 4941 3663 5013; baseline -0.001 -14"><span class='ocrx_word' id='word_1_860' title='bbox 2081 4945 2139 4999; x_wconf 90' lang='lat' dir='ltr'><strong>ln</strong></span> <span class='ocrx_word' id='word_1_861' title='bbox 2189 4943 2643 4999; x_wconf 86' lang='lat' dir='ltr'><strong>al&#39;firmationibus</strong></span> <span class='ocrx_word' id='word_1_862' title='bbox 2686 4956 2814 4997; x_wconf 90' lang='lat' dir='ltr'><strong>vero</strong></span> <span class='ocrx_word' id='word_1_863' title='bbox 2863 4941 2991 4996; x_wconf 90' lang='lat' dir='ltr'><strong>solis</strong></span> <span class='ocrx_word' id='word_1_864' title='bbox 3038 4950 3094 4995; x_wconf 90' lang='lat' dir='ltr'><strong>et</strong></span> <span class='ocrx_word' id='word_1_865' title='bbox 3132 4942 3500 5011; x_wconf 79' lang='lat' dir='ltr'><strong>negationihus</strong></span> <span class='ocrx_word' id='word_1_866' title='bbox 3545 4957 3663 5013; x_wconf 67' lang='lat' dir='ltr'><strong>quin</strong></span> 
     </span>
    </p>
   </div>
   <div class='ocr_carea' id='block_1_110' title="bbox 2083 5034 3665 5104">
    <p class='ocr_par' dir='ltr' id='par_1_110' title="bbox 2083 5034 3665 5104">
     <span class='ocr_line' id='line_1_111' title="bbox 2083 5034 3665 5104; baseline -0.003 -12"><span class='ocrx_word' id='word_1_867' title='bbox 2083 5039 2376 5092; x_wconf 77' lang='lat' dir='ltr'><strong>secundum</strong></span> <span class='ocrx_word' id='word_1_868' title='bbox 2425 5035 2852 5104; x_wconf 83' lang='lat' dir='ltr'><strong>complexionem</strong></span> <span class='ocrx_word' id='word_1_869' title='bbox 2886 5034 3158 5101; x_wconf 86' lang='lat' dir='ltr'><strong>dicuntur,</strong></span> <span class='ocrx_word' id='word_1_870' title='bbox 3187 5042 3278 5086; x_wconf 87' lang='lat' dir='ltr'><strong>aut</strong></span> <span class='ocrx_word' id='word_1_871' title='bbox 3328 5034 3541 5097; x_wconf 88' lang='lat' dir='ltr'><strong>veritas,</strong></span> <span class='ocrx_word' id='word_1_872' title='bbox 3573 5042 3665 5088; x_wconf 88' lang='lat' dir='ltr'><strong>aut</strong></span> 
     </span>
    </p>
   </div>
   <div class='ocr_carea' id='block_1_111' title="bbox 2085 5128 3664 5203">
    <p class='ocr_par' dir='ltr' id='par_1_111' title="bbox 2085 5128 3664 5203">
     <span class='ocr_line' id='line_1_112' title="bbox 2085 5128 3664 5203; baseline -0.004 -15"><span class='ocrx_word' id='word_1_873' title='bbox 2085 5134 2287 5190; x_wconf 88' lang='lat' dir='ltr'><strong>falsitas</strong></span> <span class='ocrx_word' id='word_1_874' title='bbox 2333 5132 2641 5203; x_wconf 90' lang='lat' dir='ltr'><strong>reperitur),</strong></span> <span class='ocrx_word' id='word_1_875' title='bbox 2684 5130 2979 5186; x_wconf 79' lang='lat' dir='ltr'><strong>secundum</strong></span> <span class='ocrx_word' id='word_1_876' title='bbox 3030 5128 3438 5182; x_wconf 81' lang='lat' dir='ltr'><strong>afﬁrmationem</strong></span> <span class='ocrx_word' id='word_1_877' title='bbox 3476 5136 3529 5181; x_wconf 89' lang='lat' dir='ltr'><strong>et</strong></span> <span class='ocrx_word' id='word_1_878' title='bbox 3569 5140 3664 5181; x_wconf 85' lang='lat' dir='ltr'><strong>ne-</strong></span> 
     </span>
    </p>
   </div>
   <div class='ocr_carea' id='block_1_112' title="bbox 2086 5205 3689 5299">
    <p class='ocr_par' dir='ltr' id='par_1_112' title="bbox 2086 5205 3689 5299">
     <span class='ocr_line' id='line_1_113' title="bbox 2086 5205 3689 5299; baseline -0.006 -17"><span class='ocrx_word' id='word_1_879' title='bbox 2086 5229 2354 5299; x_wconf 79' lang='lat' dir='ltr'><strong>gationem</strong></span> <span class='ocrx_word' id='word_1_880' title='bbox 2387 5225 2652 5296; x_wconf 80' lang='lat' dir='ltr'><strong>Oppositio</strong></span> <span class='ocrx_word' id='word_1_881' title='bbox 2677 5239 2709 5278; x_wconf 88' lang='lat' dir='ltr'><strong>a</strong></span> <span class='ocrx_word' id='word_1_882' title='bbox 2759 5223 2967 5277; x_wconf 83' lang='lat' dir='ltr'><strong>eunetis</strong></span> <span class='ocrx_word' id='word_1_883' title='bbox 3014 5221 3132 5275; x_wconf 82' lang='lat' dir='ltr'><strong>aliis</strong></span> <span class='ocrx_word' id='word_1_884' title='bbox 3170 5218 3537 5286; x_wconf 88' lang='lat' dir='ltr'><strong>superioribus</strong></span> <span class='ocrx_word' id='word_1_885' title='bbox 3577 5205 3689 5274; x_wconf 46' lang='lat' dir='ltr'><strong>di?</strong></span> 
     </span>
    </p>
   </div>
   <div class='ocr_carea' id='block_1_113' title="bbox 2088 5329 2214 5375">
    <p class='ocr_par' dir='ltr' id='par_1_113' title="bbox 2088 5329 2214 5375">
     <span class='ocr_line' id='line_1_114' title="bbox 2088 5329 2214 5375; baseline 0.008 -1"><span class='ocrx_word' id='word_1_886' title='bbox 2088 5329 2214 5375; x_wconf 88' lang='lat' dir='ltr'><strong>stat.</strong></span> 
     </span>
    </p>
   </div>
   <div class='ocr_carea' id='block_1_114' title="bbox 2164 5424 3673 5495">
    <p class='ocr_par' dir='ltr' id='par_1_114' title="bbox 2164 5424 3673 5495">
     <span class='ocr_line' id='line_1_115' title="bbox 2164 5424 3673 5495; baseline -0.005 -8"><span class='ocrx_word' id='word_1_887' title='bbox 2164 5431 2270 5487; x_wconf 84' lang='lat' dir='ltr'><strong>Sed</strong></span> <span class='ocrx_word' id='word_1_888' title='bbox 2297 5434 2517 5485; x_wconf 73' lang='lat' dir='ltr'><strong>maxime</strong></span> <span class='ocrx_word' id='word_1_889' title='bbox 2540 5428 2790 5483; x_wconf 81' lang='lat' dir='ltr'><strong>videbitur</strong></span> <span class='ocrx_word' id='word_1_890' title='bbox 2820 5426 2914 5478; x_wconf 86' lang='lat' dir='ltr'><strong>hoc</strong></span> <span class='ocrx_word' id='word_1_891' title='bbox 2943 5425 3043 5476; x_wconf 81' lang='lat' dir='ltr'><strong>tale</strong></span> <span class='ocrx_word' id='word_1_892' title='bbox 3063 5424 3350 5492; x_wconf 81' lang='lat' dir='ltr'><strong>contingere</strong></span> <span class='ocrx_word' id='word_1_893' title='bbox 3376 5424 3429 5478; x_wconf 87' lang='lat' dir='ltr'><strong>in</strong></span> <span class='ocrx_word' id='word_1_894' title='bbox 3455 5426 3533 5479; x_wconf 83' lang='lat' dir='ltr'><strong>his</strong></span> <span class='ocrx_word' id='word_1_895' title='bbox 3559 5442 3673 5495; x_wconf 75' lang='lat' dir='ltr'><strong>quas</strong></span> 
     </span>
    </p>
   </div>
   <div class='ocr_carea' id='block_1_115' title="bbox 2094 5515 3673 5589">
    <p class='ocr_par' dir='ltr' id='par_1_115' title="bbox 2094 5515 3673 5589">
     <span class='ocr_line' id='line_1_116' title="bbox 2094 5515 3673 5589; baseline -0.008 -10"><span class='ocrx_word' id='word_1_896' title='bbox 2094 5523 2373 5579; x_wconf 84' lang='lat' dir='ltr'><strong>secundum</strong></span> <span class='ocrx_word' id='word_1_897' title='bbox 2421 5520 2821 5589; x_wconf 68' lang='lat' dir='ltr'><strong>complexionem</strong></span> <span class='ocrx_word' id='word_1_898' title='bbox 2868 5515 3127 5569; x_wconf 64' lang='lat' dir='ltr'><strong>contraria</strong></span> <span class='ocrx_word' id='word_1_899' title='bbox 3173 5515 3427 5570; x_wconf 83' lang='lat' dir='ltr'><strong>dicuntur.</strong></span> <span class='ocrx_word' id='word_1_900' title='bbox 3476 5516 3673 5573; x_wconf 81' lang='lat' dir='ltr'><strong>Sanum</strong></span> 
     </span>
    </p>
   </div>
   <div class='ocr_carea' id='block_1_116' title="bbox 2098 5615 3675 5696">
    <p class='ocr_par' dir='ltr' id='par_1_116' title="bbox 2098 5615 3675 5696">
     <span class='ocr_line' id='line_1_117' title="bbox 2098 5615 3675 5696; baseline -0.005 -16"><span class='ocrx_word' id='word_1_901' title='bbox 2098 5641 2314 5696; x_wconf 85' lang='lat' dir='ltr'><strong>namque</strong></span> <span class='ocrx_word' id='word_1_902' title='bbox 2338 5639 2446 5678; x_wconf 79' lang='lat' dir='ltr'><strong>esse</strong></span> <span class='ocrx_word' id='word_1_903' title='bbox 2478 5622 2775 5687; x_wconf 78' lang='lat' dir='ltr'><strong>Socratem,</strong></span> <span class='ocrx_word' id='word_1_904' title='bbox 2801 5617 2869 5671; x_wconf 78' lang='lat' dir='ltr'><strong>ad</strong></span> <span class='ocrx_word' id='word_1_905' title='bbox 2900 5618 3141 5685; x_wconf 86' lang='lat' dir='ltr'><strong>languere</strong></span> <span class='ocrx_word' id='word_1_906' title='bbox 3173 5615 3434 5669; x_wconf 84' lang='lat' dir='ltr'><strong>Socratem</strong></span> <span class='ocrx_word' id='word_1_907' title='bbox 3464 5629 3675 5674; x_wconf 77' lang='lat' dir='ltr'><strong>contra-</strong></span> 
     </span>
    </p>
   </div>
   <div class='ocr_carea' id='block_1_117' title="bbox 2097 5715 3676 5791">
    <p class='ocr_par' dir='ltr' id='par_1_117' title="bbox 2097 5715 3676 5791">
     <span class='ocr_line' id='line_1_118' title="bbox 2097 5715 3676 5791; baseline -0.005 -10"><span class='ocrx_word' id='word_1_908' title='bbox 2097 5728 2231 5781; x_wconf 85' lang='lat' dir='ltr'><strong>rium</strong></span> <span class='ocrx_word' id='word_1_909' title='bbox 2277 5734 2381 5791; x_wconf 79' lang='lat' dir='ltr'><strong>est,</strong></span> <span class='ocrx_word' id='word_1_910' title='bbox 2412 5723 2500 5778; x_wconf 78' lang='lat' dir='ltr'><strong>sed</strong></span> <span class='ocrx_word' id='word_1_911' title='bbox 2541 5734 2699 5791; x_wconf 78' lang='lat' dir='ltr'><strong>neque</strong></span> <span class='ocrx_word' id='word_1_912' title='bbox 2742 5720 2797 5774; x_wconf 89' lang='lat' dir='ltr'><strong>in</strong></span> <span class='ocrx_word' id='word_1_913' title='bbox 2839 5718 2917 5773; x_wconf 82' lang='lat' dir='ltr'><strong>his</strong></span> <span class='ocrx_word' id='word_1_914' title='bbox 2962 5715 3296 5771; x_wconf 82' lang='lat' dir='ltr'><strong>necessarium</strong></span> <span class='ocrx_word' id='word_1_915' title='bbox 3342 5727 3411 5771; x_wconf 80' lang='lat' dir='ltr'><strong>est</strong></span> <span class='ocrx_word' id='word_1_916' title='bbox 3456 5718 3676 5773; x_wconf 85' lang='lat' dir='ltr'><strong>alterum</strong></span> 
     </span>
    </p>
   </div>
   <div class='ocr_carea' id='block_1_118' title="bbox 2100 5818 3674 5897">
    <p class='ocr_par' dir='ltr' id='par_1_118' title="bbox 2100 5818 3674 5897">
     <span class='ocr_line' id='line_1_119' title="bbox 2100 5818 3674 5897; baseline -0.009 -10"><span class='ocrx_word' id='word_1_917' title='bbox 2100 5830 2297 5897; x_wconf 69' lang='lat' dir='ltr'><strong>semper</strong></span> <span class='ocrx_word' id='word_1_918' title='bbox 2323 5843 2523 5897; x_wconf 81' lang='lat' dir='ltr'><strong>verum,</strong></span> <span class='ocrx_word' id='word_1_919' title='bbox 2562 5822 2782 5883; x_wconf 86' lang='lat' dir='ltr'><strong>alterum</strong></span> <span class='ocrx_word' id='word_1_920' title='bbox 2809 5830 2983 5881; x_wconf 78' lang='lat' dir='ltr'><strong>autem</strong></span> <span class='ocrx_word' id='word_1_921' title='bbox 3013 5818 3201 5890; x_wconf 76' lang='lat' dir='ltr'><strong>falsum</strong></span> <span class='ocrx_word' id='word_1_922' title='bbox 3232 5836 3357 5890; x_wconf 73' lang='lat' dir='ltr'><strong>esse,</strong></span> <span class='ocrx_word' id='word_1_923' title='bbox 3401 5836 3515 5874; x_wconf 89' lang='lat' dir='ltr'><strong>cum</strong></span> <span class='ocrx_word' id='word_1_924' title='bbox 3544 5819 3674 5877; x_wconf 79' lang='lat' dir='ltr'><strong>enim</strong></span> 
     </span>
    </p>
   </div>
  </div>
