  <div class='ocr_page' id='page_1' title='image "/cluster/home/n/w/nwhite01/storage/ocr_20150623/64/hvd.32044073505265/145.png"; bbox 0 0 4280 6268; ppageno 0'>
   <div class='ocr_carea' id='block_1_1' title="bbox 528 322 629 379">
    <p class='ocr_par' dir='ltr' id='par_1_1' title="bbox 528 322 629 379">
     <span class='ocr_line' id='line_1_1' title="bbox 528 322 629 379; baseline -0.05 -1"><span class='ocrx_word' id='word_1_1' title='bbox 528 322 629 379; x_wconf 72' lang='grc'>279</span> 
     </span>
    </p>
   </div>
   <div class='ocr_carea' id='block_1_2' title="bbox 1772 297 2613 362">
    <p class='ocr_par' dir='ltr' id='par_1_2' title="bbox 1772 297 2613 362">
     <span class='ocr_line' id='line_1_2' title="bbox 1772 297 2613 362; baseline -0.008 0"><span class='ocrx_word' id='word_1_2' title='bbox 1772 305 1884 362; x_wconf 81' lang='lat' dir='ltr'><strong><em>AN.</em></strong></span> <span class='ocrx_word' id='word_1_3' title='bbox 1926 301 2148 361; x_wconf 74' lang='lat' dir='ltr'><strong><em>MANlL.</em></strong></span> <span class='ocrx_word' id='word_1_4' title='bbox 2192 298 2344 357; x_wconf 86' lang='lat' dir='ltr'><strong><em>SEV.</em></strong></span> <span class='ocrx_word' id='word_1_5' title='bbox 2386 297 2613 355; x_wconf 86' lang='lat' dir='ltr'><strong>BOETII</strong></span> 
     </span>
    </p>
   </div>
   <div class='ocr_carea' id='block_1_3' title="bbox 3712 289 3818 345">
    <p class='ocr_par' dir='ltr' id='par_1_3' title="bbox 3712 289 3818 345">
     <span class='ocr_line' id='line_1_3' title="bbox 3712 289 3818 345; baseline 0.009 -1"><span class='ocrx_word' id='word_1_6' title='bbox 3712 289 3818 345; x_wconf 77' lang='lat'><strong><em>280</em></strong></span> 
     </span>
    </p>
   </div>
   <div class='ocr_carea' id='block_1_4' title="bbox 527 404 3819 497">
    <p class='ocr_par' dir='ltr' id='par_1_4' title="bbox 527 404 3819 497">
     <span class='ocr_line' id='line_1_4' title="bbox 527 404 3819 497; baseline -0.011 -6"><span class='ocrx_word' id='word_1_7' title='bbox 527 436 767 491; x_wconf 78' lang='lat' dir='ltr'><strong><em>Socrates</em></strong></span> <span class='ocrx_word' id='word_1_8' title='bbox 792 433 884 497; x_wconf 87' lang='lat' dir='ltr'><strong><em>sit,</em></strong></span> <span class='ocrx_word' id='word_1_9' title='bbox 918 431 1008 483; x_wconf 85' lang='lat' dir='ltr'><strong><em>erit</em></strong></span> <span class='ocrx_word' id='word_1_10' title='bbox 1038 426 1167 480; x_wconf 82' lang='lat' dir='ltr'><strong><em>illud</em></strong></span> <span class='ocrx_word' id='word_1_11' title='bbox 1203 421 1406 494; x_wconf 82' lang='lat' dir='ltr'><strong><em>quidem</em></strong></span> <span class='ocrx_word' id='word_1_12' title='bbox 1435 435 1639 486; x_wconf 90' lang='lat' dir='ltr'><strong><em>verum,</em></strong></span> <span class='ocrx_word' id='word_1_13' title='bbox 1670 416 1807 472; x_wconf 89' lang='lat' dir='ltr'><strong><em>illud</em></strong></span> <span class='ocrx_word' id='word_1_14' title='bbox 1844 434 1960 473; x_wconf 86' lang='lat' dir='ltr'><strong><em>vero</em></strong></span> <span class='ocrx_word' id='word_1_15' title='bbox 1996 416 2115 487; x_wconf 80' lang='lat' dir='ltr'><strong><em>fal—</em></strong></span> <span class='ocrx_word' id='word_1_16' title='bbox 2142 417 2199 480; x_wconf 75' lang='grc' dir='ltr'>Α</span> <span class='ocrx_word' id='word_1_17' title='bbox 2224 413 2438 469; x_wconf 89' lang='lat' dir='ltr'><strong><em>dentem</em></strong></span> <span class='ocrx_word' id='word_1_18' title='bbox 2471 425 2595 467; x_wconf 85' lang='lat' dir='ltr'><strong><em>esse</em></strong></span> <span class='ocrx_word' id='word_1_19' title='bbox 2621 409 2711 465; x_wconf 90' lang='lat' dir='ltr'><strong><em>vel</em></strong></span> <span class='ocrx_word' id='word_1_20' title='bbox 2758 422 2980 464; x_wconf 62' lang='lat' dir='ltr'><strong><em>caecum.</em></strong></span> <span class='ocrx_word' id='word_1_21' title='bbox 3030 405 3123 461; x_wconf 88' lang='lat' dir='ltr'><strong><em>Ille</em></strong></span> <span class='ocrx_word' id='word_1_22' title='bbox 3153 406 3294 459; x_wconf 89' lang='lat' dir='ltr'><strong><em>enim</em></strong></span> <span class='ocrx_word' id='word_1_23' title='bbox 3326 404 3473 460; x_wconf 89' lang='lat' dir='ltr'><strong><em>videt</em></strong></span> <span class='ocrx_word' id='word_1_24' title='bbox 3512 412 3671 475; x_wconf 88' lang='lat' dir='ltr'><strong><em>atque</em></strong></span> <span class='ocrx_word' id='word_1_25' title='bbox 3714 417 3819 457; x_wconf 66' lang='lat' dir='ltr'><strong><em>ca:-</em></strong></span> 
     </span>
    </p>
   </div>
   <div class='ocr_carea' id='block_1_5' title="bbox 524 509 2118 592">
    <p class='ocr_par' dir='ltr' id='par_1_5' title="bbox 524 509 2118 592">
     <span class='ocr_line' id='line_1_5' title="bbox 524 509 2118 592; baseline -0.015 -9"><span class='ocrx_word' id='word_1_26' title='bbox 524 544 670 592; x_wconf 80' lang='lat' dir='ltr'><strong><em>sum;</em></strong></span> <span class='ocrx_word' id='word_1_27' title='bbox 698 541 813 580; x_wconf 82' lang='lat' dir='ltr'><strong><em>cum</em></strong></span> <span class='ocrx_word' id='word_1_28' title='bbox 836 537 948 575; x_wconf 81' lang='lat' dir='ltr'><strong><em>vero</em></strong></span> <span class='ocrx_word' id='word_1_29' title='bbox 978 534 1081 571; x_wconf 88' lang='lat' dir='ltr'><strong><em>non</em></strong></span> <span class='ocrx_word' id='word_1_30' title='bbox 1109 518 1172 569; x_wconf 89' lang='lat' dir='ltr'><strong><em>sit</em></strong></span> <span class='ocrx_word' id='word_1_31' title='bbox 1192 558 1206 580; x_wconf 94' lang='lat'><strong><em>,</em></strong></span> <span class='ocrx_word' id='word_1_32' title='bbox 1233 515 1381 568; x_wconf 89' lang='lat' dir='ltr'><strong><em>ambo</em></strong></span> <span class='ocrx_word' id='word_1_33' title='bbox 1429 511 1561 581; x_wconf 75' lang='lat' dir='ltr'><strong><em>falsa</em></strong></span> <span class='ocrx_word' id='word_1_34' title='bbox 1601 518 1751 578; x_wconf 89' lang='lat' dir='ltr'><strong><em>sunt,</em></strong></span> <span class='ocrx_word' id='word_1_35' title='bbox 1782 524 1944 578; x_wconf 87' lang='lat' dir='ltr'><strong><em>neque</em></strong></span> <span class='ocrx_word' id='word_1_36' title='bbox 1972 509 2118 561; x_wconf 80' lang='lat' dir='ltr'><strong><em>enim</em></strong></span> 
     </span>
    </p>
   </div>
   <div class='ocr_carea' id='block_1_6' title="bbox 525 599 2113 690">
    <p class='ocr_par' dir='ltr' id='par_1_6' title="bbox 525 599 2113 690">
     <span class='ocr_line' id='line_1_6' title="bbox 525 599 2113 690; baseline -0.016 -15"><span class='ocrx_word' id='word_1_37' title='bbox 525 621 792 690; x_wconf 78' lang='lat' dir='ltr'><strong><em>languere,</em></strong></span> <span class='ocrx_word' id='word_1_38' title='bbox 832 628 992 681; x_wconf 86' lang='lat' dir='ltr'><strong><em>neque</em></strong></span> <span class='ocrx_word' id='word_1_39' title='bbox 1030 625 1213 662; x_wconf 88' lang='lat' dir='ltr'><strong><em>sanum</em></strong></span> <span class='ocrx_word' id='word_1_40' title='bbox 1253 623 1380 670; x_wconf 87' lang='lat' dir='ltr'><strong><em>esse,</em></strong></span> <span class='ocrx_word' id='word_1_41' title='bbox 1408 620 1581 658; x_wconf 88' lang='lat' dir='ltr'><strong><em>verum</em></strong></span> <span class='ocrx_word' id='word_1_42' title='bbox 1610 612 1717 668; x_wconf 86' lang='lat' dir='ltr'><strong><em>est,</em></strong></span> <span class='ocrx_word' id='word_1_43' title='bbox 1750 617 1865 655; x_wconf 89' lang='lat' dir='ltr'><strong><em>cum</em></strong></span> <span class='ocrx_word' id='word_1_44' title='bbox 1903 616 2002 653; x_wconf 85' lang='lat' dir='ltr'><strong><em>non</em></strong></span> <span class='ocrx_word' id='word_1_45' title='bbox 2042 599 2113 652; x_wconf 83' lang='lat' dir='ltr'><strong><em>sit</em></strong></span> 
     </span>
    </p>
   </div>
   <div class='ocr_carea' id='block_1_7' title="bbox 523 693 2114 781">
    <p class='ocr_par' dir='ltr' id='par_1_7' title="bbox 523 693 2114 781">
     <span class='ocr_line' id='line_1_7' title="bbox 523 693 2114 781; baseline -0.015 -14"><span class='ocrx_word' id='word_1_46' title='bbox 523 717 634 781; x_wconf 83' lang='lat' dir='ltr'><strong><em>ipse</em></strong></span> <span class='ocrx_word' id='word_1_47' title='bbox 666 710 901 764; x_wconf 75' lang='lat' dir='ltr'><strong><em>Socrates</em></strong></span> <span class='ocrx_word' id='word_1_48' title='bbox 931 702 1160 757; x_wconf 80' lang='lat' dir='ltr'><strong><em>omnino.</em></strong></span> <span class='ocrx_word' id='word_1_49' title='bbox 1186 698 1252 753; x_wconf 88' lang='lat' dir='ltr'><strong><em>In</em></strong></span> <span class='ocrx_word' id='word_1_50' title='bbox 1282 699 1565 769; x_wconf 77' lang='lat' dir='ltr'><strong><em>privatione</em></strong></span> <span class='ocrx_word' id='word_1_51' title='bbox 1584 710 1699 750; x_wconf 88' lang='lat' dir='ltr'><strong><em>vero</em></strong></span> <span class='ocrx_word' id='word_1_52' title='bbox 1719 702 1768 749; x_wconf 89' lang='lat' dir='ltr'><strong><em>et</em></strong></span> <span class='ocrx_word' id='word_1_53' title='bbox 1794 693 1970 748; x_wconf 82' lang='lat' dir='ltr'><strong><em>habitu</em></strong></span> <span class='ocrx_word' id='word_1_54' title='bbox 1990 708 2114 745; x_wconf 81' lang='lat' dir='ltr'><strong><em>cum</em></strong></span> 
     </span>
    </p>
   </div>
   <div class='ocr_carea' id='block_1_8' title="bbox 524 790 2110 866">
    <p class='ocr_par' dir='ltr' id='par_1_8' title="bbox 524 790 2110 866">
     <span class='ocr_line' id='line_1_8' title="bbox 524 790 2110 866; baseline -0.014 -6"><span class='ocrx_word' id='word_1_55' title='bbox 524 821 631 861; x_wconf 88' lang='lat' dir='ltr'><strong><em>non</em></strong></span> <span class='ocrx_word' id='word_1_56' title='bbox 651 803 745 866; x_wconf 90' lang='lat' dir='ltr'><strong><em>sit,</em></strong></span> <span class='ocrx_word' id='word_1_57' title='bbox 774 806 1007 853; x_wconf 85' lang='lat' dir='ltr'><strong><em>neutrum</em></strong></span> <span class='ocrx_word' id='word_1_58' title='bbox 1032 810 1203 849; x_wconf 89' lang='lat' dir='ltr'><strong><em>verum</em></strong></span> <span class='ocrx_word' id='word_1_59' title='bbox 1230 802 1331 857; x_wconf 86' lang='lat' dir='ltr'><strong><em>est;</em></strong></span> <span class='ocrx_word' id='word_1_60' title='bbox 1362 807 1476 843; x_wconf 90' lang='lat' dir='ltr'><strong><em>cum</em></strong></span> <span class='ocrx_word' id='word_1_61' title='bbox 1506 804 1621 844; x_wconf 89' lang='lat' dir='ltr'><strong><em>vero</em></strong></span> <span class='ocrx_word' id='word_1_62' title='bbox 1648 790 1747 853; x_wconf 87' lang='lat' dir='ltr'><strong><em>sit,</em></strong></span> <span class='ocrx_word' id='word_1_63' title='bbox 1781 804 1885 841; x_wconf 87' lang='lat' dir='ltr'><strong><em>non</em></strong></span> <span class='ocrx_word' id='word_1_64' title='bbox 1911 803 2110 856; x_wconf 81' lang='lat' dir='ltr'><strong><em>semper</em></strong></span> 
     </span>
    </p>
   </div>
   <div class='ocr_carea' id='block_1_9' title="bbox 523 880 2112 953">
    <p class='ocr_par' dir='ltr' id='par_1_9' title="bbox 523 880 2112 953">
     <span class='ocr_line' id='line_1_9' title="bbox 523 880 2112 953; baseline -0.013 1"><span class='ocrx_word' id='word_1_65' title='bbox 523 899 620 953; x_wconf 80' lang='lat' dir='ltr'><strong><em>erit</em></strong></span> <span class='ocrx_word' id='word_1_66' title='bbox 659 896 877 949; x_wconf 87' lang='lat' dir='ltr'><strong><em>alterum</em></strong></span> <span class='ocrx_word' id='word_1_67' title='bbox 922 905 1125 953; x_wconf 89' lang='lat' dir='ltr'><strong><em>verum,</em></strong></span> <span class='ocrx_word' id='word_1_68' title='bbox 1176 888 1391 941; x_wconf 80' lang='lat' dir='ltr'><strong><em>alterunt</em></strong></span> <span class='ocrx_word' id='word_1_69' title='bbox 1431 892 1603 938; x_wconf 85' lang='lat' dir='ltr'><strong><em>autem</em></strong></span> <span class='ocrx_word' id='word_1_70' title='bbox 1649 883 1862 952; x_wconf 77' lang='lat' dir='ltr'><strong><em>falsum.</em></strong></span> <span class='ocrx_word' id='word_1_71' title='bbox 1906 880 2112 934; x_wconf 88' lang='lat' dir='ltr'><strong><em>Habere</em></strong></span> 
     </span>
    </p>
   </div>
   <div class='ocr_carea' id='block_1_10' title="bbox 522 973 2113 1058">
    <p class='ocr_par' dir='ltr' id='par_1_10' title="bbox 522 973 2113 1058">
     <span class='ocr_line' id='line_1_10' title="bbox 522 973 2113 1058; baseline -0.009 -17"><span class='ocrx_word' id='word_1_72' title='bbox 522 1003 746 1058; x_wconf 79' lang='lat' dir='ltr'><strong><em>namque</em></strong></span> <span class='ocrx_word' id='word_1_73' title='bbox 771 986 934 1038; x_wconf 91' lang='lat' dir='ltr'><strong><em>visum</em></strong></span> <span class='ocrx_word' id='word_1_74' title='bbox 964 981 1230 1037; x_wconf 74' lang='lat' dir='ltr'><strong><em>Socratem</em></strong></span> <span class='ocrx_word' id='word_1_75' title='bbox 1259 978 1325 1031; x_wconf 88' lang='lat' dir='ltr'><strong><em>ad</em></strong></span> <span class='ocrx_word' id='word_1_76' title='bbox 1368 976 1421 1030; x_wconf 89' lang='lat' dir='ltr'><strong><em>id</em></strong></span> <span class='ocrx_word' id='word_1_77' title='bbox 1454 975 1593 1047; x_wconf 87' lang='lat' dir='ltr'><strong><em>quod</em></strong></span> <span class='ocrx_word' id='word_1_78' title='bbox 1614 983 1690 1028; x_wconf 86' lang='lat' dir='ltr'><strong><em>est</em></strong></span> <span class='ocrx_word' id='word_1_79' title='bbox 1719 973 1985 1030; x_wconf 87' lang='lat' dir='ltr'><strong><em>Socratem</em></strong></span> <span class='ocrx_word' id='word_1_80' title='bbox 2006 989 2113 1027; x_wconf 77' lang='lat' dir='ltr'><strong><em>ca:-</em></strong></span> 
     </span>
    </p>
   </div>
   <div class='ocr_carea' id='block_1_11' title="bbox 525 1064 2115 1149">
    <p class='ocr_par' dir='ltr' id='par_1_11' title="bbox 525 1064 2115 1149">
     <span class='ocr_line' id='line_1_11' title="bbox 525 1064 2115 1149; baseline -0.012 -12"><span class='ocrx_word' id='word_1_81' title='bbox 525 1100 643 1137; x_wconf 88' lang='lat' dir='ltr'><strong><em>cum</em></strong></span> <span class='ocrx_word' id='word_1_82' title='bbox 675 1097 779 1136; x_wconf 89' lang='lat' dir='ltr'><strong><em>esse</em></strong></span> <span class='ocrx_word' id='word_1_83' title='bbox 817 1076 1103 1149; x_wconf 87' lang='lat' dir='ltr'><strong><em>oppositum</em></strong></span> <span class='ocrx_word' id='word_1_84' title='bbox 1141 1081 1245 1139; x_wconf 88' lang='lat' dir='ltr'><strong><em>est,</em></strong></span> <span class='ocrx_word' id='word_1_85' title='bbox 1276 1073 1410 1125; x_wconf 85' lang='lat' dir='ltr'><strong><em>sicut</em></strong></span> <span class='ocrx_word' id='word_1_86' title='bbox 1446 1069 1664 1140; x_wconf 82' lang='lat' dir='ltr'><strong><em>privatio</em></strong></span> <span class='ocrx_word' id='word_1_87' title='bbox 1699 1078 1745 1121; x_wconf 91' lang='lat' dir='ltr'><strong><em>et</em></strong></span> <span class='ocrx_word' id='word_1_88' title='bbox 1779 1066 2003 1121; x_wconf 84' lang='lat' dir='ltr'><strong><em>habitus.</em></strong></span> <span class='ocrx_word' id='word_1_89' title='bbox 2044 1064 2115 1118; x_wconf 84' lang='lat' dir='ltr'><strong><em>Et</em></strong></span> 
     </span>
    </p>
   </div>
   <div class='ocr_carea' id='block_1_12' title="bbox 524 1157 2113 1240">
    <p class='ocr_par' dir='ltr' id='par_1_12' title="bbox 524 1157 2113 1240">
     <span class='ocr_line' id='line_1_12' title="bbox 524 1157 2113 1240; baseline -0.013 -10"><span class='ocrx_word' id='word_1_90' title='bbox 524 1192 643 1229; x_wconf 86' lang='lat' dir='ltr'><strong><em>cum</em></strong></span> <span class='ocrx_word' id='word_1_91' title='bbox 683 1176 780 1240; x_wconf 88' lang='lat' dir='ltr'><strong><em>sit,</em></strong></span> <span class='ocrx_word' id='word_1_92' title='bbox 808 1169 1154 1225; x_wconf 84' lang='lat' dir='ltr'><strong><em>necessarium</em></strong></span> <span class='ocrx_word' id='word_1_93' title='bbox 1185 1181 1286 1219; x_wconf 88' lang='lat' dir='ltr'><strong><em>non</em></strong></span> <span class='ocrx_word' id='word_1_94' title='bbox 1328 1172 1401 1217; x_wconf 89' lang='lat' dir='ltr'><strong><em>est</em></strong></span> <span class='ocrx_word' id='word_1_95' title='bbox 1432 1161 1652 1214; x_wconf 89' lang='lat' dir='ltr'><strong><em>alterum</em></strong></span> <span class='ocrx_word' id='word_1_96' title='bbox 1683 1175 1853 1213; x_wconf 89' lang='lat' dir='ltr'><strong><em>verum</em></strong></span> <span class='ocrx_word' id='word_1_97' title='bbox 1893 1159 1970 1211; x_wconf 88' lang='lat' dir='ltr'><strong><em>vel</em></strong></span> <span class='ocrx_word' id='word_1_98' title='bbox 2011 1157 2113 1226; x_wconf 82' lang='lat' dir='ltr'><strong><em>fal-</em></strong></span> 
     </span>
    </p>
   </div>
   <div class='ocr_carea' id='block_1_13' title="bbox 524 1250 2116 1333">
    <p class='ocr_par' dir='ltr' id='par_1_13' title="bbox 524 1250 2116 1333">
     <span class='ocr_line' id='line_1_13' title="bbox 524 1250 2116 1333; baseline -0.011 -11"><span class='ocrx_word' id='word_1_99' title='bbox 524 1284 640 1323; x_wconf 89' lang='lat' dir='ltr'><strong><em>sum</em></strong></span> <span class='ocrx_word' id='word_1_100' title='bbox 663 1281 788 1333; x_wconf 85' lang='lat' dir='ltr'><strong><em>esse,</em></strong></span> <span class='ocrx_word' id='word_1_101' title='bbox 819 1278 935 1316; x_wconf 90' lang='lat' dir='ltr'><strong><em>cum</em></strong></span> <span class='ocrx_word' id='word_1_102' title='bbox 970 1260 1103 1315; x_wconf 81' lang='lat' dir='ltr'><strong><em>enim</em></strong></span> <span class='ocrx_word' id='word_1_103' title='bbox 1136 1258 1366 1311; x_wconf 87' lang='lat' dir='ltr'><strong><em>nondum</em></strong></span> <span class='ocrx_word' id='word_1_104' title='bbox 1388 1263 1537 1308; x_wconf 86' lang='lat' dir='ltr'><strong><em>natus</em></strong></span> <span class='ocrx_word' id='word_1_105' title='bbox 1565 1261 1638 1308; x_wconf 91' lang='lat' dir='ltr'><strong><em>est</em></strong></span> <span class='ocrx_word' id='word_1_106' title='bbox 1665 1250 1869 1318; x_wconf 82' lang='lat' dir='ltr'><strong><em>habere,</em></strong></span> <span class='ocrx_word' id='word_1_107' title='bbox 1899 1261 2116 1320; x_wconf 76' lang='lat' dir='ltr'><strong><em>utraque</em></strong></span> 
     </span>
    </p>
   </div>
   <div class='ocr_carea' id='block_1_14' title="bbox 527 1330 2183 1433">
    <p class='ocr_par' dir='ltr' id='par_1_14' title="bbox 527 1330 2183 1433">
     <span class='ocr_line' id='line_1_14' title="bbox 527 1330 2183 1433; baseline -0.013 -18"><span class='ocrx_word' id='word_1_108' title='bbox 527 1363 663 1433; x_wconf 81' lang='lat' dir='ltr'><strong><em>falsa</em></strong></span> <span class='ocrx_word' id='word_1_109' title='bbox 692 1367 839 1421; x_wconf 86' lang='lat' dir='ltr'><strong><em>sunt;</em></strong></span> <span class='ocrx_word' id='word_1_110' title='bbox 869 1369 914 1409; x_wconf 89' lang='lat' dir='ltr'><strong><em>et</em></strong></span> <span class='ocrx_word' id='word_1_111' title='bbox 945 1371 1059 1407; x_wconf 85' lang='lat' dir='ltr'><strong><em>cum</em></strong></span> <span class='ocrx_word' id='word_1_112' title='bbox 1104 1367 1205 1405; x_wconf 84' lang='lat' dir='ltr'><strong><em>non</em></strong></span> <span class='ocrx_word' id='word_1_113' title='bbox 1248 1350 1315 1402; x_wconf 84' lang='lat' dir='ltr'><strong><em>sit</em></strong></span> <span class='ocrx_word' id='word_1_114' title='bbox 1353 1347 1559 1402; x_wconf 87' lang='lat' dir='ltr'><strong><em>omnino</em></strong></span> <span class='ocrx_word' id='word_1_115' title='bbox 1600 1344 1858 1408; x_wconf 82' lang='lat' dir='ltr'><strong><em>Socrates,</em></strong></span> <span class='ocrx_word' id='word_1_116' title='bbox 1884 1345 1956 1397; x_wconf 84' lang='lat' dir='ltr'><strong><em>sic</em></strong></span> <span class='ocrx_word' id='word_1_117' title='bbox 1984 1360 2114 1412; x_wconf 80' lang='lat' dir='ltr'><strong><em>quo-</em></strong></span> <span class='ocrx_word' id='word_1_118' title='bbox 2180 1330 2183 1333; x_wconf 8' lang='grc' dir='ltr'>ἰ</span> 
     </span>
    </p>
   </div>
   <div class='ocr_carea' id='block_1_15' title="bbox 528 1436 2123 1525">
    <p class='ocr_par' dir='ltr' id='par_1_15' title="bbox 528 1436 2123 1525">
     <span class='ocr_line' id='line_1_15' title="bbox 528 1436 2123 1525; baseline -0.013 -17"><span class='ocrx_word' id='word_1_119' title='bbox 528 1471 624 1525; x_wconf 87' lang='lat' dir='ltr'><strong><em>que</em></strong></span> <span class='ocrx_word' id='word_1_120' title='bbox 652 1452 787 1524; x_wconf 81' lang='lat' dir='ltr'><strong><em>falsa</em></strong></span> <span class='ocrx_word' id='word_1_121' title='bbox 816 1457 933 1501; x_wconf 86' lang='lat' dir='ltr'><strong><em>sunt</em></strong></span> <span class='ocrx_word' id='word_1_122' title='bbox 961 1456 1194 1514; x_wconf 88' lang='lat' dir='ltr'><strong><em>utraque,</em></strong></span> <span class='ocrx_word' id='word_1_123' title='bbox 1222 1452 1270 1495; x_wconf 90' lang='lat' dir='ltr'><strong><em>et</em></strong></span> <span class='ocrx_word' id='word_1_124' title='bbox 1298 1442 1461 1494; x_wconf 78' lang='lat' dir='ltr'><strong><em>visum</em></strong></span> <span class='ocrx_word' id='word_1_125' title='bbox 1486 1454 1603 1493; x_wconf 91' lang='lat' dir='ltr'><strong><em>eum</em></strong></span> <span class='ocrx_word' id='word_1_126' title='bbox 1626 1436 1830 1503; x_wconf 86' lang='lat' dir='ltr'><strong><em>habere,</em></strong></span> <span class='ocrx_word' id='word_1_127' title='bbox 1854 1445 1901 1489; x_wconf 88' lang='lat' dir='ltr'><strong><em>et</em></strong></span> <span class='ocrx_word' id='word_1_128' title='bbox 1930 1450 2123 1489; x_wconf 72' lang='lat' dir='ltr'><strong><em>caream</em></strong></span> 
     </span>
    </p>
   </div>
   <div class='ocr_carea' id='block_1_16' title="bbox 526 1563 654 1601">
    <p class='ocr_par' dir='ltr' id='par_1_16' title="bbox 526 1563 654 1601">
     <span class='ocr_line' id='line_1_16' title="bbox 526 1563 654 1601; baseline -0.016 0"><span class='ocrx_word' id='word_1_129' title='bbox 526 1563 654 1601; x_wconf 75' lang='grc' dir='ltr'><strong><em>εεδε.</em></strong></span> 
     </span>
    </p>
   </div>
   <div class='ocr_carea' id='block_1_17' title="bbox 600 1644 2122 1731">
    <p class='ocr_par' dir='ltr' id='par_1_17' title="bbox 600 1644 2122 1731">
     <span class='ocr_line' id='line_1_17' title="bbox 600 1644 2122 1731; baseline -0.012 -15"><span class='ocrx_word' id='word_1_130' title='bbox 600 1662 860 1731; x_wconf 85' lang='lat' dir='ltr'><strong><em>Quoniam</em></strong></span> <span class='ocrx_word' id='word_1_131' title='bbox 920 1659 1167 1713; x_wconf 88' lang='lat' dir='ltr'><strong><em>videntur</em></strong></span> <span class='ocrx_word' id='word_1_132' title='bbox 1211 1650 1459 1725; x_wconf 84' lang='lat' dir='ltr'><strong><em>quaedam</em></strong></span> <span class='ocrx_word' id='word_1_133' title='bbox 1506 1647 1774 1703; x_wconf 88' lang='lat' dir='ltr'><strong><em>contraria</em></strong></span> <span class='ocrx_word' id='word_1_134' title='bbox 1817 1644 2122 1701; x_wconf 84' lang='lat' dir='ltr'><strong><em>secundum</em></strong></span> 
     </span>
    </p>
   </div>
   <div class='ocr_carea' id='block_1_18' title="bbox 529 1738 2116 1826">
    <p class='ocr_par' dir='ltr' id='par_1_18' title="bbox 529 1738 2116 1826">
     <span class='ocr_line' id='line_1_18' title="bbox 529 1738 2116 1826; baseline -0.016 -12"><span class='ocrx_word' id='word_1_135' title='bbox 529 1752 949 1826; x_wconf 81' lang='lat' dir='ltr'><strong><em>complexionem</em></strong></span> <span class='ocrx_word' id='word_1_136' title='bbox 1000 1751 1140 1811; x_wconf 86' lang='lat' dir='ltr'><strong><em>dici,‘</em></strong></span> <span class='ocrx_word' id='word_1_137' title='bbox 1167 1747 1218 1800; x_wconf 92' lang='lat' dir='ltr'><strong><em>in</em></strong></span> <span class='ocrx_word' id='word_1_138' title='bbox 1249 1744 1443 1815; x_wconf 85' lang='lat' dir='ltr'><strong><em>quibus</em></strong></span> <span class='ocrx_word' id='word_1_139' title='bbox 1484 1750 1574 1795; x_wconf 89' lang='lat' dir='ltr'><strong><em>aut</em></strong></span> <span class='ocrx_word' id='word_1_140' title='bbox 1612 1739 1813 1793; x_wconf 84' lang='lat' dir='ltr'><strong><em>falsitas</em></strong></span> <span class='ocrx_word' id='word_1_141' title='bbox 1840 1738 2116 1806; x_wconf 89' lang='lat' dir='ltr'><strong><em>reperitur</em></strong></span> 
     </span>
    </p>
   </div>
   <div class='ocr_carea' id='block_1_19' title="bbox 528 1831 2130 1910">
    <p class='ocr_par' dir='ltr' id='par_1_19' title="bbox 528 1831 2130 1910">
     <span class='ocr_line' id='line_1_19' title="bbox 528 1831 2130 1910; baseline -0.015 -4"><span class='ocrx_word' id='word_1_142' title='bbox 528 1860 620 1906; x_wconf 91' lang='lat' dir='ltr'><strong><em>aut</em></strong></span> <span class='ocrx_word' id='word_1_143' title='bbox 643 1851 863 1910; x_wconf 86' lang='lat' dir='ltr'><strong><em>veritas,</em></strong></span> <span class='ocrx_word' id='word_1_144' title='bbox 921 1845 1013 1898; x_wconf 88' lang='lat' dir='ltr'><strong><em>sed</em></strong></span> <span class='ocrx_word' id='word_1_145' title='bbox 1066 1855 1241 1910; x_wconf 86' lang='lat' dir='ltr'><strong><em>neque</em></strong></span> <span class='ocrx_word' id='word_1_146' title='bbox 1272 1849 1330 1891; x_wconf 91' lang='lat' dir='ltr'><strong><em>ut</em></strong></span> <span class='ocrx_word' id='word_1_147' title='bbox 1374 1833 1662 1889; x_wconf 77' lang='lat' dir='ltr'><strong><em>afﬁrmatio</em></strong></span> <span class='ocrx_word' id='word_1_148' title='bbox 1717 1831 1787 1885; x_wconf 89' lang='lat' dir='ltr'><strong><em>sit</em></strong></span> <span class='ocrx_word' id='word_1_149' title='bbox 1841 1844 2014 1898; x_wconf 87' lang='lat' dir='ltr'><strong><em>neque</em></strong></span> <span class='ocrx_word' id='word_1_150' title='bbox 2064 1836 2130 1882; x_wconf 84' lang='lat' dir='ltr'><strong><em>ut</em></strong></span> 
     </span>
    </p>
   </div>
   <div class='ocr_carea' id='block_1_20' title="bbox 527 1924 2133 2015">
    <p class='ocr_par' dir='ltr' id='par_1_20' title="bbox 527 1924 2133 2015">
     <span class='ocr_line' id='line_1_20' title="bbox 527 1924 2133 2015; baseline -0.014 -16"><span class='ocrx_word' id='word_1_151' title='bbox 527 1948 760 2015; x_wconf 82' lang='lat' dir='ltr'><strong><em>negatio,</em></strong></span> <span class='ocrx_word' id='word_1_152' title='bbox 803 1942 871 1995; x_wconf 90' lang='lat' dir='ltr'><strong><em>dc</em></strong></span> <span class='ocrx_word' id='word_1_153' title='bbox 914 1941 996 1992; x_wconf 85' lang='lat' dir='ltr'><strong><em>his</em></strong></span> <span class='ocrx_word' id='word_1_154' title='bbox 1021 1950 1234 2007; x_wconf 89' lang='lat' dir='ltr'><strong><em>quoque</em></strong></span> <span class='ocrx_word' id='word_1_155' title='bbox 1275 1932 1424 1993; x_wconf 86' lang='lat' dir='ltr'><strong><em>dicit,</em></strong></span> <span class='ocrx_word' id='word_1_156' title='bbox 1468 1928 1593 1997; x_wconf 89' lang='lat' dir='ltr'><strong><em>quid</em></strong></span> <span class='ocrx_word' id='word_1_157' title='bbox 1619 1927 1823 1981; x_wconf 84' lang='lat' dir='ltr'><strong><em>distent</em></strong></span> <span class='ocrx_word' id='word_1_158' title='bbox 1853 1924 1933 1977; x_wconf 92' lang='lat' dir='ltr'><strong><em>his</em></strong></span> <span class='ocrx_word' id='word_1_159' title='bbox 1975 1939 2133 1979; x_wconf 80' lang='lat' dir='ltr'><strong><em>com-</em></strong></span> 
     </span>
    </p>
   </div>
   <div class='ocr_carea' id='block_1_21' title="bbox 526 2020 2129 2108">
    <p class='ocr_par' dir='ltr' id='par_1_21' title="bbox 526 2020 2129 2108">
     <span class='ocr_line' id='line_1_21' title="bbox 526 2020 2129 2108; baseline -0.013 -15"><span class='ocrx_word' id='word_1_160' title='bbox 526 2037 899 2108; x_wconf 79' lang='lat' dir='ltr'><strong><em>plexionibus,</em></strong></span> <span class='ocrx_word' id='word_1_161' title='bbox 957 2046 1077 2102; x_wconf 85' lang='lat' dir='ltr'><strong><em>quae</em></strong></span> <span class='ocrx_word' id='word_1_162' title='bbox 1130 2027 1427 2083; x_wconf 82' lang='lat' dir='ltr'><strong><em>secundum</em></strong></span> <span class='ocrx_word' id='word_1_163' title='bbox 1486 2020 1897 2076; x_wconf 85' lang='lat' dir='ltr'><strong><em>affirmationem</em></strong></span> <span class='ocrx_word' id='word_1_164' title='bbox 1958 2034 2129 2089; x_wconf 57' lang='lat' dir='ltr'><strong><em>nega-</em></strong></span> 
     </span>
    </p>
   </div>
   <div class='ocr_carea' id='block_1_22' title="bbox 528 2110 2133 2196">
    <p class='ocr_par' dir='ltr' id='par_1_22' title="bbox 528 2110 2133 2196">
     <span class='ocr_line' id='line_1_22' title="bbox 528 2110 2133 2196; baseline -0.013 -11"><span class='ocrx_word' id='word_1_165' title='bbox 528 2131 839 2196; x_wconf 87' lang='lat' dir='ltr'><strong><em>tionemque</em></strong></span> <span class='ocrx_word' id='word_1_166' title='bbox 920 2124 1192 2177; x_wconf 86' lang='lat' dir='ltr'><strong><em>dicuntur.</em></strong></span> <span class='ocrx_word' id='word_1_167' title='bbox 1298 2116 1431 2172; x_wconf 89' lang='lat' dir='ltr'><strong><em>Nam</em></strong></span> <span class='ocrx_word' id='word_1_168' title='bbox 1512 2114 1651 2169; x_wconf 85' lang='lat' dir='ltr'><strong><em>sicut</em></strong></span> <span class='ocrx_word' id='word_1_169' title='bbox 1722 2110 1979 2180; x_wconf 79' lang='lat' dir='ltr'><strong><em>aegritudo</em></strong></span> <span class='ocrx_word' id='word_1_170' title='bbox 2045 2118 2133 2165; x_wconf 89' lang='lat' dir='ltr'><strong><em>est</em></strong></span> 
     </span>
    </p>
   </div>
   <div class='ocr_carea' id='block_1_23' title="bbox 527 2202 2133 2283">
    <p class='ocr_par' dir='ltr' id='par_1_23' title="bbox 527 2202 2133 2283">
     <span class='ocr_line' id='line_1_23' title="bbox 527 2202 2133 2283; baseline -0.017 -3"><span class='ocrx_word' id='word_1_171' title='bbox 527 2223 793 2280; x_wconf 84' lang='lat' dir='ltr'><strong><em>contraria</em></strong></span> <span class='ocrx_word' id='word_1_172' title='bbox 850 2216 1097 2283; x_wconf 87' lang='lat' dir='ltr'><strong><em>sanitati,</em></strong></span> <span class='ocrx_word' id='word_1_173' title='bbox 1164 2213 1237 2267; x_wconf 89' lang='lat' dir='ltr'><strong><em>ita</em></strong></span> <span class='ocrx_word' id='word_1_174' title='bbox 1289 2224 1502 2282; x_wconf 90' lang='lat' dir='ltr'><strong><em>quoque</em></strong></span> <span class='ocrx_word' id='word_1_175' title='bbox 1559 2213 1816 2276; x_wconf 65' lang='lat' dir='ltr'><strong><em>aegrotum</em></strong></span> <span class='ocrx_word' id='word_1_176' title='bbox 1861 2217 1981 2257; x_wconf 87' lang='lat' dir='ltr'><strong><em>esse</em></strong></span> <span class='ocrx_word' id='word_1_177' title='bbox 2028 2202 2133 2257; x_wconf 80' lang='lat' dir='ltr'><strong><em>So-</em></strong></span> 
     </span>
    </p>
   </div>
   <div class='ocr_carea' id='block_1_24' title="bbox 528 2296 2124 2381">
    <p class='ocr_par' dir='ltr' id='par_1_24' title="bbox 528 2296 2124 2381">
     <span class='ocr_line' id='line_1_24' title="bbox 528 2296 2124 2381; baseline -0.015 -9"><span class='ocrx_word' id='word_1_178' title='bbox 528 2325 769 2379; x_wconf 86' lang='lat' dir='ltr'><strong><em>cratem,</em></strong></span> <span class='ocrx_word' id='word_1_179' title='bbox 832 2313 881 2366; x_wconf 92' lang='lat' dir='ltr'><strong><em>ei</em></strong></span> <span class='ocrx_word' id='word_1_180' title='bbox 920 2309 1061 2381; x_wconf 90' lang='lat' dir='ltr'><strong><em>quod</em></strong></span> <span class='ocrx_word' id='word_1_181' title='bbox 1102 2316 1186 2361; x_wconf 85' lang='lat' dir='ltr'><strong><em>est</em></strong></span> <span class='ocrx_word' id='word_1_182' title='bbox 1248 2318 1437 2358; x_wconf 90' lang='lat' dir='ltr'><strong><em>sanum</em></strong></span> <span class='ocrx_word' id='word_1_183' title='bbox 1468 2315 1589 2355; x_wconf 91' lang='lat' dir='ltr'><strong><em>esse</em></strong></span> <span class='ocrx_word' id='word_1_184' title='bbox 1648 2296 1969 2353; x_wconf 89' lang='lat' dir='ltr'><strong><em>contrarium</em></strong></span> <span class='ocrx_word' id='word_1_185' title='bbox 2021 2306 2124 2349; x_wconf 87' lang='lat' dir='ltr'><strong><em>est.</em></strong></span> 
     </span>
    </p>
   </div>
   <div class='ocr_carea' id='block_1_25' title="bbox 528 2394 2124 2474">
    <p class='ocr_par' dir='ltr' id='par_1_25' title="bbox 528 2394 2124 2474">
     <span class='ocr_line' id='line_1_25' title="bbox 528 2394 2124 2474; baseline -0.016 -9"><span class='ocrx_word' id='word_1_186' title='bbox 528 2410 714 2464; x_wconf 86' lang='lat' dir='ltr'><strong><em>Oratio</em></strong></span> <span class='ocrx_word' id='word_1_187' title='bbox 796 2420 1006 2474; x_wconf 88' lang='lat' dir='ltr'><strong><em>quoque</em></strong></span> <span class='ocrx_word' id='word_1_188' title='bbox 1084 2416 1204 2470; x_wconf 69' lang='lat' dir='ltr'><strong><em>qum</em></strong></span> <span class='ocrx_word' id='word_1_189' title='bbox 1264 2397 1393 2450; x_wconf 88' lang='lat' dir='ltr'><strong><em>dicit</em></strong></span> <span class='ocrx_word' id='word_1_190' title='bbox 1450 2394 1701 2449; x_wconf 81' lang='lat' dir='ltr'><strong><em>Socrates</em></strong></span> <span class='ocrx_word' id='word_1_191' title='bbox 1768 2405 1927 2444; x_wconf 89' lang='lat' dir='ltr'><strong><em>sanus</em></strong></span> <span class='ocrx_word' id='word_1_192' title='bbox 1993 2398 2075 2442; x_wconf 89' lang='lat' dir='ltr'><strong><em>est</em></strong></span> <span class='ocrx_word' id='word_1_193' title='bbox 2107 2432 2124 2455; x_wconf 92' lang='lat'><strong><em>,</em></strong></span> 
     </span>
    </p>
   </div>
   <div class='ocr_carea' id='block_1_26' title="bbox 528 2480 2128 2562">
    <p class='ocr_par' dir='ltr' id='par_1_26' title="bbox 528 2480 2128 2562">
     <span class='ocr_line' id='line_1_26' title="bbox 528 2480 2128 2562; baseline -0.014 -5"><span class='ocrx_word' id='word_1_194' title='bbox 528 2499 797 2557; x_wconf 89' lang='lat' dir='ltr'><strong><em>contraria</em></strong></span> <span class='ocrx_word' id='word_1_195' title='bbox 820 2507 903 2551; x_wconf 89' lang='lat' dir='ltr'><strong><em>est</em></strong></span> <span class='ocrx_word' id='word_1_196' title='bbox 941 2497 988 2548; x_wconf 90' lang='lat' dir='ltr'><strong><em>ei</em></strong></span> <span class='ocrx_word' id='word_1_197' title='bbox 1012 2509 1133 2562; x_wconf 81' lang='lat' dir='ltr'><strong><em>quae</em></strong></span> <span class='ocrx_word' id='word_1_198' title='bbox 1160 2488 1471 2561; x_wconf 77' lang='lat' dir='ltr'><strong><em>pronuntiat</em></strong></span> <span class='ocrx_word' id='word_1_199' title='bbox 1498 2487 1748 2542; x_wconf 86' lang='lat' dir='ltr'><strong><em>Socrates</em></strong></span> <span class='ocrx_word' id='word_1_200' title='bbox 1781 2492 2021 2553; x_wconf 68' lang='lat' dir='ltr'><strong><em>aegrotat.</em></strong></span> <span class='ocrx_word' id='word_1_201' title='bbox 2071 2480 2128 2535; x_wconf 87' lang='lat' dir='ltr'><strong><em>In</em></strong></span> 
     </span>
    </p>
   </div>
   <div class='ocr_carea' id='block_1_27' title="bbox 531 2574 2132 2659">
    <p class='ocr_par' dir='ltr' id='par_1_27' title="bbox 531 2574 2132 2659">
     <span class='ocr_line' id='line_1_27' title="bbox 531 2574 2132 2659; baseline -0.014 -12"><span class='ocrx_word' id='word_1_202' title='bbox 531 2594 615 2647; x_wconf 87' lang='lat' dir='ltr'><strong><em>his</em></strong></span> <span class='ocrx_word' id='word_1_203' title='bbox 656 2606 783 2659; x_wconf 86' lang='lat' dir='ltr'><strong><em>ergo</em></strong></span> <span class='ocrx_word' id='word_1_204' title='bbox 813 2597 865 2642; x_wconf 86' lang='lat' dir='ltr'><strong><em>et</em></strong></span> <span class='ocrx_word' id='word_1_205' title='bbox 897 2587 1095 2640; x_wconf 85' lang='lat' dir='ltr'><strong><em>veritas</em></strong></span> <span class='ocrx_word' id='word_1_206' title='bbox 1136 2582 1409 2636; x_wconf 82' lang='lat' dir='ltr'><strong><em>invenitur</em></strong></span> <span class='ocrx_word' id='word_1_207' title='bbox 1436 2587 1490 2631; x_wconf 89' lang='lat' dir='ltr'><strong><em>et</em></strong></span> <span class='ocrx_word' id='word_1_208' title='bbox 1518 2577 1743 2630; x_wconf 73' lang='lat' dir='ltr'><strong><em>falsitas.</em></strong></span> <span class='ocrx_word' id='word_1_209' title='bbox 1788 2574 1939 2641; x_wconf 88' lang='lat' dir='ltr'><strong><em>Quod</em></strong></span> <span class='ocrx_word' id='word_1_210' title='bbox 1973 2575 2132 2641; x_wconf 80' lang='lat' dir='ltr'><strong><em>igitur</em></strong></span> 
     </span>
    </p>
   </div>
   <div class='ocr_carea' id='block_1_28' title="bbox 531 2666 2133 2745">
    <p class='ocr_par' dir='ltr' id='par_1_28' title="bbox 531 2666 2133 2745">
     <span class='ocr_line' id='line_1_28' title="bbox 531 2666 2133 2745; baseline -0.013 -6"><span class='ocrx_word' id='word_1_211' title='bbox 531 2687 649 2739; x_wconf 85' lang='lat' dir='ltr'><strong><em>haec</em></strong></span> <span class='ocrx_word' id='word_1_212' title='bbox 674 2684 875 2736; x_wconf 80' lang='lat' dir='ltr'><strong><em>distant</em></strong></span> <span class='ocrx_word' id='word_1_213' title='bbox 905 2694 965 2733; x_wconf 90' lang='lat' dir='ltr'><strong><em>ca</em></strong></span> <span class='ocrx_word' id='word_1_214' title='bbox 995 2675 1335 2745; x_wconf 82' lang='lat' dir='ltr'><strong><em>oppositione</em></strong></span> <span class='ocrx_word' id='word_1_215' title='bbox 1358 2686 1480 2740; x_wconf 67' lang='lat' dir='ltr'><strong><em>qua:</em></strong></span> <span class='ocrx_word' id='word_1_216' title='bbox 1518 2669 1814 2724; x_wconf 75' lang='lat' dir='ltr'><strong><em>secundum</em></strong></span> <span class='ocrx_word' id='word_1_217' title='bbox 1845 2669 1951 2720; x_wconf 89' lang='lat' dir='ltr'><strong><em>vim</em></strong></span> <span class='ocrx_word' id='word_1_218' title='bbox 1984 2666 2133 2719; x_wconf 82' lang='lat' dir='ltr'><strong><em>afﬁr-</em></strong></span> 
     </span>
    </p>
   </div>
   <div class='ocr_carea' id='block_1_29' title="bbox 539 2758 2131 2840">
    <p class='ocr_par' dir='ltr' id='par_1_29' title="bbox 539 2758 2131 2840">
     <span class='ocr_line' id='line_1_29' title="bbox 539 2758 2131 2840; baseline -0.013 -8"><span class='ocrx_word' id='word_1_219' title='bbox 539 2776 795 2834; x_wconf 88' lang='lat' dir='ltr'><strong><em>mationis</em></strong></span> <span class='ocrx_word' id='word_1_220' title='bbox 822 2782 913 2827; x_wconf 88' lang='lat' dir='ltr'><strong><em>aut</em></strong></span> <span class='ocrx_word' id='word_1_221' title='bbox 935 2768 1236 2840; x_wconf 79' lang='lat' dir='ltr'><strong><em>negationis</em></strong></span> <span class='ocrx_word' id='word_1_222' title='bbox 1263 2765 1574 2834; x_wconf 84' lang='lat' dir='ltr'><strong><em>Opponitur,</em></strong></span> <span class='ocrx_word' id='word_1_223' title='bbox 1618 2762 1719 2814; x_wconf 91' lang='lat' dir='ltr'><strong><em>hoc</em></strong></span> <span class='ocrx_word' id='word_1_224' title='bbox 1756 2760 1962 2814; x_wconf 84' lang='lat' dir='ltr'><strong><em>scilicet</em></strong></span> <span class='ocrx_word' id='word_1_225' title='bbox 1990 2758 2131 2827; x_wconf 88' lang='lat' dir='ltr'><strong><em>quod</em></strong></span> 
     </span>
    </p>
   </div>
   <div class='ocr_carea' id='block_1_30' title="bbox 533 2846 2135 2931">
    <p class='ocr_par' dir='ltr' id='par_1_30' title="bbox 533 2846 2135 2931">
     <span class='ocr_line' id='line_1_30' title="bbox 533 2846 2135 2931; baseline -0.014 -6"><span class='ocrx_word' id='word_1_226' title='bbox 533 2870 863 2925; x_wconf 85' lang='lat' dir='ltr'><strong><em>subsistente</em></strong></span> <span class='ocrx_word' id='word_1_227' title='bbox 894 2881 973 2931; x_wconf 86' lang='lat' dir='ltr'><strong><em>re,</em></strong></span> <span class='ocrx_word' id='word_1_228' title='bbox 1011 2863 1081 2916; x_wconf 89' lang='lat' dir='ltr'><strong><em>de</em></strong></span> <span class='ocrx_word' id='word_1_229' title='bbox 1107 2874 1211 2930; x_wconf 89' lang='lat' dir='ltr'><strong><em>qua</em></strong></span> <span class='ocrx_word' id='word_1_230' title='bbox 1243 2868 1473 2926; x_wconf 88' lang='lat' dir='ltr'><strong><em>utraque</em></strong></span> <span class='ocrx_word' id='word_1_231' title='bbox 1505 2846 1775 2915; x_wconf 86' lang='lat' dir='ltr'><strong><em>dicuntur,</em></strong></span> <span class='ocrx_word' id='word_1_232' title='bbox 1820 2851 2135 2906; x_wconf 88' lang='lat' dir='ltr'><strong><em>utrumlibet</em></strong></span> 
     </span>
    </p>
   </div>
   <div class='ocr_carea' id='block_1_31' title="bbox 534 2944 2137 3021">
    <p class='ocr_par' dir='ltr' id='par_1_31' title="bbox 534 2944 2137 3021">
     <span class='ocr_line' id='line_1_31' title="bbox 534 2944 2137 3021; baseline -0.016 -1"><span class='ocrx_word' id='word_1_233' title='bbox 534 2980 722 3021; x_wconf 90' lang='lat' dir='ltr'><strong><em>eorum</em></strong></span> <span class='ocrx_word' id='word_1_234' title='bbox 749 2976 935 3016; x_wconf 88' lang='lat' dir='ltr'><strong><em>verum</em></strong></span> <span class='ocrx_word' id='word_1_235' title='bbox 981 2967 1083 3021; x_wconf 82' lang='lat' dir='ltr'><strong><em>est,</em></strong></span> <span class='ocrx_word' id='word_1_236' title='bbox 1116 2955 1157 3009; x_wconf 89' lang='lat' dir='ltr'><strong><em>si</em></strong></span> <span class='ocrx_word' id='word_1_237' title='bbox 1206 2964 1385 3007; x_wconf 89' lang='lat' dir='ltr'><strong><em>tamen</em></strong></span> <span class='ocrx_word' id='word_1_238' title='bbox 1434 2964 1495 3005; x_wconf 84' lang='lat' dir='ltr'><strong><em>ea</em></strong></span> <span class='ocrx_word' id='word_1_239' title='bbox 1546 2945 1815 3001; x_wconf 89' lang='lat' dir='ltr'><strong><em>contraria</em></strong></span> <span class='ocrx_word' id='word_1_240' title='bbox 1838 2944 2137 3013; x_wconf 80' lang='lat' dir='ltr'><strong><em>praedican-</em></strong></span> 
     </span>
    </p>
   </div>
   <div class='ocr_carea' id='block_1_32' title="bbox 533 3038 2139 3127">
    <p class='ocr_par' dir='ltr' id='par_1_32' title="bbox 533 3038 2139 3127">
     <span class='ocr_line' id='line_1_32' title="bbox 533 3038 2139 3127; baseline -0.014 -14"><span class='ocrx_word' id='word_1_241' title='bbox 533 3069 644 3125; x_wconf 87' lang='lat' dir='ltr'><strong><em>tur,</em></strong></span> <span class='ocrx_word' id='word_1_242' title='bbox 676 3073 796 3127; x_wconf 83' lang='lat' dir='ltr'><strong><em>quae</em></strong></span> <span class='ocrx_word' id='word_1_243' title='bbox 833 3053 1023 3109; x_wconf 86' lang='lat' dir='ltr'><strong><em>mediis</em></strong></span> <span class='ocrx_word' id='word_1_244' title='bbox 1063 3059 1275 3109; x_wconf 84' lang='lat' dir='ltr'><strong><em>carent,</em></strong></span> <span class='ocrx_word' id='word_1_245' title='bbox 1312 3059 1435 3098; x_wconf 91' lang='lat' dir='ltr'><strong><em>nam</em></strong></span> <span class='ocrx_word' id='word_1_246' title='bbox 1462 3042 1677 3096; x_wconf 83' lang='lat' dir='ltr'><strong><em>vivente</em></strong></span> <span class='ocrx_word' id='word_1_247' title='bbox 1717 3048 1771 3093; x_wconf 91' lang='lat' dir='ltr'><strong><em>et</em></strong></span> <span class='ocrx_word' id='word_1_248' title='bbox 1809 3038 2139 3092; x_wconf 87' lang='lat' dir='ltr'><strong><em>subsistente</em></strong></span> 
     </span>
    </p>
   </div>
   <div class='ocr_carea' id='block_1_33' title="bbox 2227 494 3819 573">
    <p class='ocr_par' dir='ltr' id='par_1_33' title="bbox 2227 494 3819 573">
     <span class='ocr_line' id='line_1_33' title="bbox 2227 494 3819 573; baseline -0.007 -14"><span class='ocrx_word' id='word_1_249' title='bbox 2227 520 2322 559; x_wconf 90' lang='lat' dir='ltr'><strong><em>cus</em></strong></span> <span class='ocrx_word' id='word_1_250' title='bbox 2353 514 2431 559; x_wconf 88' lang='lat' dir='ltr'><strong><em>est</em></strong></span> <span class='ocrx_word' id='word_1_251' title='bbox 2484 504 2574 573; x_wconf 87' lang='lat' dir='ltr'><strong><em>qui</em></strong></span> <span class='ocrx_word' id='word_1_252' title='bbox 2609 501 2922 571; x_wconf 81' lang='lat' dir='ltr'><strong><em>vivitatque</em></strong></span> <span class='ocrx_word' id='word_1_253' title='bbox 2970 500 3235 560; x_wconf 84' lang='lat' dir='ltr'><strong><em>subsistit,</em></strong></span> <span class='ocrx_word' id='word_1_254' title='bbox 3285 511 3406 551; x_wconf 90' lang='lat' dir='ltr'><strong><em>cum</em></strong></span> <span class='ocrx_word' id='word_1_255' title='bbox 3434 510 3561 550; x_wconf 91' lang='lat' dir='ltr'><strong><em>vero</em></strong></span> <span class='ocrx_word' id='word_1_256' title='bbox 3604 494 3672 548; x_wconf 89' lang='lat' dir='ltr'><strong><em>de</em></strong></span> <span class='ocrx_word' id='word_1_257' title='bbox 3713 509 3819 565; x_wconf 92' lang='lat' dir='ltr'><strong><em>quo</em></strong></span> 
     </span>
    </p>
   </div>
   <div class='ocr_carea' id='block_1_34' title="bbox 2225 587 3816 663">
    <p class='ocr_par' dir='ltr' id='par_1_34' title="bbox 2225 587 3816 663">
     <span class='ocr_line' id='line_1_34' title="bbox 2225 587 3816 663; baseline -0.009 -9"><span class='ocrx_word' id='word_1_258' title='bbox 2225 597 2561 654; x_wconf 83' lang='lat' dir='ltr'><strong><em>dicitur-non</em></strong></span> <span class='ocrx_word' id='word_1_259' title='bbox 2598 597 2668 650; x_wconf 89' lang='lat' dir='ltr'><strong><em>sit</em></strong></span> <span class='ocrx_word' id='word_1_260' title='bbox 2691 596 2934 659; x_wconf 90' lang='lat' dir='ltr'><strong><em>omnino,</em></strong></span> <span class='ocrx_word' id='word_1_261' title='bbox 2966 604 3191 663; x_wconf 83' lang='lat' dir='ltr'><strong><em>utraque</em></strong></span> <span class='ocrx_word' id='word_1_262' title='bbox 3209 591 3276 645; x_wconf 88' lang='lat' dir='ltr'><strong><em>de</em></strong></span> <span class='ocrx_word' id='word_1_263' title='bbox 3299 605 3364 645; x_wconf 89' lang='lat' dir='ltr'><strong><em>eo</em></strong></span> <span class='ocrx_word' id='word_1_264' title='bbox 3396 587 3529 643; x_wconf 79' lang='lat' dir='ltr'><strong><em>falso</em></strong></span> <span class='ocrx_word' id='word_1_265' title='bbox 3551 587 3816 641; x_wconf 87' lang='lat' dir='ltr'><strong><em>dicuntur.</em></strong></span> 
     </span>
    </p>
   </div>
   <div class='ocr_carea' id='block_1_35' title="bbox 2225 677 3817 757">
    <p class='ocr_par' dir='ltr' id='par_1_35' title="bbox 2225 677 3817 757">
     <span class='ocr_line' id='line_1_35' title="bbox 2225 677 3817 757; baseline -0.009 -13"><span class='ocrx_word' id='word_1_266' title='bbox 2225 690 2284 744; x_wconf 84' lang='lat' dir='ltr'><strong><em>In</em></strong></span> <span class='ocrx_word' id='word_1_267' title='bbox 2316 688 2510 743; x_wconf 85' lang='lat' dir='ltr'><strong><em>catulis</em></strong></span> <span class='ocrx_word' id='word_1_268' title='bbox 2548 702 2761 757; x_wconf 89' lang='lat' dir='ltr'><strong><em>quoque</em></strong></span> <span class='ocrx_word' id='word_1_269' title='bbox 2784 685 2925 740; x_wconf 90' lang='lat' dir='ltr'><strong><em>idem</em></strong></span> <span class='ocrx_word' id='word_1_270' title='bbox 2955 696 3058 748; x_wconf 90' lang='grc' dir='ltr'><strong><em>εει,</em></strong></span> <span class='ocrx_word' id='word_1_271' title='bbox 3090 698 3208 737; x_wconf 81' lang='lat' dir='ltr'><strong><em>nam</em></strong></span> <span class='ocrx_word' id='word_1_272' title='bbox 3240 695 3360 735; x_wconf 92' lang='lat' dir='ltr'><strong><em>cum</em></strong></span> <span class='ocrx_word' id='word_1_273' title='bbox 3387 681 3495 749; x_wconf 87' lang='lat' dir='ltr'><strong><em>jam</em></strong></span> <span class='ocrx_word' id='word_1_274' title='bbox 3518 687 3643 733; x_wconf 89' lang='lat' dir='ltr'><strong><em>sunt</em></strong></span> <span class='ocrx_word' id='word_1_275' title='bbox 3667 677 3817 743; x_wconf 84' lang='lat' dir='ltr'><strong><em>editi,</em></strong></span> 
     </span>
    </p>
   </div>
   <div class='ocr_carea' id='block_1_36' title="bbox 2226 777 3820 852">
    <p class='ocr_par' dir='ltr' id='par_1_36' title="bbox 2226 777 3820 852">
     <span class='ocr_line' id='line_1_36' title="bbox 2226 777 3820 852; baseline -0.008 -13"><span class='ocrx_word' id='word_1_276' title='bbox 2226 784 2529 839; x_wconf 86' lang='lat' dir='ltr'><strong><em>subsistunt</em></strong></span> <span class='ocrx_word' id='word_1_277' title='bbox 2557 782 2804 852; x_wconf 88' lang='lat' dir='ltr'><strong><em>quidem;</em></strong></span> <span class='ocrx_word' id='word_1_278' title='bbox 2860 780 2955 835; x_wconf 89' lang='lat' dir='ltr'><strong><em>sed</em></strong></span> <span class='ocrx_word' id='word_1_279' title='bbox 2996 795 3168 848; x_wconf 86' lang='lat' dir='ltr'><strong><em>neque</em></strong></span> <span class='ocrx_word' id='word_1_280' title='bbox 3194 778 3321 832; x_wconf 80' lang='lat' dir='ltr'><strong><em>caeci</em></strong></span> <span class='ocrx_word' id='word_1_281' title='bbox 3375 785 3501 832; x_wconf 88' lang='lat' dir='ltr'><strong><em>sunt</em></strong></span> <span class='ocrx_word' id='word_1_282' title='bbox 3539 790 3712 843; x_wconf 84' lang='lat' dir='ltr'><strong><em>neque</em></strong></span> <span class='ocrx_word' id='word_1_283' title='bbox 3740 777 3820 826; x_wconf 89' lang='lat' dir='ltr'><strong><em>vi-</em></strong></span> 
     </span>
    </p>
   </div>
   <div class='ocr_carea' id='block_1_37' title="bbox 2228 868 3822 945">
    <p class='ocr_par' dir='ltr' id='par_1_37' title="bbox 2228 868 3822 945">
     <span class='ocr_line' id='line_1_37' title="bbox 2228 868 3822 945; baseline -0.008 -13"><span class='ocrx_word' id='word_1_284' title='bbox 2228 877 2441 942; x_wconf 85' lang='lat' dir='ltr'><strong><em>dentes,</em></strong></span> <span class='ocrx_word' id='word_1_285' title='bbox 2468 876 2590 945; x_wconf 88' lang='lat' dir='ltr'><strong><em>quia</em></strong></span> <span class='ocrx_word' id='word_1_286' title='bbox 2640 872 2879 929; x_wconf 89' lang='lat' dir='ltr'><strong><em>nondum</em></strong></span> <span class='ocrx_word' id='word_1_287' title='bbox 2909 889 3005 944; x_wconf 89' lang='lat' dir='ltr'><strong><em>per</em></strong></span> <span class='ocrx_word' id='word_1_288' title='bbox 3036 882 3276 926; x_wconf 88' lang='lat' dir='ltr'><strong><em>naturam</em></strong></span> <span class='ocrx_word' id='word_1_289' title='bbox 3303 870 3473 924; x_wconf 89' lang='lat' dir='ltr'><strong><em>visum</em></strong></span> <span class='ocrx_word' id='word_1_290' title='bbox 3502 868 3703 922; x_wconf 89' lang='lat' dir='ltr'><strong><em>habere</em></strong></span> <span class='ocrx_word' id='word_1_291' title='bbox 3732 880 3822 935; x_wconf 89' lang='lat' dir='ltr'><strong><em>po-</em></strong></span> 
     </span>
    </p>
   </div>
   <div class='ocr_carea' id='block_1_38' title="bbox 2229 957 3821 1028">
    <p class='ocr_par' dir='ltr' id='par_1_38' title="bbox 2229 957 3821 1028">
     <span class='ocr_line' id='line_1_38' title="bbox 2229 957 3821 1028; baseline -0.008 -6"><span class='ocrx_word' id='word_1_292' title='bbox 2229 977 2465 1024; x_wconf 89' lang='lat' dir='ltr'><strong><em>tuerunt.</em></strong></span> <span class='ocrx_word' id='word_1_293' title='bbox 2514 966 2607 1022; x_wconf 90' lang='lat' dir='ltr'><strong><em>Sin</em></strong></span> <span class='ocrx_word' id='word_1_294' title='bbox 2645 980 2774 1021; x_wconf 88' lang='lat' dir='ltr'><strong><em>vero</em></strong></span> <span class='ocrx_word' id='word_1_295' title='bbox 2821 966 3040 1019; x_wconf 88' lang='lat' dir='ltr'><strong><em>omnino</em></strong></span> <span class='ocrx_word' id='word_1_296' title='bbox 3094 979 3200 1016; x_wconf 89' lang='lat' dir='ltr'><strong><em>non</em></strong></span> <span class='ocrx_word' id='word_1_297' title='bbox 3240 962 3369 1028; x_wconf 88' lang='lat' dir='ltr'><strong><em>sint,</em></strong></span> <span class='ocrx_word' id='word_1_298' title='bbox 3412 974 3598 1013; x_wconf 90' lang='lat' dir='ltr'><strong><em>rursus</em></strong></span> <span class='ocrx_word' id='word_1_299' title='bbox 3629 957 3821 1011; x_wconf 84' lang='lat' dir='ltr'><strong><em>falsum</em></strong></span> 
     </span>
    </p>
   </div>
   <div class='ocr_carea' id='block_1_39' title="bbox 2230 1051 3821 1127">
    <p class='ocr_par' dir='ltr' id='par_1_39' title="bbox 2230 1051 3821 1127">
     <span class='ocr_line' id='line_1_39' title="bbox 2230 1051 3821 1127; baseline -0.007 -13"><span class='ocrx_word' id='word_1_300' title='bbox 2230 1059 2406 1115; x_wconf 87' lang='lat' dir='ltr'><strong><em>estde</em></strong></span> <span class='ocrx_word' id='word_1_301' title='bbox 2434 1058 2517 1113; x_wconf 91' lang='lat' dir='ltr'><strong><em>his</em></strong></span> <span class='ocrx_word' id='word_1_302' title='bbox 2556 1065 2842 1127; x_wconf 89' lang='lat' dir='ltr'><strong><em>utrumque</em></strong></span> <span class='ocrx_word' id='word_1_303' title='bbox 2882 1055 3185 1126; x_wconf 83' lang='lat' dir='ltr'><strong><em>praedicari.</em></strong></span> <span class='ocrx_word' id='word_1_304' title='bbox 3230 1054 3285 1107; x_wconf 85' lang='lat' dir='ltr'><strong><em>in</em></strong></span> <span class='ocrx_word' id='word_1_305' title='bbox 3318 1051 3675 1107; x_wconf 83' lang='lat' dir='ltr'><strong><em>afﬁrmatione</em></strong></span> <span class='ocrx_word' id='word_1_306' title='bbox 3696 1063 3821 1104; x_wconf 92' lang='lat' dir='ltr'><strong><em>vero</em></strong></span> 
     </span>
    </p>
   </div>
   <div class='ocr_carea' id='block_1_40' title="bbox 2232 1144 3567 1223">
    <p class='ocr_par' dir='ltr' id='par_1_40' title="bbox 2232 1144 3567 1223">
     <span class='ocr_line' id='line_1_40' title="bbox 2232 1144 3567 1223; baseline -0.009 -13"><span class='ocrx_word' id='word_1_307' title='bbox 2232 1164 2286 1210; x_wconf 90' lang='lat' dir='ltr'><strong><em>et</em></strong></span> <span class='ocrx_word' id='word_1_308' title='bbox 2310 1156 2591 1223; x_wconf 79' lang='lat' dir='ltr'><strong><em>negatione</em></strong></span> <span class='ocrx_word' id='word_1_309' title='bbox 2622 1168 2727 1207; x_wconf 87' lang='lat' dir='ltr'><strong><em>non</em></strong></span> <span class='ocrx_word' id='word_1_310' title='bbox 2751 1153 2823 1205; x_wconf 84' lang='lat' dir='ltr'><strong><em>ita</em></strong></span> <span class='ocrx_word' id='word_1_311' title='bbox 2854 1162 2957 1216; x_wconf 90' lang='grc' dir='ltr'><strong><em>εει,</em></strong></span> <span class='ocrx_word' id='word_1_312' title='bbox 2994 1159 3050 1203; x_wconf 83' lang='grc' dir='ltr'><strong><em>ιιι</em></strong></span> <span class='ocrx_word' id='word_1_313' title='bbox 3091 1148 3207 1219; x_wconf 89' lang='lat' dir='ltr'><strong><em>ipse</em></strong></span> <span class='ocrx_word' id='word_1_314' title='bbox 3239 1144 3567 1217; x_wconf 85' lang='lat' dir='ltr'><strong><em>pronuntiat.</em></strong></span> 
     </span>
    </p>
   </div>
   <div class='ocr_carea' id='block_1_41' title="bbox 2305 1260 3823 1343">
    <p class='ocr_par' dir='ltr' id='par_1_41' title="bbox 2305 1260 3823 1343">
     <span class='ocr_line' id='line_1_41' title="bbox 2305 1260 3823 1343; baseline -0.009 -16"><span class='ocrx_word' id='word_1_315' title='bbox 2305 1272 2375 1327; x_wconf 86' lang='lat' dir='ltr'><strong><em>In</em></strong></span> <span class='ocrx_word' id='word_1_316' title='bbox 2410 1272 2744 1343; x_wconf 68' lang='lat' dir='ltr'><strong><em>affirmatione</em></strong></span> <span class='ocrx_word' id='word_1_317' title='bbox 2771 1286 2887 1324; x_wconf 91' lang='lat' dir='ltr'><strong><em>vero</em></strong></span> <span class='ocrx_word' id='word_1_318' title='bbox 2908 1278 2955 1322; x_wconf 84' lang='lat' dir='ltr'><strong><em>et</em></strong></span> <span class='ocrx_word' id='word_1_319' title='bbox 2991 1267 3257 1337; x_wconf 86' lang='lat' dir='ltr'><strong><em>negatione</em></strong></span> <span class='ocrx_word' id='word_1_320' title='bbox 3277 1280 3469 1336; x_wconf 87' lang='lat' dir='ltr'><strong><em>semper</em></strong></span> <span class='ocrx_word' id='word_1_321' title='bbox 3489 1264 3593 1316; x_wconf 86' lang='lat' dir='ltr'><strong><em>sive</em></strong></span> <span class='ocrx_word' id='word_1_322' title='bbox 3611 1263 3697 1327; x_wconf 87' lang='lat' dir='ltr'><strong><em>sit,</em></strong></span> <span class='ocrx_word' id='word_1_323' title='bbox 3722 1260 3823 1316; x_wconf 88' lang='lat' dir='ltr'><strong><em>sive</em></strong></span> 
     </span>
    </p>
   </div>
   <div class='ocr_carea' id='block_1_42' title="bbox 2234 1352 3822 1432">
    <p class='ocr_par' dir='ltr' id='par_1_42' title="bbox 2234 1352 3822 1432">
     <span class='ocr_line' id='line_1_42' title="bbox 2234 1352 3822 1432; baseline -0.009 -13"><span class='ocrx_word' id='word_1_324' title='bbox 2234 1381 2340 1419; x_wconf 88' lang='lat' dir='ltr'><strong><em>non</em></strong></span> <span class='ocrx_word' id='word_1_325' title='bbox 2362 1365 2447 1429; x_wconf 89' lang='lat' dir='ltr'><strong><em>sit,</em></strong></span> <span class='ocrx_word' id='word_1_326' title='bbox 2489 1363 2631 1417; x_wconf 82' lang='lat' dir='ltr'><strong><em>aliud</em></strong></span> <span class='ocrx_word' id='word_1_327' title='bbox 2659 1361 2863 1432; x_wconf 86' lang='lat' dir='ltr'><strong><em>quidem</em></strong></span> <span class='ocrx_word' id='word_1_328' title='bbox 2897 1375 3071 1413; x_wconf 88' lang='lat' dir='ltr'><strong><em>verum</em></strong></span> <span class='ocrx_word' id='word_1_329' title='bbox 3106 1359 3223 1423; x_wconf 86' lang='lat' dir='ltr'><strong><em>erit,</em></strong></span> <span class='ocrx_word' id='word_1_330' title='bbox 3265 1356 3410 1409; x_wconf 86' lang='lat' dir='ltr'><strong><em>aliud</em></strong></span> <span class='ocrx_word' id='word_1_331' title='bbox 3447 1370 3565 1407; x_wconf 83' lang='lat' dir='ltr'><strong><em>vero</em></strong></span> <span class='ocrx_word' id='word_1_332' title='bbox 3612 1352 3822 1423; x_wconf 75' lang='lat' dir='ltr'><strong><em>falsum,</em></strong></span> 
     </span>
    </p>
   </div>
   <div class='ocr_carea' id='block_1_43' title="bbox 2236 1442 3825 1526">
    <p class='ocr_par' dir='ltr' id='par_1_43' title="bbox 2236 1442 3825 1526">
     <span class='ocr_line' id='line_1_43' title="bbox 2236 1442 3825 1526; baseline -0.011 -16"><span class='ocrx_word' id='word_1_333' title='bbox 2236 1457 2475 1526; x_wconf 80' lang='lat' dir='ltr'><strong><em>languere</em></strong></span> <span class='ocrx_word' id='word_1_334' title='bbox 2503 1468 2720 1520; x_wconf 86' lang='lat' dir='ltr'><strong><em>namque</em></strong></span> <span class='ocrx_word' id='word_1_335' title='bbox 2750 1450 3017 1505; x_wconf 88' lang='lat' dir='ltr'><strong><em>Socratem</em></strong></span> <span class='ocrx_word' id='word_1_336' title='bbox 3043 1456 3093 1501; x_wconf 89' lang='lat' dir='ltr'><strong><em>et</em></strong></span> <span class='ocrx_word' id='word_1_337' title='bbox 3133 1463 3237 1499; x_wconf 85' lang='lat' dir='ltr'><strong><em>non</em></strong></span> <span class='ocrx_word' id='word_1_338' title='bbox 3258 1446 3503 1514; x_wconf 83' lang='lat' dir='ltr'><strong><em>languere</em></strong></span> <span class='ocrx_word' id='word_1_339' title='bbox 3538 1442 3825 1503; x_wconf 88' lang='lat' dir='ltr'><strong><em>Socratem,</em></strong></span> 
     </span>
    </p>
   </div>
   <div class='ocr_carea' id='block_1_44' title="bbox 2236 1534 3828 1617">
    <p class='ocr_par' dir='ltr' id='par_1_44' title="bbox 2236 1534 3828 1617">
     <span class='ocr_line' id='line_1_44' title="bbox 2236 1534 3828 1617; baseline -0.01 -17"><span class='ocrx_word' id='word_1_340' title='bbox 2236 1563 2353 1600; x_wconf 89' lang='lat' dir='ltr'><strong><em>cum</em></strong></span> <span class='ocrx_word' id='word_1_341' title='bbox 2371 1547 2479 1617; x_wconf 88' lang='lat' dir='ltr'><strong><em>ipse</em></strong></span> <span class='ocrx_word' id='word_1_342' title='bbox 2501 1548 2565 1598; x_wconf 86' lang='lat' dir='ltr'><strong><em>sit</em></strong></span> <span class='ocrx_word' id='word_1_343' title='bbox 2588 1543 2760 1616; x_wconf 90' lang='lat' dir='ltr'><strong><em>palam</em></strong></span> <span class='ocrx_word' id='word_1_344' title='bbox 2779 1551 2873 1606; x_wconf 91' lang='lat' dir='ltr'><strong><em>est,</em></strong></span> <span class='ocrx_word' id='word_1_345' title='bbox 2891 1543 3013 1610; x_wconf 89' lang='lat' dir='ltr'><strong><em>quia</em></strong></span> <span class='ocrx_word' id='word_1_346' title='bbox 3048 1540 3269 1593; x_wconf 88' lang='lat' dir='ltr'><strong><em>alterum</em></strong></span> <span class='ocrx_word' id='word_1_347' title='bbox 3290 1552 3466 1590; x_wconf 91' lang='lat' dir='ltr'><strong><em>eorum</em></strong></span> <span class='ocrx_word' id='word_1_348' title='bbox 3493 1536 3685 1598; x_wconf 83' lang='lat' dir='ltr'><strong><em>verum,</em></strong></span> <span class='ocrx_word' id='word_1_349' title='bbox 3702 1534 3828 1586; x_wconf 90' lang='lat' dir='ltr'><strong><em>alte-</em></strong></span> 
     </span>
    </p>
   </div>
   <div class='ocr_carea' id='block_1_45' title="bbox 2235 1628 3829 1711">
    <p class='ocr_par' dir='ltr' id='par_1_45' title="bbox 2235 1628 3829 1711">
     <span class='ocr_line' id='line_1_45' title="bbox 2235 1628 3829 1711; baseline -0.009 -19"><span class='ocrx_word' id='word_1_350' title='bbox 2235 1657 2349 1693; x_wconf 93' lang='lat' dir='ltr'><strong><em>rum</em></strong></span> <span class='ocrx_word' id='word_1_351' title='bbox 2380 1656 2495 1694; x_wconf 90' lang='lat' dir='ltr'><strong><em>vero</em></strong></span> <span class='ocrx_word' id='word_1_352' title='bbox 2531 1637 2722 1711; x_wconf 85' lang='lat' dir='ltr'><strong><em>falsum</em></strong></span> <span class='ocrx_word' id='word_1_353' title='bbox 2766 1649 2860 1701; x_wconf 89' lang='lat' dir='ltr'><strong><em>est,</em></strong></span> <span class='ocrx_word' id='word_1_354' title='bbox 2898 1644 2945 1689; x_wconf 86' lang='lat' dir='ltr'><strong><em>et</em></strong></span> <span class='ocrx_word' id='word_1_355' title='bbox 2996 1650 3109 1688; x_wconf 89' lang='lat' dir='ltr'><strong><em>cum</em></strong></span> <span class='ocrx_word' id='word_1_356' title='bbox 3151 1648 3253 1686; x_wconf 88' lang='lat' dir='ltr'><strong><em>non</em></strong></span> <span class='ocrx_word' id='word_1_357' title='bbox 3281 1632 3369 1695; x_wconf 90' lang='lat' dir='ltr'><strong><em>sit,</em></strong></span> <span class='ocrx_word' id='word_1_358' title='bbox 3403 1628 3676 1692; x_wconf 88' lang='lat' dir='ltr'><strong><em>similiter;</em></strong></span> <span class='ocrx_word' id='word_1_359' title='bbox 3709 1628 3829 1680; x_wconf 85' lang='lat' dir='ltr'><strong><em>lan-</em></strong></span> 
     </span>
    </p>
   </div>
   <div class='ocr_carea' id='block_1_46' title="bbox 2238 1721 3818 1805">
    <p class='ocr_par' dir='ltr' id='par_1_46' title="bbox 2238 1721 3818 1805">
     <span class='ocr_line' id='line_1_46' title="bbox 2238 1721 3818 1805; baseline -0.01 -18"><span class='ocrx_word' id='word_1_360' title='bbox 2238 1749 2390 1805; x_wconf 87' lang='lat' dir='ltr'><strong><em>guere</em></strong></span> <span class='ocrx_word' id='word_1_361' title='bbox 2411 1734 2546 1787; x_wconf 86' lang='lat' dir='ltr'><strong><em>enim</em></strong></span> <span class='ocrx_word' id='word_1_362' title='bbox 2575 1748 2689 1787; x_wconf 85' lang='lat' dir='ltr'><strong><em>cum</em></strong></span> <span class='ocrx_word' id='word_1_363' title='bbox 2716 1747 2818 1785; x_wconf 84' lang='lat' dir='ltr'><strong><em>non</em></strong></span> <span class='ocrx_word' id='word_1_364' title='bbox 2850 1729 2937 1795; x_wconf 87' lang='lat' dir='ltr'><strong><em>sit,</em></strong></span> <span class='ocrx_word' id='word_1_365' title='bbox 2965 1728 3152 1799; x_wconf 80' lang='lat' dir='ltr'><strong><em>falsum</em></strong></span> <span class='ocrx_word' id='word_1_366' title='bbox 3182 1736 3275 1792; x_wconf 86' lang='lat' dir='ltr'><strong><em>est,</em></strong></span> <span class='ocrx_word' id='word_1_367' title='bbox 3315 1740 3416 1777; x_wconf 86' lang='lat' dir='ltr'><strong><em>non</em></strong></span> <span class='ocrx_word' id='word_1_368' title='bbox 3450 1721 3693 1792; x_wconf 75' lang='lat' dir='ltr'><strong><em>languere</em></strong></span> <span class='ocrx_word' id='word_1_369' title='bbox 3719 1736 3818 1773; x_wconf 85' lang='lat' dir='ltr'><strong><em>au-</em></strong></span> 
     </span>
    </p>
   </div>
   <div class='ocr_carea' id='block_1_47' title="bbox 2242 1816 3829 1892">
    <p class='ocr_par' dir='ltr' id='par_1_47' title="bbox 2242 1816 3829 1892">
     <span class='ocr_line' id='line_1_47' title="bbox 2242 1816 3829 1892; baseline -0.011 -10"><span class='ocrx_word' id='word_1_370' title='bbox 2242 1837 2346 1882; x_wconf 87' lang='lat' dir='ltr'><strong><em>tem</em></strong></span> <span class='ocrx_word' id='word_1_371' title='bbox 2375 1844 2565 1881; x_wconf 88' lang='lat' dir='ltr'><strong><em>verum.</em></strong></span> <span class='ocrx_word' id='word_1_372' title='bbox 2595 1826 2761 1892; x_wconf 84' lang='lat' dir='ltr'><strong><em>Quare</em></strong></span> <span class='ocrx_word' id='word_1_373' title='bbox 2802 1825 2856 1878; x_wconf 87' lang='lat' dir='ltr'><strong><em>in</em></strong></span> <span class='ocrx_word' id='word_1_374' title='bbox 2886 1824 2965 1877; x_wconf 85' lang='lat' dir='ltr'><strong><em>his</em></strong></span> <span class='ocrx_word' id='word_1_375' title='bbox 3006 1821 3132 1876; x_wconf 88' lang='lat' dir='ltr'><strong><em>solis</em></strong></span> <span class='ocrx_word' id='word_1_376' title='bbox 3172 1818 3439 1891; x_wconf 86' lang='lat' dir='ltr'><strong><em>proprium</em></strong></span> <span class='ocrx_word' id='word_1_377' title='bbox 3468 1816 3589 1879; x_wconf 82' lang='lat' dir='ltr'><strong><em>erit,</em></strong></span> <span class='ocrx_word' id='word_1_378' title='bbox 3631 1827 3829 1881; x_wconf 86' lang='lat' dir='ltr'><strong><em>semper</em></strong></span> 
     </span>
    </p>
   </div>
   <div class='ocr_carea' id='block_1_48' title="bbox 2241 1910 3824 1980">
    <p class='ocr_par' dir='ltr' id='par_1_48' title="bbox 2241 1910 3824 1980">
     <span class='ocr_line' id='line_1_48' title="bbox 2241 1910 3824 1980; baseline -0.011 -6"><span class='ocrx_word' id='word_1_379' title='bbox 2241 1922 2460 1974; x_wconf 88' lang='lat' dir='ltr'><strong><em>alterum</em></strong></span> <span class='ocrx_word' id='word_1_380' title='bbox 2489 1935 2661 1971; x_wconf 86' lang='lat' dir='ltr'><strong><em>eorum</em></strong></span> <span class='ocrx_word' id='word_1_381' title='bbox 2702 1932 2897 1979; x_wconf 84' lang='lat' dir='ltr'><strong><em>verum,</em></strong></span> <span class='ocrx_word' id='word_1_382' title='bbox 2936 1913 3158 1967; x_wconf 82' lang='lat' dir='ltr'><strong><em>alterum</em></strong></span> <span class='ocrx_word' id='word_1_383' title='bbox 3185 1910 3373 1980; x_wconf 81' lang='lat' dir='ltr'><strong><em>falsum</em></strong></span> <span class='ocrx_word' id='word_1_384' title='bbox 3417 1922 3543 1973; x_wconf 86' lang='lat' dir='ltr'><strong><em>esse,</em></strong></span> <span class='ocrx_word' id='word_1_385' title='bbox 3586 1920 3824 1973; x_wconf 70' lang='lat' dir='ltr'><strong><em>quaecun-</em></strong></span> 
     </span>
    </p>
   </div>
   <div class='ocr_carea' id='block_1_49' title="bbox 2240 2002 3613 2083">
    <p class='ocr_par' dir='ltr' id='par_1_49' title="bbox 2240 2002 3613 2083">
     <span class='ocr_line' id='line_1_49' title="bbox 2240 2002 3613 2083; baseline -0.011 -17"><span class='ocrx_word' id='word_1_386' title='bbox 2240 2028 2336 2083; x_wconf 92' lang='lat' dir='ltr'><strong><em>que</em></strong></span> <span class='ocrx_word' id='word_1_387' title='bbox 2363 2023 2604 2082; x_wconf 88' lang='lat' dir='ltr'><strong><em>tanquam</em></strong></span> <span class='ocrx_word' id='word_1_388' title='bbox 2624 2009 2892 2080; x_wconf 79' lang='lat' dir='ltr'><strong><em>afﬁrmatio</em></strong></span> <span class='ocrx_word' id='word_1_389' title='bbox 2914 2017 2959 2061; x_wconf 91' lang='lat' dir='ltr'><strong><em>et</em></strong></span> <span class='ocrx_word' id='word_1_390' title='bbox 2989 2008 3195 2076; x_wconf 85' lang='lat' dir='ltr'><strong><em>negatio</em></strong></span> <span class='ocrx_word' id='word_1_391' title='bbox 3226 2002 3459 2073; x_wconf 84' lang='lat' dir='ltr'><strong><em>opposita</em></strong></span> <span class='ocrx_word' id='word_1_392' title='bbox 3479 2009 3613 2055; x_wconf 86' lang='lat' dir='ltr'><strong><em>sunt.</em></strong></span> 
     </span>
    </p>
   </div>
   <div class='ocr_carea' id='block_1_50' title="bbox 2318 2111 3832 2190">
    <p class='ocr_par' dir='ltr' id='par_1_50' title="bbox 2318 2111 3832 2190">
     <span class='ocr_line' id='line_1_50' title="bbox 2318 2111 3832 2190; baseline -0.009 -11"><span class='ocrx_word' id='word_1_393' title='bbox 2318 2126 2373 2180; x_wconf 92' lang='lat' dir='ltr'><strong><em>In</em></strong></span> <span class='ocrx_word' id='word_1_394' title='bbox 2400 2124 2778 2188; x_wconf 87' lang='lat' dir='ltr'><strong><em>affirmatione,</em></strong></span> <span class='ocrx_word' id='word_1_395' title='bbox 2810 2121 3000 2190; x_wconf 86' lang='lat' dir='ltr'><strong><em>inquit,</em></strong></span> <span class='ocrx_word' id='word_1_396' title='bbox 3019 2128 3072 2174; x_wconf 91' lang='lat' dir='ltr'><strong><em>et</em></strong></span> <span class='ocrx_word' id='word_1_397' title='bbox 3092 2117 3375 2188; x_wconf 76' lang='lat' dir='ltr'><strong><em>negatione</em></strong></span> <span class='ocrx_word' id='word_1_398' title='bbox 3395 2114 3506 2169; x_wconf 82' lang='lat' dir='ltr'><strong><em>sive</em></strong></span> <span class='ocrx_word' id='word_1_399' title='bbox 3535 2126 3625 2169; x_wconf 89' lang='lat' dir='ltr'><strong><em>res</em></strong></span> <span class='ocrx_word' id='word_1_400' title='bbox 3650 2111 3832 2182; x_wconf 83' lang='lat' dir='ltr'><strong><em>subje-</em></strong></span> 
     </span>
    </p>
   </div>
   <div class='ocr_carea' id='block_1_51' title="bbox 2242 2206 3834 2278">
    <p class='ocr_par' dir='ltr' id='par_1_51' title="bbox 2242 2206 3834 2278">
     <span class='ocr_line' id='line_1_51' title="bbox 2242 2206 3834 2278; baseline -0.009 -5"><span class='ocrx_word' id='word_1_401' title='bbox 2242 2229 2327 2274; x_wconf 89' lang='lat' dir='ltr'><strong><em>cta</em></strong></span> <span class='ocrx_word' id='word_1_402' title='bbox 2348 2218 2623 2278; x_wconf 86' lang='lat' dir='ltr'><strong><em>subsistat,</em></strong></span> <span class='ocrx_word' id='word_1_403' title='bbox 2650 2216 2763 2271; x_wconf 88' lang='lat' dir='ltr'><strong><em>sive</em></strong></span> <span class='ocrx_word' id='word_1_404' title='bbox 2792 2229 2900 2268; x_wconf 92' lang='lat' dir='ltr'><strong><em>non</em></strong></span> <span class='ocrx_word' id='word_1_405' title='bbox 2930 2213 3001 2267; x_wconf 89' lang='lat' dir='ltr'><strong><em>sit</em></strong></span> <span class='ocrx_word' id='word_1_406' title='bbox 3032 2210 3274 2275; x_wconf 91' lang='lat' dir='ltr'><strong><em>omnino,</em></strong></span> <span class='ocrx_word' id='word_1_407' title='bbox 3302 2221 3515 2278; x_wconf 87' lang='lat' dir='ltr'><strong><em>semper</em></strong></span> <span class='ocrx_word' id='word_1_408' title='bbox 3538 2206 3590 2260; x_wconf 91' lang='lat' dir='ltr'><strong><em>in</em></strong></span> <span class='ocrx_word' id='word_1_409' title='bbox 3614 2221 3718 2260; x_wconf 89' lang='lat' dir='ltr'><strong><em>una</em></strong></span> <span class='ocrx_word' id='word_1_410' title='bbox 3743 2220 3834 2258; x_wconf 86' lang='lat' dir='ltr'><strong><em>ve-</em></strong></span> 
     </span>
    </p>
   </div>
   <div class='ocr_carea' id='block_1_52' title="bbox 2243 2282 3833 2378">
    <p class='ocr_par' dir='ltr' id='par_1_52' title="bbox 2243 2282 3833 2378">
     <span class='ocr_line' id='line_1_52' title="bbox 2243 2282 3833 2378; baseline -0.011 -10"><span class='ocrx_word' id='word_1_411' title='bbox 2243 2314 2396 2378; x_wconf 87' lang='lat' dir='ltr'><strong><em>ritas,</em></strong></span> <span class='ocrx_word' id='word_1_412' title='bbox 2425 2312 2477 2365; x_wconf 90' lang='lat' dir='ltr'><strong><em>in</em></strong></span> <span class='ocrx_word' id='word_1_413' title='bbox 2499 2309 2603 2363; x_wconf 89' lang='lat' dir='ltr'><strong><em>alia</em></strong></span> <span class='ocrx_word' id='word_1_414' title='bbox 2629 2309 2833 2364; x_wconf 89' lang='lat' dir='ltr'><strong><em>falsitas</em></strong></span> <span class='ocrx_word' id='word_1_415' title='bbox 2862 2307 3225 2363; x_wconf 91' lang='lat' dir='ltr'><strong><em>inveniuntur.</em></strong></span> <span class='ocrx_word' id='word_1_416' title='bbox 3255 2303 3369 2358; x_wconf 87' lang='lat' dir='ltr'><strong><em>Non</em></strong></span> <span class='ocrx_word' id='word_1_417' title='bbox 3386 2315 3511 2356; x_wconf 90' lang='lat' dir='ltr'><strong><em>esse</em></strong></span> <span class='ocrx_word' id='word_1_418' title='bbox 3530 2298 3672 2353; x_wconf 91' lang='lat' dir='ltr'><strong><em>enim</em></strong></span> <span class='ocrx_word' id='word_1_419' title='bbox 3692 2282 3833 2352; x_wconf 86' lang='lat' dir='ltr'><strong><em>idem</em></strong></span> 
     </span>
    </p>
   </div>
   <div class='ocr_carea' id='block_1_53' title="bbox 2243 2398 3834 2471">
    <p class='ocr_par' dir='ltr' id='par_1_53' title="bbox 2243 2398 3834 2471">
     <span class='ocr_line' id='line_1_53' title="bbox 2243 2398 3834 2471; baseline -0.011 -13"><span class='ocrx_word' id='word_1_420' title='bbox 2243 2405 2426 2459; x_wconf 90' lang='lat' dir='ltr'><strong><em>dicere</em></strong></span> <span class='ocrx_word' id='word_1_421' title='bbox 2454 2410 2715 2471; x_wconf 68' lang='lat' dir='ltr'><strong><em>aegrotare</em></strong></span> <span class='ocrx_word' id='word_1_422' title='bbox 2755 2401 2989 2469; x_wconf 85' lang='lat' dir='ltr'><strong><em>aliquem</em></strong></span> <span class='ocrx_word' id='word_1_423' title='bbox 3028 2398 3171 2468; x_wconf 88' lang='lat' dir='ltr'><strong><em>quod</em></strong></span> <span class='ocrx_word' id='word_1_424' title='bbox 3201 2411 3311 2452; x_wconf 87' lang='lat' dir='ltr'><strong><em>non</em></strong></span> <span class='ocrx_word' id='word_1_425' title='bbox 3341 2409 3462 2451; x_wconf 89' lang='lat' dir='ltr'><strong><em>esse</em></strong></span> <span class='ocrx_word' id='word_1_426' title='bbox 3492 2404 3703 2452; x_wconf 88' lang='lat' dir='ltr'><strong><em>sanum,</em></strong></span> <span class='ocrx_word' id='word_1_427' title='bbox 3734 2402 3834 2443; x_wconf 86' lang='lat' dir='ltr'><strong><em>nec</em></strong></span> 
     </span>
    </p>
   </div>
   <div class='ocr_carea' id='block_1_54' title="bbox 2246 2481 3835 2561">
    <p class='ocr_par' dir='ltr' id='par_1_54' title="bbox 2246 2481 3835 2561">
     <span class='ocr_line' id='line_1_54' title="bbox 2246 2481 3835 2561; baseline -0.009 -11"><span class='ocrx_word' id='word_1_428' title='bbox 2246 2495 2386 2551; x_wconf 89' lang='lat' dir='ltr'><strong><em>idem</em></strong></span> <span class='ocrx_word' id='word_1_429' title='bbox 2427 2508 2629 2549; x_wconf 83' lang='lat' dir='ltr'><strong><em>caecum</em></strong></span> <span class='ocrx_word' id='word_1_430' title='bbox 2661 2507 2783 2548; x_wconf 89' lang='lat' dir='ltr'><strong><em>esse</em></strong></span> <span class='ocrx_word' id='word_1_431' title='bbox 2806 2492 2948 2561; x_wconf 92' lang='lat' dir='ltr'><strong><em>quod</em></strong></span> <span class='ocrx_word' id='word_1_432' title='bbox 2979 2507 3086 2545; x_wconf 88' lang='lat' dir='ltr'><strong><em>non</em></strong></span> <span class='ocrx_word' id='word_1_433' title='bbox 3128 2488 3315 2544; x_wconf 89' lang='lat' dir='ltr'><strong><em>videre</em></strong></span> <span class='ocrx_word' id='word_1_434' title='bbox 3373 2481 3835 2554; x_wconf 78' lang='lat' dir='ltr'><strong><em>perspicacissime</em></strong></span> 
     </span>
    </p>
   </div>
   <div class='ocr_carea' id='block_1_55' title="bbox 2246 2580 3837 2654">
    <p class='ocr_par' dir='ltr' id='par_1_55' title="bbox 2246 2580 3837 2654">
     <span class='ocr_line' id='line_1_55' title="bbox 2246 2580 3837 2654; baseline -0.011 -11"><span class='ocrx_word' id='word_1_435' title='bbox 2246 2589 2424 2643; x_wconf 85' lang='lat' dir='ltr'><strong><em>docet.</em></strong></span> <span class='ocrx_word' id='word_1_436' title='bbox 2456 2586 2584 2640; x_wconf 86' lang='lat' dir='ltr'><strong><em>Nam</em></strong></span> <span class='ocrx_word' id='word_1_437' title='bbox 2626 2585 2716 2654; x_wconf 90' lang='lat' dir='ltr'><strong><em>qui</em></strong></span> <span class='ocrx_word' id='word_1_438' title='bbox 2765 2592 2993 2653; x_wconf 79' lang='lat' dir='ltr'><strong><em>:egrotat</em></strong></span> <span class='ocrx_word' id='word_1_439' title='bbox 3038 2582 3140 2637; x_wconf 87' lang='lat' dir='ltr'><strong><em>nisi</em></strong></span> <span class='ocrx_word' id='word_1_440' title='bbox 3193 2580 3450 2636; x_wconf 89' lang='lat' dir='ltr'><strong><em>subsistat</em></strong></span> <span class='ocrx_word' id='word_1_441' title='bbox 3495 2590 3601 2629; x_wconf 92' lang='lat' dir='ltr'><strong><em>non</em></strong></span> <span class='ocrx_word' id='word_1_442' title='bbox 3659 2580 3837 2643; x_wconf 87' lang='lat' dir='ltr'><strong><em>potest</em></strong></span> 
     </span>
    </p>
   </div>
   <div class='ocr_carea' id='block_1_56' title="bbox 2247 2671 3834 2748">
    <p class='ocr_par' dir='ltr' id='par_1_56' title="bbox 2247 2671 3834 2748">
     <span class='ocr_line' id='line_1_56' title="bbox 2247 2671 3834 2748; baseline -0.009 -14"><span class='ocrx_word' id='word_1_443' title='bbox 2247 2690 2529 2748; x_wconf 69' lang='lat' dir='ltr'><strong><em>aegrotare.</em></strong></span> <span class='ocrx_word' id='word_1_444' title='bbox 2572 2678 2687 2733; x_wconf 86' lang='lat' dir='ltr'><strong><em>Non</em></strong></span> <span class='ocrx_word' id='word_1_445' title='bbox 2719 2691 2841 2733; x_wconf 87' lang='lat' dir='ltr'><strong><em>esse</em></strong></span> <span class='ocrx_word' id='word_1_446' title='bbox 2876 2685 3054 2731; x_wconf 88' lang='lat' dir='ltr'><strong><em>autem</em></strong></span> <span class='ocrx_word' id='word_1_447' title='bbox 3098 2689 3307 2739; x_wconf 90' lang='lat' dir='ltr'><strong><em>sanum,</em></strong></span> <span class='ocrx_word' id='word_1_448' title='bbox 3342 2686 3447 2727; x_wconf 92' lang='lat' dir='ltr'><strong><em>non</em></strong></span> <span class='ocrx_word' id='word_1_449' title='bbox 3476 2671 3548 2724; x_wconf 86' lang='lat' dir='ltr'><strong><em>ita</em></strong></span> <span class='ocrx_word' id='word_1_450' title='bbox 3576 2676 3680 2729; x_wconf 86' lang='lat' dir='ltr'><strong><em>est,</em></strong></span> <span class='ocrx_word' id='word_1_451' title='bbox 3713 2681 3834 2722; x_wconf 83' lang='lat' dir='ltr'><strong><em>nam</em></strong></span> 
     </span>
    </p>
   </div>
   <div class='ocr_carea' id='block_1_57' title="bbox 2246 2760 3836 2837">
    <p class='ocr_par' dir='ltr' id='par_1_57' title="bbox 2246 2760 3836 2837">
     <span class='ocr_line' id='line_1_57' title="bbox 2246 2760 3836 2837; baseline -0.008 -11"><span class='ocrx_word' id='word_1_452' title='bbox 2246 2772 2455 2826; x_wconf 87' lang='lat' dir='ltr'><strong><em>etiamsi</em></strong></span> <span class='ocrx_word' id='word_1_453' title='bbox 2484 2786 2587 2826; x_wconf 92' lang='lat' dir='ltr'><strong><em>non</em></strong></span> <span class='ocrx_word' id='word_1_454' title='bbox 2644 2771 2711 2825; x_wconf 90' lang='lat' dir='ltr'><strong><em>sit</em></strong></span> <span class='ocrx_word' id='word_1_455' title='bbox 2733 2767 2956 2824; x_wconf 88' lang='lat' dir='ltr'><strong><em>omnino</em></strong></span> <span class='ocrx_word' id='word_1_456' title='bbox 2983 2767 3199 2837; x_wconf 81' lang='lat' dir='ltr'><strong><em>aliquis,</em></strong></span> <span class='ocrx_word' id='word_1_457' title='bbox 3233 2772 3407 2835; x_wconf 87' lang='lat' dir='ltr'><strong><em>potest</em></strong></span> <span class='ocrx_word' id='word_1_458' title='bbox 3434 2762 3503 2818; x_wconf 87' lang='lat' dir='ltr'><strong><em>de</em></strong></span> <span class='ocrx_word' id='word_1_459' title='bbox 3529 2775 3596 2816; x_wconf 90' lang='lat' dir='ltr'><strong><em>eo</em></strong></span> <span class='ocrx_word' id='word_1_460' title='bbox 3623 2760 3836 2829; x_wconf 86' lang='lat' dir='ltr'><strong><em>quinon</em></strong></span> 
     </span>
    </p>
   </div>
   <div class='ocr_carea' id='block_1_58' title="bbox 2247 2854 3837 2933">
    <p class='ocr_par' dir='ltr' id='par_1_58' title="bbox 2247 2854 3837 2933">
     <span class='ocr_line' id='line_1_58' title="bbox 2247 2854 3837 2933; baseline -0.009 -15"><span class='ocrx_word' id='word_1_461' title='bbox 2247 2875 2331 2918; x_wconf 90' lang='lat' dir='ltr'><strong><em>est</em></strong></span> <span class='ocrx_word' id='word_1_462' title='bbox 2363 2864 2478 2918; x_wconf 79' lang='lat' dir='ltr'><strong><em>haec</em></strong></span> <span class='ocrx_word' id='word_1_463' title='bbox 2520 2861 2735 2933; x_wconf 91' lang='lat' dir='ltr'><strong><em>negatio</em></strong></span> <span class='ocrx_word' id='word_1_464' title='bbox 2761 2860 3066 2929; x_wconf 77' lang='lat' dir='ltr'><strong><em>praedicari.</em></strong></span> <span class='ocrx_word' id='word_1_465' title='bbox 3110 2858 3264 2927; x_wconf 85' lang='lat' dir='ltr'><strong><em>Quod</em></strong></span> <span class='ocrx_word' id='word_1_466' title='bbox 3287 2857 3430 2911; x_wconf 89' lang='lat' dir='ltr'><strong><em>enim</em></strong></span> <span class='ocrx_word' id='word_1_467' title='bbox 3472 2854 3691 2909; x_wconf 90' lang='lat' dir='ltr'><strong><em>omnino</em></strong></span> <span class='ocrx_word' id='word_1_468' title='bbox 3732 2866 3837 2905; x_wconf 91' lang='lat' dir='ltr'><strong><em>non</em></strong></span> 
     </span>
    </p>
   </div>
   <div class='ocr_carea' id='block_1_59' title="bbox 2248 2949 3837 3020">
    <p class='ocr_par' dir='ltr' id='par_1_59' title="bbox 2248 2949 3837 3020">
     <span class='ocr_line' id='line_1_59' title="bbox 2248 2949 3837 3020; baseline -0.009 -10"><span class='ocrx_word' id='word_1_469' title='bbox 2248 2964 2349 3017; x_wconf 86' lang='lat' dir='ltr'><strong><em>est,</em></strong></span> <span class='ocrx_word' id='word_1_470' title='bbox 2378 2969 2565 3008; x_wconf 89' lang='lat' dir='ltr'><strong><em>sanum</em></strong></span> <span class='ocrx_word' id='word_1_471' title='bbox 2593 2968 2717 3009; x_wconf 88' lang='lat' dir='ltr'><strong><em>esse</em></strong></span> <span class='ocrx_word' id='word_1_472' title='bbox 2746 2968 2852 3007; x_wconf 91' lang='lat' dir='ltr'><strong><em>non</em></strong></span> <span class='ocrx_word' id='word_1_473' title='bbox 2878 2961 3075 3020; x_wconf 86' lang='lat' dir='ltr'><strong><em>potest,</em></strong></span> <span class='ocrx_word' id='word_1_474' title='bbox 3108 2949 3249 3020; x_wconf 92' lang='lat' dir='ltr'><strong><em>quod</em></strong></span> <span class='ocrx_word' id='word_1_475' title='bbox 3271 2962 3458 3003; x_wconf 88' lang='lat' dir='ltr'><strong><em>sanum</em></strong></span> <span class='ocrx_word' id='word_1_476' title='bbox 3477 2960 3598 3001; x_wconf 86' lang='lat' dir='ltr'><strong><em>esse</em></strong></span> <span class='ocrx_word' id='word_1_477' title='bbox 3614 2959 3720 2998; x_wconf 93' lang='lat' dir='ltr'><strong><em>non</em></strong></span> <span class='ocrx_word' id='word_1_478' title='bbox 3748 2956 3837 3011; x_wconf 78' lang='lat' dir='ltr'><strong><em>p0-</em></strong></span> 
     </span>
    </p>
   </div>
   <div class='ocr_carea' id='block_1_60' title="bbox 2248 3035 3838 3115">
    <p class='ocr_par' dir='ltr' id='par_1_60' title="bbox 2248 3035 3838 3115">
     <span class='ocr_line' id='line_1_60' title="bbox 2248 3035 3838 3115; baseline -0.008 -14"><span class='ocrx_word' id='word_1_479' title='bbox 2248 3057 2357 3102; x_wconf 88' lang='lat' dir='ltr'><strong><em>test</em></strong></span> <span class='ocrx_word' id='word_1_480' title='bbox 2395 3063 2501 3102; x_wconf 91' lang='lat' dir='ltr'><strong><em>non</em></strong></span> <span class='ocrx_word' id='word_1_481' title='bbox 2539 3054 2622 3103; x_wconf 88' lang='lat' dir='ltr'><strong><em>est</em></strong></span> <span class='ocrx_word' id='word_1_482' title='bbox 2651 3045 2833 3115; x_wconf 88' lang='lat' dir='ltr'><strong><em>utique</em></strong></span> <span class='ocrx_word' id='word_1_483' title='bbox 2863 3058 3074 3098; x_wconf 89' lang='lat' dir='ltr'><strong><em>sanum.</em></strong></span> <span class='ocrx_word' id='word_1_484' title='bbox 3115 3042 3317 3097; x_wconf 83' lang='lat' dir='ltr'><strong><em>Eodem</em></strong></span> <span class='ocrx_word' id='word_1_485' title='bbox 3339 3053 3552 3111; x_wconf 89' lang='lat' dir='ltr'><strong><em>quoque</em></strong></span> <span class='ocrx_word' id='word_1_486' title='bbox 3573 3035 3731 3093; x_wconf 88' lang='lat' dir='ltr'><strong><em>modo</em></strong></span> <span class='ocrx_word' id='word_1_487' title='bbox 3757 3043 3838 3090; x_wconf 88' lang='lat' dir='ltr'><strong><em>est</em></strong></span> 
     </span>
    </p>
   </div>
   <div class='ocr_carea' id='block_1_61' title="bbox 534 3127 3838 3223">
    <p class='ocr_par' dir='ltr' id='par_1_61' title="bbox 534 3127 3838 3223">
     <span class='ocr_line' id='line_1_61' title="bbox 534 3127 3838 3223; baseline -0.012 -17"><span class='ocrx_word' id='word_1_488' title='bbox 534 3152 780 3215; x_wconf 80' lang='lat' dir='ltr'><strong><em>Socrate,</em></strong></span> <span class='ocrx_word' id='word_1_489' title='bbox 806 3145 1057 3217; x_wconf 87' lang='lat' dir='ltr'><strong><em>quoniam</em></strong></span> <span class='ocrx_word' id='word_1_490' title='bbox 1078 3138 1341 3208; x_wconf 69' lang='lat' dir='ltr'><strong><em>aegritudo</em></strong></span> <span class='ocrx_word' id='word_1_491' title='bbox 1370 3145 1425 3189; x_wconf 91' lang='lat' dir='ltr'><strong><em>et</em></strong></span> <span class='ocrx_word' id='word_1_492' title='bbox 1452 3134 1654 3189; x_wconf 88' lang='lat' dir='ltr'><strong><em>sanitas</em></strong></span> <span class='ocrx_word' id='word_1_493' title='bbox 1672 3130 1975 3185; x_wconf 87' lang='lat' dir='ltr'><strong><em>immediata</em></strong></span> <span class='ocrx_word' id='word_1_494' title='bbox 2006 3142 2141 3183; x_wconf 90' lang='lat' dir='ltr'><strong><em>con-</em></strong></span> <span class='ocrx_word' id='word_1_495' title='bbox 2171 3160 2219 3223; x_wconf 76' lang='lat' dir='ltr'><strong><em>C</em></strong></span> <span class='ocrx_word' id='word_1_496' title='bbox 2251 3152 2304 3197; x_wconf 68' lang='grc' dir='ltr'><strong><em>ει</em></strong></span> <span class='ocrx_word' id='word_1_497' title='bbox 2330 3142 2399 3196; x_wconf 71' lang='lat' dir='ltr'><strong><em>de</em></strong></span> <span class='ocrx_word' id='word_1_498' title='bbox 2444 3140 2687 3195; x_wconf 49' lang='lat' dir='ltr'><strong><em>caecitate</em></strong></span> <span class='ocrx_word' id='word_1_499' title='bbox 2711 3147 2767 3194; x_wconf 70' lang='grc' dir='ltr'><strong><em>ει</em></strong></span> <span class='ocrx_word' id='word_1_500' title='bbox 2794 3137 2863 3194; x_wconf 62' lang='grc' dir='ltr'><strong><em>(ιθ</em></strong></span> <span class='ocrx_word' id='word_1_501' title='bbox 2891 3137 3036 3203; x_wconf 54' lang='lat' dir='ltr'><strong><em>vis“,</em></strong></span> <span class='ocrx_word' id='word_1_502' title='bbox 3083 3150 3258 3206; x_wconf 70' lang='lat' dir='ltr'><strong><em>neque</em></strong></span> <span class='ocrx_word' id='word_1_503' title='bbox 3286 3135 3432 3189; x_wconf 70' lang='lat' dir='ltr'><strong><em>enim</em></strong></span> <span class='ocrx_word' id='word_1_504' title='bbox 3472 3131 3613 3187; x_wconf 69' lang='lat' dir='ltr'><strong><em>idem</em></strong></span> <span class='ocrx_word' id='word_1_505' title='bbox 3642 3138 3726 3185; x_wconf 66' lang='grc' dir='ltr'><strong><em>εει</em></strong></span> <span class='ocrx_word' id='word_1_506' title='bbox 3761 3127 3838 3183; x_wconf 73' lang='lat' dir='ltr'><strong><em>di.</em></strong></span> 
     </span>
    </p>
   </div>
   <div class='ocr_carea' id='block_1_62' title="bbox 534 3226 2137 3309">
    <p class='ocr_par' dir='ltr' id='par_1_62' title="bbox 534 3226 2137 3309">
     <span class='ocr_line' id='line_1_62' title="bbox 534 3226 2137 3309; baseline -0.018 -7"><span class='ocrx_word' id='word_1_507' title='bbox 534 3249 697 3302; x_wconf 88' lang='lat' dir='ltr'><strong><em>traria</em></strong></span> <span class='ocrx_word' id='word_1_508' title='bbox 723 3253 867 3309; x_wconf 89' lang='lat' dir='ltr'><strong><em>sunt,</em></strong></span> <span class='ocrx_word' id='word_1_509' title='bbox 899 3241 943 3294; x_wconf 91' lang='lat' dir='ltr'><strong><em>si</em></strong></span> <span class='ocrx_word' id='word_1_510' title='bbox 968 3239 1090 3307; x_wconf 89' lang='lat' dir='ltr'><strong><em>quis</em></strong></span> <span class='ocrx_word' id='word_1_511' title='bbox 1112 3234 1182 3288; x_wconf 88' lang='lat' dir='ltr'><strong><em>de</em></strong></span> <span class='ocrx_word' id='word_1_512' title='bbox 1211 3234 1435 3287; x_wconf 88' lang='lat' dir='ltr'><strong><em>Socrate</em></strong></span> <span class='ocrx_word' id='word_1_513' title='bbox 1466 3229 1612 3283; x_wconf 86' lang='lat' dir='ltr'><strong><em>dicat</em></strong></span> <span class='ocrx_word' id='word_1_514' title='bbox 1643 3245 1655 3279; x_wconf 90' lang='lat'><strong>:</strong></span> <span class='ocrx_word' id='word_1_515' title='bbox 1683 3226 1935 3281; x_wconf 88' lang='lat' dir='ltr'><strong><em>Socrates</em></strong></span> <span class='ocrx_word' id='word_1_516' title='bbox 1970 3235 2137 3276; x_wconf 88' lang='lat' dir='ltr'><strong><em>sanus</em></strong></span> 
     </span>
    </p>
   </div>
   <div class='ocr_carea' id='block_1_63' title="bbox 535 3318 2133 3406">
    <p class='ocr_par' dir='ltr' id='par_1_63' title="bbox 535 3318 2133 3406">
     <span class='ocr_line' id='line_1_63' title="bbox 535 3318 2133 3406; baseline -0.019 -11"><span class='ocrx_word' id='word_1_517' title='bbox 535 3347 641 3406; x_wconf 89' lang='lat' dir='ltr'><strong><em>est,</em></strong></span> <span class='ocrx_word' id='word_1_518' title='bbox 690 3345 979 3399; x_wconf 88' lang='lat' dir='ltr'><strong><em>rursusque</em></strong></span> <span class='ocrx_word' id='word_1_519' title='bbox 1019 3328 1153 3380; x_wconf 91' lang='lat' dir='ltr'><strong><em>alius</em></strong></span> <span class='ocrx_word' id='word_1_520' title='bbox 1197 3320 1556 3392; x_wconf 85' lang='lat' dir='ltr'><strong><em>pronuntiet:</em></strong></span> <span class='ocrx_word' id='word_1_521' title='bbox 1594 3318 1848 3372; x_wconf 86' lang='lat' dir='ltr'><strong><em>Socrates</em></strong></span> <span class='ocrx_word' id='word_1_522' title='bbox 1888 3322 2133 3383; x_wconf 62' lang='lat' dir='ltr'><strong><em>aegrotat,</em></strong></span> 
     </span>
    </p>
   </div>
   <div class='ocr_carea' id='block_1_64' title="bbox 536 3405 2143 3488">
    <p class='ocr_par' dir='ltr' id='par_1_64' title="bbox 536 3405 2143 3488">
     <span class='ocr_line' id='line_1_64' title="bbox 536 3405 2143 3488; baseline -0.019 -1"><span class='ocrx_word' id='word_1_523' title='bbox 536 3444 697 3486; x_wconf 87' lang='lat' dir='ltr'><strong><em>unam</em></strong></span> <span class='ocrx_word' id='word_1_524' title='bbox 723 3439 926 3488; x_wconf 89' lang='lat' dir='ltr'><strong><em>veram,</em></strong></span> <span class='ocrx_word' id='word_1_525' title='bbox 960 3433 1119 3473; x_wconf 84' lang='lat' dir='ltr'><strong><em>unam</em></strong></span> <span class='ocrx_word' id='word_1_526' title='bbox 1144 3416 1329 3469; x_wconf 78' lang='lat' dir='ltr'><strong><em>falsam</em></strong></span> <span class='ocrx_word' id='word_1_527' title='bbox 1367 3427 1488 3466; x_wconf 84' lang='lat' dir='ltr'><strong><em>esse</em></strong></span> <span class='ocrx_word' id='word_1_528' title='bbox 1505 3422 1726 3466; x_wconf 83' lang='lat' dir='ltr'><strong><em>necesse</em></strong></span> <span class='ocrx_word' id='word_1_529' title='bbox 1754 3415 1858 3461; x_wconf 91' lang='lat' dir='ltr'><strong><em>est.</em></strong></span> <span class='ocrx_word' id='word_1_530' title='bbox 1889 3405 2143 3461; x_wconf 90' lang='lat' dir='ltr'><strong><em>Socrates</em></strong></span> 
     </span>
    </p>
   </div>
   <div class='ocr_carea' id='block_1_65' title="bbox 537 3500 2137 3582">
    <p class='ocr_par' dir='ltr' id='par_1_65' title="bbox 537 3500 2137 3582">
     <span class='ocr_line' id='line_1_65' title="bbox 537 3500 2137 3582; baseline -0.02 -1"><span class='ocrx_word' id='word_1_531' title='bbox 537 3525 681 3582; x_wconf 90' lang='lat' dir='ltr'><strong><em>enim</em></strong></span> <span class='ocrx_word' id='word_1_532' title='bbox 712 3520 901 3574; x_wconf 90' lang='lat' dir='ltr'><strong><em>vivens</em></strong></span> <span class='ocrx_word' id='word_1_533' title='bbox 939 3523 1031 3568; x_wconf 88' lang='lat' dir='ltr'><strong><em>aut</em></strong></span> <span class='ocrx_word' id='word_1_534' title='bbox 1070 3518 1296 3582; x_wconf 79' lang='lat' dir='ltr'><strong><em>aegrotat</em></strong></span> <span class='ocrx_word' id='word_1_535' title='bbox 1334 3518 1426 3561; x_wconf 87' lang='lat' dir='ltr'><strong><em>aut</em></strong></span> <span class='ocrx_word' id='word_1_536' title='bbox 1464 3519 1628 3561; x_wconf 87' lang='lat' dir='ltr'><strong><em>sanus</em></strong></span> <span class='ocrx_word' id='word_1_537' title='bbox 1663 3510 1765 3566; x_wconf 89' lang='lat' dir='ltr'><strong><em>est,</em></strong></span> <span class='ocrx_word' id='word_1_538' title='bbox 1789 3509 1845 3555; x_wconf 86' lang='lat' dir='ltr'><strong><em>et</em></strong></span> <span class='ocrx_word' id='word_1_539' title='bbox 1873 3500 1918 3553; x_wconf 90' lang='lat' dir='ltr'><strong><em>si</em></strong></span> <span class='ocrx_word' id='word_1_540' title='bbox 1947 3511 2137 3553; x_wconf 89' lang='lat' dir='ltr'><strong><em>verum</em></strong></span> 
     </span>
    </p>
   </div>
   <div class='ocr_carea' id='block_1_66' title="bbox 536 3589 2139 3678">
    <p class='ocr_par' dir='ltr' id='par_1_66' title="bbox 536 3589 2139 3678">
     <span class='ocr_line' id='line_1_66' title="bbox 536 3589 2139 3678; baseline -0.019 -6"><span class='ocrx_word' id='word_1_541' title='bbox 536 3626 621 3672; x_wconf 82' lang='lat' dir='ltr'><strong><em>est</em></strong></span> <span class='ocrx_word' id='word_1_542' title='bbox 648 3628 769 3669; x_wconf 87' lang='lat' dir='ltr'><strong><em>eum</em></strong></span> <span class='ocrx_word' id='word_1_543' title='bbox 810 3618 1092 3678; x_wconf 68' lang='lat' dir='ltr'><strong><em>regromre,</em></strong></span> <span class='ocrx_word' id='word_1_544' title='bbox 1128 3617 1320 3659; x_wconf 79' lang='lat' dir='ltr'><strong><em>sanum</em></strong></span> <span class='ocrx_word' id='word_1_545' title='bbox 1345 3613 1465 3654; x_wconf 86' lang='lat' dir='ltr'><strong><em>esse</em></strong></span> <span class='ocrx_word' id='word_1_546' title='bbox 1484 3597 1673 3651; x_wconf 88' lang='lat' dir='ltr'><strong><em>falsum</em></strong></span> <span class='ocrx_word' id='word_1_547' title='bbox 1694 3604 1796 3659; x_wconf 89' lang='lat' dir='ltr'><strong><em>est,</em></strong></span> <span class='ocrx_word' id='word_1_548' title='bbox 1814 3604 1861 3647; x_wconf 89' lang='lat' dir='ltr'><strong><em>et</em></strong></span> <span class='ocrx_word' id='word_1_549' title='bbox 1882 3592 1926 3647; x_wconf 91' lang='lat' dir='ltr'><strong><em>si</em></strong></span> <span class='ocrx_word' id='word_1_550' title='bbox 1945 3589 2139 3644; x_wconf 85' lang='lat' dir='ltr'><strong><em>falsum</em></strong></span> 
     </span>
    </p>
   </div>
   <div class='ocr_carea' id='block_1_67' title="bbox 536 3684 2139 3775">
    <p class='ocr_par' dir='ltr' id='par_1_67' title="bbox 536 3684 2139 3775">
     <span class='ocr_line' id='line_1_67' title="bbox 536 3684 2139 3775; baseline -0.017 -11"><span class='ocrx_word' id='word_1_551' title='bbox 536 3718 620 3766; x_wconf 89' lang='lat' dir='ltr'><strong><em>est</em></strong></span> <span class='ocrx_word' id='word_1_552' title='bbox 644 3713 925 3775; x_wconf 56' lang='lat' dir='ltr'><strong><em>aegrotare,</em></strong></span> <span class='ocrx_word' id='word_1_553' title='bbox 950 3714 1139 3755; x_wconf 90' lang='lat' dir='ltr'><strong><em>sanum</em></strong></span> <span class='ocrx_word' id='word_1_554' title='bbox 1168 3711 1287 3751; x_wconf 86' lang='lat' dir='ltr'><strong><em>esse</em></strong></span> <span class='ocrx_word' id='word_1_555' title='bbox 1306 3705 1493 3747; x_wconf 89' lang='lat' dir='ltr'><strong><em>verum</em></strong></span> <span class='ocrx_word' id='word_1_556' title='bbox 1517 3700 1600 3744; x_wconf 90' lang='lat' dir='ltr'><strong><em>est</em></strong></span> <span class='ocrx_word' id='word_1_557' title='bbox 1620 3705 1635 3755; x_wconf 90' lang='lat'><strong>;</strong></span> <span class='ocrx_word' id='word_1_558' title='bbox 1652 3690 1700 3742; x_wconf 93' lang='lat' dir='ltr'><strong><em>si</em></strong></span> <span class='ocrx_word' id='word_1_559' title='bbox 1742 3701 1871 3741; x_wconf 87' lang='lat' dir='ltr'><strong><em>vero</em></strong></span> <span class='ocrx_word' id='word_1_560' title='bbox 1891 3684 2139 3740; x_wconf 71' lang='lat' dir='ltr'><strong><em>Soetates</em></strong></span> 
     </span>
    </p>
   </div>
   <div class='ocr_carea' id='block_1_68' title="bbox 537 3777 2140 3872">
    <p class='ocr_par' dir='ltr' id='par_1_68' title="bbox 537 3777 2140 3872">
     <span class='ocr_line' id='line_1_68' title="bbox 537 3777 2140 3872; baseline -0.019 -13"><span class='ocrx_word' id='word_1_561' title='bbox 537 3805 653 3872; x_wconf 83' lang='lat' dir='ltr'><strong><em>ipse</em></strong></span> <span class='ocrx_word' id='word_1_562' title='bbox 670 3813 775 3854; x_wconf 92' lang='lat' dir='ltr'><strong><em>non</em></strong></span> <span class='ocrx_word' id='word_1_563' title='bbox 797 3795 1055 3852; x_wconf 89' lang='lat' dir='ltr'><strong><em>subsistat</em></strong></span> <span class='ocrx_word' id='word_1_564' title='bbox 1081 3805 1254 3860; x_wconf 90' lang='lat' dir='ltr'><strong><em>neque</em></strong></span> <span class='ocrx_word' id='word_1_565' title='bbox 1282 3786 1505 3841; x_wconf 90' lang='lat' dir='ltr'><strong><em>omnino</em></strong></span> <span class='ocrx_word' id='word_1_566' title='bbox 1534 3784 1623 3848; x_wconf 89' lang='lat' dir='ltr'><strong><em>sit,</em></strong></span> <span class='ocrx_word' id='word_1_567' title='bbox 1666 3790 1955 3847; x_wconf 89' lang='lat' dir='ltr'><strong><em>utrumque</em></strong></span> <span class='ocrx_word' id='word_1_568' title='bbox 1986 3777 2052 3829; x_wconf 89' lang='lat' dir='ltr'><strong><em>de</em></strong></span> <span class='ocrx_word' id='word_1_569' title='bbox 2074 3790 2140 3829; x_wconf 89' lang='lat' dir='ltr'><strong><em>eo</em></strong></span> 
     </span>
    </p>
   </div>
   <div class='ocr_carea' id='block_1_69' title="bbox 538 3867 2139 3952">
    <p class='ocr_par' dir='ltr' id='par_1_69' title="bbox 538 3867 2139 3952">
     <span class='ocr_line' id='line_1_69' title="bbox 538 3867 2139 3952; baseline -0.019 -1"><span class='ocrx_word' id='word_1_570' title='bbox 538 3867 733 3952; x_wconf 79' lang='lat' dir='ltr'><strong><em>falsum</em></strong></span> <span class='ocrx_word' id='word_1_571' title='bbox 760 3901 843 3947; x_wconf 88' lang='lat' dir='ltr'><strong><em>est</em></strong></span> <span class='ocrx_word' id='word_1_572' title='bbox 880 3888 1083 3952; x_wconf 89' lang='lat' dir='ltr'><strong><em>dicere,</em></strong></span> <span class='ocrx_word' id='word_1_573' title='bbox 1117 3883 1369 3952; x_wconf 87' lang='lat' dir='ltr'><strong><em>quoniam</em></strong></span> <span class='ocrx_word' id='word_1_574' title='bbox 1392 3885 1614 3947; x_wconf 69' lang='lat' dir='ltr'><strong><em>aegrotat</em></strong></span> <span class='ocrx_word' id='word_1_575' title='bbox 1643 3883 1695 3930; x_wconf 87' lang='lat' dir='ltr'><strong><em>et</em></strong></span> <span class='ocrx_word' id='word_1_576' title='bbox 1724 3886 1886 3927; x_wconf 87' lang='lat' dir='ltr'><strong><em>sanus</em></strong></span> <span class='ocrx_word' id='word_1_577' title='bbox 1914 3878 2015 3924; x_wconf 85' lang='lat' dir='ltr'><strong><em>est.</em></strong></span> <span class='ocrx_word' id='word_1_578' title='bbox 2039 3867 2139 3935; x_wconf 88' lang='lat' dir='ltr'><strong><em>Qui</em></strong></span> 
     </span>
    </p>
   </div>
   <div class='ocr_carea' id='block_1_70' title="bbox 540 3966 2142 4047">
    <p class='ocr_par' dir='ltr' id='par_1_70' title="bbox 540 3966 2142 4047">
     <span class='ocr_line' id='line_1_70' title="bbox 540 3966 2142 4047; baseline -0.019 -1"><span class='ocrx_word' id='word_1_579' title='bbox 540 3991 685 4047; x_wconf 90' lang='lat' dir='ltr'><strong><em>enim</em></strong></span> <span class='ocrx_word' id='word_1_580' title='bbox 717 3984 936 4043; x_wconf 90' lang='lat' dir='ltr'><strong><em>omnino</em></strong></span> <span class='ocrx_word' id='word_1_581' title='bbox 963 3996 1071 4035; x_wconf 89' lang='lat' dir='ltr'><strong><em>non</em></strong></span> <span class='ocrx_word' id='word_1_582' title='bbox 1103 3986 1207 4042; x_wconf 89' lang='lat' dir='ltr'><strong><em>est,</em></strong></span> <span class='ocrx_word' id='word_1_583' title='bbox 1239 3989 1411 4043; x_wconf 89' lang='lat' dir='ltr'><strong><em>neque</em></strong></span> <span class='ocrx_word' id='word_1_584' title='bbox 1445 3969 1665 4025; x_wconf 92' lang='lat' dir='ltr'><strong><em>omnino</em></strong></span> <span class='ocrx_word' id='word_1_585' title='bbox 1689 3966 1887 4036; x_wconf 88' lang='lat' dir='ltr'><strong><em>poterit</em></strong></span> <span class='ocrx_word' id='word_1_586' title='bbox 1908 3970 2142 4027; x_wconf 82' lang='lat' dir='ltr'><strong><em>aegrotus</em></strong></span> 
     </span>
    </p>
   </div>
   <div class='ocr_carea' id='block_1_71' title="bbox 540 4051 2142 4139">
    <p class='ocr_par' dir='ltr' id='par_1_71' title="bbox 540 4051 2142 4139">
     <span class='ocr_line' id='line_1_71' title="bbox 540 4051 2142 4139; baseline -0.022 1"><span class='ocrx_word' id='word_1_587' title='bbox 540 4097 663 4139; x_wconf 80' lang='lat' dir='ltr'><strong><em>esse</em></strong></span> <span class='ocrx_word' id='word_1_588' title='bbox 692 4094 793 4136; x_wconf 92' lang='lat' dir='ltr'><strong><em>nec</em></strong></span> <span class='ocrx_word' id='word_1_589' title='bbox 822 4089 1006 4131; x_wconf 87' lang='lat' dir='ltr'><strong><em>sanus.</em></strong></span> <span class='ocrx_word' id='word_1_590' title='bbox 1052 4072 1191 4139; x_wconf 83' lang='lat' dir='ltr'><strong><em>Ergo</em></strong></span> <span class='ocrx_word' id='word_1_591' title='bbox 1220 4068 1272 4121; x_wconf 92' lang='lat' dir='ltr'><strong><em>iu</em></strong></span> <span class='ocrx_word' id='word_1_592' title='bbox 1301 4060 1587 4120; x_wconf 90' lang='lat' dir='ltr'><strong><em>contrariis</em></strong></span> <span class='ocrx_word' id='word_1_593' title='bbox 1616 4059 1938 4113; x_wconf 89' lang='lat' dir='ltr'><strong><em>subsistente</em></strong></span> <span class='ocrx_word' id='word_1_594' title='bbox 1976 4068 2037 4107; x_wconf 88' lang='lat' dir='ltr'><strong><em>re</em></strong></span> <span class='ocrx_word' id='word_1_595' title='bbox 2073 4051 2142 4105; x_wconf 75' lang='lat' dir='ltr'><strong><em>de</em></strong></span> 
     </span>
    </p>
   </div>
   <div class='ocr_carea' id='block_1_72' title="bbox 541 4144 2143 4248">
    <p class='ocr_par' dir='ltr' id='par_1_72' title="bbox 541 4144 2143 4248">
     <span class='ocr_line' id='line_1_72' title="bbox 541 4144 2143 4248; baseline -0.022 -15"><span class='ocrx_word' id='word_1_596' title='bbox 541 4191 645 4248; x_wconf 87' lang='lat' dir='ltr'><strong><em>qua</em></strong></span> <span class='ocrx_word' id='word_1_597' title='bbox 664 4172 1042 4245; x_wconf 78' lang='lat' dir='ltr'><strong><em>praedicantur,</em></strong></span> <span class='ocrx_word' id='word_1_598' title='bbox 1061 4176 1276 4230; x_wconf 89' lang='lat' dir='ltr'><strong><em>semper</em></strong></span> <span class='ocrx_word' id='word_1_599' title='bbox 1290 4173 1395 4212; x_wconf 90' lang='lat' dir='ltr'><strong><em>una</em></strong></span> <span class='ocrx_word' id='word_1_600' title='bbox 1414 4154 1724 4223; x_wconf 67' lang='lat' dir='ltr'><strong><em>praedicatio</em></strong></span> <span class='ocrx_word' id='word_1_601' title='bbox 1764 4162 1888 4204; x_wconf 71' lang='lat' dir='ltr'><strong><em>vera</em></strong></span> <span class='ocrx_word' id='word_1_602' title='bbox 1908 4154 2009 4212; x_wconf 89' lang='lat' dir='ltr'><strong><em>est,</em></strong></span> <span class='ocrx_word' id='word_1_603' title='bbox 2036 4144 2143 4199; x_wconf 83' lang='lat' dir='ltr'><strong><em>alia</em></strong></span> 
     </span>
    </p>
   </div>
   <div class='ocr_carea' id='block_1_73' title="bbox 544 4239 2145 4329">
    <p class='ocr_par' dir='ltr' id='par_1_73' title="bbox 544 4239 2145 4329">
     <span class='ocr_line' id='line_1_73' title="bbox 544 4239 2145 4329; baseline -0.022 -6"><span class='ocrx_word' id='word_1_604' title='bbox 544 4239 702 4329; x_wconf 69' lang='lat' dir='ltr'><strong><em>falsa,</em></strong></span> <span class='ocrx_word' id='word_1_605' title='bbox 742 4265 797 4319; x_wconf 91' lang='lat' dir='ltr'><strong><em>in</em></strong></span> <span class='ocrx_word' id='word_1_606' title='bbox 838 4262 923 4315; x_wconf 89' lang='lat' dir='ltr'><strong><em>his</em></strong></span> <span class='ocrx_word' id='word_1_607' title='bbox 962 4254 1167 4310; x_wconf 88' lang='lat' dir='ltr'><strong><em>scilicet</em></strong></span> <span class='ocrx_word' id='word_1_608' title='bbox 1198 4248 1484 4307; x_wconf 86' lang='lat' dir='ltr'><strong><em>contrariis</em></strong></span> <span class='ocrx_word' id='word_1_609' title='bbox 1526 4258 1647 4312; x_wconf 83' lang='lat' dir='ltr'><strong><em>quae</em></strong></span> <span class='ocrx_word' id='word_1_610' title='bbox 1677 4239 1970 4295; x_wconf 90' lang='lat' dir='ltr'><strong><em>secundum</em></strong></span> <span class='ocrx_word' id='word_1_611' title='bbox 1994 4251 2145 4291; x_wconf 87' lang='lat' dir='ltr'><strong><em>com-</em></strong></span> 
     </span>
    </p>
   </div>
   <div class='ocr_carea' id='block_1_74' title="bbox 545 4328 2144 4430">
    <p class='ocr_par' dir='ltr' id='par_1_74' title="bbox 545 4328 2144 4430">
     <span class='ocr_line' id='line_1_74' title="bbox 545 4328 2144 4430; baseline -0.021 -15"><span class='ocrx_word' id='word_1_612' title='bbox 545 4360 852 4430; x_wconf 82' lang='lat' dir='ltr'><strong><em>plexionem</em></strong></span> <span class='ocrx_word' id='word_1_613' title='bbox 879 4350 1129 4404; x_wconf 79' lang='lat' dir='ltr'><strong><em>dicuntur</em></strong></span> <span class='ocrx_word' id='word_1_614' title='bbox 1146 4353 1197 4395; x_wconf 88' lang='lat' dir='ltr'><strong><em>et</em></strong></span> <span class='ocrx_word' id='word_1_615' title='bbox 1220 4346 1408 4395; x_wconf 86' lang='lat' dir='ltr'><strong><em>carent</em></strong></span> <span class='ocrx_word' id='word_1_616' title='bbox 1438 4335 1636 4389; x_wconf 92' lang='lat' dir='ltr'><strong><em>medio.</em></strong></span> <span class='ocrx_word' id='word_1_617' title='bbox 1670 4332 1784 4385; x_wconf 83' lang='lat' dir='ltr'><strong><em>Non</em></strong></span> <span class='ocrx_word' id='word_1_618' title='bbox 1811 4328 2144 4383; x_wconf 80' lang='lat' dir='ltr'><strong><em>subsistente</em></strong></span> 
     </span>
    </p>
   </div>
   <div class='ocr_carea' id='block_1_75' title="bbox 545 4419 2142 4511">
    <p class='ocr_par' dir='ltr' id='par_1_75' title="bbox 545 4419 2142 4511">
     <span class='ocr_line' id='line_1_75' title="bbox 545 4419 2142 4511; baseline -0.024 -4"><span class='ocrx_word' id='word_1_619' title='bbox 545 4419 726 4506; x_wconf 70' lang='lat' dir='ltr'><strong><em>autem</em></strong></span> <span class='ocrx_word' id='word_1_620' title='bbox 770 4460 864 4511; x_wconf 89' lang='lat' dir='ltr'><strong><em>re,</em></strong></span> <span class='ocrx_word' id='word_1_621' title='bbox 918 4436 1334 4496; x_wconf 87' lang='lat' dir='ltr'><strong><em>contrarietates</em></strong></span> <span class='ocrx_word' id='word_1_622' title='bbox 1385 4436 1628 4495; x_wconf 74' lang='lat' dir='ltr'><strong><em>utraeque</em></strong></span> <span class='ocrx_word' id='word_1_623' title='bbox 1665 4431 1791 4477; x_wconf 91' lang='lat' dir='ltr'><strong><em>sunt</em></strong></span> <span class='ocrx_word' id='word_1_624' title='bbox 1831 4420 1997 4474; x_wconf 70' lang='lat' dir='ltr'><strong><em>falsae.</em></strong></span> <span class='ocrx_word' id='word_1_625' title='bbox 2049 4419 2142 4472; x_wconf 83' lang='lat' dir='ltr'><strong><em>illa</em></strong></span> 
     </span>
    </p>
   </div>
   <div class='ocr_carea' id='block_1_76' title="bbox 2247 3221 3838 3302">
    <p class='ocr_par' dir='ltr' id='par_1_76' title="bbox 2247 3221 3838 3302">
     <span class='ocr_line' id='line_1_76' title="bbox 2247 3221 3838 3302; baseline -0.012 -9"><span class='ocrx_word' id='word_1_626' title='bbox 2247 3252 2372 3293; x_wconf 90' lang='lat' dir='ltr'><strong><em>cere</em></strong></span> <span class='ocrx_word' id='word_1_627' title='bbox 2396 3250 2597 3290; x_wconf 63' lang='lat' dir='ltr'><strong><em>caecum</em></strong></span> <span class='ocrx_word' id='word_1_628' title='bbox 2620 3248 2742 3289; x_wconf 90' lang='lat' dir='ltr'><strong><em>esse</em></strong></span> <span class='ocrx_word' id='word_1_629' title='bbox 2761 3232 2993 3302; x_wconf 88' lang='lat' dir='ltr'><strong><em>aliquem</em></strong></span> <span class='ocrx_word' id='word_1_630' title='bbox 3018 3228 3162 3301; x_wconf 89' lang='lat' dir='ltr'><strong><em>quod</em></strong></span> <span class='ocrx_word' id='word_1_631' title='bbox 3184 3242 3292 3283; x_wconf 90' lang='lat' dir='ltr'><strong><em>non</em></strong></span> <span class='ocrx_word' id='word_1_632' title='bbox 3328 3226 3552 3283; x_wconf 86' lang='lat' dir='ltr'><strong><em>videre:</em></strong></span> <span class='ocrx_word' id='word_1_633' title='bbox 3582 3223 3674 3295; x_wconf 87' lang='lat' dir='ltr'><strong><em>qui</em></strong></span> <span class='ocrx_word' id='word_1_634' title='bbox 3695 3221 3838 3278; x_wconf 89' lang='lat' dir='ltr'><strong><em>enim</em></strong></span> 
     </span>
    </p>
   </div>
   <div class='ocr_carea' id='block_1_77' title="bbox 2246 3311 3834 3394">
    <p class='ocr_par' dir='ltr' id='par_1_77' title="bbox 2246 3311 3834 3394">
     <span class='ocr_line' id='line_1_77' title="bbox 2246 3311 3834 3394; baseline -0.013 -8"><span class='ocrx_word' id='word_1_635' title='bbox 2246 3340 2423 3386; x_wconf 74' lang='lat' dir='ltr'><strong><em>caecus</em></strong></span> <span class='ocrx_word' id='word_1_636' title='bbox 2452 3338 2556 3393; x_wconf 90' lang='lat' dir='ltr'><strong><em>est,</em></strong></span> <span class='ocrx_word' id='word_1_637' title='bbox 2590 3322 2836 3383; x_wconf 72' lang='lat' dir='ltr'><strong><em>subsistit</em></strong></span> <span class='ocrx_word' id='word_1_638' title='bbox 2876 3325 3134 3394; x_wconf 87' lang='lat' dir='ltr'><strong><em>vivitque,</em></strong></span> <span class='ocrx_word' id='word_1_639' title='bbox 3176 3329 3236 3377; x_wconf 90' lang='lat' dir='ltr'><strong><em>ut</em></strong></span> <span class='ocrx_word' id='word_1_640' title='bbox 3279 3320 3351 3375; x_wconf 89' lang='lat' dir='ltr'><strong><em>sit</em></strong></span> <span class='ocrx_word' id='word_1_641' title='bbox 3395 3331 3592 3383; x_wconf 60' lang='lat' dir='ltr'><strong><em>caecus,</em></strong></span> <span class='ocrx_word' id='word_1_642' title='bbox 3620 3329 3726 3371; x_wconf 91' lang='lat' dir='ltr'><strong><em>non</em></strong></span> <span class='ocrx_word' id='word_1_643' title='bbox 3754 3311 3834 3366; x_wconf 87' lang='lat' dir='ltr'><strong><em>vi-</em></strong></span> 
     </span>
    </p>
   </div>
   <div class='ocr_carea' id='block_1_78' title="bbox 2246 3409 3832 3479">
    <p class='ocr_par' dir='ltr' id='par_1_78' title="bbox 2246 3409 3832 3479">
     <span class='ocr_line' id='line_1_78' title="bbox 2246 3409 3832 3479; baseline -0.012 -1"><span class='ocrx_word' id='word_1_644' title='bbox 2246 3425 2376 3479; x_wconf 91' lang='lat' dir='ltr'><strong><em>dere</em></strong></span> <span class='ocrx_word' id='word_1_645' title='bbox 2393 3436 2523 3477; x_wconf 88' lang='lat' dir='ltr'><strong><em>vero</em></strong></span> <span class='ocrx_word' id='word_1_646' title='bbox 2543 3419 2704 3475; x_wconf 89' lang='lat' dir='ltr'><strong><em>etiam</em></strong></span> <span class='ocrx_word' id='word_1_647' title='bbox 2717 3417 2785 3473; x_wconf 90' lang='lat' dir='ltr'><strong><em>de</em></strong></span> <span class='ocrx_word' id='word_1_648' title='bbox 2807 3418 3028 3471; x_wconf 90' lang='lat' dir='ltr'><strong><em>omnino</em></strong></span> <span class='ocrx_word' id='word_1_649' title='bbox 3045 3430 3153 3470; x_wconf 93' lang='lat' dir='ltr'><strong><em>non</em></strong></span> <span class='ocrx_word' id='word_1_650' title='bbox 3174 3412 3499 3468; x_wconf 84' lang='lat' dir='ltr'><strong><em>subsistente</em></strong></span> <span class='ocrx_word' id='word_1_651' title='bbox 3516 3409 3617 3465; x_wconf 91' lang='lat' dir='ltr'><strong><em>dici</em></strong></span> <span class='ocrx_word' id='word_1_652' title='bbox 3641 3412 3832 3476; x_wconf 83' lang='lat' dir='ltr'><strong><em>potest.</em></strong></span> 
     </span>
    </p>
   </div>
   <div class='ocr_carea' id='block_1_79' title="bbox 2247 3505 3836 3582">
    <p class='ocr_par' dir='ltr' id='par_1_79' title="bbox 2247 3505 3836 3582">
     <span class='ocr_line' id='line_1_79' title="bbox 2247 3505 3836 3582; baseline -0.012 -12"><span class='ocrx_word' id='word_1_653' title='bbox 2247 3518 2346 3582; x_wconf 89' lang='lat' dir='ltr'><strong><em>Qui</em></strong></span> <span class='ocrx_word' id='word_1_654' title='bbox 2377 3514 2520 3569; x_wconf 89' lang='lat' dir='ltr'><strong><em>enim</em></strong></span> <span class='ocrx_word' id='word_1_655' title='bbox 2553 3526 2661 3568; x_wconf 89' lang='lat' dir='ltr'><strong><em>non</em></strong></span> <span class='ocrx_word' id='word_1_656' title='bbox 2696 3510 2944 3566; x_wconf 88' lang='lat' dir='ltr'><strong><em>subsistit</em></strong></span> <span class='ocrx_word' id='word_1_657' title='bbox 2972 3509 3193 3563; x_wconf 89' lang='lat' dir='ltr'><strong><em>omnino</em></strong></span> <span class='ocrx_word' id='word_1_658' title='bbox 3217 3506 3402 3560; x_wconf 90' lang='lat' dir='ltr'><strong><em>videre</em></strong></span> <span class='ocrx_word' id='word_1_659' title='bbox 3426 3518 3531 3558; x_wconf 90' lang='lat' dir='ltr'><strong><em>non</em></strong></span> <span class='ocrx_word' id='word_1_660' title='bbox 3559 3507 3751 3571; x_wconf 88' lang='lat' dir='ltr'><strong><em>potest,</em></strong></span> <span class='ocrx_word' id='word_1_661' title='bbox 3784 3505 3836 3551; x_wconf 92' lang='lat' dir='ltr'><strong><em>et</em></strong></span> 
     </span>
    </p>
   </div>
   <div class='ocr_carea' id='block_1_80' title="bbox 2246 3590 3836 3681">
    <p class='ocr_par' dir='ltr' id='par_1_80' title="bbox 2246 3590 3836 3681">
     <span class='ocr_line' id='line_1_80' title="bbox 2246 3590 3836 3681; baseline -0.014 -16"><span class='ocrx_word' id='word_1_662' title='bbox 2246 3610 2337 3681; x_wconf 88' lang='lat' dir='ltr'><strong><em>qui</em></strong></span> <span class='ocrx_word' id='word_1_663' title='bbox 2363 3608 2550 3663; x_wconf 90' lang='lat' dir='ltr'><strong><em>videre</em></strong></span> <span class='ocrx_word' id='word_1_664' title='bbox 2576 3620 2682 3661; x_wconf 87' lang='lat' dir='ltr'><strong><em>non</em></strong></span> <span class='ocrx_word' id='word_1_665' title='bbox 2711 3612 2888 3673; x_wconf 89' lang='lat' dir='ltr'><strong><em>potest</em></strong></span> <span class='ocrx_word' id='word_1_666' title='bbox 2916 3617 3021 3657; x_wconf 91' lang='lat' dir='ltr'><strong><em>non</em></strong></span> <span class='ocrx_word' id='word_1_667' title='bbox 3043 3600 3207 3655; x_wconf 89' lang='lat' dir='ltr'><strong><em>videt.</em></strong></span> <span class='ocrx_word' id='word_1_668' title='bbox 3226 3590 3485 3664; x_wconf 84' lang='lat' dir='ltr'><strong><em>Quocii-ca</em></strong></span> <span class='ocrx_word' id='word_1_669' title='bbox 3511 3595 3563 3648; x_wconf 89' lang='lat' dir='ltr'><strong><em>in</em></strong></span> <span class='ocrx_word' id='word_1_670' title='bbox 3594 3591 3836 3646; x_wconf 78' lang='lat' dir='ltr'><strong><em>afﬁrma-</em></strong></span> 
     </span>
    </p>
   </div>
   <div class='ocr_carea' id='block_1_81' title="bbox 2250 3683 3838 3767">
    <p class='ocr_par' dir='ltr' id='par_1_81' title="bbox 2250 3683 3838 3767">
     <span class='ocr_line' id='line_1_81' title="bbox 2250 3683 3838 3767; baseline -0.013 -12"><span class='ocrx_word' id='word_1_671' title='bbox 2250 3702 2394 3755; x_wconf 89' lang='lat' dir='ltr'><strong><em>tione</em></strong></span> <span class='ocrx_word' id='word_1_672' title='bbox 2423 3708 2478 3753; x_wconf 92' lang='lat' dir='ltr'><strong><em>et</em></strong></span> <span class='ocrx_word' id='word_1_673' title='bbox 2505 3683 2791 3767; x_wconf 87' lang='lat' dir='ltr'><strong><em>negatione</em></strong></span> <span class='ocrx_word' id='word_1_674' title='bbox 2828 3695 2944 3749; x_wconf 88' lang='lat' dir='ltr'><strong><em>sive</em></strong></span> <span class='ocrx_word' id='word_1_675' title='bbox 2990 3690 3060 3747; x_wconf 90' lang='lat' dir='ltr'><strong><em>sit</em></strong></span> <span class='ocrx_word' id='word_1_676' title='bbox 3108 3690 3176 3745; x_wconf 85' lang='lat' dir='ltr'><strong><em>de</em></strong></span> <span class='ocrx_word' id='word_1_677' title='bbox 3203 3703 3312 3759; x_wconf 87' lang='lat' dir='ltr'><strong><em>quo</em></strong></span> <span class='ocrx_word' id='word_1_678' title='bbox 3338 3687 3550 3748; x_wconf 88' lang='lat' dir='ltr'><strong><em>dicitur,</em></strong></span> <span class='ocrx_word' id='word_1_679' title='bbox 3583 3683 3699 3738; x_wconf 85' lang='lat' dir='ltr'><strong><em>sive</em></strong></span> <span class='ocrx_word' id='word_1_680' title='bbox 3731 3696 3838 3735; x_wconf 91' lang='lat' dir='ltr'><strong><em>non</em></strong></span> 
     </span>
    </p>
   </div>
   <div class='ocr_carea' id='block_1_82' title="bbox 2245 3773 3838 3856">
    <p class='ocr_par' dir='ltr' id='par_1_82' title="bbox 2245 3773 3838 3856">
     <span class='ocr_line' id='line_1_82' title="bbox 2245 3773 3838 3856; baseline -0.013 -10"><span class='ocrx_word' id='word_1_681' title='bbox 2245 3792 2337 3856; x_wconf 90' lang='lat' dir='ltr'><strong><em>sit,</em></strong></span> <span class='ocrx_word' id='word_1_682' title='bbox 2371 3803 2477 3844; x_wconf 89' lang='lat' dir='ltr'><strong><em>una</em></strong></span> <span class='ocrx_word' id='word_1_683' title='bbox 2507 3801 2723 3856; x_wconf 89' lang='lat' dir='ltr'><strong><em>semper</em></strong></span> <span class='ocrx_word' id='word_1_684' title='bbox 2752 3798 2882 3839; x_wconf 90' lang='lat' dir='ltr'><strong><em>vera</em></strong></span> <span class='ocrx_word' id='word_1_685' title='bbox 2909 3793 3014 3849; x_wconf 89' lang='lat' dir='ltr'><strong><em>est,</em></strong></span> <span class='ocrx_word' id='word_1_686' title='bbox 3046 3782 3215 3836; x_wconf 89' lang='lat' dir='ltr'><strong><em>altera</em></strong></span> <span class='ocrx_word' id='word_1_687' title='bbox 3258 3780 3411 3834; x_wconf 89' lang='lat' dir='ltr'><strong><em>ralsa.</em></strong></span> <span class='ocrx_word' id='word_1_688' title='bbox 3444 3776 3575 3832; x_wconf 86' lang='lat' dir='ltr'><strong><em>Nam</em></strong></span> <span class='ocrx_word' id='word_1_689' title='bbox 3621 3788 3743 3829; x_wconf 90' lang='lat' dir='ltr'><strong><em>cum</em></strong></span> <span class='ocrx_word' id='word_1_690' title='bbox 3769 3773 3838 3826; x_wconf 88' lang='lat' dir='ltr'><strong><em>sit</em></strong></span> 
     </span>
    </p>
   </div>
   <div class='ocr_carea' id='block_1_83' title="bbox 2245 3869 3842 3945">
    <p class='ocr_par' dir='ltr' id='par_1_83' title="bbox 2245 3869 3842 3945">
     <span class='ocr_line' id='line_1_83' title="bbox 2245 3869 3842 3945; baseline -0.014 -3"><span class='ocrx_word' id='word_1_691' title='bbox 2245 3885 2500 3942; x_wconf 90' lang='lat' dir='ltr'><strong><em>Socrates</em></strong></span> <span class='ocrx_word' id='word_1_692' title='bbox 2528 3890 2584 3935; x_wconf 90' lang='lat' dir='ltr'><strong><em>et</em></strong></span> <span class='ocrx_word' id='word_1_693' title='bbox 2632 3881 2793 3945; x_wconf 89' lang='lat' dir='ltr'><strong><em>vivat,</em></strong></span> <span class='ocrx_word' id='word_1_694' title='bbox 2835 3878 2879 3932; x_wconf 92' lang='lat' dir='ltr'><strong><em>si</em></strong></span> <span class='ocrx_word' id='word_1_695' title='bbox 2921 3877 2989 3931; x_wconf 92' lang='lat' dir='ltr'><strong><em>de</em></strong></span> <span class='ocrx_word' id='word_1_696' title='bbox 3019 3890 3086 3931; x_wconf 91' lang='lat' dir='ltr'><strong><em>eo</em></strong></span> <span class='ocrx_word' id='word_1_697' title='bbox 3121 3887 3309 3928; x_wconf 90' lang='lat' dir='ltr'><strong><em>verum</em></strong></span> <span class='ocrx_word' id='word_1_698' title='bbox 3354 3880 3438 3927; x_wconf 88' lang='lat' dir='ltr'><strong><em>est</em></strong></span> <span class='ocrx_word' id='word_1_699' title='bbox 3477 3869 3679 3935; x_wconf 89' lang='lat' dir='ltr'><strong><em>dicere,</em></strong></span> <span class='ocrx_word' id='word_1_700' title='bbox 3710 3881 3842 3938; x_wconf 90' lang='lat' dir='ltr'><strong><em>quo-</em></strong></span> 
     </span>
    </p>
   </div>
   <div class='ocr_carea' id='block_1_84' title="bbox 2246 3962 3842 4044">
    <p class='ocr_par' dir='ltr' id='par_1_84' title="bbox 2246 3962 3842 4044">
     <span class='ocr_line' id='line_1_84' title="bbox 2246 3962 3842 4044; baseline -0.011 -11"><span class='ocrx_word' id='word_1_701' title='bbox 2246 3979 2392 4033; x_wconf 85' lang='lat' dir='ltr'><strong><em>niam</em></strong></span> <span class='ocrx_word' id='word_1_702' title='bbox 2412 3975 2578 4044; x_wconf 91' lang='lat' dir='ltr'><strong><em>videt,</em></strong></span> <span class='ocrx_word' id='word_1_703' title='bbox 2606 3973 2796 4028; x_wconf 79' lang='lat' dir='ltr'><strong><em>falsum</em></strong></span> <span class='ocrx_word' id='word_1_704' title='bbox 2826 3978 2913 4026; x_wconf 88' lang='lat' dir='ltr'><strong><em>est</em></strong></span> <span class='ocrx_word' id='word_1_705' title='bbox 2940 3968 3143 4034; x_wconf 91' lang='lat' dir='ltr'><strong><em>dicere,</em></strong></span> <span class='ocrx_word' id='word_1_706' title='bbox 3167 3965 3417 4036; x_wconf 89' lang='lat' dir='ltr'><strong><em>quoniam</em></strong></span> <span class='ocrx_word' id='word_1_707' title='bbox 3449 3978 3556 4018; x_wconf 89' lang='lat' dir='ltr'><strong><em>non</em></strong></span> <span class='ocrx_word' id='word_1_708' title='bbox 3588 3962 3755 4027; x_wconf 89' lang='lat' dir='ltr'><strong><em>videt,</em></strong></span> <span class='ocrx_word' id='word_1_709' title='bbox 3788 3969 3842 4015; x_wconf 89' lang='lat' dir='ltr'><strong><em>et</em></strong></span> 
     </span>
    </p>
   </div>
   <div class='ocr_carea' id='block_1_85' title="bbox 2247 4050 3841 4129">
    <p class='ocr_par' dir='ltr' id='par_1_85' title="bbox 2247 4050 3841 4129">
     <span class='ocr_line' id='line_1_85' title="bbox 2247 4050 3841 4129; baseline -0.013 -3"><span class='ocrx_word' id='word_1_710' title='bbox 2247 4071 2293 4125; x_wconf 90' lang='lat' dir='ltr'><strong><em>si</em></strong></span> <span class='ocrx_word' id='word_1_711' title='bbox 2323 4068 2393 4124; x_wconf 89' lang='lat' dir='ltr'><strong><em>de</em></strong></span> <span class='ocrx_word' id='word_1_712' title='bbox 2420 4083 2485 4123; x_wconf 90' lang='lat' dir='ltr'><strong><em>eo</em></strong></span> <span class='ocrx_word' id='word_1_713' title='bbox 2512 4080 2698 4122; x_wconf 90' lang='lat' dir='ltr'><strong><em>verum</em></strong></span> <span class='ocrx_word' id='word_1_714' title='bbox 2737 4073 2823 4119; x_wconf 90' lang='lat' dir='ltr'><strong><em>est</em></strong></span> <span class='ocrx_word' id='word_1_715' title='bbox 2860 4061 3063 4126; x_wconf 90' lang='lat' dir='ltr'><strong><em>dicere,</em></strong></span> <span class='ocrx_word' id='word_1_716' title='bbox 3105 4058 3359 4129; x_wconf 91' lang='lat' dir='ltr'><strong><em>quoniam</em></strong></span> <span class='ocrx_word' id='word_1_717' title='bbox 3398 4070 3561 4110; x_wconf 90' lang='lat' dir='ltr'><strong><em>sanus</em></strong></span> <span class='ocrx_word' id='word_1_718' title='bbox 3601 4063 3704 4119; x_wconf 90' lang='lat' dir='ltr'><strong><em>est,</em></strong></span> <span class='ocrx_word' id='word_1_719' title='bbox 3744 4050 3841 4105; x_wconf 86' lang='lat' dir='ltr'><strong><em>fal-</em></strong></span> 
     </span>
    </p>
   </div>
   <div class='ocr_carea' id='block_1_86' title="bbox 2248 4144 3839 4223">
    <p class='ocr_par' dir='ltr' id='par_1_86' title="bbox 2248 4144 3839 4223">
     <span class='ocr_line' id='line_1_86' title="bbox 2248 4144 3839 4223; baseline -0.013 -6"><span class='ocrx_word' id='word_1_720' title='bbox 2248 4177 2366 4218; x_wconf 88' lang='lat' dir='ltr'><strong><em>sum</em></strong></span> <span class='ocrx_word' id='word_1_721' title='bbox 2399 4168 2483 4215; x_wconf 92' lang='lat' dir='ltr'><strong><em>est</em></strong></span> <span class='ocrx_word' id='word_1_722' title='bbox 2509 4159 2693 4213; x_wconf 89' lang='lat' dir='ltr'><strong><em>dicere</em></strong></span> <span class='ocrx_word' id='word_1_723' title='bbox 2716 4155 2785 4210; x_wconf 89' lang='lat' dir='ltr'><strong><em>de</em></strong></span> <span class='ocrx_word' id='word_1_724' title='bbox 2814 4167 2881 4209; x_wconf 91' lang='lat' dir='ltr'><strong><em>eo</em></strong></span> <span class='ocrx_word' id='word_1_725' title='bbox 2906 4152 3160 4223; x_wconf 89' lang='lat' dir='ltr'><strong><em>quoniam</em></strong></span> <span class='ocrx_word' id='word_1_726' title='bbox 3188 4164 3296 4205; x_wconf 93' lang='lat' dir='ltr'><strong><em>non</em></strong></span> <span class='ocrx_word' id='word_1_727' title='bbox 3320 4156 3404 4203; x_wconf 89' lang='lat' dir='ltr'><strong><em>est</em></strong></span> <span class='ocrx_word' id='word_1_728' title='bbox 3444 4161 3627 4202; x_wconf 89' lang='lat' dir='ltr'><strong><em>sanus.</em></strong></span> <span class='ocrx_word' id='word_1_729' title='bbox 3660 4144 3717 4198; x_wconf 91' lang='lat' dir='ltr'><strong><em>Si</em></strong></span> <span class='ocrx_word' id='word_1_730' title='bbox 3746 4156 3839 4198; x_wconf 88' lang='lat' dir='ltr'><strong><em>ne-</em></strong></span> 
     </span>
    </p>
   </div>
   <div class='ocr_carea' id='block_1_87' title="bbox 2247 4232 3838 4325">
    <p class='ocr_par' dir='ltr' id='par_1_87' title="bbox 2247 4232 3838 4325">
     <span class='ocr_line' id='line_1_87' title="bbox 2247 4232 3838 4325; baseline -0.014 -16"><span class='ocrx_word' id='word_1_731' title='bbox 2247 4254 2489 4325; x_wconf 90' lang='lat' dir='ltr'><strong><em>gationes</em></strong></span> <span class='ocrx_word' id='word_1_732' title='bbox 2536 4264 2681 4306; x_wconf 63' lang='lat' dir='ltr'><strong><em>vera:</em></strong></span> <span class='ocrx_word' id='word_1_733' title='bbox 2734 4255 2879 4315; x_wconf 90' lang='lat' dir='ltr'><strong><em>sunt,</em></strong></span> <span class='ocrx_word' id='word_1_734' title='bbox 2930 4244 3076 4298; x_wconf 72' lang='lat' dir='ltr'><strong><em>falsa:</em></strong></span> <span class='ocrx_word' id='word_1_735' title='bbox 3125 4250 3254 4298; x_wconf 90' lang='lat' dir='ltr'><strong><em>sunt</em></strong></span> <span class='ocrx_word' id='word_1_736' title='bbox 3310 4237 3718 4295; x_wconf 80' lang='lat' dir='ltr'><strong><em>afﬁrmationes.</em></strong></span> <span class='ocrx_word' id='word_1_737' title='bbox 3774 4232 3838 4289; x_wconf 92' lang='lat' dir='ltr'><strong><em>Si</em></strong></span> 
     </span>
    </p>
   </div>
   <div class='ocr_carea' id='block_1_88' title="bbox 2248 4325 3837 4410">
    <p class='ocr_par' dir='ltr' id='par_1_88' title="bbox 2248 4325 3837 4410">
     <span class='ocr_line' id='line_1_88' title="bbox 2248 4325 3837 4410; baseline -0.014 -8"><span class='ocrx_word' id='word_1_738' title='bbox 2248 4362 2379 4402; x_wconf 89' lang='lat' dir='ltr'><strong><em>vero</em></strong></span> <span class='ocrx_word' id='word_1_739' title='bbox 2441 4357 2528 4399; x_wconf 91' lang='lat' dir='ltr'><strong><em>res</em></strong></span> <span class='ocrx_word' id='word_1_740' title='bbox 2588 4341 2831 4410; x_wconf 83' lang='lat' dir='ltr'><strong><em>subjecta</em></strong></span> <span class='ocrx_word' id='word_1_741' title='bbox 2878 4353 2985 4392; x_wconf 86' lang='lat' dir='ltr'><strong><em>non</em></strong></span> <span class='ocrx_word' id='word_1_742' title='bbox 3031 4335 3287 4391; x_wconf 83' lang='lat' dir='ltr'><strong><em>subsistat</em></strong></span> <span class='ocrx_word' id='word_1_743' title='bbox 3338 4330 3597 4396; x_wconf 90' lang='lat' dir='ltr'><strong><em>omnino,</em></strong></span> <span class='ocrx_word' id='word_1_744' title='bbox 3654 4325 3723 4382; x_wconf 90' lang='lat' dir='ltr'><strong><em>de</em></strong></span> <span class='ocrx_word' id='word_1_745' title='bbox 3773 4341 3837 4380; x_wconf 82' lang='lat' dir='ltr'><strong><em>ea</em></strong></span> 
     </span>
    </p>
   </div>
   <div class='ocr_carea' id='block_1_89' title="bbox 2250 4423 3837 4507">
    <p class='ocr_par' dir='ltr' id='par_1_89' title="bbox 2250 4423 3837 4507">
     <span class='ocr_line' id='line_1_89' title="bbox 2250 4423 3837 4507; baseline -0.013 -14"><span class='ocrx_word' id='word_1_746' title='bbox 2250 4436 2467 4507; x_wconf 89' lang='lat' dir='ltr'><strong><em>quidem</em></strong></span> <span class='ocrx_word' id='word_1_747' title='bbox 2511 4430 2799 4488; x_wconf 80' lang='lat' dir='ltr'><strong><em>afﬁrmatio</em></strong></span> <span class='ocrx_word' id='word_1_748' title='bbox 2847 4430 2978 4484; x_wconf 77' lang='lat' dir='ltr'><strong><em>falsa</em></strong></span> <span class='ocrx_word' id='word_1_749' title='bbox 3027 4436 3131 4495; x_wconf 91' lang='lat' dir='ltr'><strong><em>est,</em></strong></span> <span class='ocrx_word' id='word_1_750' title='bbox 3186 4423 3398 4494; x_wconf 87' lang='lat' dir='ltr'><strong><em>negatio</em></strong></span> <span class='ocrx_word' id='word_1_751' title='bbox 3444 4436 3661 4490; x_wconf 88' lang='lat' dir='ltr'><strong><em>semper</em></strong></span> <span class='ocrx_word' id='word_1_752' title='bbox 3690 4433 3837 4475; x_wconf 88' lang='lat' dir='ltr'><strong><em>vera.</em></strong></span> 
     </span>
    </p>
   </div>
   <div class='ocr_carea' id='block_1_90' title="bbox 547 4511 2237 4622">
    <p class='ocr_par' dir='ltr' id='par_1_90' title="bbox 547 4511 2225 4622">
     <span class='ocr_line' id='line_1_90' title="bbox 547 4511 2225 4622; baseline -0.023 -24"><span class='ocrx_word' id='word_1_753' title='bbox 547 4561 676 4601; x_wconf 89' lang='lat' dir='ltr'><strong><em>vero</em></strong></span> <span class='ocrx_word' id='word_1_754' title='bbox 713 4555 832 4612; x_wconf 63' lang='lat' dir='ltr'><strong><em>qua:</em></strong></span> <span class='ocrx_word' id='word_1_755' title='bbox 870 4532 1166 4591; x_wconf 89' lang='lat' dir='ltr'><strong><em>secundum</em></strong></span> <span class='ocrx_word' id='word_1_756' title='bbox 1193 4522 1549 4596; x_wconf 88' lang='lat' dir='ltr'><strong><em>privationem</em></strong></span> <span class='ocrx_word' id='word_1_757' title='bbox 1582 4516 1929 4583; x_wconf 86' lang='lat' dir='ltr'><strong><em>habitumque</em></strong></span> <span class='ocrx_word' id='word_1_758' title='bbox 1955 4511 2143 4565; x_wconf 86' lang='lat' dir='ltr'><strong><em>dicun-</em></strong></span> <span class='ocrx_word' id='word_1_759' title='bbox 2168 4560 2225 4622; x_wconf 67' lang='grc' dir='ltr'><strong><em>Β</em></strong></span> 
     </span>
    </p>
   </div>
   <div class='ocr_carea' id='block_1_91' title="bbox 2149 4511 3839 4622">
    <p class='ocr_par' dir='ltr' id='par_1_91' title="bbox 2168 4519 3839 4622">
     <span class='ocr_line' id='line_1_91' title="bbox 2168 4519 3839 4622; baseline -0.011 -36"><span class='ocrx_word' id='word_1_760' title='bbox 2168 4560 2225 4622; x_wconf 77' lang='lat' dir='ltr'><strong>D</strong></span> <span class='ocrx_word' id='word_1_761' title='bbox 2252 4532 2447 4586; x_wconf 82' lang='lat' dir='ltr'><strong><em>Nostro</em></strong></span> <span class='ocrx_word' id='word_1_762' title='bbox 2474 4528 2617 4583; x_wconf 87' lang='lat' dir='ltr'><strong><em>enim</em></strong></span> <span class='ocrx_word' id='word_1_763' title='bbox 2672 4536 2914 4595; x_wconf 90' lang='lat' dir='ltr'><strong><em>tempore</em></strong></span> <span class='ocrx_word' id='word_1_764' title='bbox 2971 4538 3094 4577; x_wconf 92' lang='lat' dir='ltr'><strong><em>cum</em></strong></span> <span class='ocrx_word' id='word_1_765' title='bbox 3140 4519 3391 4575; x_wconf 87' lang='lat' dir='ltr'><strong><em>Socrates</em></strong></span> <span class='ocrx_word' id='word_1_766' title='bbox 3449 4531 3557 4570; x_wconf 92' lang='lat' dir='ltr'><strong><em>non</em></strong></span> <span class='ocrx_word' id='word_1_767' title='bbox 3608 4524 3693 4571; x_wconf 90' lang='lat' dir='ltr'><strong><em>est</em></strong></span> <span class='ocrx_word' id='word_1_768' title='bbox 3740 4528 3839 4569; x_wconf 79' lang='lat' dir='ltr'><strong><em>ne~</em></strong></span> 
     </span>
    </p>
   </div>
   <div class='ocr_carea' id='block_1_92' title="bbox 547 4603 2146 4704">
    <p class='ocr_par' dir='ltr' id='par_1_92' title="bbox 547 4603 2146 4704">
     <span class='ocr_line' id='line_1_92' title="bbox 547 4603 2146 4704; baseline -0.024 -9"><span class='ocrx_word' id='word_1_769' title='bbox 547 4650 659 4704; x_wconf 81' lang='lat' dir='ltr'><strong><em>tur,</em></strong></span> <span class='ocrx_word' id='word_1_770' title='bbox 706 4603 749 4689; x_wconf 79' lang='lat' dir='ltr'><strong><em>si</em></strong></span> <span class='ocrx_word' id='word_1_771' title='bbox 779 4645 897 4687; x_wconf 89' lang='lat' dir='ltr'><strong><em>cum</em></strong></span> <span class='ocrx_word' id='word_1_772' title='bbox 938 4620 1315 4693; x_wconf 78' lang='lat' dir='ltr'><strong><em>complexione</em></strong></span> <span class='ocrx_word' id='word_1_773' title='bbox 1365 4611 1742 4684; x_wconf 75' lang='lat' dir='ltr'><strong><em>praedicentur,</em></strong></span> <span class='ocrx_word' id='word_1_774' title='bbox 1795 4617 1850 4661; x_wconf 87' lang='lat' dir='ltr'><strong><em>et</em></strong></span> <span class='ocrx_word' id='word_1_775' title='bbox 1886 4603 2146 4660; x_wconf 88' lang='lat' dir='ltr'><strong><em>subsistat</em></strong></span> 
     </span>
    </p>
   </div>
   <div class='ocr_carea' id='block_1_93' title="bbox 549 4697 2144 4796">
    <p class='ocr_par' dir='ltr' id='par_1_93' title="bbox 549 4697 2144 4796">
     <span class='ocr_line' id='line_1_93' title="bbox 549 4697 2144 4796; baseline -0.024 -10"><span class='ocrx_word' id='word_1_776' title='bbox 549 4697 662 4796; x_wconf 72' lang='lat' dir='ltr'><strong><em>res,</em></strong></span> <span class='ocrx_word' id='word_1_777' title='bbox 695 4740 802 4781; x_wconf 92' lang='lat' dir='ltr'><strong><em>non</em></strong></span> <span class='ocrx_word' id='word_1_778' title='bbox 830 4732 1051 4775; x_wconf 89' lang='lat' dir='ltr'><strong><em>necesse</em></strong></span> <span class='ocrx_word' id='word_1_779' title='bbox 1078 4722 1162 4768; x_wconf 85' lang='lat' dir='ltr'><strong><em>est</em></strong></span> <span class='ocrx_word' id='word_1_780' title='bbox 1188 4711 1347 4764; x_wconf 88' lang='lat' dir='ltr'><strong><em>aliam</em></strong></span> <span class='ocrx_word' id='word_1_781' title='bbox 1368 4718 1548 4760; x_wconf 90' lang='lat' dir='ltr'><strong><em>veram</em></strong></span> <span class='ocrx_word' id='word_1_782' title='bbox 1579 4715 1720 4765; x_wconf 88' lang='lat' dir='ltr'><strong><em>esse,</em></strong></span> <span class='ocrx_word' id='word_1_783' title='bbox 1749 4699 1906 4752; x_wconf 88' lang='lat' dir='ltr'><strong><em>aliam</em></strong></span> <span class='ocrx_word' id='word_1_784' title='bbox 1932 4697 2144 4761; x_wconf 86' lang='lat' dir='ltr'><strong><em>falsam,</em></strong></span> 
     </span>
    </p>
   </div>
   <div class='ocr_carea' id='block_1_94' title="bbox 552 4789 2142 4877">
    <p class='ocr_par' dir='ltr' id='par_1_94' title="bbox 552 4789 2142 4877">
     <span class='ocr_line' id='line_1_94' title="bbox 552 4789 2142 4877; baseline -0.022 -1"><span class='ocrx_word' id='word_1_785' title='bbox 552 4830 608 4877; x_wconf 91' lang='lat' dir='ltr'><strong><em>et</em></strong></span> <span class='ocrx_word' id='word_1_786' title='bbox 633 4789 755 4872; x_wconf 76' lang='lat' dir='ltr'><strong><em>cum</em></strong></span> <span class='ocrx_word' id='word_1_787' title='bbox 778 4828 864 4868; x_wconf 92' lang='lat' dir='ltr'><strong><em>res</em></strong></span> <span class='ocrx_word' id='word_1_788' title='bbox 888 4809 1108 4864; x_wconf 90' lang='lat' dir='ltr'><strong><em>omnino</em></strong></span> <span class='ocrx_word' id='word_1_789' title='bbox 1148 4817 1253 4857; x_wconf 93' lang='lat' dir='ltr'><strong><em>non</em></strong></span> <span class='ocrx_word' id='word_1_790' title='bbox 1283 4800 1374 4865; x_wconf 90' lang='lat' dir='ltr'><strong><em>sit,</em></strong></span> <span class='ocrx_word' id='word_1_791' title='bbox 1406 4807 1648 4863; x_wconf 66' lang='lat' dir='ltr'><strong><em>utraeque</em></strong></span> <span class='ocrx_word' id='word_1_792' title='bbox 1677 4799 1803 4847; x_wconf 89' lang='lat' dir='ltr'><strong><em>sunt</em></strong></span> <span class='ocrx_word' id='word_1_793' title='bbox 1834 4790 2003 4843; x_wconf 79' lang='lat' dir='ltr'><strong><em>falsae.</em></strong></span> <span class='ocrx_word' id='word_1_794' title='bbox 2038 4789 2142 4843; x_wconf 88' lang='lat' dir='ltr'><strong><em>So-</em></strong></span> 
     </span>
    </p>
   </div>
   <div class='ocr_carea' id='block_1_95' title="bbox 554 4882 2144 4970">
    <p class='ocr_par' dir='ltr' id='par_1_95' title="bbox 554 4882 2144 4970">
     <span class='ocr_line' id='line_1_95' title="bbox 554 4882 2144 4970; baseline -0.02 -3"><span class='ocrx_word' id='word_1_795' title='bbox 554 4920 729 4970; x_wconf 83' lang='lat' dir='ltr'><strong><em>crates</em></strong></span> <span class='ocrx_word' id='word_1_796' title='bbox 755 4907 898 4960; x_wconf 79' lang='lat' dir='ltr'><strong><em>enim</em></strong></span> <span class='ocrx_word' id='word_1_797' title='bbox 924 4916 1044 4957; x_wconf 90' lang='lat' dir='ltr'><strong><em>cum</em></strong></span> <span class='ocrx_word' id='word_1_798' title='bbox 1062 4899 1133 4952; x_wconf 91' lang='lat' dir='ltr'><strong><em>sit</em></strong></span> <span class='ocrx_word' id='word_1_799' title='bbox 1144 4898 1256 4965; x_wconf 81' lang='lat' dir='ltr'><strong><em>jam</em></strong></span> <span class='ocrx_word' id='word_1_800' title='bbox 1273 4896 1327 4947; x_wconf 91' lang='lat' dir='ltr'><strong><em>in</em></strong></span> <span class='ocrx_word' id='word_1_801' title='bbox 1342 4907 1453 4947; x_wconf 65' lang='lat' dir='ltr'><strong><em>suae</em></strong></span> <span class='ocrx_word' id='word_1_802' title='bbox 1466 4890 1653 4944; x_wconf 89' lang='lat' dir='ltr'><strong><em>matris</em></strong></span> <span class='ocrx_word' id='word_1_803' title='bbox 1668 4887 1807 4950; x_wconf 90' lang='lat' dir='ltr'><strong><em>alvo,</em></strong></span> <span class='ocrx_word' id='word_1_804' title='bbox 1832 4892 1888 4939; x_wconf 76' lang='lat' dir='ltr'><strong><em>et</em></strong></span> <span class='ocrx_word' id='word_1_805' title='bbox 1906 4882 2144 4937; x_wconf 90' lang='lat' dir='ltr'><strong><em>nondum</em></strong></span> 
     </span>
    </p>
   </div>
   <div class='ocr_carea' id='block_1_96' title="bbox 552 4976 2142 5071">
    <p class='ocr_par' dir='ltr' id='par_1_96' title="bbox 552 4976 2142 5071">
     <span class='ocr_line' id='line_1_96' title="bbox 552 4976 2142 5071; baseline -0.021 -13"><span class='ocrx_word' id='word_1_806' title='bbox 552 5006 627 5061; x_wconf 86' lang='lat' dir='ltr'><strong><em>sit</em></strong></span> <span class='ocrx_word' id='word_1_807' title='bbox 656 4998 867 5071; x_wconf 89' lang='lat' dir='ltr'><strong><em>genitus</em></strong></span> <span class='ocrx_word' id='word_1_808' title='bbox 897 4995 951 5048; x_wconf 92' lang='lat' dir='ltr'><strong><em>in</em></strong></span> <span class='ocrx_word' id='word_1_809' title='bbox 980 4994 1151 5047; x_wconf 91' lang='lat' dir='ltr'><strong><em>lucem</em></strong></span> <span class='ocrx_word' id='word_1_810' title='bbox 1187 4986 1404 5056; x_wconf 90' lang='lat' dir='ltr'><strong><em>quidem</em></strong></span> <span class='ocrx_word' id='word_1_811' title='bbox 1430 4983 1607 5037; x_wconf 88' lang='lat' dir='ltr'><strong><em>editus</em></strong></span> <span class='ocrx_word' id='word_1_812' title='bbox 1637 4995 1742 5034; x_wconf 89' lang='lat' dir='ltr'><strong><em>non</em></strong></span> <span class='ocrx_word' id='word_1_813' title='bbox 1772 4986 1874 5042; x_wconf 87' lang='lat' dir='ltr'><strong><em>est,</em></strong></span> <span class='ocrx_word' id='word_1_814' title='bbox 1908 4976 2025 5037; x_wconf 87' lang='lat' dir='ltr'><strong><em>ipse</em></strong></span> <span class='ocrx_word' id='word_1_815' title='bbox 2062 4983 2142 5027; x_wconf 87' lang='lat' dir='ltr'><strong><em>ta-</em></strong></span> 
     </span>
    </p>
   </div>
   <div class='ocr_carea' id='block_1_97' title="bbox 554 5069 2143 5158">
    <p class='ocr_par' dir='ltr' id='par_1_97' title="bbox 554 5069 2143 5158">
     <span class='ocr_line' id='line_1_97' title="bbox 554 5069 2143 5158; baseline -0.023 -6"><span class='ocrx_word' id='word_1_816' title='bbox 554 5069 681 5153; x_wconf 86' lang='lat' dir='ltr'><strong><em>men</em></strong></span> <span class='ocrx_word' id='word_1_817' title='bbox 711 5100 795 5147; x_wconf 90' lang='lat' dir='ltr'><strong><em>est</em></strong></span> <span class='ocrx_word' id='word_1_818' title='bbox 821 5097 982 5158; x_wconf 85' lang='lat' dir='ltr'><strong><em>atque</em></strong></span> <span class='ocrx_word' id='word_1_819' title='bbox 1010 5083 1160 5147; x_wconf 83' lang='lat' dir='ltr'><strong><em>vivit,</em></strong></span> <span class='ocrx_word' id='word_1_820' title='bbox 1197 5079 1293 5135; x_wconf 88' lang='lat' dir='ltr'><strong><em>sed</em></strong></span> <span class='ocrx_word' id='word_1_821' title='bbox 1320 5088 1448 5158; x_wconf 82' lang='lat' dir='ltr'><strong><em>tunc</em></strong></span> <span class='ocrx_word' id='word_1_822' title='bbox 1486 5087 1664 5145; x_wconf 89' lang='lat' dir='ltr'><strong><em>neque</em></strong></span> <span class='ocrx_word' id='word_1_823' title='bbox 1700 5069 1888 5124; x_wconf 90' lang='lat' dir='ltr'><strong><em>videns</em></strong></span> <span class='ocrx_word' id='word_1_824' title='bbox 1924 5076 2007 5120; x_wconf 91' lang='lat' dir='ltr'><strong><em>est</em></strong></span> <span class='ocrx_word' id='word_1_825' title='bbox 2045 5081 2143 5118; x_wconf 90' lang='lat' dir='ltr'><strong><em>ne-</em></strong></span> 
     </span>
    </p>
   </div>
   <div class='ocr_carea' id='block_1_98' title="bbox 558 5150 2145 5258">
    <p class='ocr_par' dir='ltr' id='par_1_98' title="bbox 558 5150 2145 5258">
     <span class='ocr_line' id='line_1_98' title="bbox 558 5150 2145 5258; baseline -0.022 -16"><span class='ocrx_word' id='word_1_826' title='bbox 558 5202 666 5258; x_wconf 90' lang='lat' dir='ltr'><strong><em>que</em></strong></span> <span class='ocrx_word' id='word_1_827' title='bbox 686 5196 884 5246; x_wconf 82' lang='lat' dir='ltr'><strong><em>caecus,</em></strong></span> <span class='ocrx_word' id='word_1_828' title='bbox 912 5187 968 5234; x_wconf 85' lang='lat' dir='ltr'><strong><em>et</em></strong></span> <span class='ocrx_word' id='word_1_829' title='bbox 990 5176 1181 5232; x_wconf 85' lang='lat' dir='ltr'><strong><em>videns</em></strong></span> <span class='ocrx_word' id='word_1_830' title='bbox 1211 5150 1426 5242; x_wconf 84' lang='lat' dir='ltr'><strong><em>quidem</em></strong></span> <span class='ocrx_word' id='word_1_831' title='bbox 1458 5181 1567 5220; x_wconf 90' lang='lat' dir='ltr'><strong><em>non</em></strong></span> <span class='ocrx_word' id='word_1_832' title='bbox 1596 5172 1705 5224; x_wconf 89' lang='lat' dir='ltr'><strong><em>est;</em></strong></span> <span class='ocrx_word' id='word_1_833' title='bbox 1739 5158 1989 5230; x_wconf 89' lang='lat' dir='ltr'><strong><em>quoniam</em></strong></span> <span class='ocrx_word' id='word_1_834' title='bbox 2013 5170 2145 5210; x_wconf 91' lang='lat' dir='ltr'><strong><em>non-</em></strong></span> 
     </span>
    </p>
   </div>
   <div class='ocr_carea' id='block_1_99' title="bbox 558 5250 2148 5337">
    <p class='ocr_par' dir='ltr' id='par_1_99' title="bbox 558 5250 2148 5337">
     <span class='ocr_line' id='line_1_99' title="bbox 558 5250 2148 5337; baseline -0.023 -2"><span class='ocrx_word' id='word_1_835' title='bbox 558 5250 689 5337; x_wconf 82' lang='lat' dir='ltr'><strong><em>dum</em></strong></span> <span class='ocrx_word' id='word_1_836' title='bbox 732 5276 783 5329; x_wconf 91' lang='lat' dir='ltr'><strong><em>in</em></strong></span> <span class='ocrx_word' id='word_1_837' title='bbox 816 5274 988 5328; x_wconf 90' lang='lat' dir='ltr'><strong><em>lucem</em></strong></span> <span class='ocrx_word' id='word_1_838' title='bbox 1019 5275 1104 5323; x_wconf 90' lang='lat' dir='ltr'><strong><em>est</em></strong></span> <span class='ocrx_word' id='word_1_839' title='bbox 1151 5265 1345 5320; x_wconf 86' lang='lat' dir='ltr'><strong><em>editus.</em></strong></span> <span class='ocrx_word' id='word_1_840' title='bbox 1377 5258 1565 5313; x_wconf 61' lang='lat' dir='ltr'><strong><em>Caecus</em></strong></span> <span class='ocrx_word' id='word_1_841' title='bbox 1615 5267 1745 5309; x_wconf 91' lang='lat' dir='ltr'><strong><em>vero</em></strong></span> <span class='ocrx_word' id='word_1_842' title='bbox 1790 5250 1987 5304; x_wconf 89' lang='lat' dir='ltr'><strong><em>idcirco</em></strong></span> <span class='ocrx_word' id='word_1_843' title='bbox 2042 5263 2148 5303; x_wconf 91' lang='lat' dir='ltr'><strong><em>non</em></strong></span> 
     </span>
    </p>
   </div>
   <div class='ocr_carea' id='block_1_100' title="bbox 560 5342 2148 5436">
    <p class='ocr_par' dir='ltr' id='par_1_100' title="bbox 560 5342 2148 5436">
     <span class='ocr_line' id='line_1_100' title="bbox 560 5342 2148 5436; baseline -0.023 -7"><span class='ocrx_word' id='word_1_844' title='bbox 560 5372 780 5435; x_wconf 89' lang='lat' dir='ltr'><strong><em>dicitur,</em></strong></span> <span class='ocrx_word' id='word_1_845' title='bbox 809 5364 1061 5436; x_wconf 89' lang='lat' dir='ltr'><strong><em>quoniam</em></strong></span> <span class='ocrx_word' id='word_1_846' title='bbox 1108 5359 1283 5414; x_wconf 86' lang='lat' dir='ltr'><strong><em>adhuc</em></strong></span> <span class='ocrx_word' id='word_1_847' title='bbox 1330 5354 1515 5409; x_wconf 87' lang='lat' dir='ltr'><strong><em>videre</em></strong></span> <span class='ocrx_word' id='word_1_848' title='bbox 1560 5363 1665 5404; x_wconf 91' lang='lat' dir='ltr'><strong><em>non</em></strong></span> <span class='ocrx_word' id='word_1_849' title='bbox 1725 5353 1953 5416; x_wconf 84' lang='lat' dir='ltr'><strong><em>poterat.</em></strong></span> <span class='ocrx_word' id='word_1_850' title='bbox 2010 5342 2148 5410; x_wconf 84' lang='lat' dir='ltr'><strong><em>Ergo</em></strong></span> 
     </span>
    </p>
   </div>
   <div class='ocr_carea' id='block_1_101' title="bbox 561 5436 2147 5531">
    <p class='ocr_par' dir='ltr' id='par_1_101' title="bbox 561 5436 2147 5531">
     <span class='ocr_line' id='line_1_101' title="bbox 561 5436 2147 5531; baseline -0.02 -10"><span class='ocrx_word' id='word_1_851' title='bbox 561 5482 683 5523; x_wconf 86' lang='lat' dir='ltr'><strong><em>cum</em></strong></span> <span class='ocrx_word' id='word_1_852' title='bbox 713 5465 783 5518; x_wconf 88' lang='lat' dir='ltr'><strong><em>sit</em></strong></span> <span class='ocrx_word' id='word_1_853' title='bbox 806 5469 965 5531; x_wconf 85' lang='lat' dir='ltr'><strong><em>atque</em></strong></span> <span class='ocrx_word' id='word_1_854' title='bbox 992 5457 1251 5511; x_wconf 85' lang='lat' dir='ltr'><strong><em>subsistat</em></strong></span> <span class='ocrx_word' id='word_1_855' title='bbox 1276 5464 1364 5506; x_wconf 89' lang='lat' dir='ltr'><strong><em>res</em></strong></span> <span class='ocrx_word' id='word_1_856' title='bbox 1394 5449 1463 5503; x_wconf 91' lang='lat' dir='ltr'><strong><em>de</em></strong></span> <span class='ocrx_word' id='word_1_857' title='bbox 1486 5459 1589 5515; x_wconf 88' lang='lat' dir='ltr'><strong><em>qua</em></strong></span> <span class='ocrx_word' id='word_1_858' title='bbox 1633 5440 1847 5497; x_wconf 82' lang='lat' dir='ltr'><strong><em>habitus</em></strong></span> <span class='ocrx_word' id='word_1_859' title='bbox 1887 5448 1940 5493; x_wconf 88' lang='lat' dir='ltr'><strong><em>et</em></strong></span> <span class='ocrx_word' id='word_1_860' title='bbox 1969 5436 2147 5507; x_wconf 84' lang='lat' dir='ltr'><strong><em>priva-</em></strong></span> 
     </span>
    </p>
   </div>
   <div class='ocr_carea' id='block_1_102' title="bbox 564 5531 2149 5624">
    <p class='ocr_par' dir='ltr' id='par_1_102' title="bbox 564 5531 2149 5624">
     <span class='ocr_line' id='line_1_102' title="bbox 564 5531 2149 5624; baseline -0.017 -12"><span class='ocrx_word' id='word_1_861' title='bbox 564 5564 640 5613; x_wconf 87' lang='lat' dir='ltr'><strong><em>tio</em></strong></span> <span class='ocrx_word' id='word_1_862' title='bbox 669 5553 1048 5624; x_wconf 73' lang='lat' dir='ltr'><strong><em>prtedicantur,</em></strong></span> <span class='ocrx_word' id='word_1_863' title='bbox 1104 5554 1277 5616; x_wconf 83' lang='lat' dir='ltr'><strong><em>potest</em></strong></span> <span class='ocrx_word' id='word_1_864' title='bbox 1316 5541 1429 5597; x_wconf 81' lang='lat' dir='ltr'><strong><em>ﬁeri</em></strong></span> <span class='ocrx_word' id='word_1_865' title='bbox 1467 5546 1527 5593; x_wconf 87' lang='lat' dir='ltr'><strong><em>ut</em></strong></span> <span class='ocrx_word' id='word_1_866' title='bbox 1571 5535 1640 5591; x_wconf 90' lang='lat' dir='ltr'><strong><em>de</em></strong></span> <span class='ocrx_word' id='word_1_867' title='bbox 1670 5548 1731 5588; x_wconf 89' lang='lat' dir='ltr'><strong><em>ea</em></strong></span> <span class='ocrx_word' id='word_1_868' title='bbox 1762 5531 1894 5587; x_wconf 81' lang='lat' dir='ltr'><strong><em>falsa</em></strong></span> <span class='ocrx_word' id='word_1_869' title='bbox 1924 5539 2149 5600; x_wconf 91' lang='lat' dir='ltr'><strong><em>utraque</em></strong></span> 
     </span>
    </p>
   </div>
   <div class='ocr_carea' id='block_1_103' title="bbox 568 5637 2154 5730">
    <p class='ocr_par' dir='ltr' id='par_1_103' title="bbox 568 5637 2154 5730">
     <span class='ocr_line' id='line_1_103' title="bbox 568 5637 2154 5730; baseline -0.016 -17"><span class='ocrx_word' id='word_1_870' title='bbox 568 5659 959 5730; x_wconf 72' lang='lat' dir='ltr'><strong><em>praedicantur;</em></strong></span> <span class='ocrx_word' id='word_1_871' title='bbox 990 5653 1036 5708; x_wconf 87' lang='lat' dir='ltr'><strong><em>si</em></strong></span> <span class='ocrx_word' id='word_1_872' title='bbox 1070 5665 1200 5707; x_wconf 89' lang='lat' dir='ltr'><strong><em>vero</em></strong></span> <span class='ocrx_word' id='word_1_873' title='bbox 1230 5663 1316 5704; x_wconf 89' lang='lat' dir='ltr'><strong><em>res</em></strong></span> <span class='ocrx_word' id='word_1_874' title='bbox 1344 5646 1413 5701; x_wconf 89' lang='lat' dir='ltr'><strong><em>de</em></strong></span> <span class='ocrx_word' id='word_1_875' title='bbox 1440 5659 1542 5715; x_wconf 90' lang='lat' dir='ltr'><strong><em>qua</em></strong></span> <span class='ocrx_word' id='word_1_876' title='bbox 1568 5642 1763 5698; x_wconf 88' lang='lat' dir='ltr'><strong><em>dicitur</em></strong></span> <span class='ocrx_word' id='word_1_877' title='bbox 1788 5653 1896 5693; x_wconf 90' lang='lat' dir='ltr'><strong><em>non</em></strong></span> <span class='ocrx_word' id='word_1_878' title='bbox 1920 5637 2011 5701; x_wconf 89' lang='lat' dir='ltr'><strong><em>sit,</em></strong></span> <span class='ocrx_word' id='word_1_879' title='bbox 2037 5649 2154 5690; x_wconf 84' lang='lat' dir='ltr'><strong><em>om-</em></strong></span> 
     </span>
    </p>
   </div>
   <div class='ocr_carea' id='block_1_104' title="bbox 570 5740 2152 5826">
    <p class='ocr_par' dir='ltr' id='par_1_104' title="bbox 570 5740 2152 5826">
     <span class='ocr_line' id='line_1_104' title="bbox 570 5740 2152 5826; baseline -0.019 -8"><span class='ocrx_word' id='word_1_880' title='bbox 570 5763 699 5819; x_wconf 87' lang='lat' dir='ltr'><strong><em>nino</em></strong></span> <span class='ocrx_word' id='word_1_881' title='bbox 730 5766 984 5826; x_wconf 86' lang='lat' dir='ltr'><strong><em>utrasque</em></strong></span> <span class='ocrx_word' id='word_1_882' title='bbox 1015 5755 1174 5808; x_wconf 85' lang='lat' dir='ltr'><strong><em>falsas</em></strong></span> <span class='ocrx_word' id='word_1_883' title='bbox 1199 5766 1319 5806; x_wconf 88' lang='lat' dir='ltr'><strong><em>esse</em></strong></span> <span class='ocrx_word' id='word_1_884' title='bbox 1350 5761 1571 5802; x_wconf 89' lang='lat' dir='ltr'><strong><em>necesse</em></strong></span> <span class='ocrx_word' id='word_1_885' title='bbox 1601 5754 1705 5812; x_wconf 90' lang='lat' dir='ltr'><strong><em>est,</em></strong></span> <span class='ocrx_word' id='word_1_886' title='bbox 1740 5749 1798 5796; x_wconf 90' lang='lat' dir='ltr'><strong><em>ut</em></strong></span> <span class='ocrx_word' id='word_1_887' title='bbox 1823 5740 2152 5794; x_wconf 71' lang='lat' dir='ltr'><strong><em>cum&#39;Socra-</em></strong></span> 
     </span>
    </p>
   </div>
   <div class='ocr_carea' id='block_1_105' title="bbox 487 5834 2157 5922">
    <p class='ocr_par' dir='ltr' id='par_1_105' title="bbox 487 5834 2157 5922">
     <span class='ocr_line' id='line_1_105' title="bbox 487 5834 2157 5922; baseline -0.021 0"><span class='ocrx_word' id='word_1_888' title='bbox 487 5849 503 5859; x_wconf 56' lang='grc'><em>”</em></span> <span class='ocrx_word' id='word_1_889' title='bbox 571 5877 654 5922; x_wconf 83' lang='lat' dir='ltr'><strong><em>tes</em></strong></span> <span class='ocrx_word' id='word_1_890' title='bbox 681 5860 900 5918; x_wconf 91' lang='lat' dir='ltr'><strong><em>omnino</em></strong></span> <span class='ocrx_word' id='word_1_891' title='bbox 940 5871 1044 5912; x_wconf 92' lang='lat' dir='ltr'><strong><em>non</em></strong></span> <span class='ocrx_word' id='word_1_892' title='bbox 1075 5864 1178 5921; x_wconf 88' lang='lat' dir='ltr'><strong><em>est,</em></strong></span> <span class='ocrx_word' id='word_1_893' title='bbox 1230 5851 1425 5908; x_wconf 79' lang='lat' dir='ltr'><strong><em>falsum</em></strong></span> <span class='ocrx_word' id='word_1_894' title='bbox 1455 5855 1542 5903; x_wconf 88' lang='lat' dir='ltr'><strong><em>est</em></strong></span> <span class='ocrx_word' id='word_1_895' title='bbox 1575 5859 1699 5900; x_wconf 88' lang='lat' dir='ltr'><strong><em>eum</em></strong></span> <span class='ocrx_word' id='word_1_896' title='bbox 1747 5841 1927 5896; x_wconf 89' lang='lat' dir='ltr'><strong><em>dicere</em></strong></span> <span class='ocrx_word' id='word_1_897' title='bbox 1961 5836 2047 5893; x_wconf 85' lang='lat' dir='ltr'><strong><em>vel</em></strong></span> <span class='ocrx_word' id='word_1_898' title='bbox 2076 5834 2157 5888; x_wconf 53' lang='lat' dir='ltr'><strong><em>vi-</em></strong></span> 
     </span>
    </p>
   </div>
   <div class='ocr_carea' id='block_1_106' title="bbox 2249 4608 3841 4695">
    <p class='ocr_par' dir='ltr' id='par_1_106' title="bbox 2249 4608 3841 4695">
     <span class='ocr_line' id='line_1_106' title="bbox 2249 4608 3841 4695; baseline -0.011 -17"><span class='ocrx_word' id='word_1_899' title='bbox 2249 4637 2357 4695; x_wconf 89' lang='lat' dir='ltr'><strong><em>que</em></strong></span> <span class='ocrx_word' id='word_1_900' title='bbox 2383 4619 2660 4685; x_wconf 90' lang='lat' dir='ltr'><strong><em>subsistit,</em></strong></span> <span class='ocrx_word' id='word_1_901' title='bbox 2694 4620 2739 4673; x_wconf 91' lang='lat' dir='ltr'><strong><em>si</em></strong></span> <span class='ocrx_word' id='word_1_902' title='bbox 2787 4616 2906 4689; x_wconf 91' lang='lat' dir='ltr'><strong><em>quis</em></strong></span> <span class='ocrx_word' id='word_1_903' title='bbox 2934 4614 3078 4671; x_wconf 91' lang='lat' dir='ltr'><strong><em>dicat</em></strong></span> <span class='ocrx_word' id='word_1_904' title='bbox 3116 4612 3365 4670; x_wconf 90' lang='lat' dir='ltr'><strong><em>Socrates</em></strong></span> <span class='ocrx_word' id='word_1_905' title='bbox 3396 4609 3561 4674; x_wconf 87' lang='lat' dir='ltr'><strong><em>videt,</em></strong></span> <span class='ocrx_word' id='word_1_906' title='bbox 3613 4618 3668 4664; x_wconf 91' lang='lat' dir='ltr'><strong><em>et</em></strong></span> <span class='ocrx_word' id='word_1_907' title='bbox 3705 4608 3841 4662; x_wconf 85' lang='lat' dir='ltr'><strong><em>alius</em></strong></span> 
     </span>
    </p>
   </div>
   <div class='ocr_carea' id='block_1_107' title="bbox 2250 4701 3841 4773">
    <p class='ocr_par' dir='ltr' id='par_1_107' title="bbox 2250 4701 3841 4773">
     <span class='ocr_line' id='line_1_107' title="bbox 2250 4701 3841 4773; baseline -0.009 -4"><span class='ocrx_word' id='word_1_908' title='bbox 2250 4715 2397 4769; x_wconf 84' lang='lat' dir='ltr'><strong><em>dicat</em></strong></span> <span class='ocrx_word' id='word_1_909' title='bbox 2443 4712 2694 4768; x_wconf 87' lang='lat' dir='ltr'><strong><em>Socrates</em></strong></span> <span class='ocrx_word' id='word_1_910' title='bbox 2745 4724 2853 4764; x_wconf 91' lang='lat' dir='ltr'><strong><em>non</em></strong></span> <span class='ocrx_word' id='word_1_911' title='bbox 2907 4706 3093 4773; x_wconf 85' lang='lat' dir='ltr'><strong><em>videt,</em></strong></span> <span class='ocrx_word' id='word_1_912' title='bbox 3162 4703 3353 4758; x_wconf 81' lang='lat' dir='ltr'><strong><em>falsum</em></strong></span> <span class='ocrx_word' id='word_1_913' title='bbox 3400 4702 3615 4773; x_wconf 91' lang='lat' dir='ltr'><strong><em>quidem</em></strong></span> <span class='ocrx_word' id='word_1_914' title='bbox 3655 4711 3735 4756; x_wconf 90' lang='lat' dir='ltr'><strong><em>est</em></strong></span> <span class='ocrx_word' id='word_1_915' title='bbox 3774 4701 3841 4756; x_wconf 89' lang='lat' dir='ltr'><strong><em>de</em></strong></span> 
     </span>
    </p>
   </div>
   <div class='ocr_carea' id='block_1_108' title="bbox 2250 4796 3841 4874">
    <p class='ocr_par' dir='ltr' id='par_1_108' title="bbox 2250 4796 3841 4874">
     <span class='ocr_line' id='line_1_108' title="bbox 2250 4796 3841 4874; baseline -0.01 -9"><span class='ocrx_word' id='word_1_916' title='bbox 2250 4824 2316 4865; x_wconf 89' lang='lat' dir='ltr'><strong><em>eo</em></strong></span> <span class='ocrx_word' id='word_1_917' title='bbox 2368 4807 2567 4867; x_wconf 87' lang='lat' dir='ltr'><strong><em>dicere.</em></strong></span> <span class='ocrx_word' id='word_1_918' title='bbox 2615 4803 2867 4874; x_wconf 88' lang='lat' dir='ltr'><strong><em>quoniam</em></strong></span> <span class='ocrx_word' id='word_1_919' title='bbox 2918 4802 3095 4865; x_wconf 86' lang='lat' dir='ltr'><strong><em>videt,</em></strong></span> <span class='ocrx_word' id='word_1_920' title='bbox 3132 4813 3319 4853; x_wconf 87' lang='lat' dir='ltr'><strong><em>verum</em></strong></span> <span class='ocrx_word' id='word_1_921' title='bbox 3359 4804 3539 4852; x_wconf 88' lang='lat' dir='ltr'><strong><em>autem</em></strong></span> <span class='ocrx_word' id='word_1_922' title='bbox 3586 4796 3841 4865; x_wconf 90' lang='lat' dir='ltr'><strong><em>quoniam</em></strong></span> 
     </span>
    </p>
   </div>
   <div class='ocr_carea' id='block_1_109' title="bbox 2254 4888 3845 4965">
    <p class='ocr_par' dir='ltr' id='par_1_109' title="bbox 2254 4888 3845 4965">
     <span class='ocr_line' id='line_1_109' title="bbox 2254 4888 3845 4965; baseline -0.011 -8"><span class='ocrx_word' id='word_1_923' title='bbox 2254 4918 2360 4957; x_wconf 89' lang='lat' dir='ltr'><strong><em>non</em></strong></span> <span class='ocrx_word' id='word_1_924' title='bbox 2390 4900 2555 4956; x_wconf 89' lang='lat' dir='ltr'><strong><em>videt.</em></strong></span> <span class='ocrx_word' id='word_1_925' title='bbox 2604 4896 2708 4965; x_wconf 87' lang='lat' dir='ltr'><strong><em>Qui</em></strong></span> <span class='ocrx_word' id='word_1_926' title='bbox 2760 4896 2903 4952; x_wconf 89' lang='lat' dir='ltr'><strong><em>enim</em></strong></span> <span class='ocrx_word' id='word_1_927' title='bbox 2960 4893 3182 4949; x_wconf 90' lang='lat' dir='ltr'><strong><em>omnino</em></strong></span> <span class='ocrx_word' id='word_1_928' title='bbox 3235 4907 3345 4948; x_wconf 89' lang='lat' dir='ltr'><strong><em>non</em></strong></span> <span class='ocrx_word' id='word_1_929' title='bbox 3373 4899 3476 4957; x_wconf 89' lang='lat' dir='ltr'><strong><em>est,</em></strong></span> <span class='ocrx_word' id='word_1_930' title='bbox 3521 4888 3707 4943; x_wconf 90' lang='lat' dir='ltr'><strong><em>videre</em></strong></span> <span class='ocrx_word' id='word_1_931' title='bbox 3737 4903 3845 4942; x_wconf 91' lang='lat' dir='ltr'><strong><em>non</em></strong></span> 
     </span>
    </p>
   </div>
   <div class='ocr_carea' id='block_1_110' title="bbox 2250 4974 3843 5065">
    <p class='ocr_par' dir='ltr' id='par_1_110' title="bbox 2250 4974 3843 5065">
     <span class='ocr_line' id='line_1_110' title="bbox 2250 4974 3843 5065; baseline -0.011 -17"><span class='ocrx_word' id='word_1_932' title='bbox 2250 4974 2450 5065; x_wconf 85' lang='lat' dir='ltr'><strong><em>potest,</em></strong></span> <span class='ocrx_word' id='word_1_933' title='bbox 2479 4991 2570 5060; x_wconf 89' lang='lat' dir='ltr'><strong><em>qui</em></strong></span> <span class='ocrx_word' id='word_1_934' title='bbox 2599 4988 2783 5043; x_wconf 90' lang='lat' dir='ltr'><strong><em>videre</em></strong></span> <span class='ocrx_word' id='word_1_935' title='bbox 2822 5002 2929 5041; x_wconf 90' lang='lat' dir='ltr'><strong><em>non</em></strong></span> <span class='ocrx_word' id='word_1_936' title='bbox 2960 4993 3156 5057; x_wconf 89' lang='lat' dir='ltr'><strong><em>potest,</em></strong></span> <span class='ocrx_word' id='word_1_937' title='bbox 3200 4999 3310 5040; x_wconf 88' lang='lat' dir='ltr'><strong><em>non</em></strong></span> <span class='ocrx_word' id='word_1_938' title='bbox 3332 4983 3495 5038; x_wconf 88' lang='lat' dir='ltr'><strong><em>videt.</em></strong></span> <span class='ocrx_word' id='word_1_939' title='bbox 3526 4980 3602 5035; x_wconf 83' lang='lat' dir='ltr'><strong><em>lta</em></strong></span> <span class='ocrx_word' id='word_1_940' title='bbox 3630 4980 3843 5033; x_wconf 82' lang='lat' dir='ltr'><strong><em>ﬁrmum</em></strong></span> 
     </span>
    </p>
   </div>
   <div class='ocr_carea' id='block_1_111' title="bbox 2251 5068 3846 5149">
    <p class='ocr_par' dir='ltr' id='par_1_111' title="bbox 2251 5068 3846 5149">
     <span class='ocr_line' id='line_1_111' title="bbox 2251 5068 3846 5149; baseline -0.01 -11"><span class='ocrx_word' id='word_1_941' title='bbox 2251 5080 2693 5149; x_wconf 89' lang='lat' dir='ltr'><strong><em>immutabileque</em></strong></span> <span class='ocrx_word' id='word_1_942' title='bbox 2723 5092 2938 5147; x_wconf 89' lang='lat' dir='ltr'><strong><em>semper</em></strong></span> <span class='ocrx_word' id='word_1_943' title='bbox 2979 5086 3162 5131; x_wconf 90' lang='lat' dir='ltr'><strong><em>manet</em></strong></span> <span class='ocrx_word' id='word_1_944' title='bbox 3211 5075 3265 5128; x_wconf 92' lang='lat' dir='ltr'><strong><em>in</em></strong></span> <span class='ocrx_word' id='word_1_945' title='bbox 3313 5068 3758 5129; x_wconf 77' lang='lat' dir='ltr'><strong><em>affirmationibus</em></strong></span> <span class='ocrx_word' id='word_1_946' title='bbox 3790 5077 3846 5122; x_wconf 88' lang='lat' dir='ltr'><strong><em>et</em></strong></span> 
     </span>
    </p>
   </div>
   <div class='ocr_carea' id='block_1_112' title="bbox 2254 5161 3845 5245">
    <p class='ocr_par' dir='ltr' id='par_1_112' title="bbox 2254 5161 3845 5245">
     <span class='ocr_line' id='line_1_112' title="bbox 2254 5161 3845 5245; baseline -0.009 -14"><span class='ocrx_word' id='word_1_947' title='bbox 2254 5173 2623 5245; x_wconf 85' lang='lat' dir='ltr'><strong><em>negationibus</em></strong></span> <span class='ocrx_word' id='word_1_948' title='bbox 2652 5172 2872 5226; x_wconf 89' lang='lat' dir='ltr'><strong><em>alteram</em></strong></span> <span class='ocrx_word' id='word_1_949' title='bbox 2896 5184 3110 5238; x_wconf 89' lang='lat' dir='ltr'><strong><em>semper</em></strong></span> <span class='ocrx_word' id='word_1_950' title='bbox 3138 5182 3346 5230; x_wconf 90' lang='lat' dir='ltr'><strong><em>veram,</em></strong></span> <span class='ocrx_word' id='word_1_951' title='bbox 3388 5165 3612 5218; x_wconf 87' lang='lat' dir='ltr'><strong><em>alteram</em></strong></span> <span class='ocrx_word' id='word_1_952' title='bbox 3655 5161 3845 5217; x_wconf 87' lang='lat' dir='ltr'><strong><em>falsam</em></strong></span> 
     </span>
    </p>
   </div>
   <div class='ocr_carea' id='block_1_113' title="bbox 2254 5257 3845 5337">
    <p class='ocr_par' dir='ltr' id='par_1_113' title="bbox 2254 5257 3845 5337">
     <span class='ocr_line' id='line_1_113' title="bbox 2254 5257 3845 5337; baseline -0.01 -12"><span class='ocrx_word' id='word_1_953' title='bbox 2254 5272 2309 5327; x_wconf 88' lang='lat' dir='ltr'><strong><em>in</em></strong></span> <span class='ocrx_word' id='word_1_954' title='bbox 2334 5267 2716 5337; x_wconf 67' lang='lat' dir='ltr'><strong><em>praedicatione</em></strong></span> <span class='ocrx_word' id='word_1_955' title='bbox 2753 5265 3025 5319; x_wconf 86' lang='lat' dir='ltr'><strong><em>constitui.</em></strong></span> <span class='ocrx_word' id='word_1_956' title='bbox 3064 5262 3325 5329; x_wconf 87' lang='lat' dir='ltr'><strong><em>Quocirca</em></strong></span> <span class='ocrx_word' id='word_1_957' title='bbox 3352 5259 3605 5329; x_wconf 87' lang='lat' dir='ltr'><strong><em>quoniam</em></strong></span> <span class='ocrx_word' id='word_1_958' title='bbox 3633 5257 3686 5311; x_wconf 92' lang='lat' dir='ltr'><strong><em>in</em></strong></span> <span class='ocrx_word' id='word_1_959' title='bbox 3716 5272 3845 5311; x_wconf 88' lang='lat' dir='ltr'><strong><em>con-</em></strong></span> 
     </span>
    </p>
   </div>
   <div class='ocr_carea' id='block_1_114' title="bbox 2253 5352 3845 5430">
    <p class='ocr_par' dir='ltr' id='par_1_114' title="bbox 2253 5352 3845 5430">
     <span class='ocr_line' id='line_1_114' title="bbox 2253 5352 3845 5430; baseline -0.009 -11"><span class='ocrx_word' id='word_1_960' title='bbox 2253 5363 2433 5419; x_wconf 86' lang='lat' dir='ltr'><strong><em>trariis</em></strong></span> <span class='ocrx_word' id='word_1_961' title='bbox 2461 5374 2516 5418; x_wconf 86' lang='lat' dir='ltr'><strong><em>et</em></strong></span> <span class='ocrx_word' id='word_1_962' title='bbox 2543 5362 2594 5416; x_wconf 93' lang='lat' dir='ltr'><strong><em>in</em></strong></span> <span class='ocrx_word' id='word_1_963' title='bbox 2626 5361 2692 5416; x_wconf 91' lang='lat' dir='ltr'><strong><em>iis</em></strong></span> <span class='ocrx_word' id='word_1_964' title='bbox 2718 5376 2835 5430; x_wconf 76' lang='lat' dir='ltr'><strong><em>qua:</em></strong></span> <span class='ocrx_word' id='word_1_965' title='bbox 2875 5357 3166 5412; x_wconf 90' lang='lat' dir='ltr'><strong><em>secundum</em></strong></span> <span class='ocrx_word' id='word_1_966' title='bbox 3197 5354 3549 5424; x_wconf 87' lang='lat' dir='ltr'><strong><em>privationem</em></strong></span> <span class='ocrx_word' id='word_1_967' title='bbox 3579 5352 3845 5406; x_wconf 80' lang='lat' dir='ltr'><strong><em>habitum-</em></strong></span> 
     </span>
    </p>
   </div>
   <div class='ocr_carea' id='block_1_115' title="bbox 2256 5443 3844 5526">
    <p class='ocr_par' dir='ltr' id='par_1_115' title="bbox 2256 5443 3844 5526">
     <span class='ocr_line' id='line_1_115' title="bbox 2256 5443 3844 5526; baseline -0.008 -17"><span class='ocrx_word' id='word_1_968' title='bbox 2256 5471 2360 5526; x_wconf 91' lang='lat' dir='ltr'><strong><em>que</em></strong></span> <span class='ocrx_word' id='word_1_969' title='bbox 2386 5465 2530 5522; x_wconf 92' lang='lat' dir='ltr'><strong><em>sunt,</em></strong></span> <span class='ocrx_word' id='word_1_970' title='bbox 2562 5454 2606 5509; x_wconf 91' lang='lat' dir='ltr'><strong><em>si</em></strong></span> <span class='ocrx_word' id='word_1_971' title='bbox 2638 5468 2759 5507; x_wconf 89' lang='lat' dir='ltr'><strong><em>cum</em></strong></span> <span class='ocrx_word' id='word_1_972' title='bbox 2809 5448 3185 5518; x_wconf 81' lang='lat' dir='ltr'><strong><em>complexione</em></strong></span> <span class='ocrx_word' id='word_1_973' title='bbox 3232 5453 3461 5512; x_wconf 89' lang='lat' dir='ltr'><strong><em>utraque</em></strong></span> <span class='ocrx_word' id='word_1_974' title='bbox 3502 5445 3749 5500; x_wconf 87' lang='lat' dir='ltr'><strong><em>dicantur</em></strong></span> <span class='ocrx_word' id='word_1_975' title='bbox 3778 5443 3844 5497; x_wconf 88' lang='lat' dir='ltr'><strong><em>de</em></strong></span> 
     </span>
    </p>
   </div>
   <div class='ocr_carea' id='block_1_116' title="bbox 2258 5538 3843 5610">
    <p class='ocr_par' dir='ltr' id='par_1_116' title="bbox 2258 5538 3843 5610">
     <span class='ocr_line' id='line_1_116' title="bbox 2258 5538 3843 5610; baseline -0.011 -4"><span class='ocrx_word' id='word_1_976' title='bbox 2258 5565 2320 5607; x_wconf 90' lang='lat' dir='ltr'><strong><em>re</em></strong></span> <span class='ocrx_word' id='word_1_977' title='bbox 2349 5564 2453 5604; x_wconf 92' lang='lat' dir='ltr'><strong><em>non</em></strong></span> <span class='ocrx_word' id='word_1_978' title='bbox 2472 5547 2814 5610; x_wconf 89' lang='lat' dir='ltr'><strong><em>subsistente,</em></strong></span> <span class='ocrx_word' id='word_1_979' title='bbox 2836 5544 2968 5597; x_wconf 85' lang='lat' dir='ltr'><strong><em>falsa</em></strong></span> <span class='ocrx_word' id='word_1_980' title='bbox 3000 5549 3123 5596; x_wconf 87' lang='lat' dir='ltr'><strong><em>sunt</em></strong></span> <span class='ocrx_word' id='word_1_981' title='bbox 3150 5548 3376 5609; x_wconf 91' lang='lat' dir='ltr'><strong><em>utraque</em></strong></span> <span class='ocrx_word' id='word_1_982' title='bbox 3402 5554 3523 5608; x_wconf 65' lang='lat' dir='ltr'><strong><em>quae</em></strong></span> <span class='ocrx_word' id='word_1_983' title='bbox 3548 5538 3843 5608; x_wconf 73' lang='lat' dir='ltr'><strong><em>prtcdican-</em></strong></span> 
     </span>
    </p>
   </div>
   <div class='ocr_carea' id='block_1_117' title="bbox 2261 5628 3840 5701">
    <p class='ocr_par' dir='ltr' id='par_1_117' title="bbox 2261 5628 3840 5701">
     <span class='ocr_line' id='line_1_117' title="bbox 2261 5628 3840 5701; baseline -0.011 -2"><span class='ocrx_word' id='word_1_984' title='bbox 2261 5653 2364 5699; x_wconf 91' lang='lat' dir='ltr'><strong><em>tur.</em></strong></span> <span class='ocrx_word' id='word_1_985' title='bbox 2393 5641 2523 5698; x_wconf 91' lang='lat' dir='ltr'><strong><em>Cum</em></strong></span> <span class='ocrx_word' id='word_1_986' title='bbox 2555 5640 2654 5695; x_wconf 88' lang='lat' dir='ltr'><strong><em>hoc</em></strong></span> <span class='ocrx_word' id='word_1_987' title='bbox 2686 5639 2825 5693; x_wconf 89' lang='lat' dir='ltr'><strong><em>idem</em></strong></span> <span class='ocrx_word' id='word_1_988' title='bbox 2857 5635 2909 5691; x_wconf 92' lang='lat' dir='ltr'><strong><em>in</em></strong></span> <span class='ocrx_word' id='word_1_989' title='bbox 2936 5633 3383 5688; x_wconf 82' lang='lat' dir='ltr'><strong><em>afﬁrmationibus</em></strong></span> <span class='ocrx_word' id='word_1_990' title='bbox 3397 5642 3449 5686; x_wconf 91' lang='lat' dir='ltr'><strong><em>et</em></strong></span> <span class='ocrx_word' id='word_1_991' title='bbox 3470 5628 3840 5701; x_wconf 84' lang='lat' dir='ltr'><strong><em>negationihus</em></strong></span> 
     </span>
    </p>
   </div>
   <div class='ocr_carea' id='block_1_118' title="bbox 2260 5721 3839 5801">
    <p class='ocr_par' dir='ltr' id='par_1_118' title="bbox 2260 5721 3839 5801">
     <span class='ocr_line' id='line_1_118' title="bbox 2260 5721 3839 5801; baseline -0.013 -8"><span class='ocrx_word' id='word_1_992' title='bbox 2260 5753 2367 5793; x_wconf 90' lang='lat' dir='ltr'><strong><em>non</em></strong></span> <span class='ocrx_word' id='word_1_993' title='bbox 2397 5737 2486 5801; x_wconf 88' lang='lat' dir='ltr'><strong><em>sit,</em></strong></span> <span class='ocrx_word' id='word_1_994' title='bbox 2515 5747 2700 5789; x_wconf 89' lang='lat' dir='ltr'><strong><em>omnes</em></strong></span> <span class='ocrx_word' id='word_1_995' title='bbox 2725 5742 2933 5785; x_wconf 69' lang='lat' dir='ltr'><strong><em>cmterzie</em></strong></span> <span class='ocrx_word' id='word_1_996' title='bbox 2969 5728 3334 5795; x_wconf 84' lang='lat' dir='ltr'><strong><em>oppositiones</em></strong></span> <span class='ocrx_word' id='word_1_997' title='bbox 3373 5724 3441 5778; x_wconf 87' lang='lat' dir='ltr'><strong><em>ab</em></strong></span> <span class='ocrx_word' id='word_1_998' title='bbox 3486 5721 3839 5776; x_wconf 83' lang='lat' dir='ltr'><strong><em>affinnatione</em></strong></span> 
     </span>
    </p>
   </div>
   <div class='ocr_carea' id='block_1_119' title="bbox 2264 5815 3835 5898">
    <p class='ocr_par' dir='ltr' id='par_1_119' title="bbox 2264 5815 3835 5898">
     <span class='ocr_line' id='line_1_119' title="bbox 2264 5815 3835 5898; baseline -0.015 -11"><span class='ocrx_word' id='word_1_999' title='bbox 2264 5845 2317 5892; x_wconf 83' lang='lat' dir='ltr'><strong><em>et</em></strong></span> <span class='ocrx_word' id='word_1_1000' title='bbox 2337 5828 2619 5898; x_wconf 86' lang='lat' dir='ltr'><strong><em>negatione</em></strong></span> <span class='ocrx_word' id='word_1_1001' title='bbox 2646 5822 2988 5880; x_wconf 86' lang='lat' dir='ltr'><strong><em>dissentiunt.</em></strong></span> <span class='ocrx_word' id='word_1_1002' title='bbox 3015 5820 3322 5873; x_wconf 67' lang='lat' dir='ltr'><strong><em>Monstratat</em></strong></span> <span class='ocrx_word' id='word_1_1003' title='bbox 3346 5826 3471 5872; x_wconf 89' lang='lat' dir='ltr'><strong><em>sunt</em></strong></span> <span class='ocrx_word' id='word_1_1004' title='bbox 3492 5815 3650 5885; x_wconf 89' lang='lat' dir='ltr'><strong><em>igitur</em></strong></span> <span class='ocrx_word' id='word_1_1005' title='bbox 3670 5824 3835 5879; x_wconf 86' lang='lat' dir='ltr'><strong><em>oppo-</em></strong></span> 
     </span>
    </p>
   </div>
  </div>
