4280 6268
561 401 664 461 283

1799 393 1910 451 ΔΝ.
1952 393 2181 450 MANL.
2218 393 2371 451 δεῖν.
2411 394 2640 453 BOETII

3743 403 3849 457 284

563 530 656 577 aut
678 502 878 589 specie,
912 526 971 573 ut
1007 526 1092 573 est
1122 530 1318 587 corpus
1338 515 1554 587 quidem
1595 514 1842 572 animalis
1873 532 2034 571 unum
2065 532 2153 571 se-
2182 518 2235 581 Δ
2264 516 2510 587 dicimus,
2545 518 2646 571 hoc
2676 526 2760 572 est
2798 517 3012 587 quando
3038 516 3269 587 aliquam
3320 532 3435 571 rem
3470 516 3572 572 alia
3601 533 3689 574 res
3718 529 3849 575 tem'

564 614 796 668 cundum
832 625 1021 680 genus,
1062 609 1299 663 omnium
1338 608 1481 665 enim
1531 609 1840 664 animalium
1870 625 2031 664 unum
2064 625 2155 680 ge-

566 721 665 759 nus
697 712 798 767 est,
824 711 879 757 et
907 702 1047 757 circa
1076 701 1179 757 hoc
1217 701 1481 772 :egritudo
1507 702 1589 755 vel
1618 702 1821 755 sanitas
1861 700 2146 756 invenitur.

566 795 822 851 Similiter
842 805 897 850 et
917 795 1062 850 circa
1093 810 1292 864 corpus
1320 810 1480 849 omne
1502 793 1809 862 indiscrete,
1836 795 1920 851 vel
1953 795 2156 850 anima-

565 889 633 943 lis
656 888 743 942 vel
774 888 1076 955 inanimati,
1122 887 1317 943 albedo
1341 895 1395 942 et
1422 885 1646 958 nigredo
1677 898 1780 958 est,
1811 888 1973 959 quod,
2013 888 2156 943 scili-

567 991 654 1038 cet
680 997 840 1037 omne
864 996 1059 1051 corpus
1074 991 1129 1036 et
1150 982 1322 1051 ipsum
1347 980 1644 1035 secundum
1670 995 1840 1050 genus
1859 990 1943 1036 est
1968 996 2154 1047 unum,

545 1062 801 1145 'namque
838 1074 919 1128 his
949 1090 1119 1145 genus
1148 1084 1231 1129 est
1268 1074 1589 1129 substantia.
1620 1072 1831 1128 Iustitia
1861 1089 2073 1145 quoque
2102 1083 2158 1130 et

568 1167 825 1237 iniustitia
856 1167 906 1221 in
934 1167 1111 1220 anima
1142 1175 1242 1221 est.
1274 1164 1463 1221 Omnis
1493 1174 1670 1220 autem
1701 1165 1879 1219 anima
1921 1182 2041 1236 qua:
2070 1164 2156 1236 iu-

568 1259 766 1313 stitiam
812 1257 1235 1328 injustitiamque
1279 1257 1522 1326 suscipit,
1556 1258 1833 1312 rationalis
1858 1266 1961 1323 est,
1992 1256 2047 1312 id
2077 1266 2160 1312 est

570 1350 840 1415 hominis;
872 1351 965 1405 sed
1012 1365 1201 1404 omnes
1232 1349 1480 1406 homines
1522 1349 1664 1405 idem
1712 1360 1836 1404 sunt
1865 1349 2158 1406 secundum

569 1442 821 1512 speciem,
854 1456 1039 1496 omnes
1070 1440 1231 1511 igitur
1256 1443 1451 1497 animae
1475 1442 1680 1498 easdem
1708 1441 2005 1498 secundum
2032 1458 2158 1512 spe-

570 1533 704 1589 ciem
742 1545 896 1599 sunt;
950 1533 1159 1604 iustitia
1188 1548 1315 1603 ergo
1344 1543 1399 1589 et
1442 1532 1703 1604 iniustitia
1752 1533 1893 1588 circa
1942 1532 2160 1588 easdem

569 1638 658 1679 res
699 1623 991 1679 secundum
1044 1623 1277 1694 speciem
1308 1624 1670 1695 reperiuntur.
1718 1623 1981 1691 Quocirca
2017 1634 2161 1679 recte

571 1718 677 1788 iam
721 1716 1031 1773 conclusum
1084 1726 1187 1782 est,
1216 1716 1396 1771 omnia
1434 1716 1700 1772 contraria
1738 1716 1874 1771 circa
1934 1714 2151 1771 easdem

570 1824 661 1865 res
687 1806 775 1863 vel
816 1807 1105 1864 secundum
1131 1821 1318 1878 genus,
1364 1808 1450 1862 vel
1479 1805 1777 1861 secundum
1810 1808 2048 1877 speciem
2081 1806 2164 1860 iu-

574 1902 767 1959 veniri.

643 1995 1005 2051 Necessarium
1030 2003 1103 2051 est
1123 1995 1491 2049 autenromnia
1512 1992 1773 2047 contraria
1796 1992 1873 2047 vel
1905 1992 1960 2046 in
1987 1993 2162 2046 eodem

572 2105 754 2162 genere
778 2105 907 2157 esse,
946 2086 1023 2142 vel
1054 2089 1107 2141 in
1134 2088 1406 2142 contrariis
1447 2086 1714 2159 generibus
1753 2102 1880 2151 esse,
1922 2087 1998 2140 vel
2050 2084 2165 2155 ipsa

572 2197 760 2253 genera
787 2197 916 2237 esse.
953 2180 1138 2235 Album
1179 2181 1314 2234 enim
1341 2187 1388 2233 et
1435 2172 1635 2250 nigrum
1664 2178 1717 2231 in
1764 2177 1940 2232 eodem
1983 2191 2165 2251 genere

573 2284 710 2340 sunt,
742 2274 886 2328 color
906 2273 1040 2329 enim
1071 2290 1230 2346 genus
1255 2288 1432 2328 eorum
1477 2281 1573 2335 est;
1611 2269 1814 2344 justitia
1842 2284 1959 2323 vero
1999 2278 2045 2323 et
2086 2268 2168 2322 in-

575 2366 771 2441 iustitia
796 2367 849 2420 in
875 2366 1145 2420 contrariis
1178 2364 1463 2437 generibus,
1500 2363 1639 2417 illius
1685 2362 1822 2417 enim
1850 2363 2032 2429 virtus,
2070 2360 2167 2415 hu-

576 2460 659 2533 ius
697 2469 865 2513 autem
913 2460 1138 2530 nequitia
1167 2475 1329 2529 genus
1352 2468 1443 2512 est.
1484 2458 1685 2511 Bonum
1724 2472 1839 2510 vero
1888 2462 1937 2511 et
1973 2455 2168 2509 malum

577 2566 681 2604 non
720 2558 838 2603 sunt
864 2550 918 2604 in
964 2566 1164 2622 genere,
1191 2550 1280 2605 sed
1331 2551 1447 2621 ipsa
1489 2560 1606 2603 sunt
1649 2565 1833 2623 genera
1878 2549 2170 2621 aliquorum

578 2643 868 2697 existentia.

627 2733 912 2807 Monstrat
941 2732 995 2788 id
1020 2732 1163 2804 quod
1198 2732 1465 2802 reliquum
1493 2741 1596 2801 est,
1635 2731 1686 2789 id
1716 2722 1801 2788 est
1829 2731 1919 2787 ubi
1948 2742 2172 2802 possunt

579 2845 793 2901 semper
847 2832 1116 2886 contraria
1167 2830 1443 2901 vestigari,
1495 2829 1675 2883 omnia
1722 2829 1867 2884 enim
1895 2843 2016 2898 quae
2044 2834 2171 2883 sunt

580 2922 871 2989 contraria,
904 2931 996 2977 aut
1024 2922 1125 2977 sub
1162 2922 1353 2979 eodem
1384 2936 1583 2992 genere
1614 2928 1759 2988 sunt,
1794 2931 1887 2975 aut
1913 2919 2013 2974 sub
2041 2934 2172 2974 con-

581 3017 763 3073 trariis
808 3017 1118 3089 generibus,
1165 3026 1255 3072 aut
1301 3016 1413 3086 ipsa
1446 3023 1570 3070 sunt
1593 3029 1814 3086 genera.
1846 3013 1957 3070 Sub
1982 3013 2171 3069 eodem

580 3125 780 3182 genere
808 3121 931 3165 sunt
959 3110 1253 3175 contraria,
1284 3117 1343 3164 ut
1368 3108 1549 3164 album
1594 3118 1648 3164 et
1697 3109 1905 3178 nigrum
1938 3107 2037 3162 sub
2066 3121 2172 3163 uno

582 3216 803 3273 genere,
832 3200 886 3256 id
914 3213 998 3256 est
1037 3201 1242 3270 colore,
1275 3201 1426 3255 color
1448 3201 1590 3256 enim
1628 3198 1892 3255 albedinis
1913 3210 1967 3255 et
1994 3201 2174 3270 nigre-

2259 625 2389 680 pore
2421 609 2691 680 praecedit,
2726 620 2778 665 et
2808 620 3047 678 superat,
3093 618 3147 665 et
3182 609 3305 664 dum
3338 611 3558 681 proprie
3588 611 3851 682 loquimur

2259 702 2550 756 secundum
2596 703 2853 771 temporis
2894 701 3322 771 praecessionem,
3379 701 3521 756 aliud
3581 702 3851 771 antiquius

2259 795 2529 861 dicimus,
2609 796 2751 850 aliud
2801 797 3002 851 senius.
3065 795 3353 865 Antiquius
3402 794 3619 865 quidem
3680 794 3733 849 in
3789 795 3852 850 iis
3946 860 3951 863 _

2260 904 2379 959 quae
2448 887 2739 944 inanimata
2790 899 2956 957 sunt,
3015 896 3071 943 ut
3124 887 3419 959 Porpliyrio
3485 888 3697 958 placet,
3767 902 3848 943 se-

2261 983 2386 1038 nius
2425 998 2553 1038 vero
2604 984 2656 1037 in
2711 983 2774 1038 iis
2832 999 2951 1054 qua:
3017 984 3194 1038 anima
3253 997 3359 1037 non
3428 993 3615 1037 carent
3649 1001 3663 1037 :
3697 992 3755 1037 ut
3806 983 3851 1036 si

2261 1075 2379 1145 quis
2427 1074 2571 1131 dicat
2629 1074 2899 1145 antiquius
2976 1075 3139 1131 fuisse
3206 1072 3405 1129 bellum
3474 1073 3850 1129 Thebanorum

2261 1178 2419 1237 atque
2443 1166 2754 1222 Graecorum
2794 1166 2971 1239 Troia:
2999 1166 3234 1232 excidio,
3287 1165 3487 1221 idcirco
3519 1165 3661 1237 quod
3711 1173 3850 1239 tem-

2261 1274 2392 1329 pore
2416 1261 2705 1331 pracedat,
2749 1259 2839 1314 iilii
2866 1276 3095 1331 namque
3116 1260 3312 1314 ducum
3351 1260 3439 1330 qui
3472 1256 3729 1313 Thebano
3759 1270 3851 1325 pe-

2263 1351 2405 1407 riere
2438 1353 2642 1422 praelio,
2690 1352 2868 1423 Troiae
2900 1351 3098 1420 praeliis
3130 1350 3512 1415 interfuerunt,
3544 1360 3601 1404 ut
3638 1347 3849 1403 Diome-

2262 1445 2360 1500 des
2404 1445 2589 1517 Tydzei
2637 1444 2800 1510 illius,
2835 1454 2889 1499 et
2919 1443 3169 1499 Stenelus
3201 1442 3343 1498 filius
3390 1442 3647 1511 Capanei.
3678 1441 3852 1510 Atque

2264 1536 2368 1591 hoc
2389 1536 2603 1607 quidem
2626 1537 2720 1599 ita,
2752 1535 3002 1605 quoniam
3048 1543 3131 1587 est
3160 1540 3216 1587 et
3248 1534 3303 1586 in
3345 1532 3507 1586 rebus
3552 1528 3854 1584 inanimatis

2264 1631 2404 1700 quod
2434 1629 2705 1699 antiquius
2733 1626 2949 1692 dicitur,
2985 1634 3043 1680 ut
3083 1640 3205 1681 cum
3236 1622 3466 1678 dicimus
3495 1620 3851 1691 antiquiorem

2265 1734 2384 1775 esse
2409 1717 2830 1774 dominationem
2854 1731 3040 1787 regum
3071 1714 3122 1770 in
3159 1714 3376 1770 civitate
3399 1713 3662 1777 Romana,
3693 1724 3853 1781 quam

2265 1813 2545 1867 consulum
2580 1820 2634 1866 et
2657 1811 3083 1881 magistratuum.
3131 1807 3191 1864 In
3241 1808 3402 1863 rebus
3432 1819 3561 1863 vero
3599 1804 3855 1859 animatis

2191 1906 2448 1970 Bsenius
2503 1919 2779 1960 vocamus.
2856 1902 3140 1960 Seniorem
3185 1916 3414 1972 namque
3471 1899 3695 1955 dicimus
3754 1897 3855 1969 Py-

2267 1999 2542 2068 thagoram
2568 1997 2814 2065 Socrate,
2845 1994 3125 2052 Socratem
3156 1992 3469 2060 Aristotele,
3489 1990 3692 2047 idcirco
3712 1989 3855 2062 quod

2266 2105 2326 2145 se
2359 2090 2687 2161 temporibus
2719 2089 3057 2145 antecedant.
3092 2086 3236 2157 Ergo
3256 2084 3408 2156 prius
3437 2086 3663 2140 alterum
3688 2084 3856 2138 altero
3898 2126 3901 2129 ι

2269 2185 2463 2255 dicitur
2494 2178 2722 2254 praprie
2770 2183 3066 2239 secundum
3120 2192 3374 2251 tempus,
3431 2178 3627 2248 prioris
3678 2184 3857 2232 autem

2267 2286 2496 2347 quatuor
2546 2277 2694 2332 tuere
2735 2275 3032 2341 distantia},
3083 2281 3139 2327 ut
3179 2271 3294 2342 ipse
3349 2269 3664 2325 Aristoteles
3707 2266 3857 2337 dicit,

2270 2387 2390 2426 cum
2416 2374 2488 2425 ait
2517 2389 2531 2425 :
2567 2372 2720 2426 Prius
2742 2369 2972 2425 alterum
2997 2369 3168 2423 altero
3203 2364 3399 2422 dicitur
3420 2361 3858 2435 quadrupliciter.

2271 2463 2483 2533 Easque
2521 2460 2795 2533 sigillatim
2836 2460 3075 2517 breviter
3116 2465 3423 2523 enumerat,
3470 2454 3535 2509 ad
3572 2466 3707 2524 quas
3746 2453 3862 2533 ipse

2271 2528 2476 2613 addidit
2506 2528 2768 2626 quintam,
2823 2568 2942 2623 quae
2976 2552 3170 2621 priscis
3208 2545 3542 2620 philosophis
3584 2528 3863 2599 esset'in-

2274 2652 2505 2723 cognita.
2540 2649 2605 2704 Et
2635 2650 2887 2719 quoniam
2927 2648 2996 2701 de
3023 2647 3194 2716 primo
3223 2643 3417 2714 prioris
3456 2638 3617 2696 modo
3657 2637 3861 2693 dictum

2275 2751 2379 2809 est,
2415 2742 2483 2797 de
2513 2741 2749 2796 secundo
2775 2740 3039 2795 dicamus.

2367 2835 2608 2892 Secundo
2662 2843 2832 2899 autem
2886 2831 3020 2902 quod
3073 2844 3176 2883 non
3228 2826 3534 2881 convertitur
3589 2823 3864 2878 secundum

2275 2928 2584 2987 subsistendi
2624 2927 3054 2997 consequentiam,
3092 2933 3147 2978 ut
3186 2938 3343 2977 unum
3373 2920 3570 2977 duobus
3600 2918 3740 2987 prius
3768 2927 3864 2973 est:

2278 3020 2475 3077 duobus
2516 3021 2654 3075 enim
2697 3018 3046 3084 existentibus,
3090 3031 3212 3069 mox
3258 3027 3568 3084 consequens
3600 3023 3672 3063 est
3710 3022 3867 3063 unum

2277 3131 2404 3182 esse,
2443 3130 2550 3168 uno
2583 3123 2752 3167 autem
2784 3113 3057 3173 existente,
3105 3125 3209 3162 non
3250 3116 3323 3161 est
3371 3105 3710 3160 necessarium
3766 3103 3867 3156 duo

2277 3222 2404 3264 esse.
2450 3205 2654 3261 Idcirco
2690 3220 2793 3259 non
2830 3204 3137 3257 convertitur
3177 3204 3241 3254 ab
3270 3215 3373 3253 uno
3401 3197 3775 3269 consequentia,
3810 3204 3867 3252 ut

583 3294 729 3350 diuis
751 3302 836 3347 est
864 3308 1053 3361 genus.
1083 3293 1211 3348 Haec
1238 3294 1379 3362 igtur
1400 3293 1500 3347 sub
1528 3306 1633 3346 uno
1656 3301 1780 3345 sunt
1806 3306 2029 3362 genere.
2054 3291 2158 3347 Alit

2238 3297 2247 3359 ἶ
2277 3306 2344 3361 sit
2370 3303 2645 3374 reliquum,
2678 3300 2821 3373 prius
2852 3309 3021 3352 autem
3054 3296 3253 3350 videtur
3281 3293 3414 3348 illud
3439 3308 3547 3348 esse
3576 3311 3610 3347 a
3631 3308 3734 3363 quo
3770 3304 3869 3345 non

584 3398 714 3441 vero
746 3385 1015 3440 contraria
1057 3385 1112 3439 in
1156 3384 1444 3440 contrariis
1473 3382 1759 3454 generibus
1803 3383 2173 3450 inveniuntur,

585 3486 645 3533 ut
669 3476 876 3546 justitia
914 3485 970 3532 et
999 3476 1279 3546 iniustitia.
1313 3476 1542 3531 iustitia:
1583 3476 1730 3531 enim
1772 3490 1938 3544 genus
1971 3486 2052 3531 est
2083 3475 2179 3531 bo-

586 3584 737 3635 num,
772 3567 1051 3637 iniustitiae
1079 3581 1211 3623 vero
1235 3566 1456 3657 malum,
1491 3567 1691 3621 malum
1717 3582 1844 3622 vero
1880 3568 2021 3623 bono
2053 3582 2179 3623 con-

588 3662 810 3718 trarium
842 3669 945 3727 est,
976 3660 1180 3729 iustitia
1220 3675 1350 3730 etgo
1378 3660 1433 3716 et
1464 3660 1722 3730 iniustitia
1767 3659 1865 3714 sub
1897 3660 2179 3715 contrariis

588 3754 876 3826 generibus
902 3761 1045 3808 sunt.
1081 3753 1285 3807 Rursus
1316 3752 1418 3807 alia
1448 3752 1563 3823 ipsa
1585 3761 1713 3809 sunt
1743 3767 1959 3823 genera,
1995 3763 2050 3807 ut
2083 3753 2181 3807 bo-

588 3862 717 3904 num
738 3858 794 3903 et
823 3849 1040 3917 malum,
1068 3857 1291 3919 utraque
1312 3858 1437 3903 sunt
1464 3862 1665 3919 genera
1695 3847 1796 3903 sub
1827 3862 1885 3902 se
1916 3846 2178 3902 malorum

587 3941 958 4011 bonorumque
980 3941 1296 4011 positurum,
1319 3949 1373 3997 et
1397 3956 1505 3996 non
1536 3941 1633 3995 hcc
1657 3956 1798 3995 nunc
1817 3938 2011 3995 dicitur
2033 3936 2178 4008 quod

589 4034 801 4094 bonitas
830 4045 886 4090 et
914 4034 1114 4089 malitia
1138 4034 1269 4089 nulli
1300 4033 1391 4088 alii
1413 4033 1595 4103 generi
1618 4033 1940 4095 subduntur,
1966 4047 2173 4101 ponun-

591 4136 678 4182 tur
707 4127 852 4183 enim
890 4127 990 4183 sub
1026 4126 1303 4196 Qualitate.
1345 4125 1451 4182 Sed
1483 4126 1884 4195 particularium
1916 4124 2178 4180 bonorum

591 4230 648 4278 et
668 4221 929 4275 malorum
962 4234 1067 4275 non
1095 4235 1216 4275 esse
1244 4219 1349 4273 alia
1380 4234 1596 4289 genera,
1632 4220 1732 4272 nisi
1774 4218 1947 4288 ipsum
1980 4217 2179 4272 bonum

592 4321 648 4368 et
670 4311 868 4367 malum
895 4311 1236 4381 generaliter.
1266 4308 1429 4364 Recte
1458 4308 1619 4379 igitur
1651 4308 1848 4361 bonum
1885 4317 1939 4361 et
1971 4308 2168 4361 malum

594 4403 819 4459 Iliorum
851 4400 1247 4472 particularium
1272 4400 1557 4466 bonorum,
1584 4399 1953 4469 malorumque
1974 4414 2175 4470 genera

594 4508 723 4555 sunt
751 4510 1047 4553 numerata.
1094 4498 1270 4563 Quare
1301 4493 1601 4551 rectissime
1632 4494 1835 4548 dictum
1879 4502 1962 4548 est
2000 4494 2180 4548 omnia

595 4591 885 4657 contraria,
935 4600 1028 4644 aut
1067 4590 1167 4645 sub
1198 4588 1388 4644 eodem
1422 4602 1541 4642 esse
1570 4601 1786 4658 genere,
1830 4595 1886 4640 ut
1916 4585 2095 4641 album
2128 4597 2184 4643 et

2279 3398 2589 3453 convertitur
2617 3393 2812 3449 essendi
2845 3390 3219 3461 consequentia.

2349 3488 2620 3555 Secundi,
2665 3484 2855 3555 inquit,
2887 3482 3203 3552 signiﬁcatio
3242 3478 3437 3551 prioris
3464 3484 3566 3546 est,
3606 3487 3725 3547 qua
3765 3486 3871 3530 non

2280 3592 2525 3653 tempore
2563 3578 2898 3648 intelligitur,
2946 3576 3039 3631 sed
3086 3586 3295 3641 natura,
3341 3580 3397 3628 et
3437 3574 3540 3653 hoc
3581 3568 3659 3624 ait
3696 3582 3728 3623 ι
3765 3582 3872 3638 quo

2279 3692 2388 3734 non
2435 3674 2770 3733 convertitur
2816 3668 3141 3727 subsistendi
3188 3644 3591 3738 consequentia.
3640 3662 3772 3718 Nam
3824 3662 3870 3716 si

2280 3772 2401 3828 duae
2440 3784 2528 3825 res
2561 3768 2635 3823 ita
2674 3766 2781 3822 sint
2808 3764 3089 3835 oppositae,
3120 3770 3176 3815 ut
3205 3761 3253 3815 si
3283 3773 3386 3814 una
3423 3759 3513 3825 sit,
3553 3768 3775 3811 necesse
3799 3754 3870 3811 sit

2280 3878 2402 3920 esse
2425 3863 2609 3927 aliam,
2641 3867 2696 3914 et
2721 3856 2769 3913 si
2800 3856 2902 3912 alia
2933 3856 3026 3921 sit,
3054 3868 3160 3908 non
3192 3864 3420 3907 necesse
3436 3850 3515 3904 sit
3541 3862 3663 3903 esse
3687 3845 3870 3913 aliam,

2281 3953 2373 4012 illa
2410 3954 2555 4024 prior
2592 3960 2677 4007 est
2712 3963 2816 4021 qua
2858 3947 3028 4018 posita
3069 3954 3126 3999 ut
3162 3943 3253 4008 sit,
3296 3956 3403 3997 non
3441 3950 3527 3998 est
3561 3939 3719 3994 aliam
3753 3950 3874 3992 esse

2283 4064 2533 4115 necesse,
2586 4055 2640 4102 et
2685 4044 2787 4100 hoc
2834 4040 3055 4114 quidem
3104 4036 3479 4094 universaliter
3525 4036 3743 4091 dictum-
3770 4041 3871 4087 est.

2283 4144 2496 4201 Planius
2524 4154 2652 4195 vero
2678 4138 2762 4194 his
2791 4137 2882 4193 ﬁet
2911 4132 3193 4205 exemplis.
3235 4131 3483 4186 Binarius
3513 4130 3657 4185 enim
3687 4141 3875 4182 nume-

2282 4255 2377 4295 rus
2413 4248 2469 4293 et
2509 4236 2682 4293 unitas
2718 4247 2835 4288 eam
2882 4232 3080 4286 retinet
3113 4236 3385 4292 naturam,
3428 4233 3486 4277 ut
3523 4222 3569 4275 si
3610 4219 3731 4290 quis
3766 4219 3874 4273 duo

2284 4344 2404 4387 esse
2458 4335 2751 4398 proponat,
2805 4337 2977 4379 unum
3034 4334 3245 4390 quoque
3297 4329 3416 4371 esse
3467 4311 3870 4375 monstraverit,

2284 4435 2449 4476 unum
2488 4420 2631 4474 enim
2672 4417 2723 4472 in
2767 4415 2897 4485 ipsis
2924 4413 3132 4469 duobus
3161 4407 3521 4472 concluditur,
3550 4418 3650 4460 nec
3676 4413 3875 4475 praeter

2285 4510 2418 4567 duas
2445 4511 2680 4565 unitates
2706 4505 2907 4579 poterit
2932 4518 3053 4560 esse
3075 4500 3335 4558 binarius.
3396 4497 3659 4564 Quocirca
3688 4494 3733 4550 si
3755 4494 3875 4564 quis

2286 4603 2550 4659 binarium
2583 4613 2862 4655 numerum
2893 4610 3014 4653 esse
3041 4592 3299 4665 posuerit,
3326 4603 3490 4645 unum
3522 4601 3733 4657 quoque
3758 4599 3877 4641 esse

596 4683 810 4754 nigrum
840 4682 941 4738 sub
971 4682 1174 4748 colore,
1215 4691 1307 4735 aut
1349 4681 1401 4735 in
1451 4680 1737 4735 contrariis
1768 4678 2076 4749 generibus,
2127 4695 2156 4732 u

2238 4691 2657 4766 )consequitur,
2690 4691 2893 4747 idcirco
2924 4688 3164 4744 binarius
3193 4694 3254 4742 ut
3302 4684 3376 4739 sit
3416 4680 3619 4752 indiget
3648 4678 3872 4734 unitate.

596 4775 804 4850 iustitia
832 4784 991 4843 atque
1022 4774 1280 4843 iniustitia
1333 4773 1433 4828 sub
1470 4773 1610 4828 bono
1649 4780 1704 4826 et
1745 4771 1908 4837 malo,
1943 4780 2037 4827 aut
2067 4772 2183 4841 ipsa

598 4880 721 4924 esse
747 4882 963 4937 genera,
998 4875 1055 4922 ut
1078 4876 1161 4921 est
1192 4867 1364 4935 ipsum
1393 4865 1592 4919 bonum
1624 4872 1677 4918 et
1707 4862 1927 4926 malum,
1951 4878 2069 4931 quae
2094 4878 2185 4935 ge-

600 4975 730 5019 nera
753 4959 975 5030 justitia:
996 4967 1157 5028 atque
1186 4956 1458 5027 iniustitiae
1488 4964 1767 5010 numerata
1797 4963 1942 5009 sunt.

1059 5071 1150 5125 DE
1189 5070 1395 5127 MODIS
1435 5068 1722 5124 PRIORIS.

672 5187 830 5243 Prius
858 5195 1023 5240 autem
1066 5187 1283 5239 alterum
1332 5185 1493 5237 altero
1525 5183 1711 5235 dicitur
1742 5180 2139 5251 quadrupliciter
2169 5196 2187 5234 :

604 5283 767 5358 primo
790 5280 991 5351 quidem
1032 5288 1076 5331 et
1129 5278 1351 5330 maxime
1392 5275 1593 5344 proprie
1636 5273 1913 5344 secundum
1968 5281 2184 5340 tempus,

605 5380 881 5433 secundum
911 5373 1046 5445 quod
1077 5372 1333 5443 antiquius
1361 5372 1582 5422 alterum
1619 5367 1784 5420 altero
1812 5375 1857 5419 et
1904 5367 2073 5419 senius
2104 5366 2186 5420 di-

606 5473 757 5534 citur,
783 5471 838 5523 in
859 5485 915 5523 eo
940 5468 1073 5520 enim
1093 5464 1227 5537 quod
1247 5472 1443 5534 tempus
1467 5460 1686 5531 amplius
1711 5469 1805 5526 est,
1829 5467 1875 5512 et
1900 5458 2184 5521 antiquius,

608 5573 651 5617 et
682 5564 851 5619 senius
879 5561 1087 5615 dicitur.

678 5658 964 5728 Postquam
1011 5669 1139 5709 vero
1181 5652 1248 5707 de
1279 5649 1538 5721 oppositis
1569 5644 1987 5717 disputationem
2019 5655 2191 5709 quan-

609 5758 723 5805 tum
773 5751 841 5806 ad
891 5762 1127 5819 praesens
1176 5754 1385 5813 tempus
1424 5740 1685 5796 attinebat
1716 5736 2019 5807 explicavit,
2054 5745 2195 5785 nunc

608 5859 731 5918 qua:
761 5844 940 5916 priora
972 5841 1077 5898 dici
1106 5839 1334 5909 possint,
1358 5850 1481 5905 qua:
1529 5832 1825 5904 posteriora
1856 5828 2094 5883 disserit.
2129 5824 2199 5879 Et

610 5938 706 6022 ait,
735 5936 912 6014 primo
930 5933 1152 6021 quidem
1190 5927 1512 6022 etgp‘roprie,
1550 5935 1606 5986 et
1634 5921 2002 6008 quod‘in‘usu
2023 5920 2195 6011 prius

2290 4793 2361 4850 At
2383 4806 2509 4846 vero
2539 4788 2584 4844 si
2608 4789 2727 4859 quis
2754 4792 2917 4857 ponat
2944 4798 3063 4839 esse
3090 4782 3368 4847 unitatem,
3400 4778 3635 4834 nondum
3659 4788 3879 4831 necesse

2290 4896 2374 4942 est
2400 4899 2523 4940 esse
2552 4881 2840 4939 binarium.
2898 4878 3038 4948 Ergo
3068 4877 3137 4933 ab
3161 4877 3365 4931 unitate
3394 4870 3719 4929 subsistendi
3747 4885 3879 4925 con-

2292 4975 2569 5049 sequentia
2613 4990 2717 5029 non
2747 4973 3100 5027 convertitur.
3140 4968 3325 5025 Posita
3360 4966 3505 5021 enim
3546 4965 3749 5020 unitate
3789 4975 3882 5017 nec

2291 5052 2447 5129 cesse
2476 5086 2583 5124 non
2614 5069 2713 5122 fuit
2740 5066 2931 5122 binarii
2965 5064 3175 5120 numeri
3210 5061 3465 5131 subsequi
3504 5058 3880 5129 quantitatem,

2293 5164 2497 5218 idcirco
2526 5160 2665 5230 quod
2700 5159 2908 5214 binario
2949 5174 3056 5212 non
3103 5155 3309 5226 indiget
3346 5154 3545 5217 unitas,
3577 5152 3716 5206 sicut
3741 5150 3884 5208 indi-

2295 5242 2426 5328 gens
2464 5261 2579 5308 erat
2620 5251 2824 5307 unitate
2861 5247 3121 5307 binarius.
3179 5247 3358 5315 Quare
3397 5244 3544 5314 prior
3586 5251 3669 5298 est
3704 5243 3886 5298 unitas

2295 5350 2503 5407 binario
2532 5366 2546 5403 :
2574 5345 2718 5419 quod
2744 5346 2787 5400 si
2816 5346 2887 5400 ita
2919 5353 3021 5409 est,
3047 5352 3100 5398 et
3128 5337 3387 5411 quidquid
3420 5338 3492 5393 ita
3522 5338 3701 5404 luerit,
3731 5345 3792 5391 ut
3819 5335 3887 5390 ab

2295 5466 2361 5508 eo
2398 5444 2723 5504 subsistendi
2765 5439 3148 5513 consequentia
3184 5450 3293 5491 non
3332 5441 3701 5499 convertatur,
3739 5429 3885 5499 prius

2297 5540 2585 5600 Aristotele
2609 5546 2826 5594 auctore
2851 5531 3183 5605 probabitur,
3207 5528 3339 5583 utin
3367 5542 3431 5583 eo
3454 5524 3598 5597 quod
3624 5534 3706 5578 est
3726 5520 3886 5575 homo

2298 5647 2352 5694 et
2372 5633 2591 5691 animal.
2616 5629 2751 5686 Cum
2777 5628 2897 5684 dico
2925 5623 3219 5689 hominem,
3244 5634 3369 5676 mox
3391 5617 3498 5674 dixi
3523 5614 3737 5678 animal;
3765 5625 3885 5665 cum

2299 5728 2496 5784 animal
2539 5724 2757 5792 dixero,
2800 5720 2928 5776 nihil
2968 5717 3143 5773 adhuc
3179 5715 3248 5771 de
3286 5711 3504 5768 homine
3542 5708 3741 5763 dictum
3780 5711 3883 5757 est.

2299 5821 2488 5878 Omnis
2536 5819 2678 5875 enim
2718 5816 2879 5873 homo
2923 5811 3121 5871 animal
3164 5819 3281 5880 est,
3312 5820 3439 5896 non
3483 5816 3643 5863 omne
3689 5797 3888 5862 animal

2284 5992 2287 5993 ί
2301 5914 2490 5976 homo.
