4280 6268
396 372 496 428 285

1370 375 1434 434 IN
1466 374 1901 431 CATEGORIAS
1945 377 2391 433 ARISTOTELIS
2430 379 2558 436 LIB.
2593 381 2679 437 IV.

3544 382 3643 435 286

464 489 642 544 Tertio
671 507 785 547 vero
817 493 1089 546 secundum
1120 493 1342 545 ordinem
1369 492 1639 559 quemdam
1669 495 1811 560 prius
1836 492 1966 545 dici-
1999 495 2051 554 Α
2072 509 2208 547 uera.
2244 492 2324 547 Ea:
2350 511 2408 549 eo
2435 497 2568 547 enim
2592 496 2726 565 quod
2752 512 2829 550 res
2857 508 2946 563 est,
2981 499 3057 553 vel
3085 514 3187 553 non
3217 509 3310 562 est,
3340 499 3503 552 oratio
3528 514 3645 553 vera

399 595 501 664 tur,
540 584 964 652 quemadmodum
991 593 1039 637 et
1078 585 1129 637 in
1162 584 1439 664 disciplinis
1467 594 1516 638 et
1550 584 1604 638 in
1632 584 1966 651 orationibus,

398 657 517 729 num
550 685 596 729 et
649 675 701 728 in
751 675 1149 729 demonstrativis
1189 655 1467 745 disaplinis
1516 685 1591 729 est
1624 676 1764 745 prius
1799 685 1844 727 et
1876 691 1971 746 po-

397 768 574 822 sterius
604 782 691 836 per
718 768 965 831 ordinem,
992 766 1237 821 elementa
1262 768 1393 820 enim
1422 766 1477 819 in
1504 766 1772 836 geometria
1798 769 1970 837 priora

397 869 513 914 sunt
550 861 614 913 iis
640 874 750 926 qua!
773 857 1117 912 describuntur
1141 876 1229 929 per
1257 860 1504 914 ordinem.
1546 856 1812 928 Principia
1839 859 1971 912 enim

396 952 567 1022 priora
606 962 721 1004 sunt
766 951 1160 1004 tbeorematibus
1201 949 1408 1015 ordine,
1462 960 1508 1006 et
1546 948 1972 1020 in‘grammatica

394 1044 633 1098 elementa
658 1044 832 1110 priora
858 1050 975 1098 sunt
999 1042 1230 1113 syllabis,
1255 1052 1299 1096 et
1323 1043 1375 1097 in
1401 1043 1712 1097 orationibus
1737 1040 1972 1097 similiter

392 1136 685 1205 proemium
718 1136 859 1203 prius
886 1144 961 1189 est
990 1137 1306 1199 narratione,
1339 1135 1537 1190 ordine.

359 1271 365 1307 ε
460 1224 619 1280 Ponit
660 1226 870 1279 tertiam
917 1224 1111 1294 prioris
1151 1226 1613 1296 signiﬁcationem,
1656 1234 1713 1280 ut
1755 1224 1807 1279 in
1846 1242 1972 1296 geo-

356 1318 364 1345 ’
390 1320 579 1376 metria
613 1316 787 1388 priora
813 1325 958 1382 sunt,
992 1316 1193 1385 inquit,
1217 1317 1480 1372 elementa
1504 1317 1966 1386 descriptionibus.

390 1412 671 1468 Elementa
700 1424 827 1464 vero
858 1409 931 1462 ait
957 1425 1090 1477 quos
1120 1406 1377 1464 terminos
1416 1408 1771 1477 appellamus,
1806 1407 1857 1461 id
1889 1417 1973 1462 est

393 1505 483 1561 ubi
513 1504 640 1572 quid
670 1502 1045 1571 punctum‘sit,
1078 1500 1204 1571 quid
1235 1501 1395 1565 linea,
1426 1501 1552 1569 quid
1584 1502 1752 1570 ﬁgura
1782 1500 1973 1569 praedi-

394 1598 550 1654 citur.
584 1595 680 1651 His
709 1598 847 1649 enim
878 1594 1105 1664 cognitis
1133 1603 1186 1648 et
1212 1592 1439 1648 ﬁdeliter
1464 1593 1643 1648 animo
1669 1593 1971 1663 apprehen-

392 1691 487 1755 sis,
543 1698 724 1758 postea
781 1702 966 1742 omnes
1020 1686 1327 1756 geometriae
1376 1684 1764 1755 descriptiones
1817 1686 1966 1752 ﬁunt,

391 1797 507 1855 quae
547 1779 876 1850 problemata
919 1789 972 1834 et
1022 1778 1353 1833 theoremata
1394 1788 1782 1847 nuncupantur.
1832 1777 1972 1848 Ergo

2074 596 2160 638 aut
2188 586 2323 656 falsa
2352 587 2555 639 dicatur
2584 602 2781 640 necesse
2808 598 2899 641 est.
2935 586 3157 660 Ideoque
3194 590 3471 644 secundum
3499 590 3647 656 quin-

2074 694 2170 743 que
2205 680 2382 734 modos
2407 681 2550 750 prius
2578 682 2795 734 alterum
2825 682 2990 736 altero
3018 685 3229 737 dicitur.

2146 771 2399 826 Novimus
2428 773 2682 842 quasdam
2722 788 2808 827 res
2847 774 2899 827 in
2931 776 3304 842 prredicatione
3340 792 3496 846 posse
3526 793 3647 832 con-

2076 869 2230 922 verti.
2262 869 2412 936 Quod
2455 871 2497 922 si
2539 885 2641 923 tilla
2684 885 3027 939 earum,qua:
3070 882 3453 926 convertuntur
3498 871 3649 929 alteri

2075 973 2230 1013 causa
2261 969 2365 1025 est,
2395 969 2451 1014 et
2478 961 2639 1015 veluti
2676 961 2973 1016 naturalem
3016 962 3415 1016 subsistentiam
3456 964 3650 1017 submi~

2076 1053 2292 1119 nistrat,
2336 1054 2423 1107 illa
2474 1054 2787 1109 naturaliter
2826 1055 2972 1123 prius
3014 1069 3137 1109 esse
3171 1055 3497 1123 perhibetur.
3539 1056 3653 1125 Ipse

2075 1154 2253 1200 autem
2284 1145 2565 1214 aptissimo
2590 1145 2731 1215 quod
2759 1146 3039 1215 proposuit
3068 1146 3357 1199 afﬁrmavit
3386 1148 3652 1214 exemplo.

2074 1235 2205 1290 Nam
2234 1236 2279 1291 si
2310 1245 2392 1290 est
2421 1237 2597 1306 aliqua
2629 1252 2735 1301 res,
2772 1252 2960 1292 verum
2988 1246 3071 1291 est
3100 1236 3168 1291 de
3195 1252 3256 1290 ea
3288 1237 3488 1300 dicere,
3520 1251 3659 1305 quo.

2076 1329 2218 1383 niam
2245 1340 2351 1384 est.
2383 1328 2586 1383 Rursus
2617 1329 2663 1384 si
2691 1330 2758 1385 de
2787 1345 2848 1384 ea
2878 1344 3059 1384 verum
3089 1340 3172 1384 est
3196 1330 3377 1385 dicere
3405 1332 3655 1401 quoniam

2075 1428 2176 1485 est,
2220 1419 2364 1473 illam
2403 1419 2573 1487 ipsam
2614 1435 2726 1474 rem
2767 1434 2887 1474 esse
2918 1435 3140 1475 necesse
3165 1430 3283 1476 est:
3319 1430 3375 1474 ut
3398 1422 3655 1491 quoniam

2075 1522 2158 1566 est
2205 1512 2398 1579 homo,
2447 1528 2631 1567 verum
2686 1523 2770 1567 est
2827 1513 3005 1569 dicere
3049 1514 3299 1584 quoniam
3347 1523 3430 1569 est
3474 1515 3654 1571 homo.

2075 1606 2229 1674 Quod
2263 1609 2307 1661 si
2348 1623 2530 1662 verum
2566 1616 2649 1662 est
2686 1607 2871 1661 dicere
2900 1609 3150 1677 quoniam
3186 1607 3486 1675 est‘homo,
3516 1609 3655 1661 nulla

2074 1711 2156 1755 εει
2185 1698 2444 1754 dubitatio
2473 1699 2599 1769 quin
2630 1699 2790 1753 homo
2818 1701 2907 1755 sit.
2955 1699 3094 1769 Ergo
3123 1700 3374 1769 quoniam
3405 1699 3513 1753 duo
3544 1698 3657 1753 haec

2082 1793 2297 1848 sibimet
2325 1801 2729 1859 convertuntur,
2764 1793 3109 1861 respiciamus
3141 1808 3280 1847 nunc
3312 1808 3431 1862 qua:
3461 1793 3530 1847 sit
3561 1792 3657 1847 ha-

393 1875 637 1946 quoniam
674 1872 818 1942 prius
854 1870 1134 1926 discuntur
1174 1870 1459 1936 elementa,
1505 1879 1626 1939 post
1664 1871 1729 1924 ad
1768 1869 1969 1925 descri-

2089 1903 2190 1941 rum
2220 1902 2377 1940 causa
2408 1887 2592 1949 alteri,
2624 1895 2679 1941 ut
2708 1886 3003 1941 subsistere
3030 1887 3235 1950 valeat,
3266 1895 3425 1955 atque
3454 1897 3511 1939 ut
3540 1900 3658 1941 esse

396 1970 603 2040 ptiones
651 1976 732 2021 est
765 1965 1042 2032 transitus,
1090 1964 1271 2034 priora
1311 1974 1435 2019 sunt
1471 1965 1734 2020 elementa
1769 1965 1970 2019 descri-

398 2060 695 2132 ptionibus,
752 2057 938 2113 ordine
988 2056 1227 2123 scilicet,
1274 2059 1525 2127 quoniam
1578 2066 1636 2113 ut
1684 2058 1970 2126 descriptio

397 2156 565 2225 possit
585 2153 822 2221 intelligi,
852 2151 997 2221 prius
1020 2151 1282 2206 elementa
1310 2149 1609 2218 traduntur,
1636 2160 1691 2206 et
1717 2150 1769 2204 in
1795 2166 1970 2221 gram-

393 2250 585 2304 matica
615 2260 823 2316 quoque
852 2246 997 2315 prius
1026 2244 1249 2315 singula:
1276 2244 1561 2299 traduntur
1592 2244 1783 2299 littera:
1812 2260 1969 2314 quam

394 2358 509 2414 quae
555 2357 621 2397 ex
670 2339 754 2395 his
802 2337 1019 2410 syllabae
1073 2336 1507 2407 coniunguntur,
1560 2338 1807 2406 quocirca
1852 2337 1972 2405 ipso

392 2448 601 2507 quoque
638 2431 825 2488 ordine
864 2431 1069 2500 priores
1107 2438 1229 2485 sunt
1266 2428 1509 2500 syllabis.
1548 2428 1812 2484 Rhetores
1843 2444 1971 2483 vero

394 2544 497 2585 non
527 2542 673 2598 saepe
702 2542 730 2580 a
762 2523 1097 2592 narra’tibne,
1122 2508 1217 2578 sed
1250 2524 1317 2576 ab
1347 2523 1570 2577 exordio
1598 2536 1756 2591 agere
1784 2536 1973 2576 causas

392 2621 680 2690 incipiunt,
730 2620 853 2674 ideo
890 2617 1032 2687 quod
1084 2615 1303 2673 exordia
1360 2614 1754 2670 narrationibus
1797 2612 1971 2683 priora

392 2725 518 2774 sunt
544 2704 756 2779 ordine,
786 2728 950 2782 quare
980 2712 1169 2767 tertius
1199 2710 1391 2765 modus
1424 2708 1616 2777 prioris
1647 2708 1747 2763 iste
1773 2718 1857 2763 est
1885 2709 1972 2777 qui

391 2808 680 2868 secundum
720 2820 915 2862 nexum
955 2802 1229 2871 cujusdam
1270 2800 1474 2856 ordinis
1513 2800 1567 2854 in
1597 2798 1833 2868 qualibet
1858 2808 1974 2854 arte

313 2952 317 2961 ,
395 2902 480 2950 est
507 2898 848 2953 constitutus.

464 2989 698 3064 Amplius
728 2999 910 3059 prceter
946 3003 1007 3041 ea
1033 3002 1144 3055 qua:
1171 2984 1308 3038 dicta
1349 2992 1487 3050 sunt,
1516 2981 1654 3053 quod
1692 2980 1873 3035 melius
1901 2989 1975 3035 est

393 3095 442 3141 et
469 3082 812 3139 honorabilius
838 3080 980 3153 prius
1010 3076 1312 3131 naturaliter
1339 3092 1445 3130 esse
1468 3076 1686 3141 videtur,
1713 3090 1977 3129 consueveo

396 3188 517 3233 runt
546 3177 679 3232 enim
705 3182 755 3231 et
770 3173 981 3245 plurimi
1009 3170 1413 3227 honorabiliores
1442 3178 1489 3223 et
1513 3169 1675 3240 magis
1704 3184 1735 3220 a
1761 3184 1814 3222 se
1842 3168 1975 3221 dile-

2074 1978 2266 2049 possit.
2290 1977 2457 2033 Video
2486 1986 2663 2031 autem
2687 1992 2800 2032 rem
2826 1976 2973 2031 dicto
2998 1990 3127 2031 vero
3150 1977 3509 2031 subsistentiae
3531 1975 3659 2030 dare

2074 2072 2416 2141 principium,
2462 2084 2583 2123 nam
2623 2066 2745 2139 quia
2782 2069 2944 2123 homo
2980 2076 3082 2132 est,
3120 2067 3318 2122 idcirco
3363 2081 3544 2120 verum
3578 2074 3659 2120 est

2072 2164 2253 2219 dicere
2275 2160 2343 2217 de
2368 2175 2433 2217 eo
2455 2161 2706 2230 quoniam
2731 2168 2836 2227 est,
2866 2158 2959 2214 sed
2992 2173 3098 2212 non
3129 2157 3329 2212 idcirco
3356 2158 3518 2210 homo
3547 2166 3650 2219 est,

2072 2256 2323 2326 quoniam
2363 2253 2431 2309 de
2466 2268 2532 2307 eo
2566 2267 2695 2307 vere
2728 2250 2835 2305 dici
2875 2260 3070 2319 potest,
3104 2250 3355 2319 quoniam
3399 2258 3502 2304 est.
3554 2247 3660 2303 Res

2074 2346 2214 2401 enim
2243 2353 2302 2400 ut
2326 2345 2526 2399 veritas
2564 2343 2728 2408 adsit,
2760 2343 2906 2398 dicto
2937 2342 3254 2411 principium
3290 2351 3394 2407 est,
3426 2341 3519 2395 sed
3553 2354 3660 2394 non

2073 2448 2133 2493 ut
2161 2454 2247 2494 res
2276 2437 2551 2504 subsistat,
2586 2444 2716 2492 vero
2756 2436 2987 2492 efﬁcitur
3016 2436 3181 2490 dicto.
3225 2433 3481 2502 Quocirca
3517 2433 3660 2501 prius

2072 2538 2184 2597 est,
2231 2545 2353 2586 esse
2391 2530 2695 2595 hominem,
2749 2528 3034 2599 posterius,
3084 2543 3271 2582 verum
3325 2526 3393 2581 de
3435 2540 3502 2580 eo
3541 2539 3660 2580 esse

2073 2624 2293 2681 dictum.
2364 2624 2566 2679 Idcirco
2624 2625 2876 2694 quoniam
2942 2624 3187 2694 quamvis
3246 2629 3657 2689 convertantur,

2075 2726 2254 2772 tamen
2315 2732 2420 2772 una
2468 2716 2655 2771 harum
2702 2732 2881 2771 rerum
2928 2716 3079 2770 alteri
3131 2714 3456 2769 subsistendi
3500 2728 3658 2768 causa

2073 2820 2176 2868 est.
2210 2811 2296 2866 Ait
2323 2811 2465 2866 enim
2498 2810 2549 2865 id
2577 2825 2699 2865 esse
2730 2810 2875 2878 prius
2917 2810 3057 2863 inter
3084 2822 3148 2862 ea
3178 2823 3295 2877 quae
3323 2820 3654 2861 convertun-

2076 2912 2163 2958 tur
2191 2902 2485 2957 secundum
2515 2902 2766 2957 essentia:
2790 2901 3251 2971 consequentiam,
3277 2898 3417 2969 quod
3442 2899 3661 2953 alterius

2076 2995 2483 3067 quomodolibet
2529 3009 2694 3050 causa
2745 3004 2848 3049 est.
2902 2993 2971 3049 Ut
3017 2993 3073 3047 in
3113 2991 3214 3047 hoc
3253 2992 3368 3060 ipso
3412 3006 3660 3045 sermone

2078 3091 2145 3146 de
2169 3092 2407 3155 homine,
2436 3097 2821 3145 convertuntur
2859 3096 3081 3157 utraque
3108 3085 3349 3157 quidem,
3377 3084 3471 3139 sed
3499 3083 3661 3138 homo

2080 3193 2138 3240 ut
2178 3188 2247 3240 sit
2289 3198 2469 3241 sermo
2521 3192 2718 3249 verus,
2765 3197 2924 3237 causa
2982 3189 3066 3235 est
3113 3190 3271 3249 atque
3320 3179 3659 3248 principium.

394 3285 521 3340 ctos,
553 3271 938 3345 prioresdicere
964 3268 1205 3336 apudse.
1254 3265 1364 3321 Sed
1384 3274 1456 3319 est
1484 3280 1610 3333 pene
1635 3262 1974 3318 alienissimus
2001 3269 2050 3334 α
2079 3275 2230 3343 Quod
2277 3276 2593 3330 Ατίειοιθιθε
2643 3275 2715 3328 ira
2759 3274 2832 3327 ait
2871 3290 2884 3325 ε
2916 3272 3012 3327 Es;
3052 3279 3229 3327 autem
3280 3284 3440 3325 verus
3482 3280 3691 3324 gemma

393 3367 474 3421 hic
497 3367 721 3420 omnium
744 3363 948 3428 modus,
971 3360 1112 3414 modi
1138 3360 1306 3429 itaque
1326 3357 1414 3428 qui
1437 3358 1557 3411 dicti
1583 3366 1701 3411 sunt
1722 3357 1784 3410 de
1811 3356 1977 3426 priore

393 3463 550 3532 ferme
578 3460 662 3513 isti
691 3468 832 3512 sunt.

466 3557 602 3611 Dicit
630 3555 777 3625 prius
811 3551 1000 3620 videri,
1033 3550 1175 3621 quod
1209 3563 1383 3619 neque
1424 3548 1717 3605 secundum
1764 3557 1976 3615 tempus

393 3652 691 3723 aliquoties,
730 3662 906 3717 neque
941 3644 1234 3700 secundum
1277 3641 1601 3708 subsistendi
1638 3655 1975 3711 consequen-

394 3745 546 3808 tiam,
592 3757 690 3797 nec
728 3740 1017 3795 secundum
1058 3738 1301 3793 ordinem
1342 3737 1441 3802 sit,
1484 3736 1575 3791 sed
1621 3735 1977 3804 quodcunque

396 3837 681 3907 pretiosius
727 3832 907 3897 fuerit,
951 3831 1093 3899 prius
1138 3845 1258 3886 esse
1306 3830 1567 3894 videatur,
1610 3837 1667 3882 ut
1710 3827 1812 3893 sol,
1853 3828 1975 3881 luna

399 3930 547 3999 prior
579 3938 677 3992 est,
712 3935 764 3980 et
794 3926 968 3979 anima
1006 3938 1257 3992 corpore,
1288 3931 1342 3977 et
1378 3920 1589 3976 animus
1628 3920 1827 3973 anima.
1868 3902 1995 3974 Hoc.

399 4036 531 4077 vero
560 4021 647 4074 tali
677 4028 989 4089 argumento
1028 4016 1241 4085 probat,
1273 4013 1416 4085 quod
1445 4013 1497 4067 hi
1530 4013 1618 4082 qui
1649 4013 1853 4082 aliquos
1883 4028 1977 4067 ve-

394 4124 675 4178 nerantur,
716 4122 770 4167 et
814 4110 1235 4165 honorabiliores
1282 4108 1611 4173 existimant,
1662 4107 1843 4161 dicant
1886 4122 1979 4162 eos

394 4208 533 4279 apud
562 4224 620 4262 se
647 4221 767 4261 esse
798 4206 1022 4275 priores,
1056 4212 1110 4258 et
1131 4202 1183 4256 bi
1212 4202 1299 4270 qui
1332 4201 1384 4255 in
1414 4201 1572 4255 rebus
1604 4199 1828 4269 publicis
1857 4199 1991 4275 plu-l

397 4304 593 4356 rimttm
620 4307 862 4369 possunt,
884 4298 1092 4366 priores
1111 4295 1361 4350 dicuntur
1376 4295 1443 4349 ab
1463 4292 1545 4347 his
1574 4294 1661 4361 qui
1688 4306 1783 4347 eos
1813 4291 1981 4345 maxi-

399 4409 487 4447 me
514 4402 851 4446 venerantur.
900 4387 1005 4443 Sed
1038 4399 1094 4442 ut
1134 4389 1248 4457 ipse
1277 4387 1370 4450 ait,
1431 4384 1794 4439 alienissimus
1841 4390 1925 4438 est
1951 4397 1981 4435 a

400 4484 783 4553 signiﬁcatione
808 4482 1007 4551 prioris
1036 4482 1122 4533 hic
1153 4488 1375 4549 quartus
1403 4479 1492 4548 qui
1525 4491 1667 4531 nunc
1697 4485 1781 4531 est
1807 4475 1981 4530 dictus

401 4576 610 4642 modus,
638 4567 834 4631 etenim
863 4575 929 4627 de
957 4574 1039 4625 his
1070 4572 1258 4625 melius
1288 4570 1390 4624 dici
1419 4577 1615 4640 potest,
1653 4577 1710 4623 ut
1738 4568 1984 4623 dicantur

2079 3368 2226 3423 nullo
2254 3368 2415 3422 modo
2444 3380 2605 3423 causa
2636 3364 2960 3421 subsistendi
2993 3378 3127 3420 rem.
3172 3362 3279 3418 Res
3307 3370 3483 3417 autem
3514 3360 3664 3416 vide-

2078 3469 2165 3515 tur
2208 3459 2604 3529 quodammodo
2654 3471 2813 3512 causa
2861 3471 2982 3512 esse
3026 3464 3084 3509 ut
3138 3468 3319 3509 sermo
3365 3468 3525 3509 verus
3570 3451 3658 3505 sit.

2076 3551 2260 3622 Neque
2307 3550 2451 3605 enim
2499 3550 2698 3604 idcirco
2749 3563 2835 3604 res
2883 3556 2986 3614 est,
3034 3546 3284 3618 quoniam
3328 3559 3508 3600 sermo
3557 3551 3661 3607 est,

2078 3644 2173 3700 sed
2227 3644 2427 3699 idcirco
2481 3656 2640 3697 verus
2692 3650 2777 3697 est
2830 3655 3052 3706 sermo,
3105 3638 3358 3709 quoniam
3416 3650 3505 3691 res
3551 3636 3665 3706 ipsa

2078 3739 2340 3795 subsistit.
2387 3738 2647 3803 Quocirca
2697 3734 2930 3804 quinque
2982 3733 3033 3786 hi
3082 3732 3275 3802 prioris
3327 3730 3472 3786 modi
3518 3738 3667 3795 sunt,

2079 3845 2305 3901 quorum
2349 3829 2596 3896 superius
2634 3837 2863 3894 quatuor
2900 3823 3057 3886 dixit,
3099 3822 3389 3877 secundum
3432 3830 3664 3890 tempus,

2080 3924 2285 3979 scilicet
2321 3920 2612 3976 secundum
2658 3918 2706 3970 id
2735 3915 2879 3985 quod
2921 3930 3024 3966 non
3065 3915 3399 3968 convertitur
3426 3915 3491 3968 ad
3533 3914 3667 3968 sub-

2081 4014 2302 4068 sistendi
2335 4007 2796 4080 consequentiam,
2835 4004 3123 4061 secundum
3168 4004 3434 4068 ordinem,
3466 4018 3664 4057 secun-

2082 4103 2207 4157 dum
2247 4101 2620 4164 reverentiam,
2656 4107 2710 4152 et
2750 4096 3041 4152 secundum
3082 4092 3508 4157 conversionem,
3543 4107 3665 4148 cum

2082 4193 2249 4248 altera
2288 4206 2377 4247 res
2416 4190 2507 4244 alii
2546 4188 2872 4246 subsistendi
2912 4203 3072 4243 causa
3113 4196 3216 4242 est.
3263 4184 3369 4242 Sed
3414 4183 3667 4255 quoniam

2082 4284 2151 4340 de
2191 4284 2355 4354 priori
2394 4282 2594 4338 dictum
2631 4292 2732 4337 est.
2780 4280 2931 4336 Nunc
2968 4280 3037 4337 de
3077 4280 3160 4336 his
3197 4294 3317 4350 qua:
3357 4277 3514 4333 simul
3543 4284 3670 4332 sunt

2085 4380 2297 4451 incipit.

2586 4471 2673 4524 DE
2713 4469 2918 4526 MODIS
2951 4467 3177 4524 SlMUL.

2160 4564 2329 4620 Simul
2358 4573 2531 4617 autem
2559 4562 2800 4615 dicuntur
2826 4562 3124 4631 simpliciter
3149 4565 3194 4611 et
3217 4556 3423 4627 proprie
3444 4554 3673 4623 quidem,

400 4669 814 4724 venerabiliores
844 4674 898 4719 et
927 4664 1292 4727 honorabiles,
1324 4673 1379 4716 ut
1410 4676 1537 4716 vero
1566 4663 1772 4731 priores
1798 4662 1981 4715 dican-
2013 4643 2064 4705 Ι)
2087 4672 2306 4730 quorum
2330 4655 2587 4724 generatio
2614 4663 2686 4707 est
2715 4654 2769 4707 in
2798 4652 2973 4705 eodem
3006 4662 3246 4717 tempore,
3280 4656 3517 4701 neutrum
3540 4646 3675 4700 enim

399 4769 507 4825 tur,
536 4759 722 4813 abusio
751 4758 925 4823 potius
953 4771 1109 4823 quam
1142 4755 1247 4807 ulla
1282 4754 1578 4822 pr0prietas
1610 4763 1711 4807 est.
1758 4753 1985 4819 Quintus

400 4851 588 4907 modus
609 4865 767 4920 quem
801 4849 913 4915 ipse
940 4844 1142 4899 addidit
1170 4843 1477 4915 hujusmodi
1502 4853 1604 4899 est.

478 4940 692 4996 Videtur
727 4947 897 4993 autem
929 4947 1112 5009 printer
1150 4954 1233 5013 eos
1269 4937 1355 5006 qui
1389 4936 1511 4988 dicti
1549 4944 1688 5001 sunt,
1722 4936 1851 4989 alter
1879 4953 1985 4991 esse

400 5036 585 5106 prioris
627 5034 830 5087 modus.
865 5030 1057 5095 Eorum
1096 5031 1232 5084 enim
1271 5046 1386 5098 qua:
1422 5039 1779 5083 conuertuntur
1806 5045 1985 5083 secun-

402 5130 522 5182 dum
551 5126 778 5187 essentia:
807 5126 1235 5192 consequentiam,
1267 5122 1321 5175 id
1347 5122 1486 5194 quod
1516 5121 1724 5177 alterius
1765 5122 1986 5190 quolibet

400 5220 556 5274 modo
582 5236 735 5270 causa
765 5226 859 5281 est,
889 5218 1041 5285 digne
1068 5216 1213 5284 prius
1242 5223 1426 5267 natura
1456 5214 1661 5268 dicitur.
1694 5214 1843 5280 Quod
1872 5231 1988 5269 vero

400 5321 521 5365 sunt
555 5308 790 5381 qua‘dam
820 5307 1114 5379 hujusmodi
1153 5306 1321 5377 palam
1362 5314 1456 5369 est,
1495 5322 1601 5359 esse
1641 5305 1987 5375 namqueho-

399 5407 594 5459 minem
645 5402 953 5452 convertitur
998 5401 1274 5451 secundum
1315 5398 1543 5451 essentia:
1585 5398 1991 5467 consequentiam

401 5497 473 5549 ad
510 5507 677 5545 veram
708 5492 989 5544 orationem
1015 5489 1077 5543 de
1104 5506 1173 5543 se.
1224 5487 1361 5541 Nam
1386 5493 1432 5541 si
1461 5496 1534 5540 est
1560 5488 1742 5553 homo,
1773 5503 1889 5541 uera
1922 5478 1992 5542 ὅδε

401 5588 573 5643 'oratio
604 5602 703 5654 qua
733 5585 939 5648 dicitur,
972 5583 1121 5635 homo
1151 5592 1255 5647 est,
1292 5592 1340 5635 et
1377 5583 1419 5636 si
1450 5598 1567 5635 vera
1594 5592 1667 5634 est
1697 5582 1856 5635 oratio
1895 5599 1992 5650 qua

406 5684 618 5744 dicitur,
643 5678 794 5731 homo
818 5686 910 5742 est,
933 5676 1257 5746 consequitur
1282 5690 1389 5728 esse
1410 5676 1680 5729 hominem.
1713 5674 1805 5728 Est
1828 5685 1993 5729 autem

408 5775 616 5843 quidem
644 5787 761 5823 vera
791 5768 957 5824 oratio
986 5784 1301 5837 nequaquam
1332 5783 1485 5822 causa
1508 5778 1559 5822 ut
1580 5768 1647 5822 sit
1672 5784 1772 5833 res,
1800 5784 1997 5821 verum-

415 5878 584 5925 tamen
627 5864 826 5923 videtur
863 5862 1239 5935 quodammodo
1287 5878 1367 5920 res
1392 5879 1580 5940 _causa
1637 5872 1690 5920 ut
1729 5862 1796 5919 sit
1836 5864 2001 5921 oratio

2087 4767 2246 4821 neque
2282 4750 2422 4819 prius
2456 4763 2614 4818 neque
2656 4746 2905 4818 posterius
2946 4753 3018 4800 est
3056 4758 3254 4799 eorum.
3301 4740 3472 4797 Simul
3509 4741 3679 4809 itaque

2088 4841 2197 4896 Itaec
2225 4842 2465 4895 dicuntur
2494 4838 2776 4893 secundum
2805 4847 3023 4905 tempus.

2160 4936 2289 4988 Cum
2336 4933 2404 4988 de
2451 4931 2717 5001 prioribus
2760 4930 3081 4999 disputaret,
3115 4928 3205 4983 illa
3239 4926 3452 4998 propria
3499 4925 3681 4996 priora

2089 5045 2211 5085 esse
2251 5027 2634 5092 contenderat,
2665 5040 2786 5095 qua:
2831 5023 3128 5078 secundum
3176 5022 3284 5076 vim
3328 5016 3679 5090 praecedentis
3772 5038 3775 5043 η

2096 5122 2349 5191 temporis
2388 5120 2715 5182 dicerentur,
2758 5131 2925 5186 quare
2963 5130 3083 5170 cum
3124 5114 3190 5168 de
3233 5112 3315 5166 his
3356 5124 3474 5179 qua:
3520 5106 3680 5164 simul

2093 5223 2218 5269 sunt
2253 5214 2514 5280 disputat,
2559 5211 2699 5265 idem
2735 5219 2970 5277 revocat,
3008 5218 3064 5262 et
3102 5215 3266 5261 recte.
3312 5203 3445 5257 Nam
3485 5202 3531 5257 si
3570 5215 3680 5257 ωας

2095 5306 2296 5360 ximum
2338 5304 2553 5359 modum
2600 5300 2796 5370 prioris
2839 5300 3008 5354 solum
3055 5297 3252 5351 efﬁciet
3304 5302 3537 5363 tempus,
3585 5308 3681 5347 cur

2095 5410 2306 5466 quoque
2346 5410 2453 5448 non
2493 5393 2648 5448 simul
2686 5390 2881 5445 editam
2920 5397 3161 5443 naturam
3204 5396 3412 5455 tempus
3443 5383 3681 5440 efficiet?

2097 5489 2188 5544 Ait
2210 5502 2362 5557 ergo,
2393 5496 2448 5541 et
2476 5485 2789 5553 simpliciter
2814 5494 2868 5539 et
2890 5480 3103 5553 proprie
3133 5480 3238 5534 dici
3266 5479 3425 5534 simul
3452 5492 3570 5533 esse
3593 5492 3681 5545 ea,

2095 5596 2214 5652 qua:
2242 5579 2403 5636 unius
2432 5576 2690 5644 temporis
2720 5586 2841 5630 ortu
2872 5576 3081 5645 prolata
3121 5574 3261 5639 sint,
3291 5579 3349 5626 ut
3376 5572 3420 5626 si
3454 5570 3543 5625 illa
3572 5570 3684 5625 sint

2098 5672 2396 5743 antiquiora
2423 5682 2586 5740 atque
2615 5668 2814 5738 priora,
2845 5680 3176 5738 quaecunque
3206 5680 3310 5719 non
3340 5664 3556 5733 aequali,
3587 5664 3685 5719 sed

2100 5764 2421 5835 praecedenti
2454 5775 2695 5833 tempore
2721 5762 3085 5831 proferuntur,
3114 5774 3233 5830 qua:
3265 5774 3325 5816 se
3354 5758 3687 5827 temporibus

2102 5875 2212 5920 non
2256 5861 2599 5929 praestituit,
2646 5857 2954 5920 rectissime
3005 5853 3168 5915 simul
3214 5868 3340 5916 esse
3388 5859 3677 5924 ponuntur.
