4280 6268
609 1101 781 1157 neque
829 1093 1181 1165 principium,
1234 1114 1289 1156 ut
1332 1119 1457 1162 sunt
1508 1093 1837 1188 hujusmodi,
1876 1125 2094 1195 duplum
2140 1141 2195 1185 et

608 1181 876 1236 medium:
905 1201 1025 1240 nam
1072 1205 1194 1246 cum
1238 1196 1308 1250 sit
1349 1181 1601 1271 duplum,
1646 1210 1875 1268 medium
1918 1226 2028 1283 est;
2070 1236 2191 1277 eum

606 1282 788 1328 rursus
826 1278 897 1332 sit
936 1282 1194 1349 medium,
1228 1287 1445 1358 duplum
1492 1306 1594 1354 est.
1645 1300 1845 1360 Servus
1884 1323 2097 1380 quoque
2138 1324 2192 1368 et

605 1364 851 1423 dominus
887 1371 1076 1427 eodem
1119 1379 1280 1433 modo
1316 1396 1469 1454 sunt,
1505 1388 1646 1445 ﬁlius
1684 1364 1915 1466 quoque.
1933 1411 1988 1455 et
2013 1364 2187 1472 pater.

604 1453 727 1511 Htec
770 1460 914 1515 enim
960 1480 1292 1538 qumcunque
1336 1474 1478 1531 illata
1526 1453 1739 1547 quidem
1783 1453 2044 1546 inferuntr
2062 1494 2184 1557 alia.

602 1550 805 1606 sublata
837 1568 966 1609 vero
993 1557 1249 1622 auferunt
1264 1563 1449 1633 simul,
1479 1570 1691 1629 sibimet
1716 1592 1931 1650 semper
1958 1584 2186 1641 invicem

601 1656 1023 1702 convertuntur:
1068 1669 1189 1707 nam
1218 1656 1260 1709 si
1290 1656 1461 1714 dicam
1501 1675 1729 1734 patrem,
1769 1670 1932 1727 lilium
1972 1690 2185 1747 quoque

601 1736 821 1807 intelligi
854 1754 1074 1798 necesse
1100 1760 1214 1811 est;
1246 1751 1291 1806 si
1312 1749 1498 1808 dixero
1531 1758 1719 1830 lilium,
1754 1772 1904 1831 pater
1935 1783 2059 1824 mox
2085 1773 2184 1827 sub

600 1830 1000 1904 intelligentiam
1058 1846 1223 1902 cadit.
1298 1850 1450 1917 Quod
1508 1852 1550 1906 si
1604 1854 1827 1911 alterum
1883 1864 2179 1931 sustulere,

597 1934 815 1997 utraque
832 1934 1036 1998 perimo
1062 1956 1075 1991 :
1101 1955 1221 1995 nam
1252 1944 1296 1997 si
1325 1944 1506 1999 tollam
1525 1945 1711 2014 ﬁlium,
1745 1962 1895 2019 pater
1924 1970 2028 2009 non
2056 1966 2172 2024 est;

596 2019 637 2073 si
660 2031 864 2089 patrem
888 2028 1182 2100 abstulero,
1209 2036 1374 2092 ﬁlium
1398 2055 1611 2111 quoque
1632 2045 1807 2112 perire
1828 2062 2049 2104 necesse
2068 2061 2171 2107 est.

594 2113 768 2181 Atque
813 2116 927 2175 haec
958 2122 1028 2176 ita
1074 2126 1403 2199 sibimetipsa
1444 2145 1850 2205 convertuntur,
1894 2149 1952 2195 ut
1996 2151 2173 2199 tamen

595 2202 763 2260 altera
790 2224 877 2263 res
896 2212 1048 2268 alteri
1078 2230 1237 2271 causa
1264 2221 1478 2288 penitus
1506 2239 1610 2279 non
1639 2226 1709 2280 sit
1733 2244 1745 2280 :
1779 2245 1901 2284 nam
1924 2235 2173 2302 quoniam

591 2306 743 2367 pater
788 2301 896 2356 ﬁlio
941 2305 996 2359 in
1044 2311 1422 2377 prtedicatione
1465 2320 1792 2375 convertitur
1836 2325 2173 2382 manifestum

590 2399 691 2456 est,
726 2394 821 2448 sed
851 2412 1021 2465 neque
1056 2410 1204 2469 pater
1235 2403 1344 2459 ﬁlio
1373 2421 1533 2463 causa
1569 2422 1653 2465 est
1689 2422 1744 2467 ιιι
1773 2418 1861 2480 sit,
1898 2432 1995 2472 nec
2038 2418 2175 2475 ﬁlius

592 2488 747 2552 patri,
798 2490 898 2544 hoc
940 2502 1115 2548 autem
1158 2500 1463 2564 huiusmodi
1508 2517 1609 2561 est.
1658 2508 1713 2562 Si
1744 2510 1945 2567 [Encas
1989 2514 2175 2570 ltabuit

588 2574 871 2631 Ascanium
925 2582 1127 2649 ﬁlium,
1180 2604 1285 2642 non
1334 2591 1580 2661 dicimus,
1635 2601 1887 2667 quoniam
1921 2621 2025 2659 non
2077 2607 2175 2662 fuit

590 2665 793 2724 Encas
827 2685 987 2727 causa
1029 2684 1088 2730 ut
1126 2690 1268 2734 esset
1302 2682 1583 2751 Ascanius,
1615 2665 1709 2745 sed
1750 2708 1857 2748 non
1900 2696 1996 2751 fuit
2022 2708 2175 2770 pater

585 2774 745 2816 causa
799 2776 856 2818 ut
910 2778 1055 2823 esset
1108 2770 1267 2830 ﬁlius.
1325 2776 1456 2832 Nam
1512 2783 1652 2849 quod
1710 2784 1832 2841 dico
1888 2791 2166 2857 Ascanius,

585 2853 827 2921 quaedam
878 2861 1088 2928 propria
1139 2865 1436 2924 substantia
1481 2883 1596 2939 est,
1642 2878 1784 2946 quod
1832 2881 1954 2937 dico
1998 2853 2167 2952 ﬁlius,

583 2958 704 3001 esse
742 2964 846 3003 non
890 2961 1083 3019 potest,
1131 2957 1230 3011 nisi
1270 2960 1341 3014 ad
1382 2964 1579 3033 aliquid
1629 2969 1912 3040 referatur,
1950 2986 2005 3032 et
2047 2993 2167 3035 cum

581 3035 809 3094 lineam
860 3046 1099 3112 nomino,
1151 3050 1505 3111 substantiam
1551 3058 1683 3122 dixi,
1727 3062 1770 3117 si
1823 3077 2026 3134 patrem
2074 3088 2169 3141 ap-

579 3133 742 3201 pello,
775 3136 917 3191 nulla
948 3140 1156 3195 ratione
1187 3156 1414 3211 constat,
1448 3149 1548 3203 nisi
1581 3154 1646 3206 ad
1682 3154 1848 3211 ﬁlium
1879 3160 2166 3217 referatur.

577 3224 743 3294 Igitur
783 3243 940 3284 causa
985 3234 1081 3287 l'ttit
1113 3234 1311 3292 Aineas
1343 3248 1400 3292 ιιι
1435 3252 1583 3299 esset
1612 3249 1889 3318 ABCallitlS,
1928 3256 2021 3308 sed
2055 3274 2157 3313 non
2186 3284 2231 3347 ρ

557 3326 835 3375 ‘estcausa
865 3336 1016 3393 pater
1046 3337 1103 3382 ut
1131 3341 1275 3385 esset
1306 3334 1461 3390 ﬁlius.
1497 3336 1654 3393 Pater
1683 3358 1909 3414 namque
1940 3357 2063 3405 tunc
2091 3352 2151 3406 ﬁt

574 3431 691 3471 cum
730 3420 868 3475 ﬁlius
908 3421 1088 3478 fuerit.
1132 3427 1282 3494 Quotl
1325 3431 1368 3484 si
1410 3432 1521 3488 haec
1564 3442 1803 3506 tempore
1830 3441 1947 3510 ipso
1976 3448 2149 3515 priora

1158 3492 1172 3494 ἡ
1677 3492 1689 3506 ι
1781 3492 1941 3510 "r"
1976 3492 2148 3515 r""'“

571 3492 676 3563 non
704 3522 846 3578 sunt,
877 3528 1038 3569 causa
1068 3529 1244 3573 autem
1276 3524 1560 3592 cujuslibet
1601 3531 1677 3583 rei
1708 3534 1853 3600 prior
1882 3546 1963 3590 est
1989 3554 2148 3607 quam

570 3598 662 3655 illa
698 3607 849 3673 cujus
879 3622 1039 3662 causa
1068 3620 1170 3673 est,
1212 3623 1269 3666 ut
1303 3616 1527 3681 oriatur,
1570 3622 1711 3675 nulla
1753 3623 2012 3681 dubitatio
2044 3642 2144 3697 est,

568 3695 694 3766 quin
731 3708 883 3767 pater
919 3712 1074 3771 atque
1105 3705 1275 3771 lilius,
1315 3725 1433 3777 quae
1471 3722 1706 3785 utrmque
1745 3720 2146 3783 praedicationes

566 3788 802 3856 aequales
849 3802 972 3844 sunt
1018 3802 1291 3866 tempore,
1344 3812 1531 3857 neutra
1600 3810 1776 3864 neutri
1841 3826 1998 3867 causa
2047 3817 2143 3882 sit,

564 3892 685 3934 cum
730 3890 907 3937 tamen
951 3886 1267 3945 substantiae
1308 3893 1435 3963 ipsa:
1470 3898 1570 3953 sibi
1612 3910 1668 3955 ut
1697 3902 1823 3968 sint,
1855 3920 2014 3961 causa
2042 3911 2145 3964 sint

563 3971 978 4042 praedicationis.
1027 3978 1138 4035 Nec
1173 3983 1280 4039 ullo
1310 3988 1469 4062 modo
1498 3991 1671 4048 simile
1699 3994 1859 4052 debet
1888 4000 2054 4056 videri
2094 4004 2142 4058 ei

563 4065 704 4132 quod
744 4068 903 4135 paulo
940 4079 1063 4126 ante
1099 4073 1295 4129 dictum
1328 4089 1410 4135 est
1443 4082 1510 4138 de
1539 4083 1773 4154 homine,
1806 4104 1925 4147 esse
1959 4108 2141 4150 verum

561 4157 627 4212 de
670 4174 735 4214 eo
779 4177 1103 4233 sermonem,
1158 4171 1361 4224 scilicet
1405 4180 1654 4240 quoniam
1703 4195 1803 4237 est.
1847 4185 1954 4238 Illic
1999 4190 2141 4244 enim

560 4230 677 4305 cum
710 4267 796 4308 res
824 4265 987 4321 esset,
1021 4268 1143 4313 tunc
1175 4270 1381 4327 poterat
1410 4280 1530 4321 esse
1562 4285 1718 4324 verus
1748 4275 1814 4329 de
1843 4291 1904 4330 ea
1936 4294 2134 4335 sermo.

557 4343 711 4397 Prius
760 4349 902 4401 enim
942 4359 1023 4402 est
1069 4358 1128 4404 tit
1163 4352 1234 4405 sit
1279 4354 1507 4423 aliquid,
1552 4372 1668 4428 post
1707 4380 1836 4419 vero
1874 4377 1931 4421 ut
1969 4370 2036 4424 de
2073 4388 2139 4426 eo

556 4449 740 4490 verum
780 4439 976 4509 aliquid
1016 4456 1136 4497 esse
1160 4444 1384 4500 dicatur.
1455 4449 1606 4506 Nunc
1636 4470 1765 4509 vero
1793 4474 1897 4512 non
1930 4462 2001 4516 ita
2033 4475 2133 4531 est,

555 4538 612 4581 nt
643 4530 788 4596 prius
814 4531 1004 4601 aliquis
1033 4535 1101 4590 sit
1133 4547 1302 4605 pater,
1335 4552 1455 4609 post
1484 4554 1609 4600 vero
1638 4547 1794 4602 ﬁlius.
1840 4551 1959 4608 Mox
1991 4558 2133 4612 enim

553 4630 611 4673 ut
651 4630 800 4689 pater
845 4634 956 4690 est,
1004 4627 1167 4684 ﬁlium
1209 4647 1328 4685 esse
1373 4651 1589 4693 necesse
1636 4650 1746 4707 est,
1796 4660 1917 4700 mox
1960 4659 2017 4703 ut
2054 4663 2134 4706 est

550 4711 711 4773 ﬁlius,
778 4718 943 4783 patris
1004 4720 1120 4774 sine
1178 4723 1338 4777 dubio
1397 4729 1702 4795 prrdicatio
1762 4740 2126 4808 consequitur,

547 4804 994 4871 quemadmodum
1048 4827 1176 4879 ergo
1233 4817 1331 4871 iste
1383 4821 1574 4875 modus
1634 4823 1721 4889 ﬁt,
1781 4830 1868 4896 qui
1923 4804 2127 4889 scilicet

545 4893 699 4947 simul
746 4898 1037 4953 secundum
1084 4912 1325 4959 naturam
1368 4920 1481 4973 est,
1528 4915 1846 4974 Aristoteles
1888 4921 1957 4975 ita
2002 4939 2126 4991 pro-

542 4984 773 5038 nuntiat.

620 5075 933 5133 Naturaliter
978 5089 1145 5135 autem
1182 5086 1338 5141 simul
1376 5100 1513 5156 sunt,
1554 5111 1864 5167 quacunque
1906 5120 2118 5158 conver-

539 5177 713 5221 tuntur
740 5171 940 5237 quidem
978 5174 1253 5229 secundum
1282 5183 1415 5246 quod
1443 5194 1517 5235 est
1550 5201 1656 5239 esse
1692 5183 2113 5260 consequentiam.

539 5260 643 5313 Sed
678 5278 995 5333 nequaquam
1032 5280 1186 5321 causa
1224 5281 1293 5324 est
1323 5271 1538 5327 alterum
1575 5280 1723 5332 alteri
1760 5292 1814 5335 ut
1848 5285 1933 5349 sit,
1970 5298 2025 5340 ut
2059 5290 2113 5343 in

535 5352 693 5423 duplo
724 5365 768 5408 et
797 5357 1419 5418 dimidia.Conrertuntur
1458 5371 1637 5423 etenim
1667 5374 1815 5430 hate:
1843 5396 1965 5433 nam
1998 5400 2113 5438 cum

533 5446 594 5497 sit
635 5450 867 5514 duplum,
914 5468 985 5507 est
1028 5455 1325 5524 dimidium,
1367 5470 1410 5513 et
1448 5478 1563 5515 cum
1600 5466 1667 5518 sit
1710 5470 1999 5542 dimidium,
2041 5487 2114 5531 est

531 5538 766 5609 duplum,
799 5546 888 5597 sed
914 5559 1152 5603 neutrum
1177 5553 1325 5606 alteri
1355 5571 1510 5610 causa
1537 5569 1609 5612 est
1641 5568 1694 5613 ut
1719 5563 1806 5616 sit.

602 5629 654 5681 In
681 5633 761 5685 his
781 5650 901 5702 qua:
930 5638 998 5692 ita
1024 5642 1196 5708 priora
1228 5659 1347 5700 esse
1373 5647 1711 5719 dicebantur,
1746 5663 1804 5710 ut
1829 5669 2106 5717 converte-

529 5731 734 5783 rentur,
764 5729 1004 5791 quamvis
1035 5736 1324 5791 secundum
1366 5746 1655 5799 essentiam
1693 5763 1876 5804 eorum
1912 5766 2103 5809 conse-

525 5818 741 5886 quentia
771 5831 913 5873 esset
934 5863 947 5881 ,
993 5835 1168 5882 tamen
1205 5832 1328 5899 quia
1368 5834 1419 5887 in
1450 5835 1530 5889 his
1559 5839 1660 5903 alia
1707 5858 1793 5897 res
1823 5845 1913 5900 alii
1945 5862 2102 5904 causa

522 5916 681 5981 atque
722 5910 1036 5981 principium
1066 5928 1170 5985 est,
1198 5919 1297 5977 hoc
1338 5936 1454 5981 erat
1486 5930 1630 5997 quod
1661 5947 1764 5987 una
1796 5936 1943 6004 prior
1980 5954 2103 5999 esse

3787 433 3890 489 “2.88

2232 490 2285 551 Α
2310 492 2598 566 videretur,
2628 518 2689 557 ea
2727 509 2941 576 quidem
2982 518 3133 588 cujus
3172 538 3329 581 causa
3368 544 3503 587 erat.
3548 536 3697 604 Quod
3731 544 3891 604 diStat

2304 587 2371 641 ab
2412 588 2478 644 iis
2513 608 2631 662 quae
2672 612 3077 676 convertuntur,
3130 628 3182 668 et
3232 636 3289 673 se
3341 625 3567 683 invicem
3620 636 3891 713 auferunt,

2303 695 2419 748 quze
2463 700 2584 741 cum
2627 706 2812 750 neutra
2862 705 3038 759 neutri
3080 723 3242 766 causa
3290 716 3390 784 sit,
3442 731 3495 775 et
3544 734 3718 781 tamen
3765 747 3891 787 con-

2304 786 2609 847 vertuntur,
2642 784 2799 854 digne
2829 792 2989 850 simul
3018 807 3339 862 naturaliter
3368 827 3488 868 esse
3523 819 3889 883 perhibentur.

2370 866 2623 926 Dicuntur
2660 879 2811 933 etiam
2844 885 3001 942 simul
3040 899 3344 953 naturaliter
3379 912 3425 955 et
3463 922 3578 976 qua:
3617 929 3679 964 ex
3718 918 3891 971 eodem

2298 974 2477 1029 genere
2517 981 2544 1017 e
2582 967 2776 1024 diverso
2816 975 3116 1036 dividuntur
3157 1005 3189 1040 a
3230 1008 3281 1042 se
3321 995 3554 1052 invicem.
3609 1000 3654 1054 E
3696 1007 3892 1062 diverso

2298 1060 2467 1104 autem
2501 1055 2971 1137 dit'idunturtquaz
3008 1080 3284 1134 secundum
3325 1091 3553 1142 eamdem
3590 1093 3889 1152 divisionem

2295 1153 2433 1209 ’κων
2482 1156 2538 1199 ut
2574 1155 2852 1227 9ν⁸⁸³ίθίίεν
2895 1164 3101 1221 νοίαίίίε
3160 1183 3205 1223 ετ
3250 1181 3503 1245 ααιιαιίιε,
3544 1184 3651 1239 haec
3689 1190 3820 1259 enim
3861 1209 3888 1246 e

2300 1232 2489 1259 plin‘..-‘
2521 1239 2617 1259 JLJ
2641 1242 2653 1259 ι
2735 1253 2743 1259 .

2296 1232 2492 1290 diverso
2514 1239 2830 1312 dividuntur,
2857 1268 2970 1319 qua:
2991 1268 3110 1311 sunt
3136 1278 3197 1315 ex
3218 1267 3390 1321 eodem
3413 1290 3592 1342 genere
3610 1283 3886 1333 secundum

2306 1324 2363 1342 μ
2389 1327 2399 1337 .
2434 1329 2444 1340 .
2752 1340 2761 1342 -

3413 1324 3465 1342 Γ
3612 1324 3872 1333 ---“.....-..,

2295 1324 2594 1384 divisionem
2624 1350 2643 1387 :
2673 1340 2869 1395 animal
2897 1360 3115 1418 namque
3140 1355 3384 1414 dividitur
3410 1364 3461 1416 in
3493 1366 3620 1435 hth,
3655 1373 3706 1425 in
3736 1376 3872 1429 vola-

2300 1415 2385 1435 ,,,,
2585 1423 2617 1435 ..
2637 1425 2668 1435 ..

2296 1415 2408 1482 tile,
2434 1423 2697 1490 gressibile
2726 1439 2773 1482 et
2803 1415 3044 1504 aquatile,
3072 1452 3119 1495 et
3150 1447 3280 1502 nihil
3309 1452 3488 1509 lterum
3518 1415 3662 1523 prius
3692 1466 3768 1518 vel
3793 1483 3883 1536 po-

3518 1514 3529 1523 ,
3700 1514 3705 1515 ⁷
3725 1514 3761 1518 ν’
3793 1514 3843 1536 Γ“

2293 1514 2475 1568 stet-ius
2512 1529 2605 1584 est,
2638 1526 2728 1575 sed
2756 1526 2912 1583 simul
2943 1550 3033 1599 per
3060 1551 3297 1598 naturam
3327 1548 3434 1603 haec
3461 1568 3567 1607 esse
3594 1558 3843 1619 videntur.

2364 1605 2599 1666 Tertium
2635 1618 2850 1675 modum
2883 1639 3068 1684 eorum
3100 1649 3222 1703 qua:
3251 1640 3411 1697 simul
3454 1657 3574 1700 sunt
3621 1650 3762 1707 hunc
3790 1657 3882 1710 ad-

2291 1698 2455 1810 didit,
2490 1705 2576 1760 illa
2607 1725 2818 1782 quoque
2853 1719 3010 1777 simul
3051 1698 3200 1794 esse,
3233 1748 3352 1800 quae
3391 1698 3583 1810 aequali
3615 1732 3879 1808 divisione

3189 1790 3198 1794 ,
3252 1790 3263 1800 ,
3400 1790 3582 1810 ατη-.
3617 1790 3876 1808 -......υ..υ

2289 1790 2389 1844 sub
2418 1809 2616 1862 genere
2653 1816 2939 1876 ponantur,
2972 1823 3027 1868 ut
3066 1818 3109 1872 si
3139 1835 3297 1889 ponat
3328 1829 3444 1895 quis
3482 1834 3678 1889 animal
3707 1854 3876 1907 genus

2290 1878 2517 1907 tm...:..:_
2572 1901 2611 1907 --
2759 1897 2771 1907 -
2831 1898 2843 1907 -
2962 1905 2970 1907 -

3139 1878 3152 1889 '
3336 1878 3440 1895 1——v
3483 1878 3676 1889 ---v---l‘-I
3707 1878 3871 1907 δυιιυῦ

2210 1892 2259 1953 Β
2290 1878 2520 1940 hominis
2561 1901 2615 1945 et
2650 1897 2795 1965 equi,
2830 1898 3100 1963 hominem
3132 1927 3260 1967 vero
3288 1928 3343 1971 et
3373 1935 3567 1990 equum
3599 1941 3627 1980 a
3657 1944 3871 2000 genere,

2284 1971 2337 2000 ,Α
2372 1983 2451 2000 Μ,
2494 1978 2555 2000 ,ι
2765 1988 2799 2000 ..
2854 1992 2887 2000 ..
2934 1995 2980 2000 .-

3381 1971 3567 1990 ﬁn“-
3599 1971 3627 1980 ι,
3694 1971 3871 2000 νυωυ,

2282 1971 2337 2027 id
2369 1983 2453 2029 est
2492 1978 2559 2033 ab
2582 1984 2800 2042 animali
2836 1992 3060 2065 dividat,
3095 2000 3256 2059 homo
3286 2022 3416 2063 vero
3454 2024 3506 2068 et
3544 1971 3713 2086 equilis
3747 2036 3873 2090 quo-

3464 2066 3505 2068 μ
3551 2066 3711 2086 Ἶη-
3748 2066 3849 2090 νη

2281 2066 2422 2123 niam
2470 2074 2570 2128 sub
2612 2079 2803 2137 eodem
2856 2101 3056 2155 genere
3111 2106 3264 2165 sunt,
3312 2103 3471 2159 simul
3522 2123 3642 2164 esse
3689 2123 3873 2170 natura

2279 2157 2546 2219 dicuntur.
2584 2169 2645 2223 Et
2676 2180 3006 2237 conveniens
3035 2188 3219 2256 regula
3251 2202 3332 2246 est
3372 2196 3423 2249 in
3468 2202 3715 2258 omnibus
3754 2209 3872 2277 qui-

2279 2251 2581 2277 humu”,
2787 2269 2818 2277 ..

3098 2251 3120 2256 -
3483 2251 3490 2252 ί
3528 2251 3713 2258 ί-------
3755 2251 3842 2277 Ψ·-

2278 2251 2591 2326 buscunque
2617 2269 2943 2335 generibus;
2971 2292 3092 2332 cum
3136 2284 3280 2338 enim
3311 2292 3605 2355 specierum
3654 2298 3869 2356 divisio-

2279 2358 2372 2399 nes
2414 2348 2568 2418 ﬁunt,
2615 2354 2726 2411 illic
2771 2365 2983 2431 species
3027 2380 3213 2427 natura
3244 2377 3400 2434 simul
3431 2393 3575 2452 sunt,
3613 2398 3664 2444 et
3693 2390 3739 2445 si
3767 2397 3867 2449 sub

2276 2433 2359 2490 bis
2402 2438 2532 2509 ipsis
2570 2450 2852 2515 speciebus
2890 2460 3135 2527 quredam
3171 2466 3271 2521 alia
3310 2485 3589 2544 ponantur,
3632 2480 3772 2537 inter
3806 2500 3865 2541 se

2277 2529 2434 2584 etiam
2492 2535 2602 2604 ipsa
2652 2541 2809 2599 simul
2859 2563 2979 2605 esse
3024 2566 3210 2613 natura
3261 2561 3531 2624 dicuntur.
3594 2572 3865 2634 Dividatur

2275 2621 2416 2675 enim
2440 2639 2629 2694 genus,
2656 2631 2707 2686 id
2732 2647 2816 2689 est
2836 2640 3034 2700 animal
3063 2646 3114 2701 in
3141 2650 3357 2709 volatile
3382 2666 3541 2728 atque
3562 2668 3863 2736 gressibile,

2274 2719 2604 2784 etquoniam
2650 2736 2773 2781 sunt
2820 2734 2920 2786 sub
2966 2737 3153 2792 eodem
3195 2757 3423 2812 genere,
3470 2752 3626 2807 simul
3672 2770 3863 2814 natura

2273 2813 2418 2859 sunt.
2453 2808 2518 2863 Et
2543 2812 2585 2866 si
2612 2817 2737 2884 quid
2767 2818 2955 2879 horum
2985 2825 3036 2880 in
3061 2808 3330 2896 Sttbjectas
3350 2808 3531 2905 partes
3554 2846 3863 2917 speciesque

2271 2898 2530 2967 solvatur,
2566 2916 2620 2961 ut
2650 2911 2865 2970 volatile
2895 2921 3109 2987 quidem
3145 2927 3195 2979 in
3226 2925 3309 2983 his
3338 2932 3524 2989 avibus
3554 2951 3673 3007 qua:
3704 2942 3862 2996 semi~

3512 2988 3515 2989 ν
3562 2988 3669 3007 1-.-
3704 2988 3837 2996 _----.

2272 2988 2425 3045 nibus
2451 3008 2755 3068 vescuntur,
2785 3007 2909 3061 etin
2936 3011 2999 3065 iis
3024 3030 3143 3082 quae
3168 3022 3439 3089 carnibus,
3472 3036 3525 3080 et
3552 3028 3604 3081 in
3636 3030 3716 3086 his
3742 3049 3859 3103 quae

2272 3078 2447 3103 ..λ-ιά-
2503 3085 2516 3103 1
2550 3102 2570 3103 μ
2616 3100 2624 3103 -
2878 3099 2887 3103 “

3040 3078 3054 3082 -
3427 3078 3439 3089 ι
3480 3078 3521 3080 -ν
3552 3078 3603 3081 -τ-
3636 3078 3715 3086 --σν
3744 3078 3859 3103 1"“

2271 3078 2469 3151 herbis,
2502 3085 2584 3141 ha:
2613 3100 2719 3146 tres
2743 3099 2952 3163 species
2981 3116 3190 3173 rursus,
3215 3126 3333 3177 qua:
3362 3115 3462 3169 sub
3489 3120 3687 3175 volatili
3715 3135 3857 3193 sunt,
3939 3147 3943 3151 ·

2270 3179 2425 3235 simul
2467 3199 2586 3239 esse
2626 3188 2938 3246 naturaliter
2966 3197 3328 3270 appellantur,
3372 3208 3513 3276 quod
3544 3213 3856 3274 Aristoteles

2267 3273 2337 3329 ita
2370 3275 2518 3331 dicit.

2335 3368 2589 3425 Dividitur
2608 3384 2775 3427 autent
2804 3385 2849 3430 et
2874 3380 3133 3450 singulum
3155 3387 3337 3442 horum
3358 3392 3409 3445 in
3432 3399 3620 3463 species
3646 3416 3846 3484 rursus.

2342 3463 2593 3484 ....---.'L.'l.
2697 3467 2720 3484 ἓν
2747 3482 2753 3484 _
2806 3468 2817 3484 Ι
2906 3481 2914 3484 .
3008 3471 3019 3484 ι
3083 3476 3114 3484 ..

2257 3468 2311 3511 ut
2335 3463 2596 3529 gressibile
2618 3467 2836 3531 animal,
2867 3481 2914 3523 et
2939 3471 3163 3541 volatile,
3197 3489 3241 3531 et
3266 3486 3507 3545 aquatile.
3539 3486 3707 3542 Erunt
3726 3466 3845 3563 ergt;

2254 3560 2303 3605 et
2343 3554 2434 3606 illa
2474 3556 2631 3610 simul
2674 3561 2981 3618 naturaliter
3018 3583 3331 3641 qua’cunque
3365 3593 3427 3631 ex
3464 3582 3638 3636 eodem
3668 3602 3847 3654 genere

2253 3647 2529 3698 secundum
2554 3651 2781 3704 eamdem
2802 3654 3097 3713 divisionem
3120 3675 3256 3721 sunt.
3282 3668 3479 3725 Genera
3506 3689 3618 3728 vero
3642 3695 3843 3749 semper

2252 3738 2510 3798 speciebus
2541 3741 2716 3806 priora
2748 3758 2887 3812 sunt,
2920 3766 3079 3821 neque
3108 3757 3240 3809 enim
3272 3774 3625 3820 convertuntur
3650 3788 3828 3826 secun-

2251 3826 2373 3879 dum
2398 3832 2595 3885 essendi
2618 3841 3057 3906 consequentiam:
3081 3856 3131 3897 ut
3161 3865 3276 3902 cum
3295 3852 3361 3905 sit
3390 3857 3583 3925 aliquid
3608 3863 3838 3928 aquatile

2248 3920 2472 3987 quidem,
2498 3934 2569 3975 est
2591 3927 2804 3988 animal;
2825 3947 2938 3984 cum
2961 3950 3076 3988 vero
3097 3939 3160 3991 sit
3180 3944 3396 4012 animal,
3420 3964 3519 4001 non
3540 3963 3612 4005 est
3637 3970 3834 4012 necesse

2248 4019 2303 4062 ut
2352 4014 2416 4065 sit
2456 4018 2702 4083 aquatile.
2758 4020 2931 4076 Simul
2996 4043 3116 4097 ergo
3166 4048 3255 4101 per
3301 4046 3537 4092 naturam
3589 4044 3829 4100 dicuntur

2245 4118 2557 4172 quwcunque
2609 4122 2968 4168 convertuntur
3022 4121 3225 4186 quidem
3284 4132 3559 4184 secundum
3629 4140 3827 4191 essendi

2246 4202 2672 4269 consequentiam,
2704 4206 2793 4259 sed
2822 4223 3136 4280 nequaquam
3164 4218 3362 4284 quidem
3392 4239 3547 4277 causa
3582 4240 3656 4280 est
3683 4232 3810 4284 alte-

2243 4302 2356 4338 rum
2387 4292 2538 4344 alteri
2567 4302 2623 4345 ut
2649 4296 2733 4363 sit,
2762 4308 2811 4350 et
2839 4318 2897 4354 ea
2922 4319 3033 4373 quia
3059 4321 3120 4358 ea:
3144 4310 3319 4362 eodem
3347 4330 3543 4393 genere
3563 4335 3590 4371 e
3632 4322 3826 4378 diverso

2242 4378 2541 4436 dividuntur
2600 4388 2663 4439 ab
2714 4392 2961 4460 invicem,
3017 4407 3061 4450 et
3129 4400 3426 4472 simpliciter
3482 4390 3637 4466 simul
3697 4428 3817 4471 sunt

2240 4488 2454 4539 quorum
2495 4485 2757 4548 generatio
2796 4488 2846 4540 in
2872 4491 3049 4544 eodem
3089 4502 3313 4565 tempore
3342 4511 3438 4555 est.

2316 4569 2490 4637 Atque
2540 4572 2741 4629 idcirco
2788 4578 2903 4635 ﬁeri
2948 4599 3052 4639 non
3101 4598 3276 4654 potest
3321 4604 3377 4647 ut
3421 4612 3586 4665 genus
3634 4602 3825 4663 habeat

2161 4684 2215 4744 D
2240 4670 2396 4711 unam
2426 4663 2683 4726 speciem.
2717 4665 2848 4722 Nam
2879 4673 2924 4725 si
2956 4689 3288 4749 quaecunque
3318 4686 3419 4739 sub
3446 4704 3646 4758 genere
3673 4710 3819 4765 sunt,

2238 4749 2393 4804 simul
2422 4764 2563 4808 sunt.
2594 4757 2762 4813 Simul
2792 4773 2966 4819 autem
2997 4770 3096 4824 nisi
3124 4772 3271 4841 plura
3297 4794 3415 4834 esse
3442 4798 3546 4838 non
3578 4803 3819 4857 possunt,

2234 4855 2403 4910 genus
2431 4847 2589 4915 igitur
2610 4852 2710 4905 sub
2731 4867 2789 4908 se
2820 4860 2978 4911 unam
3008 4865 3239 4929 speciem
3270 4868 3467 4927 habere
3494 4891 3597 4931 non
3627 4892 3818 4948 potest.

2233 4930 2290 4987 Si
2325 4937 2465 4988 enim
2508 4954 2609 4991 una
2649 4941 2823 5011 luerit,
2878 4946 2990 5004 ﬁeri
3040 4969 3143 5007 non
3196 4972 3373 5026 p0test
3412 4975 3468 5018 ut
3503 4968 3662 5023 simul
3702 4988 3822 5030 esse

2232 5020 2467 5087 dicatur.
2521 5030 2641 5097 quia
2689 5032 2819 5088 illud
2867 5050 3011 5106 est,
3044 5049 3184 5114 quod
3243 5052 3341 5107 sub
3390 5056 3576 5112 eodem
3621 5077 3818 5129 genere

2227 5116 2469 5181 qumdam
2502 5134 2586 5173 res
2615 5123 2789 5178 solent
2816 5145 2935 5197 quae
2979 5135 3137 5190 simul
3177 5140 3282 5195 sint
3319 5150 3639 5204 naturaliter
3666 5153 3815 5210 inve-

2226 5208 2349 5262 niri.
2395 5210 2498 5265 Sed
2546 5212 2659 5270 haec
2696 5218 2763 5275 de
2803 5227 3103 5290 speciebus.
3156 5232 3360 5289 Genera
3394 5252 3567 5296 autem
3600 5260 3814 5315 semper

2225 5298 2401 5365 priora
2430 5314 2574 5367 sunt,
2608 5322 2711 5362 non
2749 5313 2889 5367 enim
2930 5332 3320 5380 convertuntur
3349 5334 3644 5391 secundum
3675 5344 3808 5394 sub-

2221 5392 2479 5450 sistentia:
2528 5411 2987 5474 consequentiam.
3048 5415 3251 5474 Prioris
3305 5440 3441 5480 unus
3492 5433 3681 5490 modus
3726 5447 3808 5492 est

2220 5487 2509 5557 secundum
2542 5508 2700 5562 quem
2732 5497 2821 5552 illa
2857 5504 3030 5570 priora
3062 5524 3180 5566 esse
3209 5512 3517 5576 dicerentur
3550 5542 3801 5595 quaecun-

2218 5591 2320 5645 que
2366 5578 2433 5633 ad
2482 5584 2877 5645 subsistendum
2929 5599 3077 5653 nullo
3126 5607 3285 5659 modo
3333 5626 3792 5686 converterentur,

2213 5672 2353 5738 quod
2382 5674 2483 5728 hoc
2513 5677 2651 5734 idem
2684 5682 2734 5737 in
2764 5691 3049 5755 generibus
3080 5699 3239 5754 cadit.
3274 5701 3481 5761 Genera
3514 5716 3656 5767 enim
3692 5732 3792 5769 non

2210 5775 2596 5826 convertuntur
2655 5776 2721 5830 ad
2782 5784 3145 5845 subsistentia:
3208 5808 3637 5869 consequentiam
3694 5807 3791 5864 hoc

2210 5856 2388 5911 modo.
2420 5860 2503 5915 Sit
2543 5867 2684 5921 enim
2729 5874 2925 5930 animal
2970 5897 3159 5949 genus,
3202 5885 3360 5941 homo
3400 5906 3525 5946 vero
3563 5900 3785 5965 species.

2210 5946 2308 5965 n___
2549 5957 2583 5965 ._
2692 5962 2703 5965 _

2205 5946 2336 6005 Cum
2366 5966 2493 6010 vero
2531 5957 2651 6015 dico
2690 5962 2959 6025 hominem
2978 5946 3136 6040 esse,
3186 5980 3379 6037 animal
3418 5999 3631 6056 quoque
3669 6008 3786 6053 esse
