4280 6268
314 270 415 326 289

1306 272 1373 330 ιΝ
1407 270 1847 327 CATEGOBIAS
1883 273 2331 329 ARISTOTELlS
2370 274 2496 330 LIB.
2543 273 2626 327 IV.

3489 272 3595 329 290

308 381 680 451 consequitur.
736 381 793 439 Si
836 384 1033 440 animal
1070 384 1277 450 dixero,
1311 383 1377 439 ad
1416 384 1686 438 hominem
1726 381 1904 436 subsi-
1934 386 1988 445 Α
2012 393 2190 438 erunt.
2222 383 2354 438 Illud
2387 399 2603 454 quoque
2635 398 2814 439 verum
2846 393 2929 439 est
2960 385 3056 440 has
3087 400 3207 441 esse
3251 397 3439 439 omnes
3470 399 3602 461 spe-~

306 474 521 529 stentia:
569 480 947 547 consequentia
991 495 1095 533 non
1138 480 1491 534 convertitur.
1536 478 1715 531 Potest
1758 476 1898 529 enim

309 582 430 622 esse
460 569 679 633 animal,
714 587 816 623 non
869 580 1043 625 tamen
1079 572 1259 626 homo.
1294 570 1552 638 Quocirca
1592 570 1659 623 ab
1687 567 1903 622 animali

312 659 379 713 ad
432 660 702 717 hominem
758 679 866 717 non
921 666 1252 719 convertitur
1304 662 1661 718 subsistentia
1708 675 1901 715 conse-

313 754 548 820 quentia.
582 754 731 822 Quod
762 755 806 809 si
838 757 1011 825 posito
1042 758 1261 813 homine
1289 756 1487 810 animal
1518 763 1750 820 constat,
1784 752 1904 806 ani-

314 846 440 899 mali
476 863 602 901 vero
625 850 897 902 nominato
931 864 1037 904 non
1075 860 1156 904 est
1194 864 1417 905 necesse
1445 848 1718 903 hominem
1759 859 1901 911 esse,

317 940 512 995 animal
558 952 639 997 est
678 942 823 1009 prius
866 943 1104 999 homine.
1155 944 1245 997 Illa
1277 959 1494 1014 quoque
1523 944 1762 1012 priorum
1812 936 1905 993 de-

315 1032 531 1100 scriptio
560 1044 659 1097 est,
690 1034 830 1103 quod
858 1051 918 1090 ea
945 1052 1064 1104 qua:
1092 1046 1217 1091 sunt
1244 1037 1421 1105 priora
1454 1036 1661 1091 sublata
1688 1040 1903 1108 quidem

313 1126 576 1192 auferunt,
608 1128 753 1182 illata
784 1143 893 1183 non
921 1130 1180 1185 inferunt.
1219 1131 1435 1186 Animal
1461 1132 1605 1187 enim
1637 1133 1904 1188 sublatum

312 1234 490 1275 secum
527 1236 741 1293 quoque
770 1223 1047 1279 hominem
1077 1225 1251 1289 tollet,
1283 1225 1485 1279 illatum
1519 1239 1651 1279 vero
1678 1236 1737 1280 ut
1763 1227 1907 1283 dica-

313 1327 397 1371 tur
426 1332 550 1373 esse
578 1319 799 1384 animal,
834 1334 941 1375 non
980 1336 1163 1375 secum
1194 1321 1373 1375 statim
1408 1322 1680 1377 hominem
1726 1323 1905 1378 infert.

312 1409 621 1465 Posteriora
664 1426 795 1467 vero
836 1427 868 1466 e
914 1412 1132 1469 diverso
1170 1424 1315 1469 sunt.
1380 1414 1531 1469 lllata
1568 1417 1711 1471 enim
1751 1415 1910 1470 simul

313 1502 577 1571 inferunt,
607 1504 815 1559 sublata
847 1521 952 1559 non
985 1506 1252 1563 auferunt.
1273 1508 1456 1563 Dictus
1482 1510 1696 1579 quidem
1726 1509 1906 1577 homo,

316 1594 477 1649 simul
524 1610 708 1650 secum
756 1597 957 1651 animal
1007 1598 1188 1663 infert,
1245 1599 1421 1653 omnis
1470 1616 1700 1671 namque
1751 1600 1909 1657 homo

315 1686 512 1740 animal
555 1697 656 1743 est.
705 1688 855 1756 Quod
897 1690 939 1743 si
965 1689 1127 1746 homo
1169 1692 1592 1748 substantialiter
1615 1693 1905 1761 auferatur,

2004 478 2115 532 cies
2147 486 2349 542 motus,
2389 478 2533 530 nullo
2566 493 2795 548 namque
2841 479 2943 534 sibi
2975 480 3314 549 participant,
3347 477 3452 532 nisi
3481 478 3599 532 solo

2004 571 2215 639 generis
2256 568 2491 633 nomine,
2537 569 2676 637 quod
2721 578 2898 623 motus
2938 570 3220 625 dicuntur:
3254 587 3376 625 nam
3425 586 3598 639 neque

2005 662 2279 732 generatio
2308 662 2446 716 idem
2470 670 2553 717 est
2581 662 2721 731 quod
2749 663 3041 732 corruptio,
3072 679 3297 733 namque
3323 664 3598 735 generatio

2005 764 2091 811 est
2126 756 2179 808 in
2212 754 2510 810 substantia
2555 756 2859 826 ingressus,
2892 755 3166 822 corruptio
3212 770 3341 811 vero
3373 771 3438 811 ex
3474 755 3600 811 sub-

2005 849 2202 904 stantia
2233 865 2504 920 egressus.
2554 851 2663 905 Nec
2693 850 2982 905 diminutio
3014 850 3154 904 idem
3186 850 3326 919 quod
3356 866 3600 905 cremen-

2008 951 2142 1005 tum,
2186 957 2285 997 nec
2314 942 2607 997 secundum
2639 943 2817 998 locum
2850 942 3132 996 translatio
3161 942 3320 1005 alicui
3353 943 3598 1012 superio-

2008 1052 2124 1090 rum
2156 1037 2456 1091 consimilis
2504 1048 2606 1092 est.
2640 1037 3008 1092 Commutatio
3054 1045 3230 1090 autem
3275 1035 3434 1090 habet
3466 1036 3602 1090 forte

2010 1127 2244 1195 aliquam
2290 1128 2702 1193 dubitationem,
2754 1129 2896 1199 quod
2948 1144 3052 1183 non
3102 1127 3348 1183 videatur
3384 1143 3411 1180 a
3444 1141 3602 1195 supe-

2008 1219 2241 1275 tioribus
2288 1220 2625 1292 discrepare,
2676 1236 2837 1293 quam
2887 1222 3238 1292 quaestionem
3287 1220 3363 1273 ita
3408 1234 3603 1289 pr0po-

2010 1310 2141 1366 suit.

2086 1406 2152 1461 In
2188 1410 2489 1463 alteratione
2516 1425 2633 1463 vero
2664 1410 2811 1463 habet
2841 1409 3117 1480 quamdam
3147 1406 3501 1479 qucestionem,
3542 1420 3603 1457 ne

2014 1502 2144 1569 forte
2185 1503 2522 1555 necessarium
2562 1503 2625 1555 sit
2661 1502 2717 1555 id
2760 1504 2896 1569 quod
2936 1501 3206 1566 alteratur,
3250 1516 3340 1570 per
3378 1499 3601 1567 aliquam

2012 1593 2328 1663 reliquarum
2374 1595 2660 1647 motionum
2704 1594 2915 1648 alterari
2955 1610 2973 1645 :
3017 1596 3113 1647 hoc
3160 1602 3328 1645 autent
3378 1607 3480 1644 non
3527 1599 3602 1644 est

2013 1701 2207 1740 verum.
2240 1684 2380 1739 Nam
2404 1703 2529 1757 pene
2578 1686 2861 1741 secundum
2893 1702 3062 1739 omnes
3084 1685 3341 1754 pas-.iones
3368 1693 3458 1736 aut
3486 1683 3602 1749 plu-

316 1794 422 1833 ηοη
454 1788 553 1841 ἐει
599 1796 821 1837 necesse
868 1784 1066 1839 anima]
1109 1801 1320 1857 quoque
1367 1787 1589 1853 auferri,
1635 1790 1773 1859 quod
1806 1793 1906 1847 hoc
1938 1768 1983 1829 Β
2010 1793 2111 1843 res,
2143 1779 2351 1832 alterari
2380 1780 2590 1843 accidit,
2622 1778 2766 1832 nulla
2804 1780 3023 1833 aliarum
3053 1778 3332 1831 motionum
3375 1791 3602 1829 commu-

317 1887 511 1926 nomen
560 1875 807 1929 animalis
845 1876 900 1930 in
937 1877 1174 1946 pluribus
1222 1880 1502 1948 speciebus
1544 1882 1688 1937 valet
1713 1884 1903 1951 aptari.

317 1963 471 2029 Quod
520 1967 567 2018 si
613 1966 684 2020 ita
717 1969 996 2038 contingit,
1052 1970 1265 2024 sublato
1314 1972 1531 2027 homine
1576 1976 1908 2042 permanebit

317 2055 538 2110 animal.
572 2057 829 2125 Quocirca
868 2060 1138 2115 concludit
1170 2072 1278 2117 tres
1314 2077 1432 2119 esse
1476 2066 1686 2133 species
1720 2081 1905 2121 eorum

319 2163 439 2217 qua:
466 2150 626 2204 simul
657 2160 780 2205 sunt
818 2153 1111 2208 secundum
1156 2164 1383 2224 tempus,
1416 2157 1708 2212 secundum
1753 2170 1909 2214 natu-

318 2256 433 2295 ram
464 2259 583 2296 cum
614 2253 840 2313 utraque
878 2245 951 2300 ita
979 2256 1387 2313 convertuntur,
1421 2257 1480 2304 ut
1508 2262 1696 2305 neutra
1733 2252 1909 2307 neutri

316 2346 475 2389 causa
509 2336 594 2390 sit.
630 2336 865 2391 Tertium
893 2354 1059 2408 genus
1087 2350 1170 2394 est
1199 2344 1493 2397 secundum
1531 2344 1775 2400 eamdem
1810 2344 1911 2399 sub

315 2424 501 2479 eodem
526 2442 725 2497 genere
745 2428 855 2482 divi
886 2430 1085 2485 ionem.
1115 2430 1376 2498 Quoniam
1403 2434 1457 2487 in
1485 2432 1728 2489 faciendo
1750 2445 1910 2504 atque

316 2518 565 2585 patiendo
596 2519 769 2575 inerat
796 2522 1010 2590 quidam
1040 2532 1248 2588 motus,
1284 2524 1463 2581 facere
1501 2538 1677 2582 autem
1716 2538 1772 2581 et
1801 2530 1912 2597 pati

317 2610 745 2691 prtedicamentis
776 2613 1111 2683 adiunxerat,
1156 2617 1355 2673 idcirco
1393 2635 1537 2675 nunc
1572 2621 1638 2676 de
1678 2621 1911 2678 motibus

320 2710 532 2768 tractat,
561 2713 614 2759 et
643 2719 737 2760 sex
774 2722 996 2763 numero
1036 2724 1156 2764 esse
1182 2712 1509 2779 pronuntiat.

721 2798 811 2868 ut:
853 2799 1228 2858 srecmnus
1266 2801 1518 2859 morus.

391 2886 563 2944 Motus
591 2900 761 2945 autem
795 2893 985 2959 species
1012 2903 1130 2948 sunt
1160 2910 1285 2949 seat:
1314 2897 1593 2966 generatio,
1627 2900 1908 2967 corruptio,

316 2993 663 3047 augmentum,
701 2984 993 3049 diminutio,
1036 2985 1294 3054 alteratio,
1332 2998 1381 3042 et
1420 2988 1699 3042 secundum
1741 2992 1911 3044 locum

316 3078 550 3129 mutatio.
583 3076 686 3129 Alii
715 3080 890 3149 itaque
917 3088 1083 3133 motus
1114 3082 1287 3148 palam
1315 3089 1389 3134 est
1412 3083 1533 3151 quia
1562 3082 1654 3135 alii
1683 3087 1745 3135 ab
1775 3084 1909 3137 invi-

317 3186 429 3223 cem
474 3179 611 3225 sunt.
663 3171 785 3226 Non
826 3183 899 3227 est
945 3175 1079 3227 enim
1123 3177 1381 3245 generatio
1428 3177 1711 3247 corruptio,

317 3273 648 3333 augmentum
672 3264 963 3328 diminutio,
993 3281 1152 3334 neque
1174 3268 1457 3321 secundum
1480 3268 1647 3321 locum
1672 3271 1908 3324 mutatio.

318 3356 573 3411 Similiter
600 3368 770 3412 autent
796 3368 843 3414 et
870 3359 922 3413 in
949 3360 1091 3415 aliis.

389 3449 445 3503 In
478 3449 714 3521 physicis
743 3451 1060 3507 Aristoteles
1087 3463 1266 3510 motus
1299 3457 1506 3524 species
1544 3457 1645 3512 alia
1703 3458 1912 3514 ratione

320 3542 545 3609 partitus
593 3552 697 3597 est.
752 3544 845 3598 Ait
890 3545 1031 3601 enim
1079 3546 1223 3600 aliud
1271 3564 1391 3604 esse
1436 3550 1909 3620 permutationem,

319 3634 465 3689 aliud
510 3646 739 3701 motum,
786 3647 841 3692 et
886 3640 1299 3708 permutationis
1349 3644 1562 3711 quidem
1612 3644 1744 3699 duas
1793 3659 1914 3699 esse

319 3729 524 3796 species
580 3729 656 3783 ait
697 3734 1091 3798 generationem
1143 3746 1197 3791 et
1246 3742 1665 3805 corruptionem.
1740 3740 1914 3794 Mutus

320 3838 452 3877 vero
479 3832 593 3879 tres
622 3825 912 3880 secundum
953 3829 1332 3897 quantitatem,
1364 3832 1656 3885 secundum
1689 3833 1913 3903 qualita-

320 3923 457 3982 tem,
490 3918 780 3973 secundum
810 3920 1003 3975 locum.
1046 3923 1227 3994 Igitur,
1256 3926 1509 3995 quoniam
1550 3928 1637 3981 hic
1674 3927 1810 3982 liber
1846 3926 1915 3982 ad

324 4011 780 4069 introductionem
807 4016 1035 4086 quodam
1076 4020 1231 4074 modo
1265 4023 1435 4076 l'actus
1473 4032 1576 4087 est,
1613 4021 1781 4077 noluit
1824 4024 1913 4077 ni-

319 4107 426 4162 mis
453 4106 734 4162 divisionis
766 4118 1042 4164 atteuuare
1077 4114 1361 4177 rationem,
1401 4131 1465 4168 ne
1499 4116 1915 4186 ingredientium

319 4198 532 4253 animos
576 4199 838 4255 subtiliori
868 4202 1127 4259 divisione
1174 4208 1561 4262 confunderet:
1593 4207 1717 4262 facit
1756 4209 1915 4277 igitur

318 4289 641 4345 divisionem
676 4304 849 4349 motus
877 4296 977 4350 hoc
1007 4298 1185 4351 modo.
1234 4296 1329 4353 Est
1368 4300 1509 4354 enim
1559 4317 1660 4355 una
1709 4302 1916 4368 species

318 4394 507 4439 motus
542 4388 835 4441 secundum
871 4389 1246 4454 substantiam,
1282 4393 1382 4445 alia
1416 4392 1709 4447 secundum
1739 4409 1910 4461 quan-

318 4476 554 4541 titatem,
599 4479 699 4532 alia
749 4482 1043 4535 secundum
1089 4483 1420 4551 qualitatem,
1470 4485 1572 4538 alia
1618 4483 1911 4541 secundum

318 4568 523 4624 locum.
560 4570 623 4625 Et
651 4574 943 4628 secundum
986 4575 1336 4630 substantiam
1384 4578 1598 4647 quidem
1642 4589 1721 4634 est
1753 4594 1917 4650 gene-
1942 4557 1997 4620 Ῑ)

320 4664 470 4716 ratio
510 4674 563 4718 et
602 4670 896 4735 corruptio,
932 4668 1063 4723 ‘hzec
1096 4670 1236 4723 enim
1275 4681 1504 4741 utraque
1534 4672 1586 4725 in
1618 4673 1917 4729 substantia

314 4757 476 4810 fiunt.
521 4757 650 4812 Nam
691 4769 747 4815 et
785 4763 1078 4816 secundum
1122 4766 1473 4819 subStantiam
1502 4778 1789 4837 generatur
1824 4770 1921 4823 ali-

313 4848 474 4918 quid.
506 4859 559 4903 et
588 4852 879 4906 secundum
912 4854 1266 4910 substantiam
1301 4858 1682 4927 corrumpitur.
1718 4860 1921 4914 Secun-

312 4940 451 4993 dum
490 4944 838 5009 quantitatem
869 4959 1032 5013 vero,
1074 4960 1128 5001 ut
1158 4961 1487 5005 crementum
1531 4961 1584 5006 et
1614 4952 1918 5007 diminutio.

311 5033 538 5088 Etenim
588 5038 881 5091 secundum
930 5040 1280 5108 quantitatem
1329 5044 1411 5099 vel
1454 5055 1607 5099 aucta
1658 5050 1915 5117 crevisse,

308 5129 401 5181 vel
439 5127 674 5184 detracta
705 5132 967 5188 diminuta
996 5150 1115 5191 esse
1147 5137 1415 5194 dicuntur.
1450 5142 1750 5198 Secundum
1786 5162 1923 5217 qua-

308 5219 526 5274 litatem
555 5237 683 5278 vero
711 5240 830 5295 qua:
863 5226 1059 5283 dicitur
1080 5235 1449 5299 commutatio,
1486 5237 1780 5293 secundum
1817 5239 1919 5293 ali-

288 5328 456 5384 .qnas
487 5314 691 5371 scilicet
731 5319 1032 5386 passiones,
1065 5339 1198 5393 quas
1229 5325 1515 5394 qualitates
1544 5343 1664 5383 esse
1697 5330 1929 5386 manife-

304 5415 466 5460 stum
497 5414 601 5458 est.
646 5406 950 5464 Secundum
983 5411 1158 5467 locum
1188 5430 1338 5483 vero,
1370 5426 1429 5469 ιιι
1471 5416 1619 5471 intus
1662 5419 1715 5472 in
1750 5420 1925 5492 longi-

308 5498 599 5561 tudinem,
632 5501 717 5553 vel
757 5500 810 5554 in
842 5516 1180 5560 curvaturam
1215 5509 1414 5574 flexus;
1449 5520 1503 5564 et
1536 5512 1677 5566 intus
1708 5514 1923 5583 quidem

304 5614 363 5673 in
399 5594 797 5664 longitudinem
827 5608 910 5652 est
939 5611 995 5652 ut
1028 5615 1058 5651 a
1088 5615 1297 5656 sursum
1332 5603 1383 5656 in
1415 5605 1688 5671 deorsum,
1723 5624 1751 5662 a
1787 5610 1931 5678 prio-

304 5689 481 5746 ribus
512 5696 836 5751 retrorsum,
868 5704 899 5744 a
930 5690 1119 5745 dextra
1150 5691 1202 5744 in
1234 5694 1546 5761 sinistram;
1574 5706 1629 5752 et
1669 5716 1857 5756 rursus
1886 5704 1934 5758 si

307 5780 451 5838 hmo
488 5786 773 5836 convertas
827 5790 883 5838 et
924 5781 980 5838 in
1025 5782 1284 5840 directum
1330 5802 1543 5859 pergas,
1592 5789 1733 5849 idem
1758 5804 1934 5852 motus

2010 1871 2231 1925 nicante.
2274 1870 2456 1941 Neque
2487 1874 2620 1926 enim
2657 1872 2834 1941 augeri
2870 1872 3205 1925 necessarium
3232 1879 3327 1935 est,
3355 1867 3489 1939 quod
3516 1884 3602 1937 per
3694 1933 3703 1941 .

2014 1964 2298 2029 passionem
2338 1974 2590 2032 movetur,
2632 1980 2795 2033 neque
2841 1965 3022 2018 minui.
3068 1963 3316 2019 Similiter
3354 1974 3521 2014 autem
3550 1961 3604 2012 in

2011 2062 2151 2118 aliis.
2193 2060 2420 2131 Ideoque
2460 2062 2555 2115 erit
2597 2061 2703 2114 alia
2747 2070 2929 2129 prwter
2966 2060 3084 2114 illos
3133 2069 3297 2112 motus
3341 2055 3599 2109 alteratio.

2016 2150 2154 2207 Nam
2194 2154 2239 2207 si
2278 2154 2457 2207 eadem
2487 2163 2637 2218 esset,
2666 2162 2917 2222 oporteret
2956 2152 3009 2204 id
3041 2152 3178 2221 quod
3212 2148 3457 2202 alteratur
3486 2161 3603 2199 mox

2013 2247 2090 2300 vel
2135 2248 2335 2315 augeri,
2383 2247 2459 2300 vel
2504 2246 2691 2312 minui,
2732 2245 2811 2299 vel
2853 2245 3073 2313 aliquem
3115 2243 3333 2296 aliorum
3375 2248 3603 2294 motuum

2014 2339 2292 2409 consequi;
2318 2339 2410 2393 sed
2436 2355 2539 2393 non
2567 2350 2642 2394 est
2668 2354 2886 2394 necesse.
2918 2337 3169 2394 Similiter
3198 2346 3368 2389 autem
3396 2346 3442 2390 et
3468 2336 3605 2404 quod

2012 2443 2251 2503 augetur,
2297 2442 2387 2488 aut
2434 2434 2542 2488 alia
2593 2435 2770 2505 aliqua
2820 2435 3046 2489 motione
3096 2443 3341 2499 movetur,
3394 2431 3607 2486 altera"

2013 2549 2296 2618 oportebat.

2085 2641 2143 2696 In
2170 2642 2590 2699 commutatione
2614 2659 2744 2699 vero
2764 2653 2844 2699 est
2872 2644 3045 2714 aliqua
3070 2644 3352 2711 dubitatio,
3378 2660 3446 2700 ne
3475 2644 3606 2700 forte

2018 2749 2239 2792 necesse
2287 2736 2359 2792 sit
2407 2737 2549 2807 quod
2603 2746 2964 2793 commutatur
3018 2724 3311 2792 secundum
3374 2737 3608 2805 aliquem

2014 2830 2347 2900 reliquorum
2389 2841 2627 2887 motuum
2659 2830 3001 2886 commutari.
3052 2831 3183 2884 Nam
3207 2831 3252 2885 si
3280 2844 3438 2883 omne
3464 2829 3605 2899 quod

2014 2933 2395 2991 commutatur,
2439 2936 2530 2979 aut
2576 2934 2886 2995 generatur,
2928 2932 3019 2977 aut
3090 2922 3475 2992 corrumpitur,
3521 2931 3608 2977 aut

2014 3014 2294 3081 minuitur,
2329 3025 2423 3069 aut
2468 3016 2685 3081 crescit,
2718 3027 2810 3070 aut
2850 3017 2900 3069 id
2938 3016 3230 3071 secundum
3262 3015 3436 3070 locum
3470 3024 3609 3070 tran-

2022 3105 2148 3160 lerri
2180 3121 2403 3162 necesse
2434 3116 2538 3174 est,
2587 3107 2809 3161 dubium
2845 3122 2951 3161 non
2989 3118 3070 3161 est
3097 3107 3232 3161 nihil
3262 3122 3292 3160 a
3320 3109 3610 3176 superiori-

1755 3195 1917 3249 ηείιιιε
1946 3164 1990 3227 C
2020 3198 2118 3254 bus
2164 3199 2376 3262 caeteris
2423 3199 2561 3253 hanc
2603 3198 2821 3255 dill’erre
2850 3199 3115 3270 speciem,
3150 3215 3270 3271 quae
3301 3203 3611 3259 secundum

2016 3293 2490 3348 commutationem
2545 3294 2772 3360 dicitur;
2824 3294 2967 3365 quod
3016 3296 3335 3352 Aristoteles
3389 3301 3612 3369 respuit,

2015 3382 2223 3451 dicens,
2272 3384 2387 3440 lloc
2431 3394 2606 3441 autem
2655 3401 2763 3441 non
2813 3398 2897 3442 est
2943 3403 3149 3445 verum.
3208 3389 3314 3446 Sed
3364 3394 3613 3459 quoniam

2016 3476 2158 3542 quod
2207 3486 2566 3532 commutatur
2613 3493 2720 3532 non
2792 3480 3013 3534 omnino
3079 3496 3253 3551 neque
3300 3494 3612 3553 generatur,

2018 3584 2193 3638 neque
2222 3573 2619 3640 corrumpitur:
2654 3580 2711 3626 ut
2758 3572 2850 3643 qui
2891 3573 2942 3627 in
2974 3574 3091 3629 sole
3121 3574 3322 3630 diutius
3356 3577 3527 3641 stetit,
3569 3577 3614 3633 si

2019 3676 2082 3714 ex
2124 3662 2351 3719 candido
2396 3664 2547 3734 niger
2589 3674 2670 3720 est
2714 3664 2913 3731 factus,
2974 3677 3334 3723 commutatus
3396 3671 3612 3740 quidem

2019 3757 2311 3811 secundum
2362 3760 2598 3813 colorem
2665 3758 2891 3825 dicitur,
2942 3776 3047 3815 non
3100 3771 3276 3817 tamen
3327 3776 3614 3835 generatus
3696 3756 3699 3761 ’

2018 3858 2102 3902 est
2128 3860 2218 3903 aut
2248 3860 2549 3919 corruptus,
2578 3866 2679 3905 nec
2709 3866 2836 3904 vero
2881 3851 2957 3905 illi
2996 3852 3213 3920 aliquod
3253 3856 3337 3909 vel
3367 3872 3615 3912 cremen-

2024 3950 2135 3995 tum
2187 3941 2383 3995 factum
2427 3953 2510 3996 est
2540 3943 2623 3995 vel
2654 3942 2960 4012 diminutio,
3006 3944 3101 3997 sed
3146 3959 3247 3999 nec
3294 3946 3394 3999 loci
3441 3956 3615 4002 trans-

2020 4033 2150 4087 latio
2192 4033 2337 4087 nulla
2387 4045 2498 4100 est,
2533 4042 2710 4103 potest
2753 4034 2895 4088 enim
2942 4033 3133 4103 aliquis
3174 4050 3282 4089 uno
3320 4037 3615 4106 eodemque

2020 4124 2143 4178 loco
2192 4126 2527 4193 consistens,
2575 4127 2844 4198 aliquibus
2892 4128 3229 4184 extrinsecus
3277 4131 3616 4189 venientibus

2019 4217 2363 4287 passionibus
2393 4220 2710 4289 pet-mutari,
2744 4231 2923 4291 potest
2959 4237 3173 4293 quoque
3204 4231 3257 4278 et
3288 4237 3537 4279 crescere
3566 4233 3617 4283 et

2019 4311 2355 4381 decrescere,
2396 4298 2593 4384 praeter
2632 4317 2905 4385 qualitatis
2936 4319 3407 4376 commutationem
3436 4335 3450 4376 :
3476 4320 3617 4390 quod

2020 4403 2135 4475 ipse
2158 4407 2479 4463 Aristoteles
2507 4409 2577 4462 ita
2606 4410 2939 4478 pronuntiat.

2094 4501 2200 4555 Sed
2227 4511 2344 4555 sunt
2369 4504 2605 4572 quantum
2635 4506 2911 4559 crescentia
2940 4521 3053 4574 qua:
3080 4522 3184 4561 non
3224 4507 3530 4575 alteranlur,
3565 4518 3619 4565 ut

2020 4592 2348 4661 quadratum,
2380 4594 2743 4663 circumposito
2772 4612 3045 4667 gnomone,
3090 4599 3243 4652 crevit
3271 4602 3499 4669 quidem,
3542 4603 3621 4656 αι-

2023 4695 2241 4740 teratum
2262 4701 2379 4741 vero
2402 4687 2533 4741 nihil
2556 4687 2752 4757 factum
2776 4700 2891 4744 est:
2914 4692 2988 4745 sic
3015 4701 3063 4746 et
3090 4694 3141 4746 in
3164 4694 3279 4749 aliis
3302 4694 3622 4765 huiusmodi.

2028 4777 2195 4844 Quare
2222 4777 2316 4832 alii
2345 4788 2462 4833 sunt
2492 4790 2657 4834 ntotus
2684 4798 2717 4835 a
2746 4798 2799 4836 se
2826 4783 3063 4840 invicem.

2096 4871 2248 4939 Quod
2278 4873 2405 4928 dicit
2438 4874 2542 4929 tale
2572 4884 2653 4930 est
2698 4893 2711 4929 :
2756 4876 2814 4933 Si
2843 4877 3135 4949 quadrato,
3170 4880 3365 4954 inquit,
3400 4871 3623 4941 addatur

2028 4982 2264 5037 gnomo,
2332 4970 2526 5024 crescit
2587 4970 2803 5040 quidem
2875 4975 3207 5044 quadratus,
3284 4996 3389 5034 non
3444 4988 3624 5034 tamen

2026 5070 2408 5114 commutatur.
2473 5060 2708 5132 Ideoque
2764 5064 2976 5119 sublato
3021 5082 3288 5137 gnomone
3338 5068 3623 5138 quadratus

2031 5147 2365 5217 diminuitur,
2392 5152 2485 5207 sed
2517 5168 2622 5207 non
2649 5166 3030 5213 commutatur.
3064 5159 3141 5214 Sit
3165 5161 3304 5215 enim
3336 5163 3625 5228 quadratus

2032 5257 2063 5294 tt
2095 5242 2121 5292 b
2151 5257 2178 5293 c
2207 5243 2260 5310 ά,
2302 5253 2356 5297 et
2385 5246 2609 5299 ducatur
2654 5246 2706 5300 ei
2753 5251 3025 5318 angularis
3073 5253 3101 5302 b
3131 5267 3181 5315 c,
3228 5261 3280 5304 et
3324 5251 3625 5309 dividantur

2036 5344 2268 5403 quatuor
2298 5336 2464 5391 latera
2496 5355 2526 5390 a
2556 5355 2602 5398 c,
2635 5356 2666 5391 a
2693 5339 2742 5405 ὁ,
2774 5340 2802 5392 b
2828 5342 2883 5407 ά,
2911 5358 2945 5394 a
2974 5358 3023 5407 c,
3068 5342 3122 5396 in
3152 5344 3372 5415 tequalia
3421 5365 3453 5417 g
3488 5364 3513 5400 e
3543 5350 3572 5401 h
3608 5354 3626 5419 1

2039 5427 2271 5496 punctis.
2321 5437 2373 5482 et
2415 5429 2676 5484 ducantur
2724 5450 2757 5503 ς]
2787 5433 2817 5484 h
2850 5441 2925 5503 [ο
2982 5433 3158 5489 lineae.
3208 5433 3419 5490 Divisus
3472 5439 3628 5508 igitur

2037 5522 2324 5591 quadratus
2349 5540 2380 5577 a
2407 5525 2443 5577 d
2482 5526 2535 5579 in
2581 5536 2810 5594 quatuor
2860 5528 3151 5599 quadratos
3187 5532 3277 5602 qui
3322 5542 3447 5587 sunt
3470 5550 3497 5587 e
3524 5553 3576 5606 g,
3611 5542 3627 5607 τ

2039 5634 2092 5686 g,
2119 5633 2145 5669 e
2165 5617 2218 5678 It,
2251 5616 2284 5668 h
2305 5620 2346 5683 f,
2376 5618 2739 5687 quorumlibet
2769 5630 2877 5677 tres
2902 5622 2991 5694 qui
3024 5623 3166 5679 circa
3194 5628 3436 5687 eamdem
3465 5645 3628 5698 augu~

2042 5708 2207 5763 larem
2239 5718 2362 5762 sunt
2392 5710 2437 5765 si
2468 5710 2772 5781 demantur,
2807 5715 2975 5788 ﬁgura
3009 5718 3121 5788 ipsa
3153 5736 3350 5791 gnomo
3386 5733 3629 5792 vocatur,

2043 5808 2101 5854 ut
2129 5799 2172 5853 si
2206 5801 2324 5867 quis
2353 5800 2505 5858 tollat
2533 5803 2629 5859 hos
2659 5815 2793 5879 tres,
2822 5827 2847 5865 ε
2870 5829 2920 5881 g,
2946 5830 2977 5881 g
3005 5815 3047 5882 ι’,
3074 5812 3102 5883 f
3125 5816 3177 5882 la,
3210 5816 3477 5873 invenitur
3520 5832 3571 5867 nt
3598 5832 3631 5874 ιι
