4280 6268
600 258 701 318 291

1842 254 1958 313 AN.
1998 253 2209 314 MANL.
2248 220 2400 315 sev.
2440 254 2669 315 socru

3772 258 3879 323 292

590 392 811 451 gnomo,
840 376 931 447 qui
960 391 1011 430 m
1032 391 1068 429 η
1093 386 1293 446 gnomo
1331 377 1617 446 separatur
1654 386 1686 428 a
1713 372 1742 427 b
1772 373 1852 430 eli
1906 373 2189 446 quadrato.
2220 374 2273 436 Α
2297 389 2404 430 non
2434 377 2637 433 moveri
2658 377 2773 446 ,Ἴθι
2810 384 2895 461 est
2932 374 3288 438 non'moveri
3326 380 3542 452 quidem
3583 382 3876 439 secundum

589 471 754 531 Totus
782 474 993 544 quidem
1022 489 1055 525 a
1083 470 1118 524 ὀ
1157 471 1450 543 quadratus
1496 470 1805 526 imminutus
1828 479 1930 537 est,
1977 468 2067 540 qui
2117 484 2185 524 ex

590 580 697 623 tam
740 583 932 637 magno
978 565 1151 620 factus
1195 574 1276 621 est
1320 579 1537 635 parvus,
1581 579 1686 617 non
1727 571 1908 618 tamen
1958 561 2184 617 formam

591 662 856 732 tetragoni
889 661 1259 716 commutavit.
1307 658 1461 726 Quod
1494 660 1541 715 si
1564 675 1592 714 e
1613 658 1645 711 h
1682 667 1993 728 tetragonus
2035 657 2185 713 solus

586 755 675 819 sit,
705 764 760 809 et
793 752 843 808 ei
881 753 1313 823 circumponatur
1340 767 1560 822 gnomo,
1600 753 1690 821 qui
1738 762 1820 807 est
1849 769 1900 805 m
1932 769 1983 817 η,
2015 752 2186 808 crevit

587 846 801 917 quidem
851 855 1181 923 tetragonus,
1236 853 1289 899 et
1340 842 1511 913 major
1556 842 1729 899 factus
1776 852 1880 910 est,
1930 844 2024 898 sed
2070 859 2180 897 non

585 947 944 995 commutatus
968 946 1087 993 ‘est.
1157 937 1358 992 Omnes
1402 936 1547 991 enim
1598 935 1857 1006 tetragoni
1905 935 2004 990 sibi
2055 942 2183 989 sunt

592 1032 808 1102 propria
857 1030 1113 1100 qualitate
1162 1029 1493 1085 consimiles.
1540 1027 1693 1096 Quod
1741 1029 1785 1082 si
1836 1028 2185 1083 commutatio

560 1124 891 1196 .hujusmodi
920 1132 1097 1179 motus
1138 1132 1313 1189 esset,
1348 1132 1406 1177 ut
1430 1136 1538 1176 non
1569 1122 1790 1176 omnino
1827 1136 1857 1176 a
1887 1120 2185 1191 superiori-

586 1217 685 1273 bus
712 1226 1069 1287 separaretur,
1104 1215 1249 1271 nulla
1287 1224 1433 1271 esset
1460 1213 1719 1269 dubitatio
1793 1212 1926 1281 quin
1969 1226 2186 1281 semper

587 1317 858 1381 oporteret
895 1307 1150 1379 quidquid
1191 1315 1555 1361 commutatur
1597 1304 1891 1361 secundum
1939 1304 2178 1373 aliquem

589 1405 830 1476 priorum
881 1410 1122 1457 motuum
1175 1398 1397 1455 modum
1459 1396 1802 1453 commutari.
1865 1395 1941 1449 ita
1985 1402 2045 1449 ut
2094 1400 2189 1447 aut

586 1504 917 1560 nasceretur,
948 1504 1040 1548 aut
1081 1500 1547 1561 corrumperetur,
1582 1499 1674 1545 aut
1704 1488 2061 1553 minueretur,
2094 1496 2187 1541 aut

588 1601 877 1661 cresceret,
913 1600 1003 1645 aut
1033 1588 1329 1645 secundum
1364 1588 1543 1643 locum
1572 1586 1726 1641 ﬂeret
1760 1583 1937 1655 aliqua
1972 1596 2187 1652 permu-

587 1686 739 1741 tatio.
784 1682 935 1751 Quod
962 1679 1213 1753 quoniam
1245 1694 1351 1735 non
1377 1688 1479 1743 est,
1511 1677 1579 1732 ab
1603 1675 1854 1731 omnibus
1883 1672 2183 1744 superiori-

2287 465 2460 521 locum
2485 468 2658 539 quies,
2681 470 2884 527 moveri
2910 487 3036 528 vero
3057 474 3350 530 secundum
3374 473 3549 529 locum
3579 475 3873 530 translatio.

2283 556 2512 615 Maxime
2556 570 2756 629 autem,
2801 562 2992 635 inquit,
3037 567 3331 622 secundum
3377 566 3550 621 locum
3597 566 3879 624 mutationi

2285 655 2551 709 contraria
2579 665 2659 710 est
2687 657 2739 711 in
2772 661 3098 715 contrarium
3132 661 3309 716 locum
3341 664 3682 731 permutatio.
3739 664 3805 719 Ut
3835 659 3880 716 si

2284 758 2387 813 qua
2429 760 2517 801 res
2554 761 2769 803 sursum
2811 751 2883 804 sit
2921 762 3081 823 atque
3124 754 3197 809 ibi
3230 765 3463 822 maneat,
3493 765 3547 812 et
3577 755 3646 810 sit
3675 756 3878 826 quieta.

2287 848 2471 907 postea
2528 843 2596 894 sit
2642 843 2690 896 ei
2736 852 2911 899 motus
2967 847 3120 914 talis,
3176 857 3231 901 ut
3275 849 3526 904 deorsum
3580 859 3879 912 moveatur,

2285 947 2586 1000 quanquam
2625 936 2722 1006 ipsi
2763 940 3033 1008 superiori
3072 943 3236 996 motui
3280 943 3432 1013 quies
3476 944 3745 997 contraria
3785 952 3877 1019 sit,

2286 1025 2455 1081 multo
2496 1029 2663 1099 magis
2701 1032 2915 1101 quidem
2954 1034 3262 1103 hujusmodi
3294 1046 3491 1103 motus,
3536 1038 3628 1107 qui
3667 1038 3719 1091 in
3751 1053 3880 1103 cpn-

2287 1119 2507 1173 trarium
2540 1121 2600 1175 ﬁt
2627 1121 2823 1189 locum,
2855 1124 2931 1180 illi
2963 1128 3228 1197 superiori
3259 1130 3423 1184 motui
3448 1132 3749 1186 contrarius
3773 1142 3873 1187 est.

2286 1215 2458 1281 Atque
2488 1212 2590 1270 hoc
2621 1217 2834 1286 quidem
2874 1228 2929 1274 et
2962 1221 3014 1274 in
3060 1221 3176 1276 aliis
3208 1223 3439 1277 motibus
3468 1224 3660 1279 accidit
3697 1241 3711 1278 :
3744 1232 3800 1278 ut
3830 1224 3875 1278 si

2287 1305 2406 1373 quis
2436 1305 2586 1360 sitad
2618 1306 2895 1364 dexteram
2915 1352 2930 1375 ,
2963 1311 3009 1365 si
3029 1312 3079 1366 ei
3110 1314 3163 1367 in
3196 1315 3467 1370 sinistram
3499 1325 3675 1370 mutus
3699 1316 3789 1384 sit,
3823 1316 3876 1369 in

2288 1397 2618 1452 contrarium
2667 1399 2843 1455 locum
2889 1400 3060 1458 factus
3104 1404 3297 1459 dicitur
3339 1418 3533 1461 motus.
3566 1408 3737 1476 Atque
3773 1406 3876 1461 hoc

2288 1486 2432 1544 idem
2478 1490 2532 1544 in
2573 1490 2693 1545 aliis
2738 1493 2972 1549 m0tibus
3017 1495 3139 1551 licet
3184 1497 3406 1565 videre;
3437 1500 3531 1553 sed
3562 1498 3877 1553 Aristoteles

2288 1579 2496 1636 dubitat
2516 1583 2561 1638 si
2575 1584 2781 1654 reliquo
2809 1587 2999 1654 motui,
3032 1587 3084 1642 id
3113 1598 3195 1644 est
3224 1592 3647 1656 commutationi,
3680 1589 3876 1662 aliquid

2290 1677 2463 1745 possit
2500 1692 2622 1735 esse
2662 1681 3014 1748 contrarium,
3060 1699 3220 1754 quam
3251 1688 3599 1756 quazstionem
3636 1686 3707 1739 ita
3756 1701 3876 1755 pro-

589 1775 685 1833 bus
708 1775 939 1832 motibus
963 1775 1078 1829 lucc
1105 1773 1285 1828 motus
1311 1772 1521 1843 species
1547 1769 1730 1824 distat.
1766 1766 1875 1824 Sed
1905 1774 2179 1821 monstra-
2211 1774 2261 1835 Β
2287 1770 2474 1842 ponit:

588 1879 696 1926 tum
736 1868 981 1939 superius
1019 1875 1103 1921 est
1136 1865 1373 1936 quinque
1411 1861 1720 1933 superiores
1754 1870 1932 1914 motus
1967 1856 2178 1922 species

587 1977 617 2017 δ
654 1978 713 2018 sc
743 1961 892 2016 omni
932 1959 1139 2014 ratione
1178 1956 1491 2012 substantiae
1526 1954 1864 2024 discrepare.
1913 1950 2178 2019 Quocirca

590 2054 786 2109 distant
829 2069 859 2109 a
902 2067 962 2108 se
1004 2049 1251 2107 similiter
1284 2048 1339 2105 hi
1383 2063 1481 2105 sex
1526 2056 1730 2113 motus,
1772 2054 1935 2115 atque
1978 2041 2180 2099 diversi

591 2155 737 2204 sunt.

669 3768 760 3825 Est
782 3782 951 3827 autem
970 3772 1265 3844 simpliciter
1280 3774 1488 3846 quidem
1506 3777 1667 3831 motui
1686 3776 1831 3848 quies
1850 3777 2188 3833 contrarium.

599 3864 834 3939 Singulis
874 3884 990 3923 vero
1036 3868 1248 3939 singuli,
1289 3867 1607 3940 generationi
1654 3872 1859 3932 quidem
1904 3872 2192 3943 corruptio,

596 3962 1003 4033 augmentationi
1030 3972 1203 4018 autem
1228 3962 1536 4029 diminutio;
1566 3963 1847 4021 secundum
1875 3964 2045 4021 locum
2072 3982 2192 4022 vero

597 4054 891 4121 mutationi,
922 4056 1201 4111 secundum
1226 4054 1398 4111 locum
1423 4055 1584 4128 quies,
1614 4058 1836 4112 maxime
1862 4067 2033 4113 autem
2056 4058 2196 4113 uide-

596 4157 682 4203 tur
703 4147 993 4222 oppositum
1011 4164 1116 4203 esse
1136 4149 1190 4202 in
1210 4149 1525 4204 contrarium
1551 4149 1720 4205 locum
1740 4150 1973 4217 mutatio,
2003 4159 2058 4204 ut
2081 4168 2195 4222 quis

595 4249 667 4295 est
687 4239 898 4309 inferius
920 4240 967 4294 ei
984 4256 1098 4310 quia
1116 4248 1192 4295 est
1213 4241 1468 4313 superius,
1495 4250 1543 4296 et
1568 4257 1628 4296 ea
1646 4257 1759 4312 qua:
1780 4249 1856 4298 est
1882 4244 2121 4314 superius
2145 4243 2195 4298 ei

595 4350 711 4404 quo:
735 4342 808 4391 est
836 4334 1082 4402 inferius.

584 4424 589 4489 ι
669 4426 823 4483 Nunc
843 4427 952 4498 jam
978 4439 1217 4484 motuum
1244 4429 1652 4486 contrarietates
1675 4428 2074 4501 exsequitur,et
2096 4430 2197 4502 ipsi

596 4518 818 4592 quidem
869 4522 1077 4593 generi,
1123 4520 1177 4578 id
1226 4529 1308 4579 est
1354 4522 1542 4588 motui,
1600 4522 1729 4581 dicit
1780 4522 2015 4594 quietem
2071 4538 2194 4580 esse

596 4613 949 4681 contrariam,
994 4613 1154 4671 habet
1190 4614 1338 4672 enim
1371 4626 1547 4672 motus
1577 4615 1810 4687 quietem
1841 4616 2189 4673 contrariam.

595 4703 835 4775 Singulis
863 4720 992 4761 vero
1015 4706 1297 4777 speciebus
1327 4716 1565 4764 motuum
1598 4717 1776 4765 motus
1806 4709 1907 4780 ipsi
1936 4709 2194 4769 contrarii

602 4804 761 4861 sunt,
792 4803 854 4850 ut
877 4798 1207 4865 generationi
1242 4800 1546 4869 corruptio,
1576 4808 1631 4857 et
1668 4816 1787 4857 cum
1818 4803 2094 4873 generatio
2125 4803 2194 4860 sit

600 4894 779 4942 motus
814 4897 973 4959 atque
1006 4892 1311 4961 corruptio,
1346 4902 1571 4964 utraque
1599 4903 1779 4950 tamen
1807 4893 2021 4950 sibimet
2058 4909 2192 4951 con-

596 4982 763 5038 traria
809 4994 956 5052 sunt,
1004 4992 1282 5041 cremento
1329 5001 1541 5057 quoque
1588 4984 1873 5042 diminutio
1921 4988 2192 5046 contraria

597 5089 701 5136 est.
746 5079 923 5148 Quare
952 5080 1171 5137 diverso
1209 5080 1371 5137 modo
1402 5082 1485 5136 hae
1522 5080 1733 5151 species
1771 5090 1947 5137 motus
1974 5091 2189 5138 contra-

596 5171 841 5253 rietatem
884 5172 1103 5241 habent,
1149 5187 1309 5243 quam
1348 5187 1517 5243 genus
1556 5170 1759 5228 dudum
1798 5170 1999 5231 habere
2037 5187 2190 5229 mon-

598 5264 886 5321 stravimus
917 5285 931 5319 :
975 5274 1153 5322 motus
1184 5264 1328 5322 enim
1370 5264 1486 5336 ipse
1515 5263 1678 5320 habet
1706 5262 1939 5336 quietem
1969 5274 2188 5321 contra-

595 5354 751 5411 riam.
801 5356 1115 5426 Specierum
1163 5373 1293 5414 vero
1342 5356 1575 5413 motibus
1623 5371 1727 5410 non
1774 5355 1929 5427 quies
1956 5366 2186 5429 tantum,

565 5448 698 5531 ,‘sed
731 5448 823 5505 alii
853 5450 1327 5517 motuscontrarii
1363 5459 1517 5518 sunt,
1550 5458 1607 5505 ut
1634 5451 1969 5522 generationi
2000 5465 2191 5508 corru-

601 5544 715 5614 ptio
756 5552 811 5599 et
851 5553 1129 5601 cremento
1166 5542 1477 5612 diminutio,
1513 5542 1808 5601 secundum
1849 5558 1976 5602 vero
2015 5542 2193 5600 locum

598 5635 967 5693 translationis
995 5636 1353 5694 contrarietas
1387 5635 1579 5693 similis
1611 5646 1693 5693 est
1728 5638 1932 5707 generi.
1975 5635 2108 5693 Nam
2140 5644 2197 5691 et

599 5726 713 5797 ipsa
758 5728 922 5785 habet
975 5731 1304 5787 contrariam
1364 5730 1654 5786 secundum
1714 5729 1889 5787 locum
1938 5728 2192 5799 quietem,

585 5816 925 5901 contrarium
948 5835 1186 5895 namque
1214 5828 1297 5881 est
1330 5819 1542 5881 moveri
1580 5821 1647 5880 de
1672 5820 1795 5885 loco
1822 5822 1877 5881 in
1913 5822 2114 5891 locum,
2142 5829 2198 5883 et

2360 1871 2578 1943 Reliqua
2618 1891 2733 1930 vero
2775 1876 3146 1949 assignatorum
3194 1886 3420 1931 motuum
3461 1896 3561 1931 non
3603 1878 3757 1949 facile
3793 1888 3874 1932 est

2289 1968 2551 2039 assignare
2595 1970 2721 2041 quid
2757 1970 2820 2023 sit
2864 1970 3207 2037 contrarium,
3234 1972 3431 2026 videtur
3459 1980 3629 2025 autem
3661 1971 3789 2024 nihil
3826 1969 3875 2025 ei

2290 2061 2603 2114 contrarium
2631 2079 2759 2129 esse,
2790 2064 2887 2116 nisi
2928 2064 3040 2131 quis
3077 2073 3122 2116 et
3151 2064 3203 2116 in
3249 2064 3343 2117 hoc
3379 2063 3662 2117 secundum
3708 2062 3874 2134 quali-

2291 2162 2444 2206 tatem
2473 2155 2692 2224 quietem
2736 2164 2993 2225 apponat,
3028 2165 3119 2209 aut
3161 2156 3215 2209 in
3259 2156 3576 2209 contrarium
3617 2155 3873 2225 qualitatis

2290 2249 2648 2312 mutationem,
2677 2248 2810 2301 sicut
2848 2258 2897 2301 et
2943 2249 2996 2301 in
3036 2250 3317 2302 mutatione
3356 2248 3634 2302 secundum
3677 2247 3871 2313 locum,

2290 2342 2510 2409 quietem
2547 2343 2828 2395 secundum
2874 2340 3074 2408 locum,
3117 2351 3205 2395 aut
3252 2342 3307 2394 in
3344 2343 3664 2395 contrarium
3706 2341 3873 2395 locum

2291 2435 2645 2489 mutationem.
2690 2433 2781 2489 Est
2813 2435 2951 2489 enim
2990 2435 3226 2489 alteratio
3257 2436 3540 2490 secundum
3578 2436 3877 2507 qualitatem

2274 2530 2529 2607 Lmutatio.

2273 2631 2279 2706 ξ
2379 2632 2457 2688 Ex
2505 2631 2854 2689 similitudine
2909 2640 3151 2689 motuum
3205 2633 3614 2689 contrarietates
3662 2646 3877 2704 quoque

2274 2714 2612 2797 colligimus.
2643 2724 2774 2780 Nam
2805 2725 3059 2795 quoniam
3090 2724 3336 2796 superius
3380 2726 3547 2780 motui
3582 2725 3880 2785 secundum

2272 2808 2469 2915 ilocum
2497 2818 2821 2874 contrariam
2849 2819 3055 2891 reperit
3080 2818 3374 2875 secundum
3405 2819 3581 2875 locum
3609 2817 3874 2888 quietem,

2274 2911 2348 3029 ft
2382 2911 2633 2982 quoniam
2663 2913 2839 2969 omnis
2881 2912 3232 2969 commutatio
3274 2928 3392 2983 qua:
3441 2911 3733 2969 secundum
3776 2911 3877 2966 ali-

2297 3022 2446 3029 Mm
2493 3007 2788 3029 --μμ-,μ
2836 3009 2891 3029 ιε.
2944 3008 3234 3029 “musam
3293 3008 3595 3029 tum-.-“
3646 3021 3850 3029 _-_____

2276 3007 2451 3095 {quam
2492 3007 2793 3077 passionem
2835 3009 2894 3063 tit
2942 3008 3239 3066 secundum
3286 3008 3599 3079 qualitatem
3640 3021 3875 3063 commu-

2291 3106 2457 3164 tatur,
2497 3107 2673 3154 motus
2716 3099 2833 3170 ejus
2878 3101 3315 3157 contrarietatem
3362 3100 3541 3169 posuit
3582 3099 3876 3155 secundum

2213 3172 2267 3238 α
2293 3191 2602 3263 qualitatem
2633 3192 2896 3262 quietem:
2929 3201 2987 3249 ut
3029 3194 3075 3250 si
3114 3192 3251 3263 lapis
3293 3207 3413 3247 cum
3443 3191 3665 3261 frigidus
3687 3198 3792 3260 est,
3832 3191 3879 3245 si

2290 3284 2364 3340 ita
2392 3294 2731 3355 permaneat,
2757 3286 2985 3357 qualitas
3012 3286 3103 3342 illa
3134 3287 3328 3342 mansit
3365 3294 3438 3358 et.
3466 3285 3696 3357 quievit,
3742 3281 3883 3355 quod

2291 3377 2339 3432 si
2378 3385 2588 3448 tepeat,
2636 3377 2866 3448 qualitas
2905 3378 2991 3433 illa
3038 3385 3363 3434 commutata
3409 3384 3529 3441 est,
3561 3386 3613 3432 et
3656 3384 3738 3431 est
3769 3375 3884 3445 ipsa

2283 3478 2641 3561 .pommutatio
2669 3479 2970 3548 contraria,
2994 3488 3050 3535 et
3086 3477 3261 3535 factus
3288 3485 3372 3535 est
3413 3476 3627 3549 quidem
3672 3484 3878 3542 motus,

2294 3580 2350 3626 et
2379 3570 2431 3625 in
2477 3578 2663 3640 mpore
2702 3571 2896 3642 lapidis
2944 3572 3240 3628 secundum
3283 3573 3403 3643 qual
3432 3579 3592 3626 tatem
3624 3568 3758 3625 facta
3805 3580 3887 3625 est

2296 3663 2640 3732 permutatio,
2676 3663 2776 3717 fuit
2822 3672 2997 3719 autem
3047 3664 3099 3718 in
3147 3663 3343 3735 frigore
3388 3664 3539 3733 quies
3588 3662 3886 3718 secundum

2298 3753 2541 3809 eamdem
2573 3754 2906 3824 qualitatem.
2938 3755 3201 3823 Quocirca
3232 3754 3359 3810 licet
3386 3755 3625 3809 videatur
3654 3754 3740 3809 hic
3769 3770 3887 3809 mo-

2298 3855 2383 3903 tus
2411 3848 2626 3918 quidem
2657 3853 2875 3903 omnino
2918 3849 3247 3904 contrarium
3292 3864 3399 3904 non
3438 3848 3657 3916 habere,
3684 3857 3885 3915 tamen,

2300 3940 2439 3996 sicut
2482 3940 2731 4010 superius
2757 3940 2959 3996 dictum
2989 3950 3073 3996 est
3099 3942 3394 3998 secundum
3448 3942 3627 3998 locum
3659 3942 3889 3999 transla-

2300 4035 2430 4091 tioni
2458 4035 2779 4090 contrariam
2804 4050 2924 4090 esse
2964 4036 3260 4091 secundum
3288 4035 3465 4091 locum
3492 4037 3760 4107 quietem,
3796 4050 3890 4091 cur

2302 4144 2409 4184 non
2439 4143 2651 4200 quoque
2688 4128 2984 4185 secundum
3025 4128 3337 4198 qualitatem
3369 4128 3778 4182 commutationi
3811 4127 3890 4181 di-

2302 4230 2453 4277 catur
2496 4221 2651 4291 quies
2703 4221 2995 4277 secundum
3059 4220 3370 4291 qualitatem
3420 4235 3539 4275 esse
3586 4220 3887 4293 cpntraria?

2307 4313 2551 4369 Delinitio
2572 4329 2804 4384 namque
2824 4313 3260 4369 commutationis
3285 4324 3369 4367 eSt
3391 4311 3667 4366 translatio
3695 4326 3887 4366 secun~

2302 4404 2428 4460 dum
2471 4406 2812 4477 qualitatem,
2853 4421 2976 4462 cum
3020 4405 3161 4461 enim
3206 4403 3434 4475 qualitas
3474 4403 3767 4473 cujuslibet
3807 4404 3886 4460 rei

2304 4508 2573 4570 movetur,
2602 4500 2659 4555 tit
2682 4500 2983 4569 translatio,
3007 4498 3211 4556 scilicet
3233 4499 3528 4554 secundum
3550 4497 3885 4569 qualitatem.

2219 4579 2277 4649 ,υ
2299 4595 2451 4664 Quod
2478 4598 2524 4651 si
2556 4597 2789 4651 maxime
2812 4594 3056 4651 videatur
3092 4592 3388 4650 secundum
3434 4592 3611 4647 locum
3654 4592 3886 4647 transla-

2301 4691 2431 4747 tioni
2475 4706 2594 4748 esse
2637 4693 2940 4761 contraria,
2985 4709 3091 4748 non
3137 4692 3310 4748 solum
3361 4691 3659 4748 secundum
3707 4690 3885 4747 locum

2299 4785 2483 4857 quies,
2528 4784 2621 4840 sed
2667 4786 2827 4840 etiam
2868 4785 2924 4840 in
2974 4786 3304 4841 contrarium
3350 4783 3526 4841 locum
3579 4782 3884 4848 translatio,

2298 4879 2589 4935 secundum
2633 4878 2944 4949 qualitatem
2987 4894 3201 4949 quoque
3241 4878 3527 4935 mutationi
3574 4893 3679 4932 non
3707 4876 3882 4931 solum

2298 4972 2403 5027 erit
2439 4971 2705 5026 contraria
2734 4971 3028 5027 secundum
3078 4971 3391 5042 qualitatem
3423 4972 3595 5041 quies,
3640 4969 3737 5025 sed
3771 4984 3883 5023 ma-

2300 5067 2443 5121 xime
2465 5067 2519 5120 in
2541 5067 2861 5121 contrariam
2884 5065 3196 5135 qualitatem
3216 5065 3595 5121 commutatio:
3616 5063 3727 5116 utsi
3746 5063 3876 5132 quid

2298 5170 2418 5212 cum
2464 5166 2544 5209 est
2588 5156 2795 5222 album,
2837 5157 2879 5210 si
2930 5156 3149 5211 rubrum
3198 5155 3319 5224 ﬂat,
3366 5154 3535 5226 quieti
3584 5152 3803 5223 quidem
3836 5155 3888 5210 ei

2300 5264 2418 5321 quae
2466 5250 2519 5303 in
2565 5248 2685 5303 albo
2736 5249 2917 5304 colore
2982 5257 3188 5319 poterat
3240 5262 3555 5319 permanere
3607 5236 3886 5304 contraria

2302 5350 2401 5407 fuit
2429 5351 2700 5421 qualitatis
2745 5352 2859 5423 ipsa
2907 5352 3152 5426 mutatio,
3181 5360 3241 5407 ut
3278 5366 3344 5407 ex
3394 5351 3516 5406 albo
3561 5352 3614 5408 in
3662 5353 3907 5415 rubrum.

2303 5456 2631 5514 mutaretur;
2666 5447 2710 5502 si
2760 5446 2887 5517 quid
2936 5446 3079 5502 enim
3130 5460 3196 5501 ex
3245 5447 3367 5501 albo
3412 5458 3652 5503 vertatur
3702 5448 3754 5502 in
3799 5446 3887 5501 ni-

2301 5554 2490 5611 grum,
2546 5538 2674 5594 illud
2731 5539 2959 5593 maxime
3015 5547 3380 5606 permutatur,
3428 5552 3483 5593 et
3536 5540 3665 5594 illud
3722 5551 3884 5607 supe-

2303 5633 2430 5688 riori
2466 5630 2745 5687 mutationi
2801 5621 3127 5686 contrarium
3179 5640 3291 5699 est,
3350 5633 3600 5701 quoniam
3662 5642 3884 5702 permu-

2304 5735 2475 5782 tatum
2502 5736 2585 5782 est
2621 5727 2673 5781 in
2714 5724 3039 5782 contrariam
3079 5726 3413 5797 qualitatem.
3456 5725 3631 5796 Atque
3676 5724 3775 5778 hoc
3802 5728 3885 5781 est

2304 5820 2443 5892 quod
2470 5819 2576 5875 ait:
