4280 6268
402 283 500 353 Ιοδ
1170 300 1236 358 ΙΝ
1274 294 1533 359 LIBRUM
1571 292 1661 358 DE
1700 292 2351 386 lNTERPRETATlONE
2390 302 2619 362 EDITIO
2657 304 2890 364 PRIMA.

3573 302 3677 364 294

463 412 793 483 Quapropter
818 416 1049 486 opposita
1077 417 1174 473 erit
1212 418 1492 476 secundum
1530 418 1825 491 qualitatem
1860 431 1975 470 mu-
2002 414 2059 479 Α
2080 417 2239 473 etiam
2263 419 2315 473 in
2346 420 2475 489 ipsis
2499 422 2739 491 partibus
2760 422 3002 491 corporis
3031 418 3256 492 aliquid,
3282 429 3335 478 et
3366 420 3507 493 ipsas
3538 438 3661 492 par-

397 507 575 560 tationi
616 510 896 564 secundum
924 510 1223 579 qualitatem
1261 514 1422 582 quies,
1449 521 1541 567 aut
1582 513 1636 566 in
1666 511 1980 567 contrarium

399 600 613 653 mutatio
642 601 925 669 qualitatis,
956 614 1015 657 ut
1043 604 1217 660 album
1274 606 1388 675 ﬁeri
1417 606 1486 660 ad
1521 607 1577 660 id
1607 606 1745 677 quod
1785 612 1859 661 est
1895 605 1980 661 ni-

398 705 544 757 qrum
589 691 737 759 fieri,
784 693 1038 753 alteratur
1083 696 1218 751 enim
1264 697 1319 753 in
1359 698 1674 754 contrarium
1717 697 1982 768 qualitatis

400 782 678 837 mutatione
706 784 862 853 facta.
1946 834 1949 837 ν

469 871 523 926 ld
566 887 777 943 quoque
811 876 1155 945 apertissimo
1198 879 1445 950 vulgatur
1486 882 1757 952 exemplo.
1806 881 1984 951 Quare

396 966 640 1033 quoniam
669 964 739 1031 de
766 968 1000 1024 motibus
1035 971 1348 1041 expeditum
1378 983 1494 1042 est,
1527 974 1762 1033 habendi
1806 975 1977 1046 atqui-

396 1056 722 1115 vocationem
751 1076 870 1130 quae
889 1063 1136 1132 sequitur
1154 1066 1513 1134 explicemus.

835 1152 927 1209 DE
963 1154 1171 1213 MODIS
1210 1157 1518 1217 HABEBE.

350 1228 358 1233 A
458 1240 664 1297 Habere
694 1252 865 1299 autem
904 1248 1078 1304 multis
1106 1250 1273 1307 modis
1300 1251 1514 1316 dicitur,
1553 1263 1643 1307 aut
1690 1252 1827 1308 enim
1868 1260 1985 1306 tan-

388 1352 539 1405 quam
568 1338 802 1393 habitum
830 1349 876 1393 et
919 1341 1192 1410 affectum,
1229 1356 1321 1399 aut
1352 1346 1512 1399 aliam
1539 1346 1821 1417 quamlibet
1860 1362 1984 1415 qua-

391 1428 622 1495 litatem,
673 1431 897 1486 dicimur
950 1435 1088 1487 enim
1139 1436 1471 1508 disciplinam
1525 1439 1757 1509 aliquam
1803 1438 1986 1491 habere

395 1531 545 1591 atque
572 1523 829 1578 virtutem.
854 1525 959 1580 Aut
989 1535 1229 1598 tanquam
1264 1531 1631 1600 quantitatem,
1662 1539 1716 1584 ut
1741 1531 1985 1601 contingit

396 1615 443 1668 ei
478 1617 567 1683 qui
614 1616 763 1671 habet
809 1620 1247 1691 magnitudinem,
1290 1624 1480 1677 dicitur
1514 1625 1665 1679 enim
1696 1624 1986 1678 tricubitam

392 1709 793 1779 magnitudinem
822 1710 1006 1766 habere
1034 1714 1110 1768 vel
1136 1716 1573 1784 quadricubitum.
1612 1719 1715 1771 Aut
1742 1727 1986 1785 tanquam

2086 516 2166 565 tes
2194 510 2390 565 habere
2432 514 2806 580 praedicamur,
2840 513 3069 567 dicimur
3100 515 3241 567 enim
3270 523 3322 567 et
3366 514 3564 570 habere
3590 515 3672 568 di-

2084 600 2245 670 gitos,
2278 610 2331 655 et
2362 601 2413 653 in
2451 601 2622 670 digito
2656 602 2902 656 :mnulos.
2928 603 3079 658 Circa
3111 618 3307 671 corpus
3337 620 3547 674 quoque
3577 606 3677 659 ali—

2086 691 2213 758 quid
2248 690 2442 745 habere
2468 691 2718 755 dicimur,
2747 703 2803 745 ut
2826 692 3090 761 tunicam,
3116 694 3199 748 vel
3229 694 3502 765 quodlibet
3530 697 3673 751 aliud
3699 768 3703 773 ε

2086 780 2487 835 vestimentum.
2533 781 2749 837 Necnon
2794 783 3041 836 etiamin
3078 799 3200 838 vase
3243 785 3427 841 haberi
3470 788 3709 858 aliquid,

2086 870 2299 935 dicitur,
2329 879 2386 923 ut
2411 871 2645 925 triticum
2670 873 2719 925 in
2752 872 2954 937 modio,
2979 881 3030 926 et
3057 873 3234 927 vinum
3265 876 3315 928 in
3343 877 3668 943 dolio:h:nc,
3696 864 3704 933 ἶ

2030 962 2035 963 “
2087 960 2323 1022 scilicet.
2380 962 2449 1014 ita
2508 962 2689 1016 haberi
2739 962 3005 1029 dicuntur,
3066 974 3122 1018 ut
3172 965 3222 1019 iu
3271 982 3419 1022 vase.
3476 969 3674 1024 Dicitur
3696 943 3721 1028 ξ.

2087 1056 2245 1108 etiam
2273 1055 2392 1123 quis
2420 1054 2617 1110 habere
2648 1071 2895 1123 uxorem,
2924 1074 3063 1127 quae,
3104 1058 3308 1112 scilicet
3350 1061 3671 1130 signiﬁcatio

2088 1148 2217 1201 nulli
2249 1149 2571 1217 supradicta:
2603 1151 2904 1204 communis
2933 1160 3043 1215 est,
3074 1152 3165 1205 sed
3203 1151 3282 1221 (ut
3326 1152 3425 1221 ipsi
3462 1152 3675 1210 Aristo-

2090 1242 2178 1295 teli
2212 1240 2452 1309 videlur)
2498 1241 2653 1311 longe
2695 1242 2907 1296 diversa
2961 1254 3045 1299 est
3076 1244 3191 1299 ham
3238 1245 3559 1315 signiﬁcatio
3607 1248 3675 1304 ab

2087 1331 2320 1386 habendi
2352 1331 2763 1402 praedicameuto
2789 1350 2804 1398 ;
2840 1350 2944 1389 non
2976 1336 3116 1389 enim
3144 1338 3359 1406 proprie
3409 1338 3671 1396 habemus

2087 1440 2309 1489 uxores,
2352 1426 2444 1480 sed
2473 1427 2612 1496 quod
2655 1426 2853 1482 habere
2882 1430 2999 1498 quis
3027 1430 3236 1484 dicatur
3266 1442 3516 1499 uxorem,
3566 1434 3669 1491 hoc

2088 1517 2357 1587 signiﬁcat
2384 1518 2624 1573 habitare
2651 1535 2769 1572 cum
2795 1534 2859 1573 eo
2888 1537 3140 1585 uxorem,
3178 1522 3375 1578 habere
3400 1526 3542 1579 enim
3575 1526 3669 1581 ha-

2086 1611 2259 1667 bitare
2284 1610 2531 1674 dicimus,
2561 1622 2616 1665 ut
2645 1620 2727 1664 est
2766 1611 3041 1667 Socratem
3086 1613 3313 1678 habent,
3346 1615 3397 1668 id
3427 1627 3507 1671 est
3546 1632 3671 1674 cum

2087 1702 2308 1759 Socrate
2339 1702 2584 1755 habitant
2607 1711 2767 1770 atque
2792 1718 2911 1756 eum
2945 1704 3145 1758 colunt.
3177 1705 3355 1771 Quare
3388 1707 3500 1775 ipse
3530 1723 3670 1778 quo-

389 1816 447 1855 ,α
469 1818 583 1872 qm
611 1802 747 1857 circa
773 1819 959 1874 εονρκ,
978 1816 1095 1861 nm,
1113 1848 1129 1875 ’
1158 1816 1215 1862 ,α
1244 1809 1601 1865 “mum”,
1626 1813 1704 1866 υει
1732 1812 1977 1866 tunicam.
2010 1816 2060 1878 Β
2086 1812 2190 1867 que
2212 1795 2528 1863 Aristoteles
2548 1794 2719 1866 inquit
2741 1811 2861 1852 esse
2883 1797 3088 1864 aliquos
3110 1796 3337 1853 fortasse
3365 1810 3558 1869 praeter
3579 1816 3675 1859 eos

390 1895 487 1947 Aut
513 1906 754 1965 tanquam
781 1898 835 1951 in
865 1908 1030 1967 parte,
1060 1908 1116 1954 ut
1149 1901 1205 1956 in
1232 1918 1394 1957 manu
1430 1902 1704 1958 annulum.
1738 1905 1841 1958 Aut
1869 1914 1986 1959 tan-

390 2003 541 2056 quam
578 1998 799 2057 partem,
840 2001 895 2044 ut
932 2008 1141 2047 manum
1170 1993 1250 2048 vel
1277 1997 1477 2065 pedem.
1513 1999 1616 2050 Aut
1652 2005 1902 2066 tanquam
1931 1997 1985 2051 in

394 2094 529 2145 vase,
562 2090 620 2134 ut
653 2082 709 2134 in
734 2084 907 2136 modio
942 2101 1107 2155 grana
1136 2088 1326 2157 tritici,
1358 2090 1437 2142 vel
1472 2090 1529 2143 in
1557 2088 1744 2161 lagena
1779 2091 1981 2155 vinum,

394 2170 559 2222 vinum
600 2171 732 2223 enim
776 2172 957 2228 habere
1001 2175 1185 2249 lagena
1227 2178 1440 2246 dicitur,
1488 2191 1536 2234 et
1572 2182 1776 2235 modius
1822 2196 1985 2253 grana

390 2261 578 2328 tritici,
610 2263 717 2317 lucc
756 2280 875 2336 ergo
923 2268 1095 2321 omnia
1118 2269 1293 2323 haberi
1338 2271 1604 2338 dicuntur,
1636 2282 1693 2325 ut
1741 2274 1797 2326 in
1842 2289 1980 2328 vase.

388 2353 488 2407 Aut
530 2362 774 2424 tanquam
821 2360 1227 2429 possessionem,
1260 2364 1448 2420 habere
1475 2365 1610 2420 enim
1652 2367 1864 2421 domum
1893 2376 1985 2422 aut

387 2461 569 2515 agrum
613 2448 855 2506 dicimur.
891 2450 1091 2507 Dicitur
1134 2456 1287 2510 etiam
1326 2458 1403 2510 vir
1442 2473 1657 2511 uxorem
1703 2459 1907 2529 habere,
1936 2468 1985 2515 et

390 2556 519 2595 uxor
552 2543 735 2598 virum.
767 2544 875 2600 Sed
903 2546 1101 2602 videtur
1128 2551 1474 2606 alienissimus
1516 2554 1605 2623 qui
1640 2569 1778 2606 nunc
1817 2555 1984 2609 dictus

387 2642 459 2687 est
482 2636 663 2690 modus
688 2652 799 2690 esse
826 2638 881 2691 in
906 2655 965 2692 eo
992 2641 1133 2710 quod
1156 2652 1231 2697 est
1254 2643 1464 2710 habere,
1498 2644 1629 2699 nihil
1662 2645 1795 2700 enim
1836 2647 1983 2700 aliud

392 2740 481 2793 per
505 2742 716 2782 uxorem
747 2729 929 2785 habere
966 2732 1343 2802 signiﬁcamus,
1367 2736 1471 2790 nisi
1499 2737 1624 2806 quia
1661 2735 1981 2805 cohabitaut,

390 2818 518 2888 forte
550 2831 717 2876 tamen
743 2833 790 2877 et
810 2823 903 2878 alii
921 2825 1137 2896 quidam
1161 2831 1487 2901 apparebunt
1513 2831 1656 2886 modi
1675 2831 1737 2886 de
1763 2849 1821 2887 eo
1848 2833 1984 2902 quod

386 2920 461 2966 est
504 2913 706 2968 habere.
752 2914 860 2970 Sed
906 2917 997 2988 qui
1045 2932 1411 2976 consueverunt
1459 2922 1595 2991 dici,
1640 2941 1767 2995 pene
1809 2941 1983 2980 omnes

386 3007 669 3061 enumerati
697 3016 840 3062 sunt.

471 3098 827 3169 Equivocum
884 3118 1007 3160 esse
1070 3104 1307 3163 habendi
1364 3109 1584 3165 modum
1642 3111 1981 3167 manifestum

2087 1890 2177 1960 qui
2218 1891 2463 1945 dicantur
2492 1889 2721 1945 habendi
2754 1889 2963 1957 modos,
3005 1890 3351 1962 hortaturque
3381 1908 3478 1949 nos
3502 1894 3567 1949 ad
3597 1897 3675 1953 ul-

2088 1981 2339 2037 teriorem
2370 1981 2601 2052 aliquam
2630 1980 3054 2050 inquisitionem,
3083 1992 3141 2038 ut
3164 2000 3260 2039 nos
3290 2000 3503 2055 quoque
3530 2004 3674 2058 quae.

2085 2087 2266 2128 ramus
2296 2087 2391 2142 per
2419 2087 2576 2143 quos,
2609 2084 2804 2143 praeter
2835 2075 3038 2142 priores
3067 2074 3240 2132 dictos
3281 2078 3489 2143 modos,
3534 2079 3672 2136 alios

2085 2164 2256 2237 possit
2295 2165 2495 2221 habere
2541 2165 2841 2235 praedicari.
2887 2165 2956 2221 Et
2999 2166 3065 2222 de
3109 2166 3209 2222 hac
3254 2170 3677 2239 acquivocalione

2086 2257 2305 2328 quidem
2330 2255 2558 2311 habendi
2582 2256 2910 2311 sufﬁcienter
2931 2256 3131 2313 dietum
3158 2269 3260 2313 est.
3279 2258 3386 2315 Sed
3403 2261 3540 2317 forte
3558 2264 3677 2333 quis

2087 2353 2295 2409 dubitet
2323 2367 2421 2409 cur
2459 2367 2580 2408 cum
2610 2351 2810 2408 habere
2855 2352 3105 2423 superius
3134 2357 3183 2409 in
3214 2370 3412 2426 genere
3435 2358 3676 2414 nomina-

2086 2447 2241 2513 ve'rit,
2280 2460 2419 2503 nunc
2446 2444 2675 2517 idipsum
2705 2445 3036 2516 aequivocurn
3059 2456 3243 2517 ponat,
3267 2448 3361 2503 sed
3385 2447 3500 2503 haec
3528 2464 3677 2521 quaa-

2088 2541 2193 2597 stio
2221 2542 2291 2597 ita
2330 2542 2577 2597 solvitur.
2618 2540 2733 2595 Non
2771 2539 3057 2595 absurdum
3102 2550 3183 2596 est
3230 2542 3371 2596 idem
3420 2542 3677 2613 praedica-

2088 2644 2325 2689 mentum
2379 2650 2521 2689 nunc
2567 2637 2811 2696 univoce,
2864 2652 3005 2693 nunc
3050 2636 3326 2705 tequivoce
3374 2636 3676 2705 praedicari.

2088 2726 2324 2784 Univoce
2353 2728 2567 2799 quidem
2600 2737 2657 2783 ut
2684 2730 2929 2800 superius
2957 2746 3080 2785 cum
3105 2730 3345 2799 ejusdem
3376 2731 3676 2799 specierum

2086 2822 2337 2891 exempla
2366 2823 2672 2893 proposuit,
2703 2832 2760 2877 ut
2789 2832 2873 2879 est
2910 2826 3201 2878 calceatum
3231 2837 3352 2879 esse
3396 2825 3479 2878 vel
3510 2839 3675 2879 arma-

2090 2920 2233 2974 tum,
2275 2910 2465 2964 horum
2499 2910 2641 2965 enim
2671 2910 2853 2965 talium
2890 2925 3059 2980 genus
3087 2919 3189 2965 est.
3220 2908 3515 2979 ASquivoce
3544 2924 3675 2965 vero

2087 3010 2146 3056 ut
2172 3001 2226 3055 in
2259 3000 2343 3055 his
2376 3001 2546 3057 modis
2574 3017 2707 3072 quos
2737 3001 2981 3072 superius
3027 3001 3388 3071 exposuimus.
3433 3001 3585 3067 Quod
3616 3003 3666 3058 si

2087 3102 2142 3151 et
2173 3094 2329 3150 habet
2354 3094 2562 3165 aliquas
2592 3095 2833 3165 proprias
2855 3095 3063 3163 species
3086 3094 3314 3150 habendi
3338 3094 3674 3164 pradicatio,

392 3199 511 3259 est,
540 3190 738 3249 habere
765 3195 909 3251 enim
939 3196 1013 3250 ita
1046 3199 1230 3254 multis
1258 3200 1460 3255 dicitur
1488 3202 1683 3268 modis,
1710 3212 1769 3258 ut
1796 3210 1982 3258 tamen
2008 3214 2057 3278 ί]
2086 3189 2283 3245 (Παίων
2328 3199 2505 3244 amem
2548 3198 2601 3243 ει
2647 3189 2818 3258 ipsum
2866 3204 3058 3244 nomen
3110 3188 3497 3256 multipliciter.
3539 3188 3674 3244 nihil

390 3283 667 3353 aequivoce
693 3287 1026 3355 praedicetur.
1054 3289 1292 3346 Dicimur
1327 3293 1470 3348 enim
1508 3293 1712 3351 habere
1740 3295 1976 3365 aliquam

2084 3296 2166 3347 est
2188 3286 2536 3354 incongruum
2559 3282 2611 3338 in
2642 3297 2838 3353 genere
2876 3282 3178 3351 numerari,
3207 3281 3405 3338 sufﬁcit
3431 3281 3573 3339 enim
3604 3283 3673 3337 ad

386 3373 727 3444 qualitatem,
758 3386 816 3431 ut
848 3379 1087 3434 habitum
1123 3382 1210 3439 vel
1258 3383 1690 3452 dispositionem.
1740 3387 1979 3443 Dicimur
2084 3375 2557 3437 demonstrandum
2599 3389 2767 3446 genus
2809 3388 2927 3429 esse
2970 3382 3025 3429 et
3064 3372 3294 3430 habendi
3340 3372 3677 3444 praedicatio-

385 3482 594 3538 quoque
623 3470 821 3527 habere
862 3472 1142 3530 scientiam
1171 3476 1259 3532 vel
1303 3477 1589 3545 virtutem;
1620 3480 1975 3549 quantitatem

384 3574 595 3631 quoque
640 3560 839 3618 habere
869 3564 1233 3632 perhibemur,
1276 3566 1507 3623 dicimur
1552 3570 1697 3625 enim
1731 3570 1784 3625 in
1820 3586 1977 3627 men-

357 3661 505 3737 sura
550 3650 749 3706 habere
792 3654 1030 3725 quinque
1072 3656 1157 3711 vel
1207 3668 1439 3728 quatuor
1479 3658 1663 3730 pedes.
1708 3661 1817 3717 Nec
1863 3677 1971 3718 non

386 3776 3267 3810 ΜΨ*

998 3916 1263 4023 ΑΝ.
1406 3920 1902 4025 MANL.

2048 3917 2408 4025 SEV.

2102 3488 2225 3529 nem
2276 3470 2417 3542 quod
2461 3468 2560 3526 sub
2602 3484 2661 3525 se
2702 3468 2907 3539 aliquas
2950 3476 3127 3538 partes
3173 3469 3490 3539 speciesque
3533 3483 3676 3527 con-

2085 3567 2270 3622 tineat.

3276 3776 3637 3802 Μ

2546 3913 3094 4018 ΒΟΕΤΙΙ

419 4129 554 4237 IN
629 4132 1120 4240 LIBRUM
1194 4131 2047 4244 ARISTOTELIS
2126 4139 2285 4240 DE
2388 4068 3612 4286 INTERPRETAITION'E

1806 4310 2025 4371 LIBRI
2069 4310 2286 4390 DU0.;

791 4557 1162 4632 EDlTlO
1239 4562 1635 4655 PRIMA,
1700 4562 1906 4632 SEU
1982 4562 2411 4633 MINORA
2490 4562 3338 4636 COMMENTARIA.

1647 4731 1939 4809 LIBER
2015 4730 2422 4810 PRIMUS.

467 4977 652 5048 Magna
702 4975 921 5049 quidem
980 4976 1105 5032 libri
1158 4976 1322 5049 hujus
1370 4977 1511 5047 apud
1571 4976 1985 5047 Peripateticum
2014 4984 2069 5045 D
2097 4984 2197 5037 lius
2228 4997 2456 5037 acumen
2482 4983 2929 5039 considerationis
2952 4985 3215 5055 exposcit,
3241 4985 3493 5040 secundae
3513 4988 3682 5043 series

376 5082 575 5128 sectam
612 5072 867 5142 probatur
907 5071 1221 5128 auctoritas.
1254 5072 1353 5128 Hic
1384 5087 1613 5144 namque
1650 5073 1972 5132 Aristoteles

377 5164 696 5233 simplicium
741 5165 1173 5235 propositionum
1228 5174 1470 5219 naturam
1511 5165 1797 5236 diligenter
1843 5183 1968 5223 exa-

378 5256 572 5320 minat,
605 5261 698 5311 sed
730 5257 847 5327 ejus
873 5257 1039 5314 series
1068 5258 1383 5326 scrupulosa
1428 5258 1718 5328 impeditur
1747 5262 1936 5317 semita
1955 5306 1970 5329 ,

374 5356 425 5400 et
456 5347 774 5403 sublimibus
804 5364 985 5418 pressa
1014 5349 1317 5415 sententiis,
1350 5348 1555 5404 aditum
1598 5352 1976 5421 intelligentia:

375 5438 586 5493 facilem
614 5455 723 5495 non
751 5442 1025 5513 relinquit.
1063 5442 1328 5509 Quocirca
1366 5457 1467 5498 nos
1496 5444 1614 5498 libri
1648 5444 1808 5515 hujus
1839 5462 1969 5501 eno-

330 5514 649 5585 ‘dationem
707 5533 903 5601 duplici
960 5535 1419 5589 commentatione
1476 5536 1875 5605 supplevimus,
1916 5549 1974 5595 et

374 5633 634 5692 quantum
678 5624 952 5695 simplices
977 5625 1191 5695 quidem
1222 5625 1526 5680 intellectus
1572 5630 1969 5686 sententiarum

375 5716 551 5769 oratio
582 5715 760 5773 brevis
803 5717 1139 5787 obscuraque
1185 5718 1582 5788 complectitur,
1622 5731 1824 5777 tantum
1872 5724 1970 5780 hac

378 5810 558 5877 operis
592 5808 748 5881 hujus
778 5810 1498 5894 tractationedigressimus.
1530 5813 1683 5881 Quod
1734 5831 1857 5871 vero
1894 5820 1971 5872 al-

2093 5076 2344 5132 editionis
2392 5077 2662 5147 expediet.
2714 5077 2865 5133 Nunc
2904 5095 2933 5133 a
2985 5096 3073 5135 me
3117 5089 3319 5133 tantum
3372 5079 3540 5156 lector
3587 5092 3682 5132 ειη

2087 5181 2290 5239 speetet
2347 5180 2599 5239 quantum
2653 5171 2973 5239 pedetentim
3031 5172 3434 5238 minutatimque
3481 5184 3678 5224 secun-

2087 5262 2212 5315 dum
2245 5264 2504 5316 orationis
2525 5264 2768 5317 ordinem
2800 5272 3114 5332 textumque
3142 5262 3408 5317 sermonis
3442 5261 3497 5315 id
3534 5263 3678 5330 quod

2094 5354 2341 5422 angustia
2385 5355 2666 5410 brevitatis
2699 5356 2827 5408 latet
2859 5354 3140 5423 intelligat.
3176 5352 3241 5405 Et
3274 5352 3422 5420 prius
3453 5367 3574 5422 qua:
3615 5354 3682 5416 sit

2094 5446 2256 5517 hujus
2287 5450 2467 5515 operis
2517 5449 2743 5503 intentio
2788 5449 3027 5501 breviter
3068 5445 3546 5501 demonstrandum
3579 5457 3680 5504 est.

2089 5540 2411 5596 lnscribitnr
2454 5542 2655 5597 etenim
2706 5541 2892 5596 Graece
2936 5540 3073 5594 liber
3119 5542 3203 5595 hic
3246 5542 3359 5617 Περὶ
3403 5542 3682 5614 ipes-uiae,

2088 5634 2228 5701 quod
2269 5632 2457 5687 Latine
2488 5634 2553 5687 de
2583 5633 3023 5700 interpretatione
3067 5632 3352 5701 signiﬁcat.
3391 5635 3524 5701 Quid
3556 5650 3683 5703 ergo

2087 5724 2154 5779 sit
2202 5726 2569 5794 interpretatio
2612 5725 2795 5792 paucis
2835 5724 3129 5779 absolvam.
3184 5727 3555 5795 lutcrpretatio
3598 5737 3683 5782 est

2088 5834 2184 5871 vos
2219 5822 2565 5890 sigtnif‘tt‘nl‘va
2596 5835 2691 5887 fer
2721 5822 2950 5891 seipsam
2981 5820 3180 5887 aliquid
3208 5818 3535 5889 signiﬁcans.
3560 5819 3683 5878 Sive
