4280 6268
609 362 710 419 295

1834 361 1941 418 AN.
1983 362 2191 418 MANL.
2235 358 2388 417 SEV.
2428 358 2654 417 BOETH

3773 350 3878 409 296

609 483 750 536 enim
779 498 968 538 nomen
998 481 1096 550 sit,
1122 482 1261 552 quod
1290 498 1386 553 per
1410 497 1468 537 se
1493 483 1780 551 signiﬁcet,
1807 493 1865 536 ut
1890 476 1974 537 est
1997 484 2179 536 homo.
2215 488 2269 547 Α
2291 481 2334 533 si
2368 477 2471 531 hoc
2513 475 2609 542 sit,
2643 476 2743 529 hoc
2771 488 2912 541 esse,
2944 472 2998 528 id
3035 480 3146 539 est,
3185 472 3231 527 si
3275 471 3355 525 sol
3397 477 3510 535 est,
3557 483 3677 524 esse
3706 468 3874 526 diem.

608 573 732 627 Sive
774 574 1029 640 verbum,
1064 583 1120 627 ut
1161 584 1244 628 est
1283 589 1462 628 curro.
1505 574 1630 630 Sive
1659 575 1799 644 quod
1846 575 2187 644 grammatici

610 666 949 735 participium
1004 679 1213 721 vocant.
1270 668 1393 724 Sive
1443 649 1757 737 pronomen.
1807 668 1933 723 Sive
1985 684 2049 721 ex
2103 668 2187 723 bis

609 758 788 819 iuncta
820 761 1012 825 oratio,
1044 768 1100 813 ut
1120 770 1220 826 est,
1259 761 1428 815 Homo
1452 762 1636 815 currit.
1660 761 1785 815 Sive
1812 760 2053 830 quolibet
2080 760 2187 815 alio

604 851 789 918 modo,
833 853 915 905 vel
949 867 1171 916 nomen,
1219 852 1301 906 vel
1353 853 1605 915 verbum,
1648 854 1731 907 vel
1778 869 1844 907 ex
1890 853 1974 907 his
2015 852 2186 907 oratio

516 990 517 993 η
606 942 812 1008 iuncta,
845 959 940 1012 per
968 959 1024 997 se
1050 944 1246 1012 aliquid
1278 944 1574 1014 signiﬁcet,
1607 945 1980 1013 interpretatio
2013 945 2187 999 nomi-

606 1047 783 1090 natur.
812 1036 991 1103 Quare
1018 1052 1139 1091 cum
1170 1037 1278 1091 sint
1303 1037 1545 1106 quaedam
1574 1040 1625 1091 in
1656 1037 1912 1091 orationis
1946 1036 2187 1107 partibus

604 1143 721 1196 qua:
754 1142 848 1197 per
879 1141 939 1183 se
971 1128 1103 1182 nihil
1135 1128 1466 1197 signiﬁcant,
1503 1131 1622 1184 aliis
1653 1141 1829 1183 tamen
1856 1130 2055 1199 juncta:
2093 1129 2188 1185 de-

604 1220 845 1285 signant,
900 1231 955 1274 ut
995 1232 1120 1276 sunt
1165 1223 1568 1292 conjunctiones
1633 1224 1716 1277 vel
1756 1224 2185 1293 praepositiones,

602 1310 720 1365 haec
751 1311 1222 1381 interpretationes
1249 1329 1370 1369 esse
1403 1330 1509 1369 non
1534 1315 1783 1389 dicimus.
1816 1314 2188 1383 lnterpretatio

602 1401 744 1456 enim
781 1402 896 1456 sive
937 1403 1161 1472 simplex
1200 1413 1312 1470 est,
1343 1416 1400 1458 ut
1444 1421 1636 1459 nomen
1685 1416 1735 1459 et
1778 1405 2031 1474 verbum,
2075 1406 2190 1461 sive

601 1496 920 1563 composita,
941 1505 995 1549 ut
1012 1513 1075 1550 ex
1097 1497 1180 1552 his
1198 1496 1382 1567 juncta
1399 1501 1756 1569 eopulataque
1773 1501 1967 1567 oratio,
1989 1500 2068 1555 vel
2094 1501 2191 1568 per

601 1590 831 1655 seipsam
860 1588 1162 1655 signiﬁcare
1192 1589 1379 1653 debet,
1410 1591 1452 1644 si
1481 1591 1714 1659 simplex
1743 1602 1859 1657 est,
1890 1593 1974 1645 vel
2004 1606 2071 1644 ex
2105 1590 2190 1645 his

600 1694 719 1747 qua:
750 1695 845 1748 per
871 1694 931 1735 se
958 1679 1257 1747 signiﬁcant
1284 1682 1466 1751 juncta
1491 1698 1633 1746 esse,
1668 1685 1712 1737 si
1740 1685 2041 1753 composita
2080 1693 2187 1739 est.

601 1770 782 1839 Quare
815 1775 1185 1842 interpretatio
1214 1785 1298 1829 est.
1327 1792 1426 1829 vox
1465 1776 1666 1846 aliquid
1698 1792 1791 1846 per
1821 1777 2050 1846 seipsam
2083 1792 2192 1845 sng-

603 1865 847 1919 niﬁcans.
878 1866 985 1922 Sed
1017 1868 1265 1937 quoniam
1306 1870 1471 1924 verba
1498 1871 1825 1939 nominaque
1855 1870 2180 1939 interpreta-
2214 1881 2263 1942 Β

602 1945 775 2012 tiones
804 1967 961 2023 sunt,
992 1963 1162 2013 oratio
1192 1976 1404 2031 quoque
1430 1963 1605 2019 omnis
1636 1979 1752 2031 quae
1780 1980 1846 2017 ex
1877 1964 2183 2033 signiﬁcan-

607 2048 749 2105 tibus
792 2066 885 2119 per
931 2066 991 2106 se
1056 2047 1485 2120 prmdicamentis‘
1530 2054 1771 2124 jungitur
1814 2058 2185 2123 interpretatio

601 2150 955 2210 nuncupatur,
986 2154 1041 2199 et
1063 2146 1312 2212 quoniam
1346 2147 1591 2216 plurima:
1619 2157 1743 2203 sunt
1786 2149 2187 2218 interpretatio-

602 2249 718 2300 nes,
751 2234 891 2291 inter
916 2252 1051 2307 quas
1081 2238 1170 2292 illa
1201 2255 1416 2310 quoque
1446 2252 1528 2297 est
1558 2244 1756 2310 oratio,
1790 2246 1841 2299 in
1871 2261 1975 2316 qua
1998 2262 2184 2302 verum

602 2325 857 2381 falsumve
884 2329 1111 2385 inveniri
1155 2346 1187 2399 p
1210 2342 1358 2398 iteSt,
1393 2333 1443 2387 id
1472 2345 1554 2388 est
1582 2337 1944 2403 enuntiativa,
1978 2338 2045 2392 de
2080 2355 2187 2409 qua

602 2417 787 2473 hocin
832 2418 969 2474 libro
1009 2424 1344 2477 tractandum
1375 2435 1480 2490 est,
1526 2426 2078 2483 idcirco'Aristotc3es
2120 2429 2189 2484 de

602 2513 871 2563 communi
918 2513 1135 2567 nomine
1182 2526 1235 2568 et
1281 2518 1608 2583 continenti,
1660 2520 1796 2573 libro
1848 2522 2056 2575 titulum
2107 2523 2205 2576 in-

604 2600 839 2668 scripsit.
863 2601 1243 2670 Interpretatio
1274 2621 1504 2675 namque
1527 2618 1608 2661 est
1635 2624 1832 2665 nomen
1854 2621 1907 2665 et
1941 2613 2186 2677 verbum,

606 2698 659 2743 et
686 2690 1053 2760 interpretatio
1089 2696 1247 2749 etiam
1278 2706 1361 2752 est
1409 2698 1714 2767 hujusmodi
1745 2720 1758 2755 :
1788 2704 1975 2759 Omnis
2027 2706 2190 2760 homo

609 2779 806 2833 animal
836 2792 936 2836 est.
966 2782 1071 2838 Sed
1100 2784 1152 2839 in
1184 2786 1284 2842 hac
1312 2776 1498 2843 verum
1530 2789 1827 2863 falsumque
1867 2794 2078 2850 auditor
2107 2798 2190 2852 in-

608 2872 810 2942 telligit.
844 2874 967 2930 Haec
990 2878 1131 2931 enim
1164 2880 1335 2935 oratio
1364 2897 1483 2951 qua:
1508 2883 1578 2937 (Ιίι
1599 2884 1639 2938 it
1667 2888 1842 2942 omnis
1875 2887 2038 2944 homo
2068 2892 2189 2946 ani-

609 2964 713 3017 mal
742 2974 859 3031 est,
889 2982 1010 3022 vera
1044 2970 1127 3023 vel
1157 2970 1290 3025 falsa
1319 2982 1421 3027 est.
1466 2974 1839 3045 Interpretatio
1867 2995 2081 3051 quoque
2109 2993 2194 3038 est

607 3054 768 3109 etiam
800 3056 1105 3126 hujusmodi
1153 3064 1368 3119 oratio:
1408 3066 1479 3121 Da
1529 3069 1661 3124 mihi
1704 3071 1968 3127 codicem.
2003 3075 2058 3128 ln
2088 3091 2191 3143 qua

611 3160 791 3202 verum
835 3148 1131 3221 falsumque
1177 3156 1354 3209 nullus
1396 3158 1651 3214 inveniat.
1688 3162 1895 3217 Etenim
1942 3165 2007 3219 da
2058 3167 2191 3220 mihi

610 3240 881 3307 codicem,
914 3258 1087 3312 neque
1128 3261 1310 3300 verum
1342 3263 1464 3303 esse
1508 3252 1704 3319 poterit
1752 3269 1926 3323 neque
1973 3255 2187 3313 falsum.
2221 3282 2268 3343 ρ

611 3331 866 3396 Quocirca
894 3335 1145 3402 quoniam
1172 3337 1239 3392 de
1269 3337 1349 3393 his
1380 3341 1511 3394 solis
1543 3344 1875 3399 orationibus
1902 3346 1955 3401 in
1999 3349 2193 3417 quibus

611 3435 793 3476 verum
838 3422 1132 3495 falsumque
1181 3430 1464 3497 reperitur,
1512 3449 1644 3502 quas
1688 3438 2107 3504 enuntiationes,
2138 3452 2195 3497 et

611 3514 1003 3581 propositiones
1051 3531 1324 3585 vocamus,
1357 3537 1475 3590 quae
1517 3523 1990 3595 interpretationes
2034 3542 2192 3599 sunt,

612 3602 977 3672 disputaturus
1024 3617 1139 3671 est,
1198 3612 1556 3679 quoniamque
1606 3615 1675 3670 de
1730 3620 2036 3674 nominibus
2087 3623 2195 3675 illis

530 3690 537 3697 ’
614 3695 894 3765 verbisque
922 3697 1204 3753 dicendum
1250 3712 1360 3768 est,
1390 3705 1515 3772 quid
1557 3706 1694 3773 sint,
1731 3725 1957 3778 quamve
2000 3713 2106 3766 vim
2139 3714 2195 3768 in

615 3786 1006 3856 signiﬁcatione
1035 3792 1331 3863 retineant,
1366 3805 1512 3851 recte
1550 3798 1743 3854 librum
1776 3803 1842 3857 de
1875 3803 2195 3872 interpreta-

614 3878 1042 3949 tione-signavit.
1089 3884 1197 3938 Nec
1236 3900 1334 3940 nos
1364 3887 1463 3942 hoc
1491 3891 1665 3947 turbet
1684 3935 1698 3959 ,
1729 3895 1869 3964 quod
1898 3907 2025 3950 sunt
2051 3914 2193 3967 quaa-

613 3970 732 4025 dam
771 3972 1237 4044 interpretationes
1281 3980 1349 4034 de
1401 3982 1591 4053 quibus
1643 3986 1694 4038 in
1744 3986 1845 4041 hoc
1898 3989 2036 4043 libro
2086 4005 2195 4044 non

613 4073 826 4121 tractet.
856 4067 1128 4139 Tanquam
1157 4072 1296 4126 enim
1326 4074 1371 4129 si
1397 4076 1517 4145 quis
1549 4077 1616 4131 de
1645 4077 1862 4135 homine
1891 4081 2192 4151 disputans,

614 4155 826 4210 titulum
858 4161 1037 4228 operis
1069 4161 1134 4215 de
1164 4163 1383 4219 animali
1423 4169 1722 4235 posuisset,
1752 4188 2054 4241 quanquam
2090 4190 2195 4228 non

613 4249 679 4303 de
708 4252 853 4304 omni
886 4254 1134 4319 animali,
1180 4266 1357 4311 tamen
1404 4260 1653 4327 quoniam
1699 4262 1763 4316 de
1791 4264 1973 4333 aliquo
2015 4265 2195 4335 dispu-

613 4349 821 4395 taturus
862 4352 1034 4406 esset,
1065 4355 1211 4398 recte
1240 4347 1308 4400 de
1338 4349 1555 4403 animali
1604 4350 1741 4405 libro
1774 4368 1969 4409 nomen
2018 4356 2193 4425 impo—

614 4442 785 4485 neret.
831 4433 900 4486 Ita
942 4450 1080 4487 nunc
1122 4437 1244 4491 licet
1292 4454 1395 4492 non
1440 4443 1508 4494 de
1556 4443 1702 4496 omni
1746 4444 2197 4513 interpretatione

614 4532 933 4589 pertraCtet,
967 4535 1140 4580 tamen
1168 4530 1418 4596 quoniam
1454 4531 1521 4585 de
1549 4547 1651 4586 una
1682 4549 1801 4602 qua:
1828 4544 1912 4590 est
1954 4541 2198 4593 enuntia-

614 4613 717 4678 tio,
748 4622 803 4667 et
832 4615 898 4669 de
928 4618 1229 4674 nominibus
1263 4631 1314 4675 et
1344 4623 1545 4688 verbis,
1573 4640 1689 4694 qua:
1721 4625 2193 4697 interpretationes

2291 572 2469 639 Quare
2500 569 2579 622 lue
2608 567 2886 637 simplices
2911 580 3016 619 non
3048 571 3202 628 sunt,
3234 563 3314 617 sol
3353 569 3437 616 est
3462 559 3638 626 enim,
3672 568 3727 614 et
3753 560 3873 614 dies

2289 672 2402 728 est,
2447 662 2566 716 duae
2612 661 3008 731 propositiones
3053 667 3207 723 sunt,
3240 672 3373 727 quas
3419 671 3524 710 una
3570 655 3876 723 conjunctio

2291 759 2358 826 si,
2389 757 2605 827 copulat
2635 765 2795 824 atque
2841 753 3135 823 componit.
3177 751 3283 807 Sed
3313 750 3380 805 de
3410 749 3492 804 his
3534 747 3717 803 nullus
3781 747 3880 802 hoc

2290 858 2429 911 libro
2460 864 2716 909 tractatus
2744 852 3047 907 habebitur.
3072 851 3249 917 Quare
3278 847 3529 917 quoniam
3558 844 3625 900 de
3664 841 3876 911 simpli-

2290 947 2443 1001 cibus
2471 942 2815 1001 enuntiativis
2853 940 3188 997 orationibus
3220 945 3547 993 tractaturus
3572 944 3688 1001 est,
3718 932 3769 987 id
3800 940 3882 987 est

2291 1036 2360 1091 de
2387 1035 2612 1104 simplici
2642 1033 3002 1088 afﬁrmatione
3032 1040 3087 1086 ει
3127 1028 3359 1099 simplici
3411 1025 3715 1096 negatione,
3750 1038 3884 1094 quo-

2294 1128 2541 1197 niamque
2567 1126 2951 1180 afﬁrmationes
2978 1132 3032 1178 et
3061 1121 3375 1191 negationes
3400 1117 3579 1174 verbis
3615 1130 3678 1170 ac
3710 1113 3884 1168 nomi-

2294 1220 2449 1274 nibus
2476 1221 2893 1289 conjunguntur,
2919 1226 2978 1271 ut
3006 1215 3059 1269 in
3090 1230 3153 1269 ea
3182 1229 3301 1283 quas
3330 1221 3446 1267 est:
3479 1211 3651 1264 Homo
3680 1207 3880 1273 currit,

2294 1309 2670 1373 affirmatione,
2701 1320 2785 1364 est
2829 1309 2990 1362 homo
3041 1321 3272 1372 nomen,
3312 1304 3480 1358 currit
3525 1301 3773 1355 verbum.
3815 1298 3883 1351 Et

2294 1414 2542 1454 rursum:
2578 1399 2747 1453 Homo
2788 1412 2893 1452 non
2939 1398 3138 1460 currit,
3170 1394 3380 1464 negatio
3424 1390 3614 1447 eodem
3664 1389 3883 1442 nomine

2296 1489 2569 1559 verboque
2597 1488 2961 1556 coniungitur.
2994 1487 3161 1540 Recte
3191 1485 3337 1553 prius
3367 1482 3435 1538 de
3473 1480 3707 1549 simplici
3737 1478 3883 1533 aiﬁr-
3940 1558 3945 1562 '

2295 1577 2532 1634 matione
2585 1590 2639 1633 et
2687 1579 2755 1634 de
2808 1577 3037 1647 simplici
3084 1576 3399 1646 negatione,
3450 1574 3775 1641 omninoque
3816 1570 3884 1625 de

2296 1670 2666 1725 enuntiatione
2683 1670 2914 1740 simplici
2932 1668 3298 1738 diSputaturus
3316 1674 3417 1721 est.
3432 1665 3691 1741 Quoniam
3707 1662 3883 1717 omnis

2297 1760 2595 1813 enuntiatio
2631 1760 2890 1828 simplex,
2924 1759 3101 1814 verbis
3146 1756 3561 1825 nominibusque
3606 1754 3885 1822 conjungi-

2298 1858 2404 1913 tur,
2437 1853 2663 1920 primam
2711 1852 3125 1920 disputationem
3152 1849 3221 1904 de
3272 1844 3574 1903 nominibus
3605 1855 3661 1900 et
3706 1845 3881 1900 verbis

2292 1940 2541 1996 instituit.
2571 1942 2665 1996 His
2693 1942 2838 1997 enim
2888 1941 3037 2011 prius
3077 1940 3143 1994 ad
3183 1938 3465 1994 scientiam
3514 1936 3881 1999 venientibus,

2293 2040 2407 2085 tota
2438 2031 2687 2087 facillime
2721 2043 2911 2086 natura
2958 2030 3214 2087 orationis
3259 2030 3520 2100 aperitur.
3559 2030 3633 2083 De
3679 2028 3874 2098 quibus

2294 2131 2473 2175 autem
2500 2122 2547 2177 ei
2579 2123 2630 2177 in
2664 2131 2777 2177 toto
2804 2121 3088 2195 dicendum
3134 2130 3217 2177 est
3244 2120 3421 2189 libro,
3456 2119 3721 2175 inchoans
3748 2120 3882 2187 ,ᾕρεε

2292 2212 2373 2267 sic
2401 2214 2672 2284 proponit.

2906 2306 2993 2361 DE
3030 2304 3271 2361 SIGNIS.

2365 2399 2601 2455 Primum
2631 2409 2828 2469 oportet
2865 2400 3168 2453 constituere
3192 2398 3313 2467 quid
3340 2398 3405 2451 sit
3434 2413 3650 2461 nomen,
3681 2406 3728 2450 et
3757 2396 3879 2466 quid

2294 2495 2532 2557 verbum,
2562 2505 2737 2562 postea
2765 2491 2889 2561 quid
2919 2502 2993 2546 est
3017 2492 3241 2562 negatio,
3266 2499 3315 2543 et
3339 2490 3625 2559 affirmatio,
3659 2498 3705 2543 et
3728 2505 3880 2542 cmm-

2297 2586 2461 2649 tiatio,
2486 2594 2534 2637 et
2560 2584 2744 2638 oratio.
3817 2594 3821 2599 ‘

2366 2674 2425 2729 in
2459 2662 2743 2743 principio,
2789 2673 2993 2743 inquit,
3027 2672 3186 2743 hujus
3231 2672 3501 2728 sermonis
3530 2672 3599 2727 de
3640 2675 3880 2729 enuntia-

2296 2768 2443 2823 tione
2472 2767 2787 2833 instituitur,
2816 2766 3160 2831 constituere,
3194 2766 3245 2820 id
3275 2776 3356 2819 est
3386 2766 3637 2831 delinire,
3665 2776 3880 2836 oportet

2297 2858 2425 2928 quid
2455 2875 2651 2914 nomen
2683 2859 2782 2923 sit,
2813 2858 2937 2927 quid
2966 2858 3208 2912 verbum.
3240 2856 3367 2913 Haec
3396 2859 3539 2913 enim
3572 2860 3655 2928 (ut.
3681 2859 3882 2913 dictum

2296 2950 2404 3017 est)
2431 2963 2646 3003 omnem
2676 2947 3003 3017 conjungere
3029 2950 3325 3003 orationem
3360 2948 3558 3003 valent.
3591 2950 3721 3016 Quae
3766 2964 3881 3004 ora-

2297 3038 2376 3091 tio
2400 3054 2569 3106 genus
2601 3047 2687 3094 est
2715 3040 2936 3092 aliarum
2961 3041 3288 3094 orationum.
3332 3040 3464 3095 Sunt
3493 3041 3637 3096 enim
3682 3042 3882 3111 princi-

2303 3129 2452 3198 pales
2496 3132 2732 3202 quinque
2782 3132 3083 3187 orationum
3140 3132 3455 3189 diil'ercntia:
3495 3150 3511 3190 :
3564 3135 3659 3189 Est
3702 3144 3881 3191 autem

2301 3224 2472 3292 prima
2512 3225 2684 3279 oratio
2731 3224 3109 3293 deprecativa,
3142 3235 3237 3279 ut:
3286 3227 3496 3295 Jupiter
3545 3229 3885 3298 omnipotens

2306 3316 2553 3385 precibus
2582 3315 2627 3369 si
2667 3315 2899 3370 ﬂecteris
2930 3315 3075 3370 ullis.
3108 3316 3353 3372 Secunda
3406 3318 3758 3387 imperativa,
3789 3328 3883 3374 ut:

2300 3410 2537 3479 Suggere
2562 3408 2665 3463 tela
2701 3408 2848 3462 mihi.
2880 3407 3061 3462 Tertia
3092 3398 3510 3479 interrogative,
3540 3420 3595 3464 ut
3620 3429 3632 3463 :
3666 3410 3784 3477 Quo
3812 3419 3884 3475 te,

2300 3503 2483 3567 Moeri,
2526 3502 2721 3571 pedes?
2748 3502 2951 3568 Quarta
2979 3502 3240 3566 vocativo,
3272 3511 3332 3557 ut
3357 3519 3370 3555 :
3397 3503 3511 3558 Huc
3541 3504 3687 3567 ades,
3716 3518 3747 3557 ο
3779 3503 3884 3559 Me-

2303 3596 2499 3651 liboee?
2524 3594 2720 3662 Quinta
2749 3594 3111 3658 enuntiativa,
3143 3594 3196 3649 in
3219 3609 3321 3663 qua
3349 3610 3532 3650 verum
3575 3597 3754 3650 inesse
3785 3595 3886 3651 fal-

2301 3702 2526 3757 sumque
2564 3686 2906 3756 perSpicitur.
2943 3684 3109 3754 Hujus
3140 3695 3318 3740 autem
3351 3686 3470 3741 dua:
3498 3695 3623 3741 sunt
3651 3688 3886 3756 species,

2302 3793 2407 3830 una
2451 3775 2757 3841 affirmatio,
2800 3775 2965 3829 altera
3012 3775 3251 3843 negatio.
3299 3775 3594 3831 Afﬁrmatio
3639 3789 3753 3841 est,
3790 3789 3886 3836 ut:

2304 3871 2478 3924 Homo
2524 3868 2719 3922 animal
2766 3876 2867 3921 est.
2911 3867 3155 3936 Negatio,
3201 3878 3293 3921 ut:
3329 3870 3499 3923 Homo
3540 3864 3737 3925 animal
3785 3888 3887 3930 non

2301 3973 2404 4016 est.
2449 3961 2590 4031 Ergo
2619 3960 2914 4015 orationem
2959 3960 3119 4015 verba
3167 3961 3490 4032 nominaque
3538 3965 3887 4019 constituunt.

2303 4053 2697 4107 Enuntiationis
2751 4061 2928 4107 autem
2981 4053 3152 4106 oratio
3195 4068 3367 4122 genus
3414 4063 3517 4109 est.
3572 4055 3889 4112 Enuntiatio
3960 4075 3978 4094 ο

2302 4161 2432 4199 vero
2486 4144 2854 4200 afﬁrmationis
2907 4154 2960 4199 et
3012 4144 3331 4215 negationis.
3382 4146 3560 4213 Quare
3612 4150 3879 4201 elementa

2303 4239 2546 4307 quaedam
2578 4247 2843 4305 suntquae
2871 4238 3200 4309 conjungunt
3230 4240 3549 4303 orationem,
3591 4241 3802 4294 nomina
3834 4250 3886 4299 et

2307 4328 2468 4382 verba
2489 4369 2502 4392 ,
2538 4337 2593 4382 et
2620 4330 2688 4385 de
2718 4329 2798 4384 his
2843 4331 3077 4398 disputat
3120 4334 3377 4403 primum,
3411 4334 3604 4386 dehinc
3635 4335 3885 4402 proposi.

2307 4417 2464 4471 tionis
2489 4417 2624 4473 duas
2664 4420 2884 4475 ultimas
2925 4424 3129 4491 species
3158 4424 3350 4486 sumit,
3382 4433 3435 4476 et
3464 4422 3593 4476 dicit
3621 4437 3680 4476 se
3710 4422 3776 4476 de
3805 4423 3885 4476 af-

2306 4509 2605 4565 ﬁrmatione
2635 4520 2690 4565 et
2734 4515 3016 4582 negatione
3064 4513 3349 4591 dieturum.
3393 4514 3519 4568 Post
3569 4515 3665 4568 has
3697 4516 3886 4568 harum

2303 4614 2472 4669 genus
2493 4602 2764 4671 proponit,
2796 4604 2847 4656 id
2869 4612 2951 4658 est
2971 4605 3418 4660 enuntiationem.
3446 4604 3701 4660 Ultimum
3735 4621 3888 4669 vero,

705 4674 714 4678 ,
1276 4674 1311 4675 η
1579 4674 1605 4694 ι
1632 4674 1688 4678 η
1901 4674 2193 4686 --ρ-ω-ν--υυ
2881 4697 2889 4705 ,
3373 4698 3381 4707 .

614 4703 883 4772 simplices
914 4719 1063 4773 sunt,
1090 4710 1371 4765 dicendum
1420 4722 1565 4778 erat,
1601 4714 1668 4769 de
1698 4674 1973 4774 commruni
2002 4730 2058 4774 et
2104 4739 2196 4791 ge-
2228 4674 2447 4763 unod
2505 4693 2696 4749 horum
2750 4711 3043 4749 max'mum
3094 4707 3205 4762 es"
3248 4708 3573 4751 oraumem'
3618 4697 3714 4751 ESL
3762 4712 3882 4791 “in!

614 4796 786 4848 nerali
818 4799 1133 4852 vocabulum
1169 4800 1305 4858 linro
1335 4804 1400 4858 de
1433 4805 1876 4875 interpretatione
1915 4814 2190 4881 imposuit.

613 4886 709 4941 Est
738 4898 916 4942 autem
950 4892 1173 4946 intentio
1219 4895 1338 4950 libri
1373 4898 1528 4967 hujus
1570 4898 1637 4953 de
1680 4901 1909 4969 simplici
1948 4908 2194 4960 enuntia-

619 4981 723 5031 tiva
762 4980 1005 5036 oratione
1044 4982 1329 5042 disserere.
1363 4991 1597 5058 Simplex
1638 5001 1818 5048 autem
1865 5000 2193 5055 enuntiativa

618 5085 789 5135 oratio
817 5097 925 5149 εει,
956 5084 1008 5138 in
1037 5101 1140 5155 qua
1166 5102 1285 5142 cum
1317 5105 1500 5144 verum
1541 5091 1800 5148 falsumve
1827 5094 1924 5159 sit,
1955 5096 2083 5153 illud
2112 5108 2193 5153 ta-

612 5189 736 5229 men
782 5185 863 5229 cst
903 5186 958 5230 ut
997 5177 1113 5233 sine
1142 5180 1519 5249 conjunctione
1571 5193 1710 5237 totus
1753 5187 2008 5241 orationis
2057 5189 2190 5243 ordo

614 5287 964 5346 proponatur,
1000 5290 1057 5335 ut
1088 5291 1212 5336 est:
1257 5284 1425 5337 Homo
1469 5292 1581 5349 est,
1628 5286 1787 5340 homo
1829 5289 2032 5342 animal
2077 5298 2192 5354 est,

613 5378 773 5435 homo
815 5382 1010 5449 currit,
1041 5384 1199 5437 homo
1232 5382 1451 5452 pavidus
1482 5385 1669 5440 currit.
1699 5385 1789 5440 Ha:
1821 5387 1963 5442 enim
1998 5405 2189 5458 propo-

610 5480 836 5535 sitiones
882 5482 1000 5536 sine
1048 5485 1425 5553 conjunctione
1476 5487 1759 5555 proposita:
1805 5499 1960 5557 sunt,
2006 5501 2061 5545 et
2112 5490 2194 5547 ha:

611 5580 860 5637 dicuntur
913 5585 1299 5654 praedicativaa,
1352 5604 1470 5657 qua:
1522 5602 1645 5642 sunt
1698 5606 1817 5643 cum
1875 5593 2091 5646 nomine
2142 5600 2197 5646 et

613 5675 800 5728 verbo.
832 5674 925 5729 Illa
954 5691 1084 5731 vero
1110 5693 1229 5747 quae
1258 5689 1385 5732 sunt
1414 5680 1722 5751 bujusmodi
1751 5699 1764 5735 :
1798 5683 1855 5736 Si
1887 5684 1966 5737 sol
1994 5695 2077 5738 est
2108 5698 2197 5736 su-

616 5790 709 5840 per
740 5787 931 5829 terram
976 5778 1092 5834 dies
1141 5788 1252 5843 est,
1300 5780 1547 5850 dUpIices
1590 5796 1749 5854 atque
1799 5784 2192 5855 hypotheticre,

616 5890 715 5931 nec
744 5891 847 5931 non
875 5876 1034 5931 etiam
1063 5878 1449 5936 conditionales
1483 5893 1758 5939 vocantur.
1797 5883 2020 5941 Ponitur
2046 5887 2187 5942 enim

2254 5204 2263 5214 ,
2305 5155 2541 5209 liationis
2566 5170 2763 5225 genus,
2798 5156 2939 5223 quod
2971 5167 3055 5211 est
3073 5156 3268 5225 oratio,
3300 5157 3720 5223 propositionem
3757 5170 3882 5223 ope-
3912 5155 3921 5179 ί

2301 4789 2698 4857 quodammodo
2722 4803 3020 4844 conversus
3050 4791 3184 4843 ordo
3211 4792 3278 4843 ab
3308 4791 3593 4857 speciebus
3624 4804 3793 4859 usque
3824 4787 3885 4841 ad

2302 4895 2486 4934 earum
2517 4896 2713 4949 genera
2748 4882 2920 4949 prima
2962 4883 3303 4950 perveniens.
3349 4882 3704 4952 Pmponendo
3746 4883 3913 4962 enimf

2301 4972 2370 5025 ab
2399 4972 2759 5026 afﬁrmatione
2782 4983 2836 5027 et
2867 4962 3149 5041 negatione
3170 4974 3235 5028 ad
3269 4976 3689 5029 enuntiatioxiem
3710 5014 3725 5038 ,
3752 4972 3893 5041 quod

2307 5022 2363 5025 η
2401 5022 2756 5026 ἠῴην---γη
2788 5022 2835 5027 --
2867 5022 3147 5041 mum---”
3172 5022 3235 5028 ε--
3274 5022 3688 5029 ---_----_-.-------
3710 5022 3725 5038 ,

2299 5072 2386 5116 est
2415 5078 2601 5132 genus,
2632 5078 2913 5117 ascensum
2945 5073 3048 5119 est.
3092 5065 3173 5117 Ab
3202 5065 3575 5119 enuntiatione
3622 5063 3686 5117 ad
3718 5022 3923 5165 enun-é

2304 5247 2381 5298 ris
2410 5247 2633 5313 levavit,
2668 5247 2884 5302 diverso
2930 5258 3107 5302 tamen
3153 5247 3310 5300 modo
3340 5248 3406 5299 de
3452 5246 3663 5301 cunctis
3710 5245 3867 5315 dispu

2307 5348 2402 5392 lat.
2446 5337 2599 5393 Prius
2638 5342 2779 5393 enim
2822 5343 2887 5395 tle
2933 5341 3197 5400 oratione,
3233 5348 3353 5407 post
3391 5341 3459 5393 de
3503 5332 3894 5399 enuntiatione,

2308 5432 2503 5487 deinde
2531 5432 2599 5486 de
2630 5432 3011 5497 afﬁrmatione,
3046 5442 3317 5502 postremo
3346 5432 3422 5487 de‘
3444 5432 3765 5485 difﬁnitione
3800 5443 3893 5483 ne-

2308 5523 2537 5592 gationis
2567 5523 2847 5589 edisserit,
2880 5539 3141 5577 converso
3186 5524 3392 5577 scilicet
3421 5524 3631 5577 ordine.
3655 5522 3760 5576 Sed
3796 5518 3892 5571 hoc

2304 5614 2575 5681 posterius
2611 5614 2852 5681 liquebit.
2899 5613 3053 5681 Quod
3097 5625 3274 5667 autem
3323 5614 3470 5681 prius
3520 5611 3887 5682 negationem,

2306 5715 2490 5772 postca
2521 5704 2796 5774 praposuit
2831 5704 3275 5771 afﬁrmationem,
3312 5706 3446 5759 nihil
3482 5704 3738 5765 interest,
3770 5712 3889 5752 cum

2304 5812 2491 5852 onmes
2524 5799 2729 5867 species
2776 5811 2994 5867 :equeve
3036 5798 3251 5853 sibimet
3292 5800 3430 5865 sint,
3474 5808 3528 5851 et
3570 5797 3657 5851 uni
3708 5793 3888 5861 generi

2304 5890 2587 5957 aequaliter
2650 5901 3042 5956 supponantur.
3092 5891 3351 5958 Quocirca
3398 5892 3440 5944 si
3491 5890 3779 5943 afﬁrmatio
3839 5896 3887 5947 et
