4280 6268
345 302 441 362 297
1130 305 1193 363 IN
1230 304 1486 365 LIBRUM
1526 302 1612 364 DE
1651 303 2299 365 INTERPRETATIONE
2338 305 2565 367 EDITIO
2604 312 2837 370 PRIMA.
3507 320 3615 376 298

343 421 556 490 negatio
582 412 963 479 enuntiationis
986 399 1194 494 species
1216 433 1358 493 sunt,
1388 433 1590 480 rectum
1621 434 1704 480 est
1739 440 1924 495 quam-
1955 432 2007 490 Α
2030 435 2154 481 sunt
2184 426 2236 481 in
2269 440 2424 493 voce,
2459 441 2643 481 earum
2685 444 2801 497 quae
2844 437 2967 483 sunt
3002 426 3053 483 in
3086 427 3262 485 anima
3303 431 3614 500 passionum

344 514 475 569 libet
500 528 685 570 earum
720 517 867 585 prius
904 516 1191 573 indiscrete
1222 509 1541 588 proponere.
1564 519 1927 585 Quemadmo-

342 607 474 662 dum
507 618 685 664 autem
734 608 1024 664 afﬁrmatio
1065 620 1119 665 et
1166 612 1379 681 negatio
1426 611 1634 681 species
1683 613 1927 667 enuntia-

344 701 512 756 tiouis
548 702 685 767 sint,
718 711 772 758 et
810 702 923 759 haec
960 718 1143 760 earum
1182 719 1372 776 genus,
1414 705 1651 762 secunda
1690 706 1926 763 editione

347 796 752 850 monstrandum
779 806 907 864 est._

421 906 557 962 Sunt
584 924 702 977 ergo
730 924 788 961 ea
817 924 931 978 qui:
957 918 1071 963 sunt
1115 911 1167 963 in
1199 927 1335 975 voce,
1373 928 1549 965 earum
1578 928 1693 983 qua:
1724 923 1841 967 sunt
1871 913 1926 967 in

348 1000 517 1054 anima
554 1003 877 1069 passionum,
908 1012 1057 1065 notas,
1084 1010 1132 1054 et
1164 1019 1220 1055 ea
1249 1019 1365 1073 qua:
1404 1005 1715 1068 scribuntur,
1749 1020 1928 1058 eorum

348 1106 459 1160 qua
478 1100 592 1144 sunt
618 1091 670 1144 in
699 1108 836 1145 voce.
866 1092 936 1146 Ac
957 1094 1385 1156 quemadmodum
1413 1110 1503 1148 nec
1532 1096 1714 1151 littera:
1739 1096 1930 1149 easdem

348 1184 597 1246 omnibus,
620 1184 690 1237 sic
713 1200 799 1237 nec
823 1185 1006 1238 eaedem
1027 1196 1189 1239 vores.
1217 1185 1450 1249 Quorum
1471 1197 1639 1241 autem
1662 1188 1741 1240 In:
1764 1188 1931 1256 primo

348 1282 503 1339 ποια»,
531 1275 722 1328 eisdem
764 1277 994 1329 omnibus
1027 1276 1286 1344 passiones
1325 1277 1511 1330 animm
1547 1286 1699 1343 sunt,
1734 1287 1778 1331 et
1808 1295 1935 1348 quo.

348 1379 458 1415 rum
487 1364 567 1417 Ita:
604 1362 991 1431 similitudines,
1021 1382 1099 1417 res
1134 1366 1247 1435 jam
1287 1365 1497 1419 eaedem.
1536 1365 1611 1419 De
1658 1367 1735 1420 Itis
1763 1369 1933 1437 itaque

351 1455 543 1507 dictum
576 1466 646 1509 est
672 1456 726 1510 in
750 1456 830 1510 his
852 1472 966 1527 quis
999 1458 1138 1511 dicta
1165 1466 1279 1512 sunt
1313 1458 1376 1513 de
1401 1460 1591 1513 anima.
1620 1460 1841 1515 Alterius
1863 1470 1935 1517 est

352 1549 484 1601 enim
515 1550 725 1617 negotii.

424 1637 685 1703 Quoniam
728 1653 921 1693 nomen
952 1647 1005 1694 et
1032 1639 1250 1696 verbum
1292 1642 1343 1696 in
1372 1640 1768 1698 deﬁnitionibus
1799 1645 1929 1714 suis,

353 1728 701 1797 signiﬁcativa
735 1730 894 1797 paulo
918 1740 1035 1799 post
1066 1730 1432 1800 propositurus
1459 1743 1560 1801 est,
1592 1734 1817 1803 primum
1842 1750 1935 1789 ex-

2033 527 2193 585 notae,
2232 518 2283 573 id
2312 531 2415 583 εει,
2463 518 2613 589 ipsas,
2646 521 2837 590 inquit,
2865 535 3021 576 voces
3051 521 3352 577 intellectus
3375 523 3462 593 qui
3490 534 3618 580 sunt

2031 610 2223 664 anima:
2256 609 2533 680 passiones
2570 611 2892 680 signilicant,
2925 627 3218 684 eorumque
3246 626 3369 670 sunt
3413 616 3617 685 signiﬁ-

2030 703 2216 757 cativa:
2242 718 2257 768 ;
2283 717 2410 772 ergo
2440 717 2505 757 ea
2533 717 2648 772 quae
2676 710 2800 757 sunt
2827 704 2879 757 in
2906 718 3037 759 voce
3060 706 3358 776 signiﬁcant
3390 708 3529 772 illas,
3561 718 3619 763 et

2031 810 2212 851 earnm
2241 805 2366 850 sunt
2396 804 2539 849 notae
2560 811 2678 865 qua:
2710 804 2835 850 Sunt
2864 797 3057 851 animae
3088 798 3384 866 passiones.
3409 801 3621 854 Anima:

2031 896 2208 942 autem
2250 888 2523 957 passiones
2558 887 2857 943 intellectus
2888 899 3029 943 sunt.
3061 888 3225 958 Igitur
3254 905 3315 944 ea
3344 908 3458 959 qua!
3493 900 3622 947 sunt

2033 977 2085 1031 in
2112 992 2263 1045 voce,
2315 978 2683 1033 intellectuum
2723 980 2813 1048 qui
2854 989 2977 1033 sunt
3018 980 3069 1033 in
3112 980 3287 1033 anima
3320 983 3618 1049 pas~iones,

1996 1078 2176 1133 .notte
2214 1078 2337 1124 sunt
2379 1084 2581 1140 eosque
2623 1070 2946 1139 signiﬁcant.
2998 1072 3257 1138 Quoniam
3300 1071 3402 1135 his,
3447 1072 3495 1125 id
3539 1083 3622 1129 est

2034 1161 2290 1227 vocibus,
2336 1164 2511 1217 omnis
2553 1162 2882 1231 signiﬁcatur
2926 1162 3273 1233 intelligentia
3324 1162 3622 1231 mentisque

2035 1253 2340 1321 conceptio.
2368 1255 2436 1307 At
2464 1267 2594 1307 veto
2615 1252 2756 1323 quod
2778 1253 2982 1308 addidit
3015 1271 3028 1306 :
3060 1254 3128 1308 Et
3154 1269 3213 1308 ea
3242 1268 3361 1322 quae
3381 1252 3621 1307 scribun-

2037 1355 2155 1411 tur,
2200 1360 2386 1400 eorum
2437 1361 2557 1416 quae
2618 1355 2743 1401 sunt
2792 1347 2843 1401 in
2888 1362 3053 1411 voce,
3105 1334 3433 1401 tantumdem
3483 1344 3623 1404 valet

2036 1446 2293 1506 quantum
2325 1438 2368 1491 si
2399 1436 2642 1491 diceret:
2678 1435 2827 1491 Notae
2854 1444 2982 1490 sunt
3012 1436 3204 1490 litterae
3233 1452 3351 1506 qua:
3376 1435 3621 1490 scribun-

2038 1535 2122 1583 tur
2148 1529 2431 1584 verborum
2468 1537 2523 1583 et
2564 1530 2842 1583 nominum
2875 1544 2995 1597 quae
3033 1538 3156 1583 sunt
3184 1530 3235 1583 in
3271 1544 3423 1584 voce.
3468 1529 3625 1584 Mon-

2034 1623 2223 1678 stravit
2264 1622 2611 1700 igitur‘voces
2653 1622 3013 1677 intcllectuum
3054 1636 3175 1677 esse
3214 1622 3621 1693 signiﬁcativas,

2036 1722 2087 1767 et
2118 1712 2321 1768 litteras
2355 1728 2544 1769 vocum
2571 1730 2586 1779 ;
2614 1729 2755 1769 nunc
2784 1714 2851 1769 de
2880 1729 3065 1769 eorum
3098 1723 3283 1768 natura
3314 1723 3624 1784 pertractat,

350 1817 507 1886 plicat
552 1832 775 1887 quorum
818 1818 925 1873 sint
962 1819 1312 1889 signiﬁcativa
1354 1837 1685 1892 quaecunque
1731 1824 1934 1894 signiti-

2040 1806 2224 1862 dicens
2266 1825 2279 1860 :
2312 1806 2378 1861 Et
2404 1808 2852 1877 quemadmodum
2886 1824 2986 1864 nec
3023 1808 3213 1864 littera:
3239 1810 3488 1865 omnibus
3517 1824 3626 1865 ese-

358 1916 501 1974 caut,
530 1909 581 1963 id
611 1917 711 1975 est,
745 1924 863 1978 qua:
886 1909 1170 1980 designent
1191 1911 1362 1981 ipsum
1395 1928 1590 1970 nomen
1613 1925 1665 1970 et
1691 1916 1935 1971 verbum.

2039 1898 2182 1963 dem,
2230 1899 2309 1953 sic
2352 1914 2452 1953 nec
2499 1901 2701 1955 eaedem
2740 1916 2920 1997 voces.
2964 1901 3076 1956 Hoc
3113 1900 3181 1956 ad
3225 1902 3627 1964 monstrandum
3654 1924 3697 2009 [ε

2039 1994 2180 2048 valet
2208 2008 2369 2049 voces
2392 2005 2447 2049 et
2466 1994 2675 2051 litteras
2699 1994 2964 2065 positione
2984 1996 3258 2061 constitui,
3283 2014 3389 2053 non
3414 2008 3624 2054 natura.
3654 1998 3655 2035 ³
3680 1994 3687 2031 έ

354 1998 489 2054 Tota
524 2010 702 2056 autem
740 2003 877 2057 ratio
915 2015 1104 2058 sensus
1145 2003 1449 2072 huiusmodi
1487 2016 1569 2061 est
1607 2024 1620 2060 :
1661 2006 1785 2062 Tria
1813 2016 1940 2063 sunt

355 2103 422 2145 ex
452 2091 642 2161 quibus
672 2092 847 2147 omnis
876 2092 1159 2149 collocutio
1201 2094 1598 2167 disputatioque
1628 2099 1934 2169 perﬁcitur,

354 2198 465 2249 res,
508 2185 827 2255 intellectus,
862 2200 1039 2242 voces.
1072 2188 1179 2244 Res
1206 2197 1332 2244 sunt
1360 2206 1492 2259 quas
1520 2192 1689 2246 animi
1731 2194 1939 2248 ratione

356 2275 709 2347 percipimus,
765 2279 1147 2350 intellectuque
1192 2282 1569 2338 discernimus.
1630 2283 1939 2340 Intellectus

356 2381 480 2423 vero
520 2368 709 2439 quibus
751 2385 837 2426 res
876 2370 1021 2439 ipsas
1059 2371 1405 2429 addiscimus.
1432 2373 1606 2430 Voces
1648 2376 1843 2445 quibus
1885 2376 1939 2432 id

357 2460 495 2531 quod
536 2461 816 2520 intellectu
848 2463 1109 2532 capimus,
1155 2464 1539 2533 signiﬁcamus.
1591 2466 1792 2522 Praeter
1826 2467 1940 2523 haec

354 2562 530 2607 autem
570 2553 665 2607 tria
697 2562 780 2608 est
809 2553 955 2608 aliud
984 2553 1235 2623 quiddam
1267 2555 1411 2626 quod
1460 2555 1728 2627 signiﬁcat
1756 2572 1936 2626 voces,

353 2641 439 2697 hac
468 2653 590 2698 sunt
616 2644 827 2710 litterae,
859 2645 1047 2701 harum
1074 2646 1221 2701 enim
1250 2646 1475 2716 scriptio
1505 2662 1697 2703 vocum
1731 2647 1936 2718 signiﬁ-

357 2730 493 2791 catio
518 2745 620 2791 est.
649 2736 783 2792 Cum
804 2736 991 2807 rigitur
1021 2738 1136 2792 haec
1163 2738 1272 2793 sint
1309 2749 1559 2810 quatuor,
1582 2754 1692 2806 res,
1732 2740 1941 2796 intelle-

356 2837 491 2895 ctus,
515 2872 530 2897 ,
559 2845 661 2885 vox
704 2828 900 2895 littera;
949 2844 1062 2885 rem
1109 2830 1344 2900 concipit
1376 2830 1704 2896 intellectus,
1736 2831 1943 2886 intelle-

358 2938 501 2981 ctum
536 2939 665 2980 vero
704 2939 866 2980 voces
893 2923 1193 2995 designant.
1221 2926 1362 2994 ipsas
1396 2939 1527 2981 vero
1559 2938 1719 2980 voces
1748 2923 1941 2979 littera:

361 3014 679 3085 signiﬁcant.
729 3015 1033 3071 Intellectus
1078 3030 1208 3071 vero
1250 3016 1441 3074 anima:
1479 3017 1723 3087 quaedam
1763 3016 1941 3086 passio

358 3105 588 3161 est.Nisi
618 3109 759 3162 enim
787 3108 1068 3178 quamdam
1099 3106 1506 3163 similitudinem
1536 3107 1615 3163 rei
1636 3123 1795 3177 quam
1810 3108 1937 3178 quis

2042 2083 2255 2138 Etenim
2289 2085 2521 2140 diversa:
2548 2086 2687 2156 apud
2717 2088 2959 2143 diversos
2988 2098 3111 2144 sunt
3137 2104 3294 2145 voces
3330 2100 3384 2146 et
3415 2092 3625 2160 littertn,

2040 2182 2095 2228 et
2120 2175 2564 2244 quemadmodum
2604 2179 2797 2233 littera:
2834 2181 3039 2237 eaedem
3066 2182 3204 2252 apud
3235 2197 3421 2239 omnes
3453 2184 3628 2239 homi-

2043 2281 2139 2322 nes
2166 2283 2272 2323 non
2300 2269 2662 2335 inveniuntur,
2690 2271 2761 2325 ita
2792 2286 3005 2343 quoque
3028 2288 3128 2328 nec
3151 2288 3328 2328 voces.
3348 2276 3522 2341 Quare
3546 2275 3628 2332 ha

2043 2363 2335 2434 secundum
2369 2364 2687 2432 positionem
2727 2374 2867 2431 sunt,
2916 2366 3058 2436 quod
3102 2367 3216 2436 ipse
3251 2368 3461 2423 reticuit
3488 2368 3629 2430 velut

2044 2454 2284 2523 planum.
2324 2454 2661 2510 Manifestum
2691 2457 2834 2511 enim
2868 2458 2977 2524 'eSt,
3026 2458 3165 2528 quod
3192 2475 3286 2529 per
3314 2470 3499 2530 gentes
3522 2463 3629 2517 sin-

2043 2544 2194 2612 gulas
2232 2554 2579 2613 permutatur,
2615 2546 2716 2601 hoc
2744 2562 2848 2601 non
2874 2558 3065 2625 natura
3107 2550 3453 2606 constitutum
3487 2567 3629 2623 esse,

2046 2636 2140 2691 sed
2174 2638 2456 2706 positione.
2485 2638 2639 2706 Quod
2672 2655 2799 2695 vero
2821 2626 3061 2696 addidit:
3085 2641 3319 2709 Quorum
3342 2652 3519 2698 autem
3546 2646 3629 2703 hat

2045 2728 2273 2798 primum
2301 2738 2440 2784 notae
2466 2740 2615 2799 sunt,
2639 2731 2840 2786 eaedem
2863 2732 3114 2787 omnibus
3139 2734 3416 2802 passiones
3437 2737 3629 2795 anima

2044 2829 2189 2887 sunt,
2220 2831 2276 2876 et
2300 2838 2527 2891 quorum
2560 2823 2645 2876 ba:
2674 2822 3077 2891 similitudines,
3100 2839 3187 2879 res
3215 2826 3374 2879 etiam
3405 2826 3629 2894 eaedem,

2046 2908 2114 2964 ad
2143 2910 2246 2965 hoc
2281 2913 2530 2980 pertinet,
2565 2922 2622 2967 ut
2648 2914 2919 2969 naturales
2957 2929 3079 2969 esse
3108 2930 3195 2970 res
3228 2916 3631 2987 intellectusquq

2045 3002 2301 3059 declaret.
2354 3005 2505 3060 ldem‘
2543 3020 2775 3079 namque
2821 3008 2900 3081 (ut
2942 3008 3141 3063 dictum
3181 3008 3284 3080 est)
3330 3009 3631 3071 intellectus

2047 3097 2325 3165 passiones
2345 3098 2541 3155 animus
2561 3110 2706 3167 sunt,
2736 3117 2916 3157 rerum
2933 3119 3059 3159 vero
3080 3104 3471 3162 similitudines.
3491 3107 3631 3178 Ergo

360 3196 609 3265 intelligit
634 3196 687 3250 in
715 3196 906 3252 animae
930 3198 1137 3254 ratione
1173 3201 1428 3268 patiatur,
1458 3199 1636 3253 nullus
1661 3209 1744 3254 est
1776 3199 1938 3255 intel-

2052 3202 2192 3244 nunc
2214 3190 2429 3260 quidem
2460 3190 2564 3246 boc
2586 3193 2744 3247 dicit:
2776 3194 3012 3260 Quorum
3036 3194 3140 3262 lue,
3166 3196 3218 3251 id
3240 3206 3320 3252 est
3352 3213 3534 3266 voces,
3564 3198 3632 3257 de

359 3288 552 3345 lectus.
583 3288 715 3344 Cum
748 3290 887 3345 enim
913 3290 1071 3347 video
1101 3293 1288 3347 orbem
1312 3292 1397 3347 vel
1437 3292 1778 3362 quadratum,
1804 3294 1940 3364 ﬁgu-

358 3394 473 3437 ram
501 3380 616 3451 ejus
657 3392 834 3438 mente
863 3383 1131 3452 concipio,
1162 3392 1216 3438 et
1240 3383 1362 3453 ejus
1398 3383 1528 3440 mihi
1566 3385 1858 3442 similitudo
1884 3387 1940 3443 in

357 3470 552 3527 animae
580 3474 788 3529 ratione
817 3474 1096 3539 formatur,
1136 3475 1440 3546 patiturque
1472 3477 1647 3531 anima
1674 3479 1752 3534 rei
1778 3478 1940 3535 intel-

358 3563 509 3621 lectae
537 3566 972 3634 similitudinem,
1007 3567 1147 3623 unde
1174 3567 1231 3622 ﬁt
1261 3579 1318 3624 ut
1346 3568 1684 3640 intellectus,
1712 3582 1766 3627 et
1790 3572 1940 3628 simi-

358 3654 527 3712 litudo
548 3658 617 3713 sit
646 3659 746 3726 rei,
775 3668 832 3715 et
856 3662 1047 3714 animae
1079 3662 1277 3731 passio.
1311 3661 1511 3717 Horum
1545 3672 1723 3719 autem
1752 3679 1941 3721 rursus

360 3748 741 3819 quatuor,dute
761 3761 883 3805 sunt
902 3750 1195 3817 naturales,
1210 3752 1330 3808 duae
1347 3754 1639 3809 secundum
1664 3754 1939 3812 hominum

360 3840 702 3910 positionem.
717 3841 891 3898 Voces
913 3858 1139 3914 namque
1158 3856 1213 3900 et
1240 3847 1429 3902 littera:
1455 3849 1744 3905 secundum
1769 3850 1944 3906 homi-

363 3945 492 3985 num
522 3933 839 4002 positionem
871 3944 1014 3989 sunt.
1046 3936 1552 4003 Intellectusautem
1583 3950 1647 3999 ει
1662 3956 1755 3999 res
1778 3951 1941 4009 nam:

364 4023 576 4104 raliter:
622 4024 735 4081 Hoc
783 4025 873 4081 illo
921 4029 1271 4097 approbatur,
1316 4034 1461 4102 quod
1510 4033 1650 4104 apud
1700 4035 1940 4091 diversas

390 4088 577 4106 ἐκ

359 4137 546 4200 gentes
586 4129 815 4185 diversis
856 4130 1078 4187 vocibus
1121 4124 1347 4187 utuntur'
1383 4142 1431 4188 et
1476 4132 1687 4189 litteris.
1720 4134 1941 4195 ,Idcirco

360 4223 609 4292 quoniam
642 4223 743 4292 ipsi
768 4222 864 4278 sibi
898 4238 1080 4291 voces,
1114 4225 1307 4295 quibus
1327 4234 1625 4290 uterentur,
1656 4238 1707 4282 et
1731 4227 1940 4286 litteras

361 4314 551 4383 quibus
578 4314 899 4380 scriberent,
941 4326 1377 4385 composuerunt.
1423 4318 1940 4395 Mllectussutem

362 4415 427 4485 et
438 4406 737 4485 resupinis
750 4408 1407 4485 pguithethaluraliter
1426 4420 1570 4479 sunt.
1587 4409 1770 4480 Neque
1794 4411 1939 4465 enim

460 4480 573 4489 ,;,...,_r
580 4478 737 4489 ...Δ-,ι’

304 4528 311 4535 -
362 4480 957 4567 q‘uod‘apud‘ﬁomfanos
984 4510 1067 4555 est
1095 4514 1282 4571 equus,
1307 4501 1445 4569 apud
1476 4503 1727 4557 barbaros
1748 4515 1941 4559 cervus

1426 4384 1609 4399 Ἠ

2047 3280 2238 3350 quibus
2264 3296 2421 3352 supra
2446 3283 2675 3355 dixerat,
2707 3295 2849 3341 notae
2872 3300 3029 3354 sunt,
3059 3289 3263 3344 eaedem
3290 3299 3415 3345 sunt
3440 3291 3631 3349 anima

2043 3374 2347 3442 passiones,
2379 3384 2434 3431 et
2459 3384 2636 3432 utnec
2659 3377 2854 3433 littera:
2879 3390 3004 3435 sunt
3032 3380 3257 3449 caedent,
3291 3382 3371 3438 sic
3399 3399 3500 3440 nec
3528 3399 3630 3441 eae-

2042 3475 2165 3531 dem
2192 3489 2370 3531 voces.
2393 3475 2630 3545 Quorum
2652 3492 2783 3548 ergo
2806 3478 2889 3534 hac
2914 3495 3075 3536 voces
3096 3482 3461 3552 signiﬁcativze
3484 3495 3632 3555 sunt,

2042 3577 2097 3632 id
2118 3587 2200 3632 est
2221 3579 2524 3647 passionum
2546 3580 2761 3645 animae,
2783 3581 2867 3637 bas
2886 3591 3011 3638 sunt
3031 3584 3172 3654 apud
3194 3601 3381 3641 omnes
3400 3587 3607 3643 eaedem

2042 3671 2347 3740 signiﬁcant
2385 3682 2565 3729 autem
2606 3676 2782 3743 voces)
2811 3674 2901 3730 illa
2948 3692 3068 3746 qua:
3107 3687 3232 3733 sunt
3291 3679 3628 3736 intellectus:

2043 3763 2348 3819 intellectus
2380 3765 2538 3835 igitur
2578 3766 2770 3821 anima:
2802 3767 2978 3834 passio
3006 3778 3118 3835 est,
3149 3771 3287 3837 apud
3318 3786 3504 3827 omnes
3535 3773 3629 3829 bo-

2042 3855 2216 3911 mines
2245 3872 2351 3910 non
2378 3858 2613 3912 diversa.
2640 3857 2782 3926 Ergo
2812 3856 3068 3911 naturalis
3088 3858 3227 3927 apud
3250 3876 3437 3916 omnes
3459 3862 3629 3917 homia

2044 3961 2141 4003 nes
2167 3957 2249 4002 est
2281 3946 2442 4001 animi
2471 3948 2750 4015 conceptio
2775 3957 2933 4013 atque
2955 3947 3147 4013 animm
3172 3952 3369 4016 passio.
3392 3952 3630 4016 Quorum

2044 4046 2173 4092 sunt
2202 4047 2344 4092 notae
2367 4052 2429 4092 ea
2456 4052 2576 4108 qua:
2604 4047 2884 4093 versantur
2912 4038 2964 4092 in
2994 4038 3234 4093 vocibus.
3264 4040 3428 4096 Docvt
3451 4052 3630 4100 autem

2044 4136 2102 4184 et
2122 4142 2208 4184 res
2246 4142 2467 4198 quarum
2490 4137 2615 4184 sunt
2643 4127 3016 4185 similitudines
3040 4130 3339 4187 intellectus
3366 4141 3419 4187 ct
3437 4134 3631 4188 anima

2047 4220 2349 4289 passiones,
2379 4234 2500 4276 esse
2529 4234 2635 4276 non
2662 4222 2945 4292 positione,
2971 4223 3064 4279 sed
3092 4224 3401 4279 naturaliter
3424 4226 3630 4279 consti-

2050 4320 2212 4366 tutas.
2245 4309 2451 4368 Idcirco
2474 4313 2613 4378 quod
2645 4312 2727 4368 Ine
2748 4329 2836 4369 res
2857 4330 3082 4386 quarum
3104 4314 3485 4371 similitudines
3506 4323 3630 4371 sunt

2048 4405 2388 4471 intellecms,
2436 4408 2525 4477 qui
2578 4405 2877 4462 intellectus
2925 4408 3116 4462 animm
3162 4408 3435 4475 passiones
3483 4415 3630 4475 sunt,

2050 4496 2190 4566 apud
2220 4512 2407 4551 omnes
2436 4496 2641 4551 eaedem
2670 4506 2813 4551 sunt.
2848 4496 2959 4551 Hoc
2987 4506 3071 4551 est
3094 4495 3237 4551 enim
3268 4498 3409 4566 quod
3440 4498 3534 4564 ait,
3565 4501 3631 4555 Et

360 4596 466 4653 est,
512 4588 604 4643 sed
640 4590 777 4658 apud
815 4589 1053 4645 diversas
1091 4601 1279 4661 gentes
1317 4591 1503 4647 eadem
1542 4608 1718 4648 rerum
1754 4603 1943 4651 natura
1974 4608 2029 4669 D
2053 4602 2280 4659 quorum
2310 4587 2393 4641 ha:
2421 4586 2831 4653 similitudines,
2863 4587 3069 4643 scilicet
3094 4587 3289 4641 anima:
3316 4592 3627 4658 passiones,

358 4692 467 4738 est.
496 4680 754 4737 Prmterea
770 4697 942 4753 neque
955 4682 1094 4752 quod
1112 4698 1209 4737 nos
1228 4682 1570 4752 intelligimus
1588 4699 1707 4741 esse
1719 4699 1938 4755 equum,

359 4785 544 4828 canem
566 4772 779 4827 barbari
804 4782 1009 4843 pu'ant.
1040 4768 1146 4830 Sed
1172 4775 1359 4830 eadem
1384 4776 1524 4845 apud
1546 4777 1940 4833 diversissimas

358 4875 545 4933 gentes
577 4866 997 4920 substantiarum
1031 4866 1508 4937 intellectuutnque
1537 4868 1671 4924 ratio
1696 4878 1778 4925 est
1807 4884 1940 4924 cun-

358 4956 562 5009 stituta.
602 4957 778 5024 Quare
807 4958 929 5013 dum
958 4957 1143 5013 barum
1173 4970 1298 5015 sunt
1338 4961 1629 5016 secundum
1662 4963 1939 5019 hominum

356 5046 699 5116 positionem,
745 5048 803 5103 id
841 5058 925 5103 est
952 5064 1109 5105 voces
1147 5059 1201 5106 et
1237 5052 1446 5116 litterae,
1487 5052 1605 5107 duas
1644 5054 1939 5109 secundum

355 5151 622 5207 naturam,
649 5155 736 5196 res
755 5149 811 5197 et
835 5140 1155 5197 intellectus.
1180 5141 1331 5198 Nunc
1352 5157 1481 5213 ergo
1507 5144 1608 5198 hoc
1631 5144 1780 5211 dicit,
1803 5160 1940 5216 quo-

356 5228 502 5284 niam
553 5245 710 5286 vores
753 5231 970 5302 quidem
1018 5232 1325 5304 signiﬁcant
1373 5234 1698 5290 intellectum
1726 5277 1742 5303 ,
1793 5236 1939 5303 ipsas

351 5318 517 5375 etiam
543 5335 701 5376 voces
721 5322 913 5378 litterae
934 5324 1258 5394 signiﬁcant.
1282 5325 1419 5381 Sunt
1438 5333 1615 5379 autem
1638 5325 1941 5380 intellectus

351 5412 551 5467 animas
574 5414 937 5481 passiones,et
958 5431 1119 5473 voces
1140 5419 1356 5489 quidem
1380 5428 1437 5475 et
1458 5419 1650 5473 littera
1670 5417 1942 5473 naturales

353 5519 465 5558 non
499 5512 646 5556 sunt.
679 5504 1137 5571 Quemadmodum
1162 5511 1304 5565 enim
1332 5525 1430 5564 vox
1459 5524 1565 5563 non
1591 5508 1776 5564 eadem
1802 5508 1944 5578 apud

352 5608 550 5650 omnes
583 5602 794 5663 gentes,
826 5595 896 5650 ita
932 5614 1028 5654 nec
1055 5600 1266 5654 litterae.
1297 5602 1403 5657 Sed
1442 5602 1744 5656 intellectus
1775 5610 1829 5655 et
1855 5616 1945 5657 res

354 5688 576 5742 easdem
607 5688 750 5756 apud
789 5705 975 5745 omnes
1011 5694 1301 5761 quamlibet
1329 5696 1717 5750 diversissimas
1756 5704 1945 5764 gentes

360 5778 620 5836 invenies.
650 5774 825 5851 Atque
854 5784 955 5838 hoc
984 5795 1067 5840 est
1094 5786 1238 5855 quod
1268 5788 1338 5846 ait
1369 5806 1383 5844 :
1415 5789 1546 5848 Sunt
1575 5803 1702 5861 ergo
1729 5801 1790 5845 ea
1817 5803 1943 5859 quae.

641 5900 914 5963 Panos.
962 5899 1191 5965 LXIV.

2052 4694 2171 4749 quae
2196 4686 2324 4732 sunt
2346 4676 2725 4732 similitudines
2755 4691 2956 4741 rerum,
2989 4691 3075 4733 res
3104 4676 3268 4732 etiam
3294 4679 3518 4733 easdem.
3552 4680 3631 4739 Ac

2050 4770 2098 4826 si
2143 4768 2346 4825 diceret
2381 4784 2396 4821 :
2440 4767 2676 4835 Quorum
2723 4767 3025 4825 intellectus
3067 4776 3192 4824 sunt
3231 4770 3631 4828 similitudines.

2051 4860 2154 4929 Qui
2180 4860 2482 4916 intellectus
2506 4861 2697 4915 animat
2716 4862 2990 4931 passiones
3016 4869 3161 4931 sunt,
3197 4860 3247 4916 id
3275 4872 3358 4918 est
3385 4879 3471 4918 res
3490 4862 3631 4929 apud

2052 4970 2243 5013 omnes
2272 4955 2472 5011 eadem
2502 4964 2643 5011 sunt.
2676 4955 2829 5024 Quod
2857 4965 3033 5014 autem
3065 4958 3134 5012 ita
3159 4957 3367 5026 posuit:
3391 4956 3631 5023 Quorum

2053 5057 2233 5103 autem
2264 5047 2347 5103 bte
2377 5046 2604 5118 primum
2632 5057 2793 5114 notae,
2819 5047 2923 5104 hoc
2942 5047 3136 5104 sentit:
3157 5047 3225 5102 de
3244 5046 3464 5101 vocibus
3486 5046 3632 5102 enim

2055 5142 2205 5206 dicit,
2218 5141 2469 5212 quoniam
2490 5158 2716 5213 quorum
2738 5156 2900 5198 voces
2920 5143 3149 5213 primum
3173 5148 3313 5194 notae
3333 5148 3475 5203 sunt,
3490 5138 3633 5208 apud

2055 5250 2244 5291 omnes
2272 5237 2470 5294 easdem
2501 5247 2627 5292 sunt
2650 5237 2844 5292 animae
2872 5232 3288 5306 passiones.Vox
3311 5230 3450 5287 enim
3466 5232 3630 5286 etiam

2055 5327 2383 5385 intellectum
2413 5330 2491 5385 rei
2518 5331 2799 5400 signiﬁcat,
2831 5335 2887 5383 et
2912 5327 3080 5397 ipsam
3109 5338 3243 5380 rem.
3264 5322 3335 5379 Ut
3358 5337 3478 5377 cum
3509 5322 3633 5378 dico

2054 5420 2215 5491 lapis,
2241 5432 2297 5478 et
2326 5423 2651 5478 intellectum
2684 5420 2885 5492 lapides
2908 5428 2963 5475 et
2992 5423 3163 5489 ipsum
3193 5417 3440 5489 lapidem,
3468 5417 3519 5473 id
3548 5426 3631 5474 est

2054 5512 2225 5582 ipsam
2265 5514 2613 5569 substantiam
2648 5513 2908 5582 designat.
2937 5512 3042 5567 Sed
3090 5512 3235 5582 prius
3272 5510 3627 5580 intellectum,

2054 5603 2291 5659 secundo
2331 5620 2457 5659 vero
2498 5605 2617 5658 loco
2651 5618 2763 5657 rem
2803 5602 3087 5674 signiﬁcat.
3124 5602 3262 5671 Ergo
3302 5617 3408 5655 non
3449 5603 3632 5658 omnia

2055 5712 2177 5767 qua:
2196 5712 2299 5751 vox
2330 5696 2589 5765 signiﬁcat
2611 5697 2887 5765 passiones
2913 5695 3105 5750 anima:
3129 5702 3272 5759 sunt,
3291 5689 3385 5748 sed
3410 5694 3495 5747 illa
3520 5694 3634 5749 sola
3694 5692 3695 5699 ‘

2058 5805 2178 5861 qua:
2210 5790 2408 5861 prima;
2440 5790 2613 5861 primo
2642 5789 2785 5847 enim
2819 5789 3146 5861 signiﬁcatur
3177 5786 3512 5853 intellectus,
3546 5796 3632 5839 se-
3698 5784 3703 5837 ί

3169 5899 3246 5961 1ο

3944 1922 3967 1961 ἔ(
