4280 6268
610 366 713 426 ευρ

612 582 772 637 sunt;
805 584 1025 641 quorum
1054 584 1181 639 ergo
1210 569 1435 637 primum
1463 579 1601 624 nota:
1629 567 1753 623 sunt
1776 584 1953 637 voces,
1984 570 2186 625 etedcm

613 673 739 720 sunt
766 661 903 729 apud
935 675 1124 715 omnes
1153 661 1397 716 homines
1416 662 1610 715 animm
1642 660 1936 729 passiones.
1963 660 2055 715 Est
2084 661 2188 714 alia

540 808 545 811 _
613 768 827 824 quoque
850 752 1112 820 scriptura
1140 751 1240 807 hoc
1270 752 1428 806 modo
1456 767 1514 805 se
1548 750 1750 805 habens
1783 767 1796 805 :
1831 751 2066 818 Quorum
2096 766 2190 804 au-

600 855 719 920 tem
749 844 830 898 lue
861 844 1090 913 primum
1124 854 1286 911 notae,
1311 844 1393 900 ha:
1418 844 1666 898 omnibus
1699 845 1974 913 passiones
2001 845 2191 898 anima:

612 944 759 1000 sunt,
810 945 864 990 et
910 950 1134 1005 quorum
1180 935 1260 989 has
1304 934 1717 998 similitudines,
1759 949 1844 989 res
1883 935 2041 988 etiam
2086 933 2188 987 lue.

613 1027 765 1095 Quod
795 1028 839 1081 si
871 1030 939 1081 ita
968 1028 1225 1096 scriptum
1255 1036 1357 1095 est,
1389 1027 1489 1082 hoc
1515 1026 1693 1081 dicere
1722 1025 1924 1080 videtur
1952 1043 1965 1079 :
1994 1024 2191 1080 Osten-

614 1120 691 1175 dit
737 1122 879 1175 enim
925 1136 1150 1190 quorum
1194 1119 1302 1174 sint
1346 1130 1484 1173 nota:
1526 1134 1708 1183 voces,
1741 1127 1797 1173 et
1825 1133 2049 1188 quorum
2086 1119 2195 1172 sint

618 1228 801 1266 rursus
831 1211 1021 1265 animae
1050 1212 1358 1280 passiones;
1386 1221 1637 1280 tanquam
1666 1208 1710 1262 si
1738 1207 1942 1262 diceret
1977 1225 1990 1259 :
2024 1206 2195 1260 Voces

616 1307 756 1376 quod
801 1303 1143 1375 significant,
1190 1313 1244 1358 et
1284 1318 1511 1373 quorum
1562 1312 1701 1357 noue
1746 1309 1888 1365 sunt,
1924 1300 2028 1353 illa:
2074 1306 2197 1352 sunt

615 1401 808 1452 anima:
856 1399 1152 1467 passiones,
1206 1405 1260 1451 et
1310 1410 1493 1450 rursus
1537 1408 1766 1464 quorum
1817 1390 2197 1446 similitudines

617 1499 742 1544 sunt
790 1488 872 1543 ha:
918 1501 1038 1557 quae
1084 1496 1209 1541 sunt
1249 1486 1441 1541 animai
1484 1484 1779 1555 passiones,
1806 1482 1889 1536 hac
1925 1492 2048 1535 sunt
2073 1495 2194 1545 res;

617 1589 863 1650 tanquam
904 1593 1090 1634 rursus
1126 1581 1171 1632 si
1219 1579 1462 1632 diceret:
1502 1576 1739 1643 Quorum
1781 1583 1905 1628 sunt
1945 1572 2197 1626 similitu-

616 1676 769 1731 dines
798 1689 859 1729 ea
890 1688 1006 1744 qua:
1044 1672 1095 1725 in
1136 1670 1487 1724 intellectibus
1514 1678 1673 1737 atque
1703 1667 1895 1719 anima:
1926 1662 2194 1734 passioni-

617 1767 716 1822 bus
745 1772 889 1828 sttui,
922 1762 1023 1815 illa:
1055 1776 1141 1815 res
1170 1768 1310 1813 sunt.
1337 1758 1441 1814 Sed
1469 1758 1535 1813 de
1565 1760 1647 1810 his
1670 1754 2057 1823 disputationes
2089 1761 2200 1805 tra-

619 1859 748 1912 here
772 1855 982 1925 longius
1004 1868 1110 1907 non
1134 1852 1266 1906 vult.
1283 1851 1553 1905 Aitenim:
1577 1849 1650 1903 De
1662 1848 1747 1902 his
1768 1846 1985 1917 quidem
1999 1845 2198 1898 dictum

617 1959 717 2012 est,
751 1949 799 2001 in
833 1946 914 2001 his
936 1960 1051 2015 qua:
1071 1954 1195 1999 sunt
1212 1941 1353 1998 dicta
1375 1941 1441 1997 de
1467 1942 1665 1998 anima.
1691 1938 1926 1994 Alterius
1950 1945 2033 1991 est
2053 1934 2197 1989 enim

617 2041 838 2111 negotii.
866 2040 1073 2093 Etenim
1094 2034 1235 2090 aliud
1258 2044 1339 2090 est
1368 2032 1730 2108 principaliter
1750 2030 1816 2085 de
1836 2028 2197 2101 intellectibus

617 2136 808 2188 anima:
839 2132 1133 2202 diSputare,
1168 2127 1309 2184 aliud
1342 2136 1545 2181 tantum
1566 2126 1669 2180 sibi
1692 2122 1758 2178 ad
1784 2119 2197 2191 diSputationem

616 2241 850 2289 sumere,
870 2232 1127 2295 quantum
1149 2221 1215 2277 ad
1239 2221 1422 2291 logicae
1449 2220 1617 2290 possit
1638 2218 1909 2288 pertinere
1928 2216 2194 2287 peritiam.

619 2321 794 2389 Quare
836 2320 1053 2375 alterius
1111 2315 1307 2386 negotii
1352 2321 1436 2371 est
1482 2312 1847 2383 principaliter
1895 2309 1963 2365 de
2008 2307 2199 2363 animae

620 2413 959 2482 passionihus
980 2411 1273 2477 disputare.

690 2505 784 2559 Est
808 2512 997 2567 autem,
1026 2500 1447 2570 quemadmodum
1474 2498 1529 2551 in
1556 2496 1754 2563 anima,
1782 2492 2052 2563 aliquoties
2087 2492 2202 2562 qui-

617 2597 733 2649 dem
759 2594 1043 2646 intellectus
1062 2573 1179 2645 sine
1204 2606 1318 2643 vero
1341 2590 1417 2642 vel
1443 2589 1596 2657 falso,
1627 2586 1894 2656 aliquoties
1925 2594 2094 2638 autem
2120 2580 2204 2636 cui

618 2688 726 2762 iam
749 2698 951 2738 necesse
976 2690 1047 2735 est
1068 2681 1248 2735 horum
1269 2679 1482 2733 alterum
1509 2678 1687 2741 inesse,
1717 2677 1788 2730 sic
1813 2677 1969 2729 etiam
1988 2678 2037 2727 in
2061 2690 2198 2728 voce.

619 2774 767 2831 Circa
797 2773 1211 2835 compositionem
1246 2770 1378 2825 enim
1415 2778 1463 2822 et
1489 2766 1786 2821 divisionem
1821 2774 1892 2819 est
1929 2763 2129 2835 falsitas
2156 2773 2203 2817 et

619 2881 821 2924 veritas.

694 2963 768 3015 De
797 2955 1169 3014 enuntiatione
1197 2953 1433 3008 dicturus
1470 2950 1524 3004 in
1551 2964 1655 3021 qua
1690 2949 1888 3003 veritas
1916 2955 1970 3001 et
2002 2944 2203 3000 falsitas

619 3051 916 3113 invenitur,
962 3058 1106 3102 recte
1147 3046 1293 3115 prius
1330 3052 1631 3097 monstrare
1674 3039 1957 3111 proponit,
2002 3035 2056 3091 in
2101 3050 2241 3106 qua“

620 3141 919 3213 prolatione
948 3152 1139 3193 vocum
1173 3136 1361 3190 horum
1402 3132 1625 3186 alterum
1652 3171 1667 3197 ,
1700 3128 1751 3184 id
1783 3136 1867 3185 est
1890 3136 1981 3183 aut
2009 3126 2205 3181 veritas

620 3243 712 3290 aut
763 3232 967 3287 falsitas
1018 3225 1245 3283 inveniri
1292 3234 1469 3293 queat.
1514 3223 1620 3278 Sed
1663 3221 1837 3277 omnis
1884 3234 1992 3275 vox
2038 3217 2202 3273 animi
2232 3262 2281 3331 C

849 3323 861 3331 .
941 3319 990 3331 en
1064 3327 1074 3331 -
1289 3330 1299 3331 κ
1360 3329 1370 3331 _
1402 3330 1410 3331 κ
1458 3313 1613 3331 Α-εήρ
1656 3309 2010 3331 9,-.-11--ιε⁴1μ--
2056 3307 2175 3331 ---ελ

621 3339 778 3379 sensa
819 3319 1101 3391 significat,
1144 3330 1308 3386 quare
1348 3329 1414 3369 ex
1451 3313 1615 3368 animi
1655 3309 2013 3367 intellectibus
2051 3307 2207 3380 quid-

621 3413 750 3483 quid
776 3411 1018 3467 evenerit
1042 3405 1258 3473 vocibus
1280 3405 1561 3460 indicatur.
1586 3402 1725 3471 Ergo
1748 3418 1889 3457 nunc
1914 3401 2016 3455 hoc
2041 3400 2203 3455 dicit:

625 3502 930 3561 Similitudo
963 3499 1272 3568 est,inquit,
1304 3496 1546 3566 quredam
1576 3496 1717 3550 inter
1747 3508 1807 3550 se
1839 3493 2204 3548 intellectnum

621 3606 782 3665 atque
833 3606 1021 3645 vocum
1056 3585 1547 3657 :quemadmodum
1595 3585 1739 3640 enim
1788 3593 1911 3638 sunt
1959 3581 2203 3652 quadam

621 3684 880 3753 simplicia
909 3696 1027 3750 quae
1058 3680 1267 3733 ratione
1295 3677 1456 3730 animi
1487 3676 1892 3745 concipiuntur,
1920 3685 1974 3727 et
2002 3671 2208 3726 consti-

620 3784 842 3828 tuuntur
870 3769 1216 3837 intelligentia
1246 3766 1463 3831 mentis,
1495 3766 1548 3820 in
1578 3766 1775 3835 quibus
1799 3777 1977 3834 neque
2003 3762 2204 3818 veritas

620 3862 751 3929 ulla,
784 3876 957 3931 neque
987 3861 1191 3915 falsitas
1219 3859 1509 3924 invenitur,
1558 3857 1630 3911 ita
1658 3870 1872 3927 quoque
1901 3858 1951 3910 in
1984 3854 2205 3909 vocibus

620 3964 725 4010 est.
744 3953 980 4019 Simplex
1004 3951 1146 4005 enim
1167 3950 1491 4013 intellectus,
1520 3957 1598 4013 ut,
1628 3946 1777 4001 verbi
1806 3948 1998 4016 gratia,
2033 3946 2203 3999 hemi-

622 4045 706 4098 nis
743 4044 826 4097 vel
868 4044 1007 4112 equi,
1060 4037 1558 4110 nequefalsitatem
1600 4036 1760 4091 ullam
1800 4039 1995 4091 retinet
2032 4048 2204 4105 neque

620 4134 930 4197 veritatem;
963 4148 1085 4185 cum
1112 4131 1252 4185 enim
1300 4130 1540 4198 intelligo
1576 4128 1889 4197 simpliciter
1934 4128 2203 4183 hominem

620 4237 673 4281 et
696 4224 1251 4292 Substantiamipsam,
1270 4220 1401 4273 nihil
1419 4221 1531 4272 veri
1560 4220 1642 4273 vel
1666 4218 1785 4272 falsi
1806 4219 1857 4272 in
1880 4219 2205 4287 cogitatione

620 4314 847 4371 retineo.
892 4309 1045 4378 Quod
1086 4311 1131 4363 si
1177 4323 1392 4363 cursum
1442 4324 1629 4362 rursus
1670 4309 1839 4361 animi
1884 4308 2205 4376 cogitatione

619 4417 966 4474 perspexero,
980 4401 1231 4470 cogitatio
1253 4399 1388 4469 ipsa,
1405 4399 1659 4468 quoniam
1675 4399 1774 4450 sim
1784 4397 1935 4465 plicis
1958 4394 2041 4452 rei
2057 4405 2204 4451 tenet

620 4495 894 4561 intuitum,
916 4493 1143 4547 veritate
1171 4500 1226 4545 et
1253 4489 1483 4545 falsitate
1505 4489 1710 4543 seclusa
1740 4487 1963 4542 est.Sed
1992 4486 2204 4556 quando

620 4603 831 4643 cursum
865 4596 920 4641 et
945 4586 1221 4640 hominem
1243 4584 1492 4654 junxero,
1525 4591 1581 4637 et
1609 4597 1673 4636 ex
1705 4581 1787 4635 his
1810 4580 2011 4651 aliquid
2037 4582 2198 4636 intel-

619 4678 833 4747 ligentia
862 4691 978 4733 mea
1007 4675 1207 4741 fecero,
1236 4674 1287 4731 id
1312 4690 1524 4744 quoque
1548 4676 1592 4729 si
1619 4688 1751 4729 voce
1780 4674 2068 4743 proferam,
2100 4673 2199 4730 bu-

619 4770 849 4837 jusmodi
891 4770 995 4824 erit
1023 4787 1038 4824 :
1072 4770 1249 4825 Homo
1272 4771 1457 4825 currit.
1489 4768 1642 4823 Tunc
1667 4784 1730 4824 ex
1761 4768 1861 4824 hac
1886 4770 2197 4827 substantia

620 4870 675 4914 et
701 4860 993 4915 accidentis
1011 4862 1400 4928 compositione
1424 4870 1479 4914 et
1497 4859 1871 4928 conjunctione
1894 4859 2195 4930 bujusmodi

619 4947 919 5002 intellectus
947 4947 1038 5014 ﬁt,
1070 4951 1129 5003 in
1156 4965 1263 5018 quo
1289 4950 1372 5004 vel
1402 4949 1605 5003 falsitas
1644 4952 1810 5019 possit
1839 4967 1960 5006 esse
1992 4954 2071 5007 vel
2103 4968 2198 5007 ve-

618 5043 766 5096 ritas.
786 5041 927 5110 Ergo
946 5041 1392 5109 quanadmednm
1417 5043 1471 5095 in
1504 5044 1773 5098 intellectu
1799 5054 1922 5096 sunt
1944 5043 2193 5112 «iniseriam

618 5130 903 5197 aliquoties
928 5132 1188 5200 simplicia
1210 5145 1341 5185 vero
1361 5129 1599 5199 iaisoqae
1620 5135 1876 5198 carentia,
1908 5133 2197 5202 aliquaties

619 5232 794 5280 autem
832 5237 951 5277 eum
978 5224 1085 5289 iam
1112 5236 1332 5278 accmse
1360 5231 1443 5278 est
1470 5232 1563 5277 aut
1590 5222 1867 5277 veritatem
1903 5224 2082 5279 inesse
2113 5225 2195 5277 in-

619 5313 853 5368 tellectui
880 5324 967 5367 aut
994 5314 1301 5380 falsitatem,
1325 5314 1404 5367 sic
1429 5321 1512 5373 est
1537 5312 1699 5368 etiam
1723 5313 1774 5367 in
1803 5329 1954 5370 voce.
1986 5315 2118 5369 Nam
2148 5316 2197 5369 si

587 5406 913 5473 .simplicem
952 5407 1278 5465 intellectum
1320 5422 1448 5463 vero
1493 5407 1733 5477 falsoque
1778 5420 2047 5464 carentem
2088 5423 2196 5467 vos

622 5500 903 5568 prmierat,
936 5502 1047 5570 ipsa
1076 5517 1287 5572 quoque
1319 5516 1423 5556 vos
1454 5516 1485 5556 a
1512 5503 1732 5555 veritate
1771 5513 1823 5556 et
1851 5502 2081 5557 falsitate
2107 5518 2198 5559 re-

621 5591 897 5660 linquitur.
941 5594 1097 5659 Quod
1134 5596 1177 5649 si
1218 5594 1521 5663 bujusmodi
1562 5594 1798 5663 proferat
1840 5596 2195 5662 intellectum,

618 5695 707 5749 qut
738 5684 788 5736 in
813 5699 871 5739 se
899 5699 1083 5739 verum
1106 5685 1363 5743 falsumve
1386 5687 1676 5748 contineat,
1702 5688 1815 5755 ipsa
1845 5701 2054 5756 quoque
2079 5686 2196 5740 veri
2233 5731 2235 5734 .

620 5772 841 5839 Ialsique
862 5774 1057 5829 retinet
1073 5776 1535 5844 significationem.
1561 5779 1747 5832 Docuit
1770 5787 1943 5833 autem
1971 5793 2064 5847 per
2087 5777 2197 5833 boc'

618 5856 760 5935 quod
796 5865 911 5920 ait:
952 5864 1107 5921 Circa
1143 5869 1585 5937 compositionem
1618 5871 1759 5925 cnim
1790 5879 1845 5927 et
1873 5868 2209 5959 divisionem.

1837 366 1947 422 ΔΝ.
1989 365 2198 422 MANL.
2237 362 2392 424 BEV.
2431 366 2652 422 BOETII

527 530 529 532 .
610 480 787 537 eundo
818 493 946 534 vero
975 478 1093 531 loco
1120 491 1227 533 res.
1243 476 1347 532 Sed
1372 477 1673 532 intellectus
1698 478 1977 547 passiones
1996 480 2189 534 animae
2217 482 2271 547 Α
2292 489 2374 536 est
2402 478 2598 535 veritas
2630 477 2958 549 l‘alsitasque,
2986 478 3039 532 in
3068 490 3171 546 qua
3199 474 3499 545 prolatione
3521 475 3671 531 vocis
3694 490 3883 531 enun-r

3766 364 3868 421 $00

2297 572 2544 627 tiationes
2576 584 2854 639 possumus
2886 570 3145 625 invenire.
3195 569 3416 636 Quoties
3445 568 3593 624 enim
3628 569 3869 625 substan-

2292 663 2417 716 tiam
2446 678 2564 717 cum
2595 662 2869 718 accidente
2892 661 3264 731 conjungimus
3288 671 3448 731 atque
3478 662 3871 729 componimus,

2294 756 2377 810 vel
2410 755 2737 810 intellectum
2771 755 3063 809 intellectui
3092 754 3426 823 copula’mus,
3450 763 3508 808 ut
3537 752 3649 807 fieri
3682 767 3874 821 propo-

2294 846 2416 900 sitio
2448 845 2617 915 possit
2656 847 2705 899 iu
2744 847 3091 917 cogitatione,
3138 854 3265 900 tunc
3296 846 3350 899 fit
3378 845 3520 903 idem
3550 845 3602 900 in
3630 859 3784 899 voce.
3812 842 3877 898 Et

2294 945 2375 990 est
2416 950 2556 991 nunc
2597 936 2904 1002 affirmatio,
2965 945 3071 991 ut:
3127 936 3295 991 Ilomo
3345 936 3536 990 currit.
3592 934 3876 989 liomiuem

2295 1029 2489 1096 quippe
2513 1042 2833 1097 cursumque
2857 1027 3156 1094 composuit
3179 1036 3335 1096 atque
3355 1024 3651 1097 conjunxit,
3673 1033 3728 1079 et
3754 1023 3879 1078 inde

2296 1116 2586 1172 affirmatio
2623 1127 2743 1173 nata
2797 1126 2881 1173 est
2920 1119 3199 1173 veritatem
3224 1119 3506 1172 continens
3544 1115 3628 1171 vel
3660 1116 3879 1188 menda-

2296 1209 2460 1263 cium.
2494 1209 2643 1265 Nunc
2676 1226 2806 1265 vero
2836 1210 3068 1280 negatio,
3104 1208 3149 1263 si
3180 1210 3303 1264 huic
3332 1209 3643 1264 adverbium
3676 1207 3879 1278 negati-

2297 1315 2422 1353 vum
2450 1314 2553 1353 non
2577 1299 2829 1369 junxero,
2862 1309 2914 1355 et
2941 1297 3291 1356 substantiam
3321 1303 3385 1354 ab
3426 1301 3701 1355 accidente
3740 1296 3880 1353 (ιίνί-

2301 1403 2423 1445 sero
2448 1401 2607 1461 atque
2632 1391 2939 1461 disjunxero
2960 1432 2978 1459 ,
3014 1400 3073 1448 ut
3099 1402 3181 1446 est
3215 1410 3227 1444 :
3262 1390 3432 1445 llomo
3464 1406 3571 1445 non
3601 1392 3789 1455 currit,
3827 1388 3881 1447 id

2300 1496 2404 1535 non
2429 1482 2569 1548 quod
2593 1491 2671 1537 est
2696 1482 3007 1539 adverbium
3030 1484 3361 1553 negativum,
3385 1484 3653 1539 hominem
3676 1497 3704 1535 a
3727 1496 3881 1540 cursu

2301 1571 2479 1627 divisit
2506 1583 2663 1642 atque
2692 1573 2972 1641 disjunxit,
3003 1572 3250 1645 factaque
3274 1584 3357 1629 est
3386 1575 3507 1628 inde
3535 1574 3747 1644 negatio
3770 1588 3883 1627 rur-

2302 1679 2393 1719 sus
2434 1665 2717 1719 veritatem
2757 1666 3111 1721 falsitatemve
3152 1665 3478 1734 significans.
3514 1664 3677 1718 Recte
3716 1662 3883 1733 igitur

2302 1754 2499 1809 dictum
2524 1765 2607 1810 est
2625 1756 2767 1810 circa
2793 1758 3234 1826 compositionem
3277 1757 3417 1824 quod
3462 1766 3545 1809 est
3574 1754 3882 1821 affirmatio,

2231 1879 2281 1941 Β
2307 1846 2390 1899 vel
2417 1843 2733 1900 divisionem
2755 1845 2897 1916 quod
2920 1854 3005 1902 est
3024 1846 3254 1917 negatio,
3273 1847 3510 1902 veritatis
3533 1847 3883 1918 falsitatisque

2308 1944 2556 1990 constare
2585 1943 2847 1990 naturam.

2376 2027 2605 2083 Nomina
2640 2027 2798 2102 igitur
2838 2031 2953 2097 ipsa
2991 2039 3040 2084 et
3081 2030 3232 2084 verba
3260 2030 3550 2085 consimilia
3594 2041 3732 2097 sunt,
3776 2032 3884 2087 sine

2302 2120 2670 2190 compositione
2713 2120 2791 2175 t'el
2834 2119 3078 2175 divisione
3124 2118 3437 2185 intellectui,
3490 2131 3544 2174 ut
3587 2120 3759 2187 homo,
3808 2122 3884 2177 vel

2302 2211 2500 2277 album,
2530 2213 2738 2280 quando
2767 2227 2868 2266 non
2894 2212 3100 2267 additur
3122 2212 3342 2284 aliquid,
3373 2229 3533 2285 neque
3556 2214 3688 2268 enim
3719 2230 3886 2272 verum

2303 2312 2391 2356 aut
2422 2301 2610 2372 falsum
2634 2314 2727 2355 est.
3497 2312 3503 2321 ‘

2374 2392 2526 2449 Nunc
2552 2393 2677 2464 quid
2709 2394 2781 2448 sit
2810 2392 3111 2451 intellectus
3136 2393 3252 2451 sine
3274 2408 3401 2449 vero
3426 2394 3512 2450 vel
3541 2393 3677 2449 falso
3708 2393 3885 2450 conti-

2305 2493 2465 2538 nuata
2514 2485 2757 2540 oratione
2800 2484 3159 2556 prosequitur.
3191 2485 3265 2541 Ea
3311 2486 3475 2553 enim,
3530 2486 3719 2557 inquit,
3768 2501 3887 2558 quae

2306 2573 2571 2642 simplicia
2601 2573 2872 2639 dicuntur,
2918 2574 3111 2629 similia
3148 2582 3273 2629 sunt
3309 2576 3638 2645 simplicibus
3680 2576 3886 2632 intelle~

2307 2667 2500 2730 ctibus,
2524 2668 2611 2736 qui
2634 2667 2749 2722 sine
2773 2667 2876 2721 ulla
2906 2668 3293 2737 compositione
3316 2669 3399 2724 vel
3425 2668 3705 2735 divisione,
3722 2668 3887 2723 animi

2308 2772 2445 2828 puro
2471 2756 2751 2827 Capiuntur
2791 2759 3003 2813 intuitu.
3052 2755 3186 2813 Cum
3212 2758 3352 2814 enim
3386 2758 3547 2815 homo
3576 2760 3656 2815 vel
3686 2759 3886 2824 album,

2309 2848 2423 2917 ipsa
2454 2849 2667 2918 quidem
2695 2848 2957 2919 simplicia
2979 2850 3105 2915 sint,
3121 2858 3174 2903 et
3194 2848 3499 2919 significent
3518 2850 3738 2921 aliquid,
3759 2848 3887 2908 nihil

2310 2948 2488 2994 tamen
2518 2956 2693 3008 neque
2719 2955 2904 2995 verum
2938 2955 3110 3011 neque
3138 2939 3329 2995 falsum
3362 2938 3665 3011 designant.
3720 2942 3888 2999 Omne

2308 3031 2449 3085 enim
2479 3030 2706 3099 simplex
2746 3044 2938 3085 nomen
2968 3031 3054 3085 vel
3098 3031 3317 3085 verbum
3346 3046 3377 3087 a
3405 3033 3630 3087 veritate
3657 3042 3712 3089 et
3741 3031 3887 3087 falsi-

2311 3128 2416 3175 tate
2443 3120 2752 3175 secluditur.
2785 3120 2959 3191 Atque
2990 3120 3108 3177 ideo
3153 3123 3429 3192 (quoniam
3458 3131 3516 3178 ut
3551 3125 3751 3180 dictum
3786 3123 3889 3198 est)

2307 3224 2641 3282 qua-cunque
2684 3220 2808 3266 sunt
2836 3210 2890 3265 in
2918 3213 3168 3279 vocibus,
3214 3213 3516 3281 significant
3544 3208 3737 3270 animze
3768 3231 3889 3289 pas-

2308 3304 2510 3371 siones,
2540 3303 2813 3373 simplices
2843 3318 3023 3369 voces,
3051 3315 3105 3359 et
3136 3303 3253 3361 sine
3280 3306 3671 3376 compositione
3702 3305 3785 3361 vel
3812 3304 3889 3363 di.

2307 3392 2537 3458 visione,
2567 3392 2773 3450 similes
2792 3401 2917 3449 sunt
2942 3393 3026 3449 bis
3053 3395 3412 3452 intellectibus
3443 3412 3575 3468 quos
3600 3398 3718 3454 sine
3742 3413 3889 3453 coma

2308 3490 2572 3559 positione
2598 3498 2652 3545 et
2678 3488 2943 3544 divisione
2981 3490 3210 3560 simplex
3254 3490 3600 3561 intelligentia
3634 3490 3891 3562 concipit.

2309 3580 2366 3636 in
2392 3580 2478 3637 bis
2505 3583 2646 3636 enim
2681 3591 2841 3653 atque
2866 3580 2917 3636 in
2950 3581 3255 3650 bujusmodi
3285 3583 3428 3645 nulla
3457 3598 3628 3654 neque
3664 3583 3888 3652 veritas,

2308 3689 2483 3743 neque
2510 3674 2712 3729 falsitas
2756 3672 3058 3741 invenitur;
3100 3676 3203 3731 nisi
3230 3676 3371 3731 enim
3411 3674 3609 3746 aliquid
3642 3674 3888 3744 addatur,

2308 3777 2367 3821 ut
2408 3766 2460 3822 id
2502 3766 2641 3837 quod
2677 3767 2904 3837 simplex
2948 3766 3225 3837 intelligis,
3266 3768 3350 3823 vel
3380 3783 3476 3839 per
3499 3783 3561 3824 se
3597 3767 3892 3827 constituas

2312 3872 2455 3926 esse,
2490 3859 2577 3914 vel
2612 3859 2662 3914 ei
2691 3858 2889 3929 aliquid
2917 3859 3211 3914 secundum
3242 3874 3363 3915 esse
3382 3860 3699 3931 coniungas,
3723 3859 3775 3915 in
3807 3858 3892 3916 bis

2308 3948 2505 4003 veritas
2531 3957 2583 4003 et
2608 3947 2808 4003 falsitas
2831 3962 2937 4003 non
2961 3950 3085 4004 erit.
3112 3948 3246 4005 Cum
3270 3950 3411 4005 enim
3437 3948 3748 4019 simpliciter
3770 3950 3892 4005 dico

2312 4037 2491 4101 homo,
2538 4039 2582 4092 si
2619 4054 2724 4092 non
2757 4036 2957 4108 aliquid
3001 4037 3274 4103 addidero,
3329 4049 3386 4094 ut
3426 4041 3646 4095 verbum
3692 4036 3813 4108 Est,
3839 4049 3892 4099 et

2314 4130 2405 4184 fiat
2432 4130 2735 4199 bujusmodi
2767 4130 3117 4200 compositio:
3145 4131 3314 4185 liomo
3340 4141 3422 4186 est
3443 4174 3457 4197 ,
3479 4132 3560 4187 vel
3592 4132 3891 4199 huiusmodi

2310 4219 2532 4286 aliquid,
2566 4228 2623 4274 ut
2653 4236 2668 4274 :
2705 4220 2871 4274 Ilomo
2900 4220 3051 4288 vivit,
3079 4220 3223 4289 quod
3262 4220 3401 4273 idem
3434 4222 3593 4287 valet,
3630 4230 3883 4290 tanquam

2312 4311 2357 4363 si
2389 4310 2562 4364 diram
2588 4329 2601 4364 :
2634 4311 2805 4365 Homo
2831 4311 3016 4365 vivens
3058 4320 3170 4375 est;
3202 4324 3331 4379 ergo
3358 4310 3459 4363 nisi
3483 4310 3681 4380 aliquid
3706 4311 3890 4380 hujus-

2310 4402 2455 4456 modi
2487 4402 2645 4458 fuerit
2669 4404 3001 4470 adjunctum,
3031 4403 3171 4472 quod
3196 4402 3516 4457 intellectam
3547 4417 3662 4458 rem
3688 4404 3771 4460 vel
3796 4419 3891 4475 per

2310 4507 2373 4547 se
2411 4508 2535 4548 esse
2571 4495 2876 4559 constituat,
2918 4504 2975 4547 ut
3005 4512 3018 4546 :
3055 4491 3224 4547 liomo
3254 4502 3356 4557 est,
3385 4507 3504 4548 cum
3535 4492 3677 4559 dico,
3713 4510 3805 4566 per
3834 4509 3891 4555 se

2310 4585 2582 4641 hominem
2622 4601 2744 4642 esse
2784 4586 3078 4656 designavi,
3125 4587 3209 4641 vel
3243 4587 3427 4655 juncto
3468 4588 3743 4645 accidente
3789 4588 3893 4650 tale
3934 4596 3941 4597 “

2227 4655 2282 4727 Β
2305 4678 2507 4749 al‘quid
2535 4689 2854 4749 apponatur,
2880 4655 3021 4749 quod
3053 4678 3192 4733 Idem
3225 4680 3273 4732 ei
3304 4679 3444 4749 quod
3473 4689 3555 4735 est
3580 4681 3894 4752 esse'signi-

2307 4772 2450 4837 licet,
2481 4780 2541 4827 ut
2568 4782 2651 4827 est
2686 4789 2702 4825 :
2756 4771 2928 4826 Homo
2963 4771 3111 4825 vivit.
3144 4768 3265 4824 Vita
3292 4770 3434 4824 enim
3472 4770 3675 4827 homini
3707 4771 3892 4842 juncta

2300 4873 2408 4929 est,
2441 4872 2497 4918 et
2537 4865 2668 4918 vivit
2717 4863 2860 4918 idem
2900 4862 3166 4931 significat
3205 4861 3345 4929 quod
3374 4861 3560 4916 vivens
3597 4846 3704 4930 est,
3749 4862 3893 4921 nulla

2306 4957 2507 5010 veritas
2535 4971 2637 5012 nec
2667 4955 2871 5010 falsitas
2894 4956 3037 5010 valet
3063 4953 3303 5021 intelligi.
3353 4953 3466 5010 Hoc
3491 4964 3669 5011 autem
3689 4968 3891 5012 conve-

2305 5046 2642 5102 nientissima
2664 5054 2928 5101 monstrat
2954 5044 3225 5115 exemplo.

2383 5137 2603 5208 Signum
2623 5144 2792 5190 autem
2814 5139 2967 5208 hujus
2988 5149 3078 5199 est,
3097 5138 3281 5190 etenim
3303 5136 3620 5191 hirroeertnrs
3640 5135 3897 5207 signiﬁcat

2309 5230 2514 5299 quidem
2536 5229 2754 5298 aliquid,
2781 5230 2869 5283 sed
2893 5232 3033 5299 quod
3063 5231 3294 5285 nondum
3315 5244 3487 5285 verum
3514 5227 3595 5283 vel
3614 5229 3829 5300 falsum,
3852 5231 3898 5286 si

2312 5336 2413 5375 non
2442 5338 2569 5387 esse,
2600 5321 2679 5376 vel
2702 5336 2805 5375 non
2830 5337 2960 5388 esse,
2991 5323 3238 5391 addatur,
3266 5321 3346 5378 vel
3371 5321 3688 5392 simpliciter,
3718 5320 3797 5375 vel
3816 5332 3894 5375 se-

2310 5412 2533 5467 cundum
2561 5425 2774 5485 terimus.
3962 5437 3970 5477 ί

2382 5506 2621 5575 Magnam
2661 5507 2767 5561 vim
2807 5505 2970 5563 habet
2994 5507 3226 5577 exempli
3252 5506 3411 5575 hujus
3450 5504 3735 5562 subtilitas.
3776 5501 3890 5559 Non

2306 5600 2453 5652 enim
2474 5601 2584 5654 sola
2609 5600 2695 5654 illa
2722 5602 2939 5655 nomina
2966 5599 3049 5654 vel
3080 5601 3241 5654 verba
3270 5598 3507 5654 falsitate
3526 5614 3588 5653 ac
3614 5593 3894 5653 mendacio

2306 5702 2553 5759 separata
2578 5701 2723 5753 sunt,
2761 5706 3090 5761 quaecunque
3124 5690 3385 5761 simplicia
3416 5698 3561 5755 sunt,
3604 5688 3700 5743 sed
3727 5685 3889 5742 etiam

2304 5783 2394 5837 illa
2426 5797 2753 5852 quascunque
2778 5795 2900 5838 sunt
2927 5783 3223 5852 composita
3246 5820 3261 5848 ,
3293 5781 3339 5837 si
3379 5781 3484 5835 sint
3514 5779 3650 5836 dicta
3686 5776 3888 5844 simpli-

2304 5875 2461 5931 citer.
2481 5875 2836 5931 Hircocervus
2852 5876 2993 5930 enim
3016 5875 3368 5957 compositum
3391 5882 3587 5930 nomon
3604 5876 3705 5934 est,
3726 5860 3866 5933 signi
