4280 6268
406 293 501 352 301

1194 297 1257 354 IN
1295 296 1548 356 LIBRUM
1586 295 1676 355 ne
1715 292 2357 360 INTERPRETATIDNE
2396 303 2624 367 como
2665 314 2877 397 PRIMA
2918 340 2921 345 λ

3528 280 3533 285 ⁷
3565 314 3671 382 3t)!

402 412 569 467 ﬁcans
595 409 808 469 hircum
836 424 891 469 et
915 428 1152 471 cervum.
1176 414 1285 471 Sed
1318 416 1415 470 nisi
1438 417 1487 470 el
1509 426 1599 470 aut
1626 430 1745 471 esse
1767 424 1857 469 aut
1878 429 1983 471 non
2011 416 2067 477 Α
2092 420 2409 476 naturaliter
2428 434 2629 493 essent,
2654 430 3097 497 quemadmodum
3116 447 3179 489 ea
3200 446 3319 506 quae
3341 431 3519 493 dulcia
3545 450 3673 496 sunt

402 521 525 561 esse
549 508 799 577 addatur,
838 519 897 565 ut
924 511 1162 566 dicamus
1190 511 1526 566 hircoeervus
1552 520 1656 576 est,
1685 510 1767 565 vel
1809 509 1989 565 hirco-

404 613 595 654 cervus
637 615 744 655 non
792 610 891 669 est,
927 602 1103 657 nullus
1144 601 1267 658 inde
1301 603 1410 657 veri
1457 602 1642 657 falsive
1684 601 1983 658 intellectus

403 695 599 760 poterit
627 695 928 763 provenire.
988 695 1164 761 Ipsum
1210 694 1352 749 enim
1391 698 1691 765 quanquam
1731 696 1800 749 sit
1839 711 1987 749 com-

403 787 656 853 positum,
699 795 871 841 tamen
918 786 1232 856 simpliciter
1258 787 1481 850 dictum,
1513 789 1726 844 veritati
1768 789 1848 843 vel
1886 788 1986 843 fal-

393 876 541 937 sitati
571 878 865 946 proximum
898 894 1000 931 non
1032 887 1135 932 est.
1184 878 1239 931 Si
1270 880 1387 947 quis
1419 879 1561 933 enim
1607 880 1982 947 dzcattantum

402 965 762 1035 hircocervus,
811 969 942 1023 nihil
983 969 1246 1024 enuntiat.
1290 970 1441 1034 Quod
1479 972 1525 1026 si
1566 972 1695 1025 nihil
1740 974 1982 1027 enuntiat

400 1067 589 1125 pra-ter
607 1061 883 1116 veritatem
903 1060 1317 1132 falsitatemque,
1334 1062 1599 1131 quoddam
1621 1064 1977 1132 compositum

393 1147 675 1217 designans
701 1165 897 1205 nomen
927 1152 1140 1207 auditor
1168 1152 1435 1223 intelligit.
1462 1152 1615 1221 Quod
1642 1169 1770 1208 vero
1798 1153 1873 1208 ait
1893 1156 1977 1210 vel

392 1240 702 1306 simpliciter
740 1241 830 1296 vel
873 1244 1164 1297 secundum
1198 1234 1429 1312 tempus,
1480 1244 1547 1297 ad
1587 1246 1688 1299 hoc
1716 1245 1875 1311 valet,
1909 1262 1977 1302 ne

390 1339 700 1408 putaremus
722 1339 854 1387 tunc
875 1334 989 1387 ﬁeri
1009 1335 1182 1388 solum
1206 1337 1273 1387 de
1294 1334 1509 1388 nomine
1529 1336 1968 1393 enuntiationem.

388 1419 521 1475 Cum
549 1424 598 1475 ei
634 1439 871 1487 praesens
904 1437 1112 1495 tempus
1146 1427 1414 1495 adiicitur,
1458 1440 1515 1484 ut
1544 1446 1663 1484 cum
1693 1431 1919 1487 dicimus
1955 1451 1971 1488 :

391 1506 747 1567 Hircocervus
767 1526 872 1581 est,
905 1520 990 1570 vel
1026 1518 1369 1573 hircocervus
1400 1536 1504 1574 non
1537 1530 1638 1587 est,
1673 1524 1721 1577 in
1756 1523 1836 1578 his
1856 1524 1968 1593 jam

387 1604 584 1657 veritas
620 1613 700 1660 est
748 1620 837 1661 aut
879 1608 1106 1667 falsitas.
1137 1611 1239 1666 Sed
1283 1627 1384 1686 non
1424 1614 1594 1666 solum
1643 1617 1685 1669 si
1734 1631 1967 1685 praesens

384 1701 595 1762 tempus
617 1696 861 1765 designet
890 1702 1204 1768 propositio,
1231 1704 1323 1755 sed
1345 1705 1504 1758 etiam
1533 1706 1575 1760 si
1610 1707 1962 1773 prmlcrilum,

2093 513 2229 579 apud
2254 511 2547 580 Romanos,
2567 533 2670 572 non
2697 522 2883 575 eadem
2908 535 3031 579 sunt
3050 526 3188 595 apud
3217 527 3443 600 Scythas
3465 544 3668 600 amara,

2090 618 2189 658 nec
2216 605 2387 671 acida,
2437 608 2529 662 sed
2565 610 2704 679 apud
2753 612 2894 679 ipsos
2936 632 3148 687 quoque
3186 620 3381 689 dulcia,
3426 632 3485 679 et
3529 626 3671 694 apud

2089 710 2276 751 omnes
2315 708 2501 767 gentes
2531 710 2656 756 sunt
2684 703 2872 759 eodem
2918 709 3095 763 modo.
3137 709 3207 764 Ita
3247 730 3459 785 quoque
3488 718 3670 773 omnis

2089 786 2303 840 nomina
2335 788 2381 841 si
2410 791 2727 847 naturaliter
2749 804 2949 857 essent,
2975 797 3176 853 eisdem
3210 818 3396 859 omnes
3425 804 3671 861 homines

2088 886 2391 933 uterentur.
2432 880 2608 947 Quare
2649 885 2899 952 quoniam
2943 890 3154 942 nomina
3202 895 3514 950 naturaliter
3561 914 3666 953 non

2086 978 2227 1035 sunt,
2264 985 2359 1023 nec
2389 972 2701 1028 naturaliter
2730 975 3050 1043 significant,
3094 982 3385 1036 secundum
3420 986 3667 1053 placitum

2084 1070 2230 1124 sunt,
2262 1062 2463 1115 scilic-‘t
2492 1066 2799 1132 ponentium
2828 1080 2987 1138 atque
3013 1080 3313 1138 auctorum,
3344 1083 3397 1128 ct
3425 1092 3451 1127 a
3475 1079 3667 1143 quibus

2084 1152 2299 1206 nomina
2338 1154 2445 1217 ii-sa
2490 1155 2648 1209 rebus
2691 1159 2951 1223 impressa
2994 1173 3137 1215 sunt.
3180 1163 3271 1218 Est
3311 1178 3438 1234 ergo
3472 1183 3666 1229 nomen

2084 1258 2186 1297 vox
2211 1243 2557 1312 signiﬁcativa
2587 1249 2878 1303 secundum
2913 1251 3181 1321 placitum.
3212 1254 3517 1311 Secundum
3551 1260 3666 1329 pla-

2079 1336 2245 1389 citum
2294 1348 2468 1391 autem
2518 1340 2942 1411 positionemqne
2979 1344 3393 1414 significantium
3444 1365 3659 1422 vocum,

2077 1429 2196 1483 alia:
2239 1441 2446 1496 tempus
2476 1446 2656 1487 secum
2700 1436 2763 1486 ad
2797 1433 3238 1504 significationem
3275 1444 3509 1505 trahunt,
3541 1444 3663 1502 alite

2078 1534 2271 1593 prater
2301 1534 2509 1593 tempus
2536 1524 2912 1593 prtedicantur.
2938 1526 3170 1596 Tetn'pus
3200 1546 3380 1585 secum
3415 1535 3658 1603 trahunt,

2076 1628 2131 1673 ut
2152 1627 2234 1673 est
2260 1635 2417 1673 curro
2443 1629 2495 1673 et
2521 1620 2667 1688 lego,
2702 1620 2785 1673 vel
2814 1623 3026 1675 CUClll‘li
3057 1632 3111 1676 et
3153 1622 3288 1693 legi,
3322 1635 3374 1679 et
3401 1642 3658 1696 quaecun-

2071 1728 2177 1779 que
2200 1723 2324 1767 sunt
2347 1715 2525 1768 verba.
2544 1714 2713 1769 Omne
2737 1714 2874 1768 r-nim
2905 1716 3121 1770 verbum
3146 1732 3263 1771 cum
3292 1728 3533 1790 tempore
3553 1733 3655 1779 est.

380 1795 437 1839 ut
464 1785 508 1839 si
536 1788 655 1855 quis
685 1788 828 1843 dicat
858 1808 871 1843 :
909 1790 1262 1848 Hircticervus
1291 1793 1409 1860 fuit;
1444 1797 1527 1850 vel
1557 1795 1815 1865 futurum,
1840 1808 1896 1853 ut
1918 1799 1964 1852 si
1995 1805 2045 1865 Β
2073 1800 2296 1857 Nomina
2341 1818 2468 1858 vero
2513 1805 2628 1858 sine
2671 1814 2910 1874 tempore
2951 1816 3094 1860 sunt.
3128 1805 3261 1862 Cum
3299 1811 3441 1864 enim
3485 1812 3605 1869 dico
3638 1833 3654 1870 :

379 1876 499 1943 quis
546 1877 688 1933 dicat
726 1894 740 1933 :
775 1879 1125 1937 llircocervus
1180 1882 1301 1950 erit,
1351 1886 1769 1942 enuntiationem
1815 1888 1955 1943 facit.

380 1963 523 2036 Ergo
553 1969 653 2023 hoc
682 1979 764 2024 est
797 1971 934 2040 quod
973 1974 1048 2027 ait
1083 1974 1165 2029 vel
1201 1975 1517 2045 simpliciter
1548 1978 1631 2033 vel
1663 1981 1960 2036 secundum

377 2066 612 2127 tempus,
643 2060 943 2129 huiusmodi
973 2066 1113 2120 enim
1145 2068 1462 2137 simpliciter
1496 2071 1631 2126 facta
1664 2074 1960 2129 enuntiatio

376 2150 668 2212 secundum
699 2166 936 2221 praesens
973 2164 1078 2211 est.
1122 2157 1329 2213 Etenim
1371 2161 1510 2230 quod
1560 2175 1795 2231 prasens
1831 2164 1963 2219 dici-

372 2252 514 2305 mus,
540 2251 747 2311 tempus
768 2260 870 2299 nou
895 2255 996 2313 est,
1023 2247 1118 2303 sed
1142 2249 1429 2305 conﬁnium
1454 2260 1776 2321 temporum.
1801 2252 1958 2309 Tem-

371 2346 471 2402 pus
500 2344 675 2390 autem
698 2346 780 2391 est
808 2338 1151 2394 autfulurum
1184 2353 1273 2395 aut
1297 2343 1623 2410 praeteritum
1649 2361 1664 2411 ;
1694 2360 1822 2415 ergo
1852 2360 1959 2401 non

372 2434 550 2493 potest
578 2426 630 2480 in
659 2442 724 2481 eo
754 2430 894 2498 quod
923 2442 1006 2485 est
1038 2432 1382 2488 hircocervus
1409 2435 1605 2489 veritas
1634 2445 1725 2490 aut
1757 2436 1959 2493 falsitas

368 2510 617 2581 inveniri,
645 2516 748 2572 nisi
774 2520 821 2573 ei
854 2530 945 2575 aut
984 2534 1106 2577 esse
1146 2532 1235 2577 aut
1286 2539 1396 2578 non
1435 2539 1556 2581 esse
1596 2526 1844 2595 addatur,
1876 2530 1958 2584 vel

369 2622 603 2677 prtesens
632 2611 959 2682 significans,
984 2615 1126 2686 quod
1156 2627 1239 2672 est
1262 2619 1605 2690 simpliciter,
1628 2622 1717 2677 vel
1745 2632 1956 2695 tempus

369 2702 509 2771 quod
537 2714 612 2758 est
647 2707 971 2773 prteteritum
1005 2720 1096 2764 aut
1127 2712 1383 2766 futurum.
1427 2711 1485 2769 Si
1526 2714 1647 2785 quis
1688 2717 1830 2772 enim
1875 2720 1955 2774 sic

371 2791 511 2847 dicat
541 2811 555 2848 :
596 2793 955 2852 Hircoeervus
981 2808 1085 2865 est,
1125 2801 1441 2870 simpliciter
1478 2803 1633 2871 dixit,
1680 2807 1729 2860 id
1759 2816 1844 2862 est
1869 2823 1955 2864 se-

366 2885 596 2940 cundum
643 2902 899 2956 praesens.
942 2890 997 2946 Si
1042 2892 1163 2961 quis
1202 2903 1405 2962 autem,
1448 2895 1802 2954 flircocervus
1851 2902 1954 2956 erit

365 2974 449 3031 vel
499 2975 643 3044 fuit,
709 2981 1002 3036 secundum
1058 2992 1310 3053 tempus,
1358 2986 1590 3043 futurum
1650 2990 1847 3047 scilicet
1897 3002 1955 3047 et

366 3069 712 3137 prmteritum.
747 3071 870 3127 llmc
901 3074 1061 3142 igitur
1089 3091 1211 3145 quze
1246 3089 1402 3133 erant
1429 3082 1576 3134 utilia
1602 3083 1946 3151 przelocutus,

2070 1892 2342 1957 Socrates,
2389 1894 2474 1948 vel
2519 1882 2690 1964 Plato,
2736 1894 2816 1949 vel
2862 1896 3070 1961 albedo,
3115 1898 3197 1952 vel
3238 1899 3432 1968 aliquid
3475 1902 3655 1972 huius.

2068 1984 2234 2047 modi,
2264 1983 2593 2053 temporibus
2621 1995 2823 2040 carent.
2857 1987 3061 2043 Nomen
3093 2004 3221 2058 ergo
3248 2007 3347 2046 vox
3379 2001 3462 2047 est
3490 1995 3655 2065 signi-

2065 2076 2276 2130 ﬁcatlva
2325 2077 2617 2133 secundum
2668 2078 2919 2147 placitum
2974 2082 3090 2137 sine
3141 2094 3400 2156 tempore.
3449 2086 3653 2147 Vocum

2066 2166 2537 2235 significativarum
2588 2169 2881 2223 secundum
2930 2170 3180 2241 placitum
3224 2174 3340 2231 sine
3388 2186 3652 2249 tempore,

2065 2257 2187 2311 alia:
2215 2267 2336 2312 sunt
2357 2274 2581 2329 quarum
2596 2271 2781 2328 partes
2803 2260 2999 2329 aliquid
3024 2273 3172 2317 extra
3198 2265 3653 2335 signiﬁcant,alia

2065 2364 2292 2419 quarum
2332 2359 2509 2419 partes
2545 2361 2699 2406 extra
2743 2352 2873 2407 nihil
2915 2355 3214 2425 designant.
3252 2356 3381 2414 Haec
3419 2376 3650 2434 namque

2064 2453 2190 2503 vox,
2223 2455 2340 2509 qua:
2369 2450 2473 2506 est,
2500 2442 2746 2497 Sor-rates
2776 2458 2895 2496 cum
2914 2444 3131 2500 Platone
3157 2446 3380 2520 aliisque
3410 2450 3651 2525 discipu-

2066 2530 2154 2600 lis,
2180 2547 2299 2601 qute
2323 2540 2405 2587 est
2435 2534 2626 2599 oratio,
2660 2544 2713 2587 et
2743 2534 3089 2603 signiﬁcativa
3132 2549 3236 2608 est,
3268 2551 3321 2596 et
3351 2543 3650 2602 secundum

2064 2621 2341 2690 placitum.
2393 2620 2578 2677 Partes
2617 2637 2845 2692 namque
2885 2624 3051 2695 ipsius
3086 2643 3206 2700 quae
3243 2641 3366 2687 sunt
3406 2635 3648 2707 nomina,

2063 2713 2356 2769 secundum
2384 2715 2631 2783 placitum
2654 2724 2798 2780 sunt,
2817 2726 2874 2771 et
2898 2720 3014 2773 sine
3036 2728 3297 2792 tempore.
3318 2723 3470 2782 Nulla
3496 2744 3647 2786 nam-

2061 2821 2167 2877 que
2197 2808 2248 2860 in
2280 2822 2342 2861 ea
2371 2821 2439 2862 ne
2473 2805 2783 2877 imaginatio
2811 2807 3024 2879 quidem
3056 2815 3310 2882 temporis
3352 2817 3644 2889 invenitur,

2065 2896 2158 2950 sed
2203 2895 2366 2951 habet
2408 2897 2510 2952 hoc
2550 2898 2690 2966 quod
2743 2909 2924 2966 partes
2965 2898 3083 2969 eius
3121 2910 3271 2957 extra
3317 2906 3644 2977 significant.

2060 2986 2191 3039 Tota
2225 3000 2453 3055 namque
2481 2988 2653 3041 oratio
2678 2996 2780 3055 est,
2808 2987 3059 3044 Socrates
3087 3004 3210 3047 cum
3239 2993 3461 3053 Platone
3488 2998 3640 3056 aliis-

2053 3070 2484 3143 quediscipulis;
2515 3075 2609 3129 sed
2639 3074 2756 3145 ejus
2786 3090 2910 3145 pars
2927 3077 3200 3149 Socrates,
3232 3083 3279 3138 si
3309 3099 3340 3139 ι
3372 3093 3481 3143 tota
3511 3102 3640 3146 ora-

367 3158 436 3215 ad
463 3158 823 3219 deﬁnitionem
847 3167 1101 3235 nominis,
1136 3167 1513 3239 disputationis
1532 3186 1693 3229 cursu
1715 3174 1943 3232 accedit.
1976 3188 2025 3253 ί]
2054 3178 2057 3207 ¹

1976 3188 2025 3253 Ε
2054 3165 2203 3219 tione
2232 3165 2495 3235 disiuncta
2523 3168 2615 3231 sit,
2642 3166 2907 3237 significat
2942 3169 3165 3243 aliquid.
3190 3171 3430 3232 Nominis
3460 3188 3640 3240 autem

948 3289 1037 3344 DE
1076 3289 1358 3346 NOMINE.

431 3394 485 3451 Ν
488 3413 634 3452 omen
653 3398 808 3469 igitur
824 3407 900 3455 est
920 3417 1018 3456 eoa:
1035 3403 1380 3473 signiﬁcation
1394 3407 1675 3460 secundum
1696 3408 1941 3478 placitum

358 3486 465 3547 sine
488 3494 887 3561 tempore,cttjtts
909 3489 1053 3546 nulla
1069 3509 1191 3561 pars
1209 3502 1284 3548 est
1305 3496 1663 3564 signiﬁcativa,
1680 3509 1939 3565 separata.

423 3579 611 3636 Omnis
649 3582 898 3640 difﬁnitio
940 3600 1140 3655 genere
1180 3601 1234 3642 et
1271 3586 1591 3644 differentiis
1642 3590 1937 3660 pt-rﬁcitur.

354 3670 593 3744 Sumpsit
633 3690 762 3746 ergo
796 3678 863 3732 ad
905 3678 1276 3735 difﬁnitionem
1316 3696 1501 3736 vocem
1543 3698 1664 3739 esse
1706 3686 1940 3741 nominis

352 3777 543 3833 genus.
577 3764 781 3821 Caetera
809 3783 936 3823 vero
958 3785 1077 3839 qua:
1104 3781 1386 3827 exsecutus
1413 3785 1517 3840 est,
1562 3790 1658 3843 pro
1685 3775 1941 3831 diﬁeren-

354 3855 447 3910 tiis
471 3857 792 3925 aggregavit.
828 3857 922 3913 Est
949 3869 1126 3917 autem
1168 3864 1325 3933 hujus
1364 3866 1577 3920 termini
1618 3867 1741 3921 talis
1768 3883 1936 3936 expo-

352 3945 483 4001 sitio
511 3962 527 4000 :
556 3946 760 4003 Nomen
790 3960 891 4018 est,
924 3952 1123 4022 inquit,
1158 3969 1281 4009 vox.
1311 3956 1418 4011 Sed
1455 3971 1643 4017 vocum
1672 3958 1793 4013 alia:
1816 3970 1938 4016 sunt

350 4053 473 4108 qua:
510 4039 833 4110 significant,
862 4044 979 4099 alia:
1021 4062 1139 4116 qua:
1178 4048 1309 4104 nihil
1352 4050 1679 4119 significant.
1727 4050 1934 4109 Nomen

346 4141 526 4203 autem
571 4133 832 4202 significat
880 4138 931 4191 id
972 4140 1122 4208 cujus
1160 4156 1354 4198 nomen
1393 4156 1499 4198 εει.
1528 4144 1733 4200 Nomen
1775 4145 1935 4216 igitur

345 4236 429 4280 est
474 4241 575 4280 vos
620 4227 989 4306 signiﬁcativa.
1033 4232 1236 4290 Vocum
1290 4236 1765 4304 signiﬁcativarum
1811 4238 1933 4293 alite

345 4328 473 4374 sunt
495 4322 825 4394 naturaliter,
859 4326 978 4382 alia:
1000 4343 1107 4383 non
1134 4330 1466 4385 naturaliter.
1500 4331 1822 4387 Naturaliter
1848 4342 1932 4387 est

347 4424 454 4465 vox
478 4414 845 4487 significativa,
874 4432 929 4473 ut
958 4435 1020 4475 ea
1052 4436 1172 4491 quat
1196 4423 1408 4478 dolores
1440 4424 1752 4478 naturaliter
1778 4440 1931 4479 mon-

342 4514 481 4559 .Itrat
516 4518 605 4561 aut
640 4512 853 4579 gaudia.
897 4513 1010 4567 Non
1054 4516 1370 4572 naturaliter
1408 4533 1534 4572 vero
1562 4518 1927 4589 significatino

2057 3268 2185 3326 pars
2199 3253 2327 3309 nihil
2359 3266 2508 3311 extra
2539 3257 2833 3325 signiﬁcat;
2862 3259 3028 3328 ipsius
3058 3262 3200 3317 enim
3228 3264 3462 3323 nominis
3489 3272 3637 3340 quod

2051 3355 2140 3402 est
2180 3346 2463 3413 Socrates,
2508 3349 2650 3418 quod
2694 3350 3018 3419 disiunctum
3068 3367 3097 3408 a
3145 3360 3257 3412 tota
3304 3360 3639 3424 connexione

2051 3437 2338 3505 significat,
2380 3447 2558 3507 partes
2599 3437 2728 3494 nihil
2766 3450 2918 3497 extra
2948 3440 3249 3514 designant.
3280 3445 3465 3518 Neque
3494 3450 3637 3511 enim

2052 3525 2151 3587 So,
2178 3539 2350 3595 neque
2373 3543 2481 3591 cra,
2507 3540 2788 3599 nequem,
2811 3531 3007 3599 aliquid
3029 3543 3224 3603 praeter
3248 3545 3415 3593 totum
3439 3554 3634 3604 nomen

2048 3624 2199 3667 extra
2224 3614 2524 3684 designant.
2549 3617 2727 3685 Quare
2749 3622 3046 3678 rectissime
3071 3624 3318 3683 difﬁaitio
3342 3630 3630 3687 constituta

2044 3714 2129 3761 est
2153 3723 2167 3759 :
2192 3706 2397 3763 Nomen
2426 3722 2549 3763 esse
2572 3724 2759 3766 vocem
2791 3713 3080 3769 sedundum
3110 3716 3362 3786 placitum
3384 3720 3630 3793 designa-

2046 3796 2209 3849 tivam
2241 3796 2357 3851 sine
2389 3806 2649 3867 tempore,
2696 3802 2852 3868 cuius
2882 3812 3061 3871 partes
3086 3806 3217 3859 nihil
3245 3817 3393 3864 extra
3423 3812 3628 3883 signiﬁ-

2046 3896 2192 3941 cant.
2224 3885 2337 3941 Hoc
2363 3897 2541 3943 autem
2572 3888 2856 3958 propositis
2882 3891 3040 3946 docet
3062 3897 3344 3964 exemplis.

2114 4020 2180 4073 In
2194 4022 2398 4075 nomine
2418 4020 2551 4074 enim
2574 4020 2712 4089 quod
2727 4022 2924 4091 επιεᾳηί
2928 4024 3082 4092 ferus,
3097 4025 3235 4092 ferus
3247 4042 3337 4095 per
3354 4043 3407 4081 se
3420 4031 3547 4083 nihil
3563 4034 3625 4086 si.

2042 4114 2274 4186 gniﬁcat,
2294 4114 2718 4184 quemadmodum
2740 4113 2792 4167 in
2814 4114 3042 4169 oratione
3066 4131 3180 4185 qua:
3200 4124 3272 4170 est
3293 4134 3449 4190 equus
3461 4124 3621 4193 ferus.

2111 4234 2169 4291 Si
2198 4234 2339 4290 enim
2368 4235 2437 4290 sit
2461 4234 2632 4290 oratio
2657 4250 2776 4306 quae
2803 4234 2947 4291 dicat
2972 4250 3139 4306 equus
3171 4236 3336 4305 ferus,
3364 4239 3499 4297 duas
3526 4256 3613 4299 res

2034 4326 2350 4397 significat;
2402 4342 2596 4397 equum
2643 4337 2699 4383 et
2744 4326 2941 4383 ferunt.
2972 4326 3271 4399 Utrumque
3317 4330 3461 4386 enim
3513 4340 3617 4400 est,

2038 4436 2202 4474 unum
2266 4420 2588 4486 substantia,
2646 4420 2876 4477 alterum
2929 4421 3105 4491 quale.
3163 4421 3263 4487 Qui
3322 4436 3448 4478 vero
3495 4422 3619 4489 dicit

2030 4513 2329 4579 equiicrus,
2363 4526 2525 4565 unum
2554 4525 2748 4567 nomen
2777 4520 2882 4577 est,
2912 4519 2968 4565 et
2995 4513 3043 4565 ei
3073 4526 3233 4566 unum
3265 4513 3405 4580 quod
3447 4514 3616 4585 signi-

341 4607 508 4651 voces
528 4576 822 4670 suntrquas
849 4606 1144 4659 secundum
1174 4608 1491 4676 positionem
1521 4576 1642 4665 esse
1671 4610 1919 4664 dicimus.
1952 4576 2007 4639 Ῑ)
2032 4605 2159 4659 ﬁcat
2182 4604 2481 4675 subjectum
2504 4614 2584 4660 es!
2602 4606 2877 4674 :qllOCil'Ca
2903 4621 3066 4660 ιιιιυιιι
3096 4621 3306 4675 quoque
3336 4609 3610 4677 Ρεΐωίθιίο

339 4686 643 4747 Secundum
670 4696 989 4763 positionem
1017 4714 1146 4753 vero
1175 4710 1322 4767 sunt,
1344 4716 1477 4772 quas
1506 4703 1713 4769 sibiipsi
1744 4703 1921 4757 homi-

338 4794 433 4835 nes
458 4796 766 4850 posuerunt,
785 4797 843 4841 ut
863 4802 984 4841 cum
1008 4788 1139 4844 dixit
1159 4791 1392 4861 aliquis:
1421 4794 1625 4848 Primus
1646 4796 1735 4863 qui
1762 4796 1920 4849 rebus

336 4875 551 4928 nomina
587 4877 845 4946 condidit,
878 4880 994 4935 haec
1024 4883 1320 4938 substantia
1348 4885 1554 4939 dicatur
1581 4901 1791 4953 aurum,
1836 4887 1921 4941 hic

335 4961 488 5031 lapis,
520 4966 634 5022 inec
666 4985 825 5038 aqua,
868 4980 925 5025 et
960 4972 1061 5025 alia
1101 4975 1317 5031 similia.
1363 4978 1520 5032 Tales
1562 4978 1721 5047 igitur
1759 4994 1918 5035 voces

331 5059 624 5139 secundum
677 5064 998 5130 positionem
1042 5076 1186 5121 sunt.
1221 5069 1287 5123 Et
1328 5071 1395 5123 ita
1438 5074 1727 5126 secundum
1772 5074 1914 5141 posi-

329 5146 550 5215 tionem,
593 5154 1051 5221 quemadmodum
1097 5159 1227 5227 ipsis
1277 5160 1581 5216 hominibus
1628 5166 1842 5231 placuit,
1884 5179 1915 5220 ι

286 5239 520 5324 ζιιιιὶιιιιςι
569 5249 782 5299 nomina
830 5247 918 5299 illa
968 5248 1192 5303 formata
1235 5262 1378 5305 sunt.
1430 5252 1741 5321 llujusmodi
1784 5270 1914 5324 ergo

275 5315 295 5352 ³
325 5343 482 5386 voces
508 5352 626 5403 qua:
657 5341 955 5393 secundum
986 5343 1306 5410 positionem
1332 5355 1479 5409 sunt,
1503 5346 1793 5399 secundum
1820 5362 1916 5415 pu-

320 5426 565 5479 ltentium
598 5429 850 5495 placitum
880 5443 1023 5487 sunt.
1062 5436 1168 5490 Sed
1208 5453 1405 5490 nomen
1436 5432 1553 5491 non
1601 5435 1917 5494 naturafiter

314 5512 607 5579 significat.
658 5519 809 5585 Apud
850 5521 1089 5577 diversis
1135 5530 1277 5579 enim
1308 5538 1517 5592 gentes,
1549 5527 1759 5581 diversa
1792 5541 1915 5583 sunt

316 5607 559 5659 nomina.
612 5608 742 5675 Quae
768 5618 949 5664 autem
978 5614 1121 5679 apud
1150 5617 1389 5671 diversis
1417 5620 1629 5673 divearsa
1660 5632 1801 5685 sunt,
1845 5636 1907 5675 ea

313 5706 420 5752 non
449 5706 580 5754 sunt
609 5702 955 5768 naturaliter,
989 5706 1082 5759 sed
1113 5708 1401 5763 secundum
1435 5710 1686 5781 placitum
1720 5726 1904 5766 eorum

312 5791 403 5861 qui
433 5802 751 5863 posuerunt,
786 5795 1216 5872 pasitionemque
1245 5806 1577 5873 ponentium.
1608 5802 1825 5870 Alioqui
1857 5805 1903 5863 si

1088 5934 1118 5941 ω

1326 5942 1366 5955 «ρ

1944 5923 1975 5933 ο

2030 4697 2137 4752 ista
2159 4696 2449 4765 signiﬁcat;
2475 4697 2615 4761 quod
2638 4697 2681 4749 si
2708 4710 2870 4750 unum
2898 4696 3163 4766 signiﬁcat
3185 4706 3295 4752 tota
3317 4699 3616 4769 permistio,

2030 4804 2158 4859 pars
2190 4788 2310 4843 inde
2336 4796 2581 4857 separata
2610 4788 2737 4843 nihil
2765 4797 2919 4843 extra
2948 4789 3210 4860 designat.
3245 4791 3300 4848 ln
3329 4800 3443 4849 toto
3466 4794 3614 4852 enim

2030 4880 2251 4936 nomine
2268 4879 2406 4951 quod
2425 4890 2507 4935 est
2522 4878 2814 4951 equiferus,
2834 4882 3208 4952 eonsignifleat
3222 4884 3432 4951 quidem
3448 4886 3612 4951 ferus,

2033 4989 2133 5045 per
2160 4990 2218 5029 se
2249 4989 2378 5030 vero
2406 4973 2540 5029 nihil
2579 4975 2878 5047 signiﬁcat;
2917 4976 3057 5047 quod
3087 4977 3135 5032 si
3168 4992 3269 5045 per
3300 4992 3359 5034 se
3390 4976 3443 5033 id
3471 4978 3614 5048 quod

2029 5067 2262 5122 dicimus
2284 5066 2429 5121 ferus
2454 5067 2652 5137 aliquid
2666 5068 2993 5139 significare;
3016 5069 3357 5135 arbitremur,
3380 5084 3485 5124 non
3502 5068 3615 5139 iam

2031 5158 2139 5213 erit
2172 5173 2294 5229 pars
2321 5160 2578 5226 nominis,
2606 5160 2704 5215 sed
2743 5160 2915 5229 ipsum
2959 5161 3064 5215 erit
3102 5162 3364 5232 integrum
3394 5174 3615 5224 nomen.

2030 5261 2087 5306 et
2115 5251 2329 5306 habebit
2358 5261 2535 5319 partes
2561 5254 2610 5322 fe
2636 5263 2691 5307 et
2719 5253 3126 5319 rus.Quocirca,
3156 5254 3407 5323 quoniam
3441 5254 3615 5309 nenti-

2027 5343 2190 5398 nibus
2223 5359 2383 5398 unum
2414 5342 2712 5413 subjectum
2741 5353 2846 5409 est,
2873 5352 2927 5399 et
2956 5359 3119 5399 unum
3148 5344 3408 5414 signiﬁcat
3443 5354 3614 5404 totqu

2022 5451 2253 5505 nomen,
2286 5437 2369 5491 vel
2401 5436 2445 5490 si
2477 5440 2546 5491 sit
2574 5436 2934 5504 atquivocum,
2969 5435 3051 5489 vel
3089 5436 3136 5511 si
3178 5452 3284 5491 non
3312 5437 3381 5491 sit
3412 5454 3427 5492 :
3467 5440 3614 5501 canis

2021 5530 2167 5582 enim
2208 5544 2327 5583 cum
2372 5529 2440 5581 sit
2482 5528 2838 5595 aequivocum,
2871 5525 3035 5581 semel
3072 5533 3240 5581 totum
3282 5526 3611 5601 Iatrabilem,

2019 5622 2258 5677 secundo
2294 5629 2457 5673 totum
2493 5618 2792 5685 cmleSIem,
2829 5625 2885 5673 et
2921 5632 3107 5673 rursus
3142 5627 3310 5673 totutn
3338 5620 3605 5680 marinum

2018 5713 2303 5783 signiﬁcat,
2360 5726 2525 5781 quare
2574 5709 2827 5780 quoniam
2877 5708 3152 5781 quodlibet
3201 5726 3395 5768 nomen
3441 5716 3607 5772 unum

2016 5802 2217 5875 aliquid
2248 5800 2511 5873 signiﬁcat
2540 5808 2731 5876 totum,
2761 5816 2884 5878 pars
2909 5801 3028 5875 eius
3066 5811 3341 5876 separata,
3380 5808 3436 5861 et
3464 5803 3609 5865 velut
