  <div class='ocr_page' id='page_1' title='image "/cluster/home/n/w/nwhite01/storage/ocr_20150623/64/hvd.32044073505265/157.png"; bbox 0 0 4280 6268; ppageno 0'>
   <div class='ocr_carea' id='block_1_1' title="bbox 654 328 758 388">
    <p class='ocr_par' dir='ltr' id='par_1_1' title="bbox 654 328 758 388">
     <span class='ocr_line' id='line_1_1' title="bbox 654 328 758 388; baseline -0.019 0"><span class='ocrx_word' id='word_1_1' title='bbox 654 328 758 388; x_wconf 76' lang='lat'><strong>503</strong></span> 
     </span>
    </p>
   </div>
   <div class='ocr_carea' id='block_1_2' title="bbox 1884 321 2704 394">
    <p class='ocr_par' dir='ltr' id='par_1_2' title="bbox 1884 321 2704 394">
     <span class='ocr_line' id='line_1_2' title="bbox 1884 321 2704 394; baseline 0.001 -6"><span class='ocrx_word' id='word_1_2' title='bbox 1884 334 1994 391; x_wconf 80' lang='lat' dir='ltr'><strong>AN.</strong></span> <span class='ocrx_word' id='word_1_3' title='bbox 2039 335 2246 394; x_wconf 74' lang='lat' dir='ltr'><strong>MANL.</strong></span> <span class='ocrx_word' id='word_1_4' title='bbox 2285 321 2438 393; x_wconf 62' lang='lat' dir='ltr'><strong>suv’.</strong></span> <span class='ocrx_word' id='word_1_5' title='bbox 2480 324 2704 393; x_wconf 73' lang='lat' dir='ltr'><strong>nomn</strong></span> 
     </span>
    </p>
   </div>
   <div class='ocr_carea' id='block_1_3' title="bbox 3812 338 3920 400">
    <p class='ocr_par' dir='ltr' id='par_1_3' title="bbox 3812 338 3920 400">
     <span class='ocr_line' id='line_1_3' title="bbox 3812 338 3920 400; baseline 0 -2"><span class='ocrx_word' id='word_1_6' title='bbox 3812 338 3920 400; x_wconf 74' lang='grc'><strong>504</strong></span> 
     </span>
    </p>
   </div>
   <div class='ocr_carea' id='block_1_4' title="bbox 652 442 3910 525">
    <p class='ocr_par' dir='ltr' id='par_1_4' title="bbox 652 442 3910 525">
     <span class='ocr_line' id='line_1_4' title="bbox 652 442 3910 525; baseline 0.002 -23"><span class='ocrx_word' id='word_1_7' title='bbox 652 464 684 501; x_wconf 88' lang='lat' dir='ltr'><strong>a</strong></span> <span class='ocrx_word' id='word_1_8' title='bbox 714 456 821 502; x_wconf 88' lang='lat' dir='ltr'><strong>tota</strong></span> <span class='ocrx_word' id='word_1_9' title='bbox 851 442 1239 515; x_wconf 77' lang='lat' dir='ltr'><strong>compositione</strong></span> <span class='ocrx_word' id='word_1_10' title='bbox 1280 458 1341 499; x_wconf 89' lang='lat' dir='ltr'><strong>se</strong></span> <span class='ocrx_word' id='word_1_11' title='bbox 1362 442 1578 514; x_wconf 79' lang='lat' dir='ltr'><strong>juncta,</strong></span> <span class='ocrx_word' id='word_1_12' title='bbox 1620 444 1671 499; x_wconf 91' lang='lat' dir='ltr'><strong>in</strong></span> <span class='ocrx_word' id='word_1_13' title='bbox 1700 458 1803 514; x_wconf 90' lang='lat' dir='ltr'><strong>qua</strong></span> <span class='ocrx_word' id='word_1_14' title='bbox 1840 461 2001 500; x_wconf 91' lang='lat' dir='ltr'><strong>unum</strong></span> <span class='ocrx_word' id='word_1_15' title='bbox 2042 447 2237 518; x_wconf 90' lang='lat' dir='ltr'><strong>aliquid</strong></span> <span class='ocrx_word' id='word_1_16' title='bbox 2266 452 2321 512; x_wconf 76' lang='grc' dir='ltr'>Α</span> <span class='ocrx_word' id='word_1_17' title='bbox 2343 451 2433 519; x_wconf 88' lang='lat' dir='ltr'><strong>qui</strong></span> <span class='ocrx_word' id='word_1_18' title='bbox 2464 449 2619 504; x_wconf 92' lang='lat' dir='ltr'><strong>multi</strong></span> <span class='ocrx_word' id='word_1_19' title='bbox 2654 446 2912 503; x_wconf 89' lang='lat' dir='ltr'><strong>illitterati</strong></span> <span class='ocrx_word' id='word_1_20' title='bbox 2930 444 3046 505; x_wconf 90' lang='lat' dir='ltr'><strong>soni</strong></span> <span class='ocrx_word' id='word_1_21' title='bbox 3067 448 3392 517; x_wconf 77' lang='lat' dir='ltr'><strong>signiﬁcant,</strong></span> <span class='ocrx_word' id='word_1_22' title='bbox 3412 458 3471 505; x_wconf 88' lang='lat' dir='ltr'><strong>ut</strong></span> <span class='ocrx_word' id='word_1_23' title='bbox 3499 450 3687 507; x_wconf 81' lang='lat' dir='ltr'><strong>sibilus</strong></span> <span class='ocrx_word' id='word_1_24' title='bbox 3703 452 3910 525; x_wconf 85' lang='lat' dir='ltr'><strong>aliquid</strong></span> 
     </span>
    </p>
   </div>
   <div class='ocr_carea' id='block_1_5' title="bbox 651 536 2227 608">
    <p class='ocr_par' dir='ltr' id='par_1_5' title="bbox 651 536 2227 608">
     <span class='ocr_line' id='line_1_5' title="bbox 651 536 2227 608; baseline 0.001 -14"><span class='ocrx_word' id='word_1_25' title='bbox 651 537 1113 608; x_wconf 76' lang='lat' dir='ltr'><strong>consigniﬁcabat,</strong></span> <span class='ocrx_word' id='word_1_26' title='bbox 1164 536 1295 590; x_wconf 85' lang='lat' dir='ltr'><strong>nihil</strong></span> <span class='ocrx_word' id='word_1_27' title='bbox 1352 546 1499 592; x_wconf 74' lang='lat' dir='ltr'><strong>extra</strong></span> <span class='ocrx_word' id='word_1_28' title='bbox 1558 538 1841 608; x_wconf 87' lang='lat' dir='ltr'><strong>significat.</strong></span> <span class='ocrx_word' id='word_1_29' title='bbox 1896 538 1995 593; x_wconf 88' lang='lat' dir='ltr'><strong>Dat</strong></span> <span class='ocrx_word' id='word_1_30' title='bbox 2049 549 2227 595; x_wconf 88' lang='lat' dir='ltr'><strong>autem</strong></span> 
     </span>
    </p>
   </div>
   <div class='ocr_carea' id='block_1_6' title="bbox 649 627 2226 699">
    <p class='ocr_par' dir='ltr' id='par_1_6' title="bbox 649 627 2226 699">
     <span class='ocr_line' id='line_1_6' title="bbox 649 627 2226 699; baseline 0.001 -13"><span class='ocrx_word' id='word_1_31' title='bbox 649 630 976 687; x_wconf 81' lang='lat' dir='ltr'><strong>diﬁ&#39;erentias</strong></span> <span class='ocrx_word' id='word_1_32' title='bbox 1007 627 1328 696; x_wconf 85' lang='lat' dir='ltr'><strong>simplicium</strong></span> <span class='ocrx_word' id='word_1_33' title='bbox 1366 629 1636 683; x_wconf 92' lang='lat' dir='ltr'><strong>nominum</strong></span> <span class='ocrx_word' id='word_1_34' title='bbox 1689 639 1741 684; x_wconf 86' lang='lat' dir='ltr'><strong>ct</strong></span> <span class='ocrx_word' id='word_1_35' title='bbox 1780 630 2226 699; x_wconf 84' lang='lat' dir='ltr'><strong>compositorum.</strong></span> 
     </span>
    </p>
   </div>
   <div class='ocr_carea' id='block_1_7' title="bbox 720 723 2224 790">
    <p class='ocr_par' dir='ltr' id='par_1_7' title="bbox 720 723 2224 790">
     <span class='ocr_line' id='line_1_7' title="bbox 720 723 2224 790; baseline 0.003 -15"><span class='ocrx_word' id='word_1_36' title='bbox 720 725 785 776; x_wconf 81' lang='lat' dir='ltr'><strong>At</strong></span> <span class='ocrx_word' id='word_1_37' title='bbox 828 737 946 775; x_wconf 79' lang='lat' dir='ltr'><strong>vero</strong></span> <span class='ocrx_word' id='word_1_38' title='bbox 985 737 1086 774; x_wconf 89' lang='lat' dir='ltr'><strong>non</strong></span> <span class='ocrx_word' id='word_1_39' title='bbox 1131 723 1554 785; x_wconf 81' lang='lat' dir='ltr'><strong>quemadmodum</strong></span> <span class='ocrx_word' id='word_1_40' title='bbox 1597 724 1647 776; x_wconf 88' lang='lat' dir='ltr'><strong>in</strong></span> <span class='ocrx_word' id='word_1_41' title='bbox 1694 723 2008 790; x_wconf 78' lang='lat' dir='ltr'><strong>simplicibus</strong></span> <span class='ocrx_word' id='word_1_42' title='bbox 2054 728 2224 779; x_wconf 86' lang='lat' dir='ltr'><strong>nomi-</strong></span> 
     </span>
    </p>
   </div>
   <div class='ocr_carea' id='block_1_8' title="bbox 612 813 2223 887">
    <p class='ocr_par' dir='ltr' id='par_1_8' title="bbox 612 813 2223 887">
     <span class='ocr_line' id='line_1_8' title="bbox 612 813 2223 887; baseline 0.001 -18"><span class='ocrx_word' id='word_1_43' title='bbox 612 814 817 887; x_wconf 32' lang='lat' dir='ltr'><strong>fnibus,</strong></span> <span class='ocrx_word' id='word_1_44' title='bbox 844 814 919 866; x_wconf 87' lang='lat' dir='ltr'><strong>sic</strong></span> <span class='ocrx_word' id='word_1_45' title='bbox 939 829 994 867; x_wconf 89' lang='lat' dir='ltr'><strong>se</strong></span> <span class='ocrx_word' id='word_1_46' title='bbox 1022 813 1167 866; x_wconf 84' lang='lat' dir='ltr'><strong>habet</strong></span> <span class='ocrx_word' id='word_1_47' title='bbox 1205 813 1358 867; x_wconf 86' lang='lat' dir='ltr'><strong>etiam</strong></span> <span class='ocrx_word' id='word_1_48' title='bbox 1398 813 1450 867; x_wconf 89' lang='lat' dir='ltr'><strong>in</strong></span> <span class='ocrx_word' id='word_1_49' title='bbox 1487 816 1794 883; x_wconf 79' lang='lat' dir='ltr'><strong>compositis.</strong></span> <span class='ocrx_word' id='word_1_50' title='bbox 1850 813 1917 868; x_wconf 86' lang='lat' dir='ltr'><strong>In</strong></span> <span class='ocrx_word' id='word_1_51' title='bbox 1944 817 2045 869; x_wconf 88' lang='lat' dir='ltr'><strong>illis</strong></span> <span class='ocrx_word' id='word_1_52' title='bbox 2089 819 2223 870; x_wconf 87' lang='lat' dir='ltr'><strong>enim</strong></span> 
     </span>
    </p>
   </div>
   <div class='ocr_carea' id='block_1_9' title="bbox 647 906 2227 976">
    <p class='ocr_par' dir='ltr' id='par_1_9' title="bbox 647 906 2227 976">
     <span class='ocr_line' id='line_1_9' title="bbox 647 906 2227 976; baseline 0.001 -15"><span class='ocrx_word' id='word_1_53' title='bbox 647 908 789 961; x_wconf 87' lang='lat' dir='ltr'><strong>nullo</strong></span> <span class='ocrx_word' id='word_1_54' title='bbox 838 906 990 961; x_wconf 87' lang='lat' dir='ltr'><strong>modo</strong></span> <span class='ocrx_word' id='word_1_55' title='bbox 1043 923 1161 976; x_wconf 88' lang='lat' dir='ltr'><strong>pars</strong></span> <span class='ocrx_word' id='word_1_56' title='bbox 1193 906 1531 976; x_wconf 79' lang='lat' dir='ltr'><strong>signiﬁcation</strong></span> <span class='ocrx_word' id='word_1_57' title='bbox 1578 918 1673 971; x_wconf 89' lang='lat' dir='ltr'><strong>est,</strong></span> <span class='ocrx_word' id='word_1_58' title='bbox 1717 908 1770 960; x_wconf 89' lang='lat' dir='ltr'><strong>in</strong></span> <span class='ocrx_word' id='word_1_59' title='bbox 1819 909 1897 960; x_wconf 80' lang='lat' dir='ltr'><strong>liis</strong></span> <span class='ocrx_word' id='word_1_60' title='bbox 1924 917 2092 962; x_wconf 86' lang='lat' dir='ltr'><strong>autent</strong></span> <span class='ocrx_word' id='word_1_61' title='bbox 2124 910 2227 963; x_wconf 84' lang='lat' dir='ltr'><strong>uult</strong></span> 
     </span>
    </p>
   </div>
   <div class='ocr_carea' id='block_1_10' title="bbox 647 998 2227 1071">
    <p class='ocr_par' dir='ltr' id='par_1_10' title="bbox 647 998 2227 1071">
     <span class='ocr_line' id='line_1_10' title="bbox 647 998 2227 1071; baseline 0.002 -21"><span class='ocrx_word' id='word_1_62' title='bbox 647 998 874 1071; x_wconf 83' lang='lat' dir='ltr'><strong>quidem,</strong></span> <span class='ocrx_word' id='word_1_63' title='bbox 907 998 995 1051; x_wconf 85' lang='lat' dir='ltr'><strong>sed</strong></span> <span class='ocrx_word' id='word_1_64' title='bbox 1026 999 1156 1051; x_wconf 83' lang='lat' dir='ltr'><strong>nihil</strong></span> <span class='ocrx_word' id='word_1_65' title='bbox 1186 998 1441 1070; x_wconf 86' lang='lat' dir='ltr'><strong>signiﬁcat</strong></span> <span class='ocrx_word' id='word_1_66' title='bbox 1472 1008 1729 1068; x_wconf 85' lang='lat' dir='ltr'><strong>separata,</strong></span> <span class='ocrx_word' id='word_1_67' title='bbox 1777 1008 1834 1052; x_wconf 84' lang='lat' dir='ltr'><strong>ut</strong></span> <span class='ocrx_word' id='word_1_68' title='bbox 1876 1000 1929 1053; x_wconf 88' lang='lat' dir='ltr'><strong>in</strong></span> <span class='ocrx_word' id='word_1_69' title='bbox 1978 1016 2036 1055; x_wconf 87' lang='lat' dir='ltr'><strong>eo</strong></span> <span class='ocrx_word' id='word_1_70' title='bbox 2089 1000 2227 1071; x_wconf 81' lang='lat' dir='ltr'><strong>quod</strong></span> 
     </span>
    </p>
   </div>
   <div class='ocr_carea' id='block_1_11' title="bbox 646 1090 1246 1160">
    <p class='ocr_par' dir='ltr' id='par_1_11' title="bbox 646 1090 1246 1160">
     <span class='ocr_line' id='line_1_11' title="bbox 646 1090 1246 1160; baseline -0.002 -17"><span class='ocrx_word' id='word_1_71' title='bbox 646 1100 743 1157; x_wconf 87' lang='lat' dir='ltr'><strong>est,</strong></span> <span class='ocrx_word' id='word_1_72' title='bbox 777 1090 1053 1160; x_wconf 82' lang='lat' dir='ltr'><strong>equiferus,</strong></span> <span class='ocrx_word' id='word_1_73' title='bbox 1083 1094 1246 1160; x_wconf 82' lang='lat' dir='ltr'><strong>ferus.</strong></span> 
     </span>
    </p>
   </div>
   <div class='ocr_carea' id='block_1_12' title="bbox 747 1180 2229 1252">
    <p class='ocr_par' dir='ltr' id='par_1_12' title="bbox 747 1180 2229 1252">
     <span class='ocr_line' id='line_1_12' title="bbox 747 1180 2229 1252; baseline 0 -14"><span class='ocrx_word' id='word_1_74' title='bbox 747 1183 1048 1251; x_wconf 89' lang='lat' dir='ltr'><strong>Simplicia,</strong></span> <span class='ocrx_word' id='word_1_75' title='bbox 1084 1182 1286 1251; x_wconf 80' lang='lat' dir='ltr'><strong>inquit,</strong></span> <span class='ocrx_word' id='word_1_76' title='bbox 1334 1180 1566 1237; x_wconf 88' lang='lat' dir='ltr'><strong>nominis</strong></span> <span class='ocrx_word' id='word_1_77' title='bbox 1590 1193 1788 1251; x_wconf 89' lang='lat' dir='ltr'><strong>partes,</strong></span> <span class='ocrx_word' id='word_1_78' title='bbox 1839 1182 2091 1252; x_wconf 90' lang='lat' dir='ltr'><strong>quoniam</strong></span> <span class='ocrx_word' id='word_1_79' title='bbox 2124 1197 2229 1238; x_wconf 93' lang='lat' dir='ltr'><strong>non</strong></span> 
     </span>
    </p>
   </div>
   <div class='ocr_carea' id='block_1_13' title="bbox 646 1275 2227 1345">
    <p class='ocr_par' dir='ltr' id='par_1_13' title="bbox 646 1275 2227 1345">
     <span class='ocr_line' id='line_1_13' title="bbox 646 1275 2227 1345; baseline 0 -14"><span class='ocrx_word' id='word_1_80' title='bbox 646 1284 900 1331; x_wconf 73' lang='lat' dir='ltr'><strong>constant</strong></span> <span class='ocrx_word' id='word_1_81' title='bbox 925 1291 991 1329; x_wconf 78' lang='lat' dir='ltr'><strong>ex</strong></span> <span class='ocrx_word' id='word_1_82' title='bbox 1018 1275 1137 1329; x_wconf 89' lang='lat' dir='ltr'><strong>aliis</strong></span> <span class='ocrx_word' id='word_1_83' title='bbox 1184 1275 1445 1342; x_wconf 84' lang='lat' dir='ltr'><strong>partibus,</strong></span> <span class='ocrx_word' id='word_1_84' title='bbox 1495 1291 1563 1331; x_wconf 90' lang='lat' dir='ltr'><strong>ne</strong></span> <span class='ocrx_word' id='word_1_85' title='bbox 1603 1276 1980 1345; x_wconf 90' lang='lat' dir='ltr'><strong>imaginatione</strong></span> <span class='ocrx_word' id='word_1_86' title='bbox 2010 1276 2227 1345; x_wconf 84' lang='lat' dir='ltr'><strong>quidem</strong></span> 
     </span>
    </p>
   </div>
   <div class='ocr_carea' id='block_1_14' title="bbox 647 1366 2229 1437">
    <p class='ocr_par' dir='ltr' id='par_1_14' title="bbox 647 1366 2229 1437">
     <span class='ocr_line' id='line_1_14' title="bbox 647 1366 2229 1437; baseline 0 -14"><span class='ocrx_word' id='word_1_87' title='bbox 647 1366 1052 1437; x_wconf 88' lang='lat' dir='ltr'><strong>signiﬁcationis</strong></span> <span class='ocrx_word' id='word_1_88' title='bbox 1078 1367 1275 1435; x_wconf 83' lang='lat' dir='ltr'><strong>aliquid</strong></span> <span class='ocrx_word' id='word_1_89' title='bbox 1301 1367 1553 1437; x_wconf 84' lang='lat' dir='ltr'><strong>produnt,</strong></span> <span class='ocrx_word' id='word_1_90' title='bbox 1587 1377 1645 1422; x_wconf 93' lang='lat' dir='ltr'><strong>ut</strong></span> <span class='ocrx_word' id='word_1_91' title='bbox 1666 1368 1719 1422; x_wconf 92' lang='lat' dir='ltr'><strong>in</strong></span> <span class='ocrx_word' id='word_1_92' title='bbox 1749 1383 1815 1423; x_wconf 90' lang='lat' dir='ltr'><strong>eo</strong></span> <span class='ocrx_word' id='word_1_93' title='bbox 1839 1370 2055 1423; x_wconf 88' lang='lat' dir='ltr'><strong>nomine</strong></span> <span class='ocrx_word' id='word_1_94' title='bbox 2086 1370 2229 1436; x_wconf 90' lang='lat' dir='ltr'><strong>quod</strong></span> 
     </span>
    </p>
   </div>
   <div class='ocr_carea' id='block_1_15' title="bbox 649 1458 2235 1530">
    <p class='ocr_par' dir='ltr' id='par_1_15' title="bbox 649 1458 2235 1530">
     <span class='ocr_line' id='line_1_15' title="bbox 649 1458 2235 1530; baseline -0.001 -14"><span class='ocrx_word' id='word_1_95' title='bbox 649 1470 738 1516; x_wconf 87' lang='lat' dir='ltr'><strong>est</strong></span> <span class='ocrx_word' id='word_1_96' title='bbox 786 1462 963 1524; x_wconf 86' lang='lat' dir='ltr'><strong>homo,</strong></span> <span class='ocrx_word' id='word_1_97' title='bbox 1016 1474 1192 1529; x_wconf 91' lang='lat' dir='ltr'><strong>neque</strong></span> <span class='ocrx_word' id='word_1_98' title='bbox 1224 1460 1312 1523; x_wconf 80' lang='lat' dir='ltr'><strong>lto,</strong></span> <span class='ocrx_word' id='word_1_99' title='bbox 1340 1474 1515 1530; x_wconf 90' lang='lat' dir='ltr'><strong>neque</strong></span> <span class='ocrx_word' id='word_1_100' title='bbox 1562 1477 1665 1525; x_wconf 86' lang='lat' dir='ltr'><strong>mo,</strong></span> <span class='ocrx_word' id='word_1_101' title='bbox 1698 1460 1985 1529; x_wconf 86' lang='lat' dir='ltr'><strong>quidquam</strong></span> <span class='ocrx_word' id='word_1_102' title='bbox 2033 1458 2235 1529; x_wconf 87' lang='lat' dir='ltr'><strong>signiﬁ—</strong></span> 
     </span>
    </p>
   </div>
   <div class='ocr_carea' id='block_1_16' title="bbox 646 1548 2226 1619">
    <p class='ocr_par' dir='ltr' id='par_1_16' title="bbox 646 1548 2226 1619">
     <span class='ocr_line' id='line_1_16' title="bbox 646 1548 2226 1619; baseline -0.001 -13"><span class='ocrx_word' id='word_1_103' title='bbox 646 1558 792 1617; x_wconf 85' lang='lat' dir='ltr'><strong>cant,</strong></span> <span class='ocrx_word' id='word_1_104' title='bbox 826 1564 1001 1619; x_wconf 89' lang='lat' dir='ltr'><strong>neque</strong></span> <span class='ocrx_word' id='word_1_105' title='bbox 1043 1549 1345 1619; x_wconf 90' lang='lat' dir='ltr'><strong>signiﬁcare</strong></span> <span class='ocrx_word' id='word_1_106' title='bbox 1401 1558 1678 1619; x_wconf 84' lang='lat' dir='ltr'><strong>putantur,</strong></span> <span class='ocrx_word' id='word_1_107' title='bbox 1729 1548 1931 1605; x_wconf 90' lang='lat' dir='ltr'><strong>idcirco</strong></span> <span class='ocrx_word' id='word_1_108' title='bbox 1972 1550 2226 1619; x_wconf 81' lang='lat' dir='ltr'><strong>queniam</strong></span> 
     </span>
    </p>
   </div>
   <div class='ocr_carea' id='block_1_17' title="bbox 647 1641 2231 1712">
    <p class='ocr_par' dir='ltr' id='par_1_17' title="bbox 647 1641 2231 1712">
     <span class='ocr_line' id='line_1_17' title="bbox 647 1641 2231 1712; baseline -0.002 -14"><span class='ocrx_word' id='word_1_109' title='bbox 647 1641 876 1711; x_wconf 85' lang='lat' dir='ltr'><strong>simplex</strong></span> <span class='ocrx_word' id='word_1_110' title='bbox 900 1656 1095 1696; x_wconf 87' lang='lat' dir='ltr'><strong>nomen</strong></span> <span class='ocrx_word' id='word_1_111' title='bbox 1126 1650 1227 1696; x_wconf 92' lang='lat' dir='ltr'><strong>est.</strong></span> <span class='ocrx_word' id='word_1_112' title='bbox 1261 1641 1315 1695; x_wconf 89' lang='lat' dir='ltr'><strong>In</strong></span> <span class='ocrx_word' id='word_1_113' title='bbox 1349 1642 1430 1695; x_wconf 88' lang='lat' dir='ltr'><strong>bis</strong></span> <span class='ocrx_word' id='word_1_114' title='bbox 1459 1657 1586 1696; x_wconf 85' lang='lat' dir='ltr'><strong>vero</strong></span> <span class='ocrx_word' id='word_1_115' title='bbox 1608 1658 1726 1712; x_wconf 75' lang='lat' dir='ltr'><strong>qua:</strong></span> <span class='ocrx_word' id='word_1_116' title='bbox 1754 1643 2051 1711; x_wconf 85' lang='lat' dir='ltr'><strong>composita</strong></span> <span class='ocrx_word' id='word_1_117' title='bbox 2084 1652 2231 1708; x_wconf 91' lang='lat' dir='ltr'><strong>sunt,</strong></span> 
     </span>
    </p>
   </div>
   <div class='ocr_carea' id='block_1_18' title="bbox 644 1731 2234 1804">
    <p class='ocr_par' dir='ltr' id='par_1_18' title="bbox 644 1731 2234 1804">
     <span class='ocr_line' id='line_1_18' title="bbox 644 1731 2234 1804; baseline -0.002 -16"><span class='ocrx_word' id='word_1_118' title='bbox 644 1732 897 1804; x_wconf 81' lang='lat' dir='ltr'><strong>quoniam</strong></span> <span class='ocrx_word' id='word_1_119' title='bbox 926 1748 991 1787; x_wconf 87' lang='lat' dir='ltr'><strong>ex</strong></span> <span class='ocrx_word' id='word_1_120' title='bbox 1045 1731 1256 1786; x_wconf 90' lang='lat' dir='ltr'><strong>duobus</strong></span> <span class='ocrx_word' id='word_1_121' title='bbox 1296 1731 1669 1801; x_wconf 85' lang='lat' dir='ltr'><strong>signiﬁcativis</strong></span> <span class='ocrx_word' id='word_1_122' title='bbox 1710 1734 1763 1790; x_wconf 89' lang='lat' dir='ltr'><strong>in</strong></span> <span class='ocrx_word' id='word_1_123' title='bbox 1805 1749 1966 1787; x_wconf 90' lang='lat' dir='ltr'><strong>unam</strong></span> <span class='ocrx_word' id='word_1_124' title='bbox 2026 1731 2234 1802; x_wconf 86' lang='lat' dir='ltr'><strong>signiﬁ-</strong></span> 
     </span>
    </p>
   </div>
   <div class='ocr_carea' id='block_1_19' title="bbox 2338 540 3914 615">
    <p class='ocr_par' dir='ltr' id='par_1_19' title="bbox 2338 540 3914 615">
     <span class='ocr_line' id='line_1_19' title="bbox 2338 540 3914 615; baseline 0.004 -21"><span class='ocrx_word' id='word_1_125' title='bbox 2338 540 2609 595; x_wconf 90' lang='lat' dir='ltr'><strong>interdum</strong></span> <span class='ocrx_word' id='word_1_126' title='bbox 2661 540 2947 611; x_wconf 90' lang='lat' dir='ltr'><strong>signiﬁcat.</strong></span> <span class='ocrx_word' id='word_1_127' title='bbox 2981 542 3235 597; x_wconf 85' lang='lat' dir='ltr'><strong>Ferarum</strong></span> <span class='ocrx_word' id='word_1_128' title='bbox 3280 557 3492 612; x_wconf 91' lang='lat' dir='ltr'><strong>quoque</strong></span> <span class='ocrx_word' id='word_1_129' title='bbox 3535 552 3914 615; x_wconf 79' lang='lat' dir='ltr'><strong>mutarumque</strong></span> 
     </span>
    </p>
   </div>
   <div class='ocr_carea' id='block_1_20' title="bbox 2333 635 3918 706">
    <p class='ocr_par' dir='ltr' id='par_1_20' title="bbox 2333 635 3918 706">
     <span class='ocr_line' id='line_1_20' title="bbox 2333 635 3918 706; baseline 0.004 -19"><span class='ocrx_word' id='word_1_130' title='bbox 2333 635 2643 689; x_wconf 82' lang='lat' dir='ltr'><strong>animalium</strong></span> <span class='ocrx_word' id='word_1_131' title='bbox 2662 650 2821 689; x_wconf 88' lang='lat' dir='ltr'><strong>voces</strong></span> <span class='ocrx_word' id='word_1_132' title='bbox 2848 636 3114 690; x_wconf 84' lang='lat' dir='ltr'><strong>interdum</strong></span> <span class='ocrx_word' id='word_1_133' title='bbox 3137 636 3311 706; x_wconf 87' lang='lat' dir='ltr'><strong>aliqua</strong></span> <span class='ocrx_word' id='word_1_134' title='bbox 3340 636 3731 706; x_wconf 88' lang='lat' dir='ltr'><strong>signiﬁcatione</strong></span> <span class='ocrx_word' id='word_1_135' title='bbox 3779 652 3918 706; x_wconf 52' lang='lat' dir='ltr'><strong>pra).-</strong></span> 
     </span>
    </p>
   </div>
   <div class='ocr_carea' id='block_1_21' title="bbox 2333 726 3921 796">
    <p class='ocr_par' dir='ltr' id='par_1_21' title="bbox 2333 726 3921 796">
     <span class='ocr_line' id='line_1_21' title="bbox 2333 726 3921 796; baseline 0.002 -15"><span class='ocrx_word' id='word_1_136' title='bbox 2333 726 2469 781; x_wconf 91' lang='lat' dir='ltr'><strong>ditas</strong></span> <span class='ocrx_word' id='word_1_137' title='bbox 2515 742 2635 781; x_wconf 84' lang='lat' dir='ltr'><strong>esse</strong></span> <span class='ocrx_word' id='word_1_138' title='bbox 2683 728 3057 796; x_wconf 79' lang='lat' dir='ltr'><strong>perSpicimus.</strong></span> <span class='ocrx_word' id='word_1_139' title='bbox 3093 730 3348 795; x_wconf 64' lang='lat' dir='ltr'><strong>Quaedam</strong></span> <span class='ocrx_word' id='word_1_140' title='bbox 3381 730 3523 783; x_wconf 89' lang='lat' dir='ltr'><strong>enim</strong></span> <span class='ocrx_word' id='word_1_141' title='bbox 3570 744 3678 783; x_wconf 83' lang='lat' dir='ltr'><strong>vox</strong></span> <span class='ocrx_word' id='word_1_142' title='bbox 3728 744 3921 784; x_wconf 88' lang='lat' dir='ltr'><strong>canum</strong></span> 
     </span>
    </p>
   </div>
   <div class='ocr_carea' id='block_1_22' title="bbox 2296 819 3917 893">
    <p class='ocr_par' dir='ltr' id='par_1_22' title="bbox 2296 819 3917 893">
     <span class='ocr_line' id='line_1_22' title="bbox 2296 819 3917 893; baseline 0.001 -20"><span class='ocrx_word' id='word_1_143' title='bbox 2296 892 2299 893; x_wconf 15' lang='grc' dir='ltr'><em>ν</em></span> <span class='ocrx_word' id='word_1_144' title='bbox 2335 819 2468 873; x_wconf 90' lang='lat' dir='ltr'><strong>iram</strong></span> <span class='ocrx_word' id='word_1_145' title='bbox 2496 819 2786 888; x_wconf 87' lang='lat' dir='ltr'><strong>signiﬁcat,</strong></span> <span class='ocrx_word' id='word_1_146' title='bbox 2814 820 3056 875; x_wconf 79' lang='lat' dir='ltr'><strong>hinnitus</strong></span> <span class='ocrx_word' id='word_1_147' title='bbox 3077 837 3290 891; x_wconf 88' lang='lat' dir='ltr'><strong>quoque</strong></span> <span class='ocrx_word' id='word_1_148' title='bbox 3320 836 3577 887; x_wconf 90' lang='lat' dir='ltr'><strong>equorum</strong></span> <span class='ocrx_word' id='word_1_149' title='bbox 3601 836 3745 890; x_wconf 58' lang='lat' dir='ltr'><strong>saepe</strong></span> <span class='ocrx_word' id='word_1_150' title='bbox 3778 821 3917 875; x_wconf 81' lang='lat' dir='ltr'><strong>alte-</strong></span> 
     </span>
    </p>
   </div>
   <div class='ocr_carea' id='block_1_23' title="bbox 2334 914 3913 984">
    <p class='ocr_par' dir='ltr' id='par_1_23' title="bbox 2334 914 3913 984">
     <span class='ocr_line' id='line_1_23' title="bbox 2334 914 3913 984; baseline 0 -16"><span class='ocrx_word' id='word_1_151' title='bbox 2334 917 2446 968; x_wconf 86' lang='lat' dir='ltr'><strong>rius</strong></span> <span class='ocrx_word' id='word_1_152' title='bbox 2468 916 2588 983; x_wconf 79' lang='lat' dir='ltr'><strong>equi</strong></span> <span class='ocrx_word' id='word_1_153' title='bbox 2619 917 3060 971; x_wconf 84' lang='lat' dir='ltr'><strong>consuetudinem</strong></span> <span class='ocrx_word' id='word_1_154' title='bbox 3081 918 3292 984; x_wconf 70' lang='lat' dir='ltr'><strong>quaerit.</strong></span> <span class='ocrx_word' id='word_1_155' title='bbox 3318 915 3422 971; x_wconf 88' lang='lat' dir='ltr'><strong>Sed</strong></span> <span class='ocrx_word' id='word_1_156' title='bbox 3449 915 3561 969; x_wconf 72' lang='lat' dir='ltr'><strong>htec</strong></span> <span class='ocrx_word' id='word_1_157' title='bbox 3591 914 3913 969; x_wconf 85' lang='lat' dir='ltr'><strong>naturaliter</strong></span> 
     </span>
    </p>
   </div>
   <div class='ocr_carea' id='block_1_24' title="bbox 2334 1005 3916 1077">
    <p class='ocr_par' dir='ltr' id='par_1_24' title="bbox 2334 1005 3916 1077">
     <span class='ocr_line' id='line_1_24' title="bbox 2334 1005 3916 1077; baseline 0.002 -19"><span class='ocrx_word' id='word_1_158' title='bbox 2334 1005 2658 1075; x_wconf 82' lang='lat' dir='ltr'><strong>signiﬁcant,</strong></span> <span class='ocrx_word' id='word_1_159' title='bbox 2679 1016 2835 1076; x_wconf 89' lang='lat' dir='ltr'><strong>atque</strong></span> <span class='ocrx_word' id='word_1_160' title='bbox 2852 1007 2973 1062; x_wconf 89' lang='lat' dir='ltr'><strong>ideo</strong></span> <span class='ocrx_word' id='word_1_161' title='bbox 3001 1009 3213 1062; x_wconf 84' lang='lat' dir='ltr'><strong>numina</strong></span> <span class='ocrx_word' id='word_1_162' title='bbox 3239 1007 3540 1077; x_wconf 84' lang='lat' dir='ltr'><strong>sunt;qu0d</strong></span> <span class='ocrx_word' id='word_1_163' title='bbox 3568 1008 3729 1075; x_wconf 83' lang='lat' dir='ltr'><strong>igitur</strong></span> <span class='ocrx_word' id='word_1_164' title='bbox 3762 1016 3916 1061; x_wconf 87' lang='lat' dir='ltr'><strong>natu-</strong></span> 
     </span>
    </p>
   </div>
   <div class='ocr_carea' id='block_1_25' title="bbox 2333 1098 3919 1168">
    <p class='ocr_par' dir='ltr' id='par_1_25' title="bbox 2333 1098 3919 1168">
     <span class='ocr_line' id='line_1_25' title="bbox 2333 1098 3919 1168; baseline 0.001 -18"><span class='ocrx_word' id='word_1_165' title='bbox 2333 1098 2813 1167; x_wconf 83' lang='lat' dir='ltr'><strong>ralitersigniﬁcat,</strong></span> <span class='ocrx_word' id='word_1_166' title='bbox 2831 1114 3021 1154; x_wconf 89' lang='lat' dir='ltr'><strong>nomen</strong></span> <span class='ocrx_word' id='word_1_167' title='bbox 3046 1114 3149 1153; x_wconf 90' lang='lat' dir='ltr'><strong>non</strong></span> <span class='ocrx_word' id='word_1_168' title='bbox 3178 1108 3277 1153; x_wconf 88' lang='lat' dir='ltr'><strong>est.</strong></span> <span class='ocrx_word' id='word_1_169' title='bbox 3300 1101 3473 1168; x_wconf 80' lang='lat' dir='ltr'><strong>Atque</strong></span> <span class='ocrx_word' id='word_1_170' title='bbox 3496 1100 3611 1152; x_wconf 66' lang='lat' dir='ltr'><strong>haec</strong></span> <span class='ocrx_word' id='word_1_171' title='bbox 3640 1098 3919 1152; x_wconf 84' lang='lat' dir='ltr'><strong>hactenus.</strong></span> 
     </span>
    </p>
   </div>
   <div class='ocr_carea' id='block_1_26' title="bbox 2333 1187 3920 1257">
    <p class='ocr_par' dir='ltr' id='par_1_26' title="bbox 2333 1187 3920 1257">
     <span class='ocr_line' id='line_1_26' title="bbox 2333 1187 3920 1257; baseline 0 -16"><span class='ocrx_word' id='word_1_172' title='bbox 2333 1187 2485 1242; x_wconf 84' lang='lat' dir='ltr'><strong>Nunc</strong></span> <span class='ocrx_word' id='word_1_173' title='bbox 2532 1189 2977 1257; x_wconf 80' lang='lat' dir='ltr'><strong>quemadmodum</strong></span> <span class='ocrx_word' id='word_1_174' title='bbox 3026 1190 3161 1243; x_wconf 88' lang='lat' dir='ltr'><strong>facta</strong></span> <span class='ocrx_word' id='word_1_175' title='bbox 3226 1189 3297 1244; x_wconf 91' lang='lat' dir='ltr'><strong>sit</strong></span> <span class='ocrx_word' id='word_1_176' title='bbox 3344 1188 3584 1242; x_wconf 91' lang='lat' dir='ltr'><strong>deﬁnitio</strong></span> <span class='ocrx_word' id='word_1_177' title='bbox 3622 1188 3920 1242; x_wconf 80' lang='lat' dir='ltr'><strong>videamus.</strong></span> 
     </span>
    </p>
   </div>
   <div class='ocr_carea' id='block_1_27' title="bbox 2304 1277 3922 1350">
    <p class='ocr_par' dir='ltr' id='par_1_27' title="bbox 2304 1277 3922 1350">
     <span class='ocr_line' id='line_1_27' title="bbox 2304 1277 3922 1350; baseline 0.001 -19"><span class='ocrx_word' id='word_1_178' title='bbox 2304 1342 2307 1343; x_wconf 19' lang='grc' dir='ltr'><em>ν</em></span> <span class='ocrx_word' id='word_1_179' title='bbox 2334 1278 2487 1344; x_wconf 84' lang='lat' dir='ltr'><strong>Quod</strong></span> <span class='ocrx_word' id='word_1_180' title='bbox 2515 1279 2646 1334; x_wconf 85' lang='lat' dir='ltr'><strong>dixit</strong></span> <span class='ocrx_word' id='word_1_181' title='bbox 2675 1295 2867 1334; x_wconf 87' lang='lat' dir='ltr'><strong>nomen</strong></span> <span class='ocrx_word' id='word_1_182' title='bbox 2896 1295 3015 1334; x_wconf 89' lang='lat' dir='ltr'><strong>esse</strong></span> <span class='ocrx_word' id='word_1_183' title='bbox 3041 1295 3226 1334; x_wconf 85' lang='lat' dir='ltr'><strong>vocem</strong></span> <span class='ocrx_word' id='word_1_184' title='bbox 3256 1324 3271 1348; x_wconf 88' lang='lat'><strong>,</strong></span> <span class='ocrx_word' id='word_1_185' title='bbox 3302 1284 3465 1334; x_wconf 80' lang='lat' dir='ltr'><strong>traxit</strong></span> <span class='ocrx_word' id='word_1_186' title='bbox 3508 1295 3537 1333; x_wconf 91' lang='lat' dir='ltr'><strong>a</strong></span> <span class='ocrx_word' id='word_1_187' title='bbox 3581 1294 3779 1350; x_wconf 84' lang='lat' dir='ltr'><strong>genere</strong></span> <span class='ocrx_word' id='word_1_188' title='bbox 3823 1277 3922 1333; x_wconf 83' lang='lat' dir='ltr'><strong>de-</strong></span> 
     </span>
    </p>
   </div>
   <div class='ocr_carea' id='block_1_28' title="bbox 2336 1367 3922 1438">
    <p class='ocr_par' dir='ltr' id='par_1_28' title="bbox 2336 1367 3922 1438">
     <span class='ocr_line' id='line_1_28' title="bbox 2336 1367 3922 1438; baseline 0.001 -17"><span class='ocrx_word' id='word_1_189' title='bbox 2336 1367 2657 1422; x_wconf 86' lang='lat' dir='ltr'><strong>ﬁnitionem.</strong></span> <span class='ocrx_word' id='word_1_190' title='bbox 2705 1368 2857 1434; x_wconf 86' lang='lat' dir='ltr'><strong>Quod</strong></span> <span class='ocrx_word' id='word_1_191' title='bbox 2903 1369 3310 1438; x_wconf 89' lang='lat' dir='ltr'><strong>signiﬁcativam</strong></span> <span class='ocrx_word' id='word_1_192' title='bbox 3354 1384 3475 1423; x_wconf 89' lang='lat' dir='ltr'><strong>esse</strong></span> <span class='ocrx_word' id='word_1_193' title='bbox 3527 1378 3922 1435; x_wconf 86' lang='lat' dir='ltr'><strong>consequenter</strong></span> 
     </span>
    </p>
   </div>
   <div class='ocr_carea' id='block_1_29' title="bbox 2335 1459 3921 1528">
    <p class='ocr_par' dir='ltr' id='par_1_29' title="bbox 2335 1459 3921 1528">
     <span class='ocr_line' id='line_1_29' title="bbox 2335 1459 3921 1528; baseline 0.001 -15"><span class='ocrx_word' id='word_1_194' title='bbox 2335 1460 2611 1528; x_wconf 85' lang='lat' dir='ltr'><strong>apposuit,</strong></span> <span class='ocrx_word' id='word_1_195' title='bbox 2647 1475 2846 1515; x_wconf 88' lang='lat' dir='ltr'><strong>nomen</strong></span> <span class='ocrx_word' id='word_1_196' title='bbox 2875 1460 2942 1513; x_wconf 89' lang='lat' dir='ltr'><strong>ab</strong></span> <span class='ocrx_word' id='word_1_197' title='bbox 2970 1475 3075 1514; x_wconf 93' lang='lat' dir='ltr'><strong>non</strong></span> <span class='ocrx_word' id='word_1_198' title='bbox 3106 1459 3537 1527; x_wconf 88' lang='lat' dir='ltr'><strong>signiﬁcantibus</strong></span> <span class='ocrx_word' id='word_1_199' title='bbox 3579 1460 3800 1514; x_wconf 81' lang='lat' dir='ltr'><strong>vocibus</strong></span> <span class='ocrx_word' id='word_1_200' title='bbox 3830 1476 3921 1514; x_wconf 91' lang='lat' dir='ltr'><strong>se-</strong></span> 
     </span>
    </p>
   </div>
   <div class='ocr_carea' id='block_1_30' title="bbox 2339 1552 3923 1622">
    <p class='ocr_par' dir='ltr' id='par_1_30' title="bbox 2339 1552 3923 1622">
     <span class='ocr_line' id='line_1_30' title="bbox 2339 1552 3923 1622; baseline 0 -17"><span class='ocrx_word' id='word_1_201' title='bbox 2339 1552 2562 1622; x_wconf 79' lang='lat' dir='ltr'><strong>paravit.</strong></span> <span class='ocrx_word' id='word_1_202' title='bbox 2595 1552 2746 1618; x_wconf 79' lang='lat' dir='ltr'><strong>Quod</strong></span> <span class='ocrx_word' id='word_1_203' title='bbox 2787 1553 3081 1607; x_wconf 85' lang='lat' dir='ltr'><strong>secundum</strong></span> <span class='ocrx_word' id='word_1_204' title='bbox 3133 1552 3411 1621; x_wconf 88' lang='lat' dir='ltr'><strong>placitum,</strong></span> <span class='ocrx_word' id='word_1_205' title='bbox 3440 1568 3468 1605; x_wconf 90' lang='lat' dir='ltr'><strong>a</strong></span> <span class='ocrx_word' id='word_1_206' title='bbox 3512 1552 3825 1607; x_wconf 87' lang='lat' dir='ltr'><strong>naturaliter</strong></span> <span class='ocrx_word' id='word_1_207' title='bbox 3848 1552 3923 1605; x_wconf 89' lang='lat' dir='ltr'><strong>si-</strong></span> 
     </span>
    </p>
   </div>
   <div class='ocr_carea' id='block_1_31' title="bbox 2337 1642 3923 1713">
    <p class='ocr_par' dir='ltr' id='par_1_31' title="bbox 2337 1642 3923 1713">
     <span class='ocr_line' id='line_1_31' title="bbox 2337 1642 3923 1713; baseline 0 -17"><span class='ocrx_word' id='word_1_208' title='bbox 2337 1642 2712 1713; x_wconf 88' lang='lat' dir='ltr'><strong>gniﬁcantibus</strong></span> <span class='ocrx_word' id='word_1_209' title='bbox 2736 1644 2953 1699; x_wconf 86' lang='lat' dir='ltr'><strong>vocibus</strong></span> <span class='ocrx_word' id='word_1_210' title='bbox 2984 1655 3170 1697; x_wconf 90' lang='lat' dir='ltr'><strong>natura</strong></span> <span class='ocrx_word' id='word_1_211' title='bbox 3197 1643 3428 1697; x_wconf 90' lang='lat' dir='ltr'><strong>nominis</strong></span> <span class='ocrx_word' id='word_1_212' title='bbox 3448 1642 3620 1697; x_wconf 89' lang='lat' dir='ltr'><strong>divisa</strong></span> <span class='ocrx_word' id='word_1_213' title='bbox 3640 1653 3743 1699; x_wconf 92' lang='lat' dir='ltr'><strong>est.</strong></span> <span class='ocrx_word' id='word_1_214' title='bbox 3772 1642 3923 1709; x_wconf 86' lang='lat' dir='ltr'><strong>Quod</strong></span> 
     </span>
    </p>
   </div>
   <div class='ocr_carea' id='block_1_32' title="bbox 2336 1733 3921 1804">
    <p class='ocr_par' dir='ltr' id='par_1_32' title="bbox 2336 1733 3921 1804">
     <span class='ocr_line' id='line_1_32' title="bbox 2336 1733 3921 1804; baseline -0.001 -16"><span class='ocrx_word' id='word_1_215' title='bbox 2336 1736 2454 1788; x_wconf 88' lang='lat' dir='ltr'><strong>sine</strong></span> <span class='ocrx_word' id='word_1_216' title='bbox 2486 1744 2743 1804; x_wconf 90' lang='lat' dir='ltr'><strong>tempore,</strong></span> <span class='ocrx_word' id='word_1_217' title='bbox 2777 1734 2843 1787; x_wconf 90' lang='lat' dir='ltr'><strong>ad</strong></span> <span class='ocrx_word' id='word_1_218' title='bbox 2890 1734 3171 1788; x_wconf 88' lang='lat' dir='ltr'><strong>verborum</strong></span> <span class='ocrx_word' id='word_1_219' title='bbox 3213 1733 3627 1802; x_wconf 82' lang='lat' dir='ltr'><strong>discrepantiam</strong></span> <span class='ocrx_word' id='word_1_220' title='bbox 3678 1733 3921 1802; x_wconf 81' lang='lat' dir='ltr'><strong>respicit.</strong></span> 
     </span>
    </p>
   </div>
   <div class='ocr_carea' id='block_1_33' title="bbox 645 1825 3924 1899">
    <p class='ocr_par' dir='ltr' id='par_1_33' title="bbox 645 1825 3924 1899">
     <span class='ocr_line' id='line_1_33' title="bbox 645 1825 3924 1899; baseline -0.001 -17"><span class='ocrx_word' id='word_1_221' title='bbox 645 1828 878 1882; x_wconf 87' lang='lat' dir='ltr'><strong>cantiam</strong></span> <span class='ocrx_word' id='word_1_222' title='bbox 911 1825 1243 1896; x_wconf 86' lang='lat' dir='ltr'><strong>rediguntur,</strong></span> <span class='ocrx_word' id='word_1_223' title='bbox 1275 1826 1385 1880; x_wconf 87' lang='lat' dir='ltr'><strong>vult</strong></span> <span class='ocrx_word' id='word_1_224' title='bbox 1418 1826 1633 1895; x_wconf 89' lang='lat' dir='ltr'><strong>quidem</strong></span> <span class='ocrx_word' id='word_1_225' title='bbox 1687 1826 1993 1897; x_wconf 89' lang='lat' dir='ltr'><strong>signiﬁcare</strong></span> <span class='ocrx_word' id='word_1_226' title='bbox 2026 1826 2229 1896; x_wconf 88' lang='lat' dir='ltr'><strong>aliquid</strong></span> <span class='ocrx_word' id='word_1_227' title='bbox 2260 1840 2311 1899; x_wconf 80' lang='grc' dir='ltr'><strong>Β</strong></span> <span class='ocrx_word' id='word_1_228' title='bbox 2338 1825 2489 1893; x_wconf 86' lang='lat' dir='ltr'><strong>Quod</strong></span> <span class='ocrx_word' id='word_1_229' title='bbox 2518 1826 2633 1895; x_wconf 82' lang='lat' dir='ltr'><strong>ejus</strong></span> <span class='ocrx_word' id='word_1_230' title='bbox 2682 1825 2875 1879; x_wconf 91' lang='lat' dir='ltr'><strong>nullam</strong></span> <span class='ocrx_word' id='word_1_231' title='bbox 2926 1835 3131 1895; x_wconf 86' lang='lat' dir='ltr'><strong>partem</strong></span> <span class='ocrx_word' id='word_1_232' title='bbox 3183 1836 3334 1880; x_wconf 81' lang='lat' dir='ltr'><strong>extra</strong></span> <span class='ocrx_word' id='word_1_233' title='bbox 3376 1825 3682 1893; x_wconf 82' lang='lat' dir='ltr'><strong>signiﬁcare</strong></span> <span class='ocrx_word' id='word_1_234' title='bbox 3727 1834 3924 1893; x_wconf 79' lang='lat' dir='ltr'><strong>propo-</strong></span> 
     </span>
    </p>
   </div>
   <div class='ocr_carea' id='block_1_34' title="bbox 646 1916 2226 1988">
    <p class='ocr_par' dir='ltr' id='par_1_34' title="bbox 646 1916 2226 1988">
     <span class='ocr_line' id='line_1_34' title="bbox 646 1916 2226 1988; baseline 0 -16"><span class='ocrx_word' id='word_1_235' title='bbox 646 1932 797 1988; x_wconf 90' lang='lat' dir='ltr'><strong>pars,</strong></span> <span class='ocrx_word' id='word_1_236' title='bbox 828 1916 921 1973; x_wconf 88' lang='lat' dir='ltr'><strong>sed</strong></span> <span class='ocrx_word' id='word_1_237' title='bbox 954 1916 1083 1972; x_wconf 85' lang='lat' dir='ltr'><strong>nihil</strong></span> <span class='ocrx_word' id='word_1_238' title='bbox 1114 1926 1357 1987; x_wconf 88' lang='lat' dir='ltr'><strong>separata</strong></span> <span class='ocrx_word' id='word_1_239' title='bbox 1387 1918 1651 1987; x_wconf 87' lang='lat' dir='ltr'><strong>designat.</strong></span> <span class='ocrx_word' id='word_1_240' title='bbox 1685 1918 1740 1972; x_wconf 89' lang='lat' dir='ltr'><strong>In</strong></span> <span class='ocrx_word' id='word_1_241' title='bbox 1782 1933 1850 1974; x_wconf 92' lang='lat' dir='ltr'><strong>eo</strong></span> <span class='ocrx_word' id='word_1_242' title='bbox 1890 1920 2031 1973; x_wconf 91' lang='lat' dir='ltr'><strong>enim</strong></span> <span class='ocrx_word' id='word_1_243' title='bbox 2083 1918 2226 1988; x_wconf 85' lang='lat' dir='ltr'><strong>quod</strong></span> 
     </span>
    </p>
   </div>
   <div class='ocr_carea' id='block_1_35' title="bbox 648 2008 2229 2081">
    <p class='ocr_par' dir='ltr' id='par_1_35' title="bbox 648 2008 2229 2081">
     <span class='ocr_line' id='line_1_35' title="bbox 648 2008 2229 2081; baseline -0.001 -15"><span class='ocrx_word' id='word_1_244' title='bbox 648 2020 734 2066; x_wconf 87' lang='lat' dir='ltr'><strong>est</strong></span> <span class='ocrx_word' id='word_1_245' title='bbox 784 2009 1079 2081; x_wconf 87' lang='lat' dir='ltr'><strong>equiferus,</strong></span> <span class='ocrx_word' id='word_1_246' title='bbox 1128 2009 1219 2064; x_wconf 88' lang='lat' dir='ltr'><strong>dat</strong></span> <span class='ocrx_word' id='word_1_247' title='bbox 1265 2009 1478 2080; x_wconf 89' lang='lat' dir='ltr'><strong>quidem</strong></span> <span class='ocrx_word' id='word_1_248' title='bbox 1527 2008 1964 2076; x_wconf 76' lang='lat' dir='ltr'><strong>imaginationem</strong></span> <span class='ocrx_word' id='word_1_249' title='bbox 1995 2010 2229 2079; x_wconf 89' lang='lat' dir='ltr'><strong>aliquam</strong></span> 
     </span>
    </p>
   </div>
   <div class='ocr_carea' id='block_1_36' title="bbox 647 2098 2234 2170">
    <p class='ocr_par' dir='ltr' id='par_1_36' title="bbox 647 2098 2234 2170">
     <span class='ocr_line' id='line_1_36' title="bbox 647 2098 2234 2170; baseline -0.001 -13"><span class='ocrx_word' id='word_1_250' title='bbox 647 2101 1072 2170; x_wconf 81' lang='lat' dir='ltr'><strong>signiﬁcationis,</strong></span> <span class='ocrx_word' id='word_1_251' title='bbox 1124 2109 1177 2155; x_wconf 91' lang='lat' dir='ltr'><strong>et</strong></span> <span class='ocrx_word' id='word_1_252' title='bbox 1217 2108 1432 2170; x_wconf 90' lang='lat' dir='ltr'><strong>putatur</strong></span> <span class='ocrx_word' id='word_1_253' title='bbox 1473 2098 1774 2167; x_wconf 89' lang='lat' dir='ltr'><strong>signiﬁcare</strong></span> <span class='ocrx_word' id='word_1_254' title='bbox 1814 2100 1980 2157; x_wconf 89' lang='lat' dir='ltr'><strong>ferus.</strong></span> <span class='ocrx_word' id='word_1_255' title='bbox 2012 2100 2125 2154; x_wconf 92' lang='lat' dir='ltr'><strong>lloc</strong></span> <span class='ocrx_word' id='word_1_256' title='bbox 2151 2109 2234 2156; x_wconf 89' lang='lat' dir='ltr'><strong>est</strong></span> 
     </span>
    </p>
   </div>
   <div class='ocr_carea' id='block_1_37' title="bbox 642 2188 2232 2260">
    <p class='ocr_par' dir='ltr' id='par_1_37' title="bbox 642 2188 2232 2260">
     <span class='ocr_line' id='line_1_37' title="bbox 642 2188 2232 2260; baseline -0.001 -15"><span class='ocrx_word' id='word_1_257' title='bbox 642 2191 788 2246; x_wconf 83' lang='lat' dir='ltr'><strong>enim</strong></span> <span class='ocrx_word' id='word_1_258' title='bbox 816 2191 958 2259; x_wconf 90' lang='lat' dir='ltr'><strong>quod</strong></span> <span class='ocrx_word' id='word_1_259' title='bbox 988 2190 1153 2245; x_wconf 87' lang='lat' dir='ltr'><strong>dicit:</strong></span> <span class='ocrx_word' id='word_1_260' title='bbox 1183 2189 1299 2244; x_wconf 86' lang='lat' dir='ltr'><strong>vult</strong></span> <span class='ocrx_word' id='word_1_261' title='bbox 1332 2188 1575 2260; x_wconf 90' lang='lat' dir='ltr'><strong>quidem,</strong></span> <span class='ocrx_word' id='word_1_262' title='bbox 1606 2188 1701 2243; x_wconf 91' lang='lat' dir='ltr'><strong>sed</strong></span> <span class='ocrx_word' id='word_1_263' title='bbox 1729 2188 1863 2243; x_wconf 90' lang='lat' dir='ltr'><strong>nihil</strong></span> <span class='ocrx_word' id='word_1_264' title='bbox 1895 2198 2044 2244; x_wconf 82' lang='lat' dir='ltr'><strong>extra</strong></span> <span class='ocrx_word' id='word_1_265' title='bbox 2076 2204 2232 2257; x_wconf 86' lang='lat' dir='ltr'><strong>sepa-</strong></span> 
     </span>
    </p>
   </div>
   <div class='ocr_carea' id='block_1_38' title="bbox 643 2280 2233 2354">
    <p class='ocr_par' dir='ltr' id='par_1_38' title="bbox 643 2280 2233 2354">
     <span class='ocr_line' id='line_1_38' title="bbox 643 2280 2233 2354; baseline -0.001 -17"><span class='ocrx_word' id='word_1_266' title='bbox 643 2294 928 2354; x_wconf 87' lang='lat' dir='ltr'><strong>ratumque</strong></span> <span class='ocrx_word' id='word_1_267' title='bbox 969 2281 1256 2352; x_wconf 71' lang='lat' dir='ltr'><strong>signiﬁcat.</strong></span> <span class='ocrx_word' id='word_1_268' title='bbox 1286 2280 1342 2337; x_wconf 92' lang='lat' dir='ltr'><strong>Si</strong></span> <span class='ocrx_word' id='word_1_269' title='bbox 1365 2281 1508 2337; x_wconf 91' lang='lat' dir='ltr'><strong>enim</strong></span> <span class='ocrx_word' id='word_1_270' title='bbox 1529 2281 1629 2336; x_wconf 91' lang='lat' dir='ltr'><strong>hoc</strong></span> <span class='ocrx_word' id='word_1_271' title='bbox 1652 2280 1825 2351; x_wconf 90' lang='lat' dir='ltr'><strong>ipsum</strong></span> <span class='ocrx_word' id='word_1_272' title='bbox 1860 2280 2003 2335; x_wconf 86' lang='lat' dir='ltr'><strong>ferus</strong></span> <span class='ocrx_word' id='word_1_273' title='bbox 2028 2290 2085 2335; x_wconf 90' lang='lat' dir='ltr'><strong>ut</strong></span> <span class='ocrx_word' id='word_1_274' title='bbox 2111 2296 2233 2351; x_wconf 91' lang='lat' dir='ltr'><strong>pars</strong></span> 
     </span>
    </p>
   </div>
   <div class='ocr_carea' id='block_1_39' title="bbox 644 2371 2222 2442">
    <p class='ocr_par' dir='ltr' id='par_1_39' title="bbox 644 2371 2222 2442">
     <span class='ocr_line' id='line_1_39' title="bbox 644 2371 2222 2442; baseline -0.002 -11"><span class='ocrx_word' id='word_1_275' title='bbox 644 2375 878 2432; x_wconf 89' lang='lat' dir='ltr'><strong>nominis</strong></span> <span class='ocrx_word' id='word_1_276' title='bbox 898 2373 1129 2439; x_wconf 89' lang='lat' dir='ltr'><strong>dicatur,</strong></span> <span class='ocrx_word' id='word_1_277' title='bbox 1160 2372 1441 2428; x_wconf 90' lang='lat' dir='ltr'><strong>dimidium</strong></span> <span class='ocrx_word' id='word_1_278' title='bbox 1486 2388 1681 2428; x_wconf 89' lang='lat' dir='ltr'><strong>nomen</strong></span> <span class='ocrx_word' id='word_1_279' title='bbox 1710 2371 1906 2427; x_wconf 89' lang='lat' dir='ltr'><strong>dicitur</strong></span> <span class='ocrx_word' id='word_1_280' title='bbox 1932 2371 2049 2441; x_wconf 87' lang='lat' dir='ltr'><strong>ejus</strong></span> <span class='ocrx_word' id='word_1_281' title='bbox 2077 2371 2222 2442; x_wconf 88' lang='lat' dir='ltr'><strong>quod</strong></span> 
     </span>
    </p>
   </div>
   <div class='ocr_carea' id='block_1_40' title="bbox 644 2464 2236 2545">
    <p class='ocr_par' dir='ltr' id='par_1_40' title="bbox 644 2464 2236 2545">
     <span class='ocr_line' id='line_1_40' title="bbox 644 2464 2236 2545; baseline -0.003 -21"><span class='ocrx_word' id='word_1_282' title='bbox 644 2480 729 2524; x_wconf 82' lang='lat' dir='ltr'><strong>est</strong></span> <span class='ocrx_word' id='word_1_283' title='bbox 774 2467 1069 2538; x_wconf 84' lang='lat' dir='ltr'><strong>equiferus,</strong></span> <span class='ocrx_word' id='word_1_284' title='bbox 1125 2466 1403 2521; x_wconf 89' lang='lat' dir='ltr'><strong>dimidium</strong></span> <span class='ocrx_word' id='word_1_285' title='bbox 1453 2474 1631 2522; x_wconf 91' lang='lat' dir='ltr'><strong>autem</strong></span> <span class='ocrx_word' id='word_1_286' title='bbox 1680 2481 1874 2522; x_wconf 90' lang='lat' dir='ltr'><strong>nomen</strong></span> <span class='ocrx_word' id='word_1_287' title='bbox 1918 2464 2044 2523; x_wconf 85' lang='lat' dir='ltr'><strong>nihil</strong></span> <span class='ocrx_word' id='word_1_288' title='bbox 2092 2465 2236 2545; x_wconf 80' lang='lat' dir='ltr'><strong>desi-</strong></span> 
     </span>
    </p>
   </div>
   <div class='ocr_carea' id='block_1_41' title="bbox 645 2557 2235 2629">
    <p class='ocr_par' dir='ltr' id='par_1_41' title="bbox 645 2557 2235 2629">
     <span class='ocr_line' id='line_1_41' title="bbox 645 2557 2235 2629; baseline 0.001 -16"><span class='ocrx_word' id='word_1_289' title='bbox 645 2567 792 2629; x_wconf 85' lang='lat' dir='ltr'><strong>gnat.</strong></span> <span class='ocrx_word' id='word_1_290' title='bbox 823 2558 963 2628; x_wconf 88' lang='lat' dir='ltr'><strong>Ergo</strong></span> <span class='ocrx_word' id='word_1_291' title='bbox 997 2557 1050 2611; x_wconf 89' lang='lat' dir='ltr'><strong>id</strong></span> <span class='ocrx_word' id='word_1_292' title='bbox 1078 2557 1223 2627; x_wconf 88' lang='lat' dir='ltr'><strong>quod</strong></span> <span class='ocrx_word' id='word_1_293' title='bbox 1268 2558 1496 2613; x_wconf 87' lang='lat' dir='ltr'><strong>dicimus</strong></span> <span class='ocrx_word' id='word_1_294' title='bbox 1546 2559 1716 2624; x_wconf 88' lang='lat' dir='ltr'><strong>ferus,</strong></span> <span class='ocrx_word' id='word_1_295' title='bbox 1760 2573 1882 2613; x_wconf 92' lang='lat' dir='ltr'><strong>cum</strong></span> <span class='ocrx_word' id='word_1_296' title='bbox 1933 2558 2037 2612; x_wconf 90' lang='lat' dir='ltr'><strong>alia</strong></span> <span class='ocrx_word' id='word_1_297' title='bbox 2084 2569 2235 2628; x_wconf 87' lang='lat' dir='ltr'><strong>parte</strong></span> 
     </span>
    </p>
   </div>
   <div class='ocr_carea' id='block_1_42' title="bbox 646 2650 2235 2721">
    <p class='ocr_par' dir='ltr' id='par_1_42' title="bbox 646 2650 2235 2721">
     <span class='ocr_line' id='line_1_42' title="bbox 646 2650 2235 2721; baseline 0 -15"><span class='ocrx_word' id='word_1_298' title='bbox 646 2651 882 2706; x_wconf 87' lang='lat' dir='ltr'><strong>nominis</strong></span> <span class='ocrx_word' id='word_1_299' title='bbox 927 2663 1049 2720; x_wconf 67' lang='lat' dir='ltr'><strong>quae</strong></span> <span class='ocrx_word' id='word_1_300' title='bbox 1097 2661 1180 2705; x_wconf 91' lang='lat' dir='ltr'><strong>est</strong></span> <span class='ocrx_word' id='word_1_301' title='bbox 1217 2651 1341 2720; x_wconf 88' lang='lat' dir='ltr'><strong>equi</strong></span> <span class='ocrx_word' id='word_1_302' title='bbox 1400 2666 1565 2706; x_wconf 92' lang='lat' dir='ltr'><strong>unum</strong></span> <span class='ocrx_word' id='word_1_303' title='bbox 1606 2651 2000 2721; x_wconf 89' lang='lat' dir='ltr'><strong>consigniﬁcat,</strong></span> <span class='ocrx_word' id='word_1_304' title='bbox 2052 2650 2105 2704; x_wconf 91' lang='lat' dir='ltr'><strong>id</strong></span> <span class='ocrx_word' id='word_1_305' title='bbox 2154 2661 2235 2706; x_wconf 89' lang='lat' dir='ltr'><strong>est</strong></span> 
     </span>
    </p>
   </div>
   <div class='ocr_carea' id='block_1_43' title="bbox 644 2740 2232 2812">
    <p class='ocr_par' dir='ltr' id='par_1_43' title="bbox 644 2740 2232 2812">
     <span class='ocr_line' id='line_1_43' title="bbox 644 2740 2232 2812; baseline -0.001 -14"><span class='ocrx_word' id='word_1_306' title='bbox 644 2742 955 2812; x_wconf 80' lang='lat' dir='ltr'><strong>equiferus,</strong></span> <span class='ocrx_word' id='word_1_307' title='bbox 1008 2750 1312 2809; x_wconf 84' lang='lat' dir='ltr'><strong>separatum</strong></span> <span class='ocrx_word' id='word_1_308' title='bbox 1365 2741 1529 2797; x_wconf 88' lang='lat' dir='ltr'><strong>etiam</strong></span> <span class='ocrx_word' id='word_1_309' title='bbox 1570 2741 1706 2796; x_wconf 85' lang='lat' dir='ltr'><strong>nihil</strong></span> <span class='ocrx_word' id='word_1_310' title='bbox 1759 2752 1911 2797; x_wconf 83' lang='lat' dir='ltr'><strong>extra</strong></span> <span class='ocrx_word' id='word_1_311' title='bbox 1964 2740 2232 2810; x_wconf 87' lang='lat' dir='ltr'><strong>designat.</strong></span> 
     </span>
    </p>
   </div>
   <div class='ocr_carea' id='block_1_44' title="bbox 645 2831 2236 2901">
    <p class='ocr_par' dir='ltr' id='par_1_44' title="bbox 645 2831 2236 2901">
     <span class='ocr_line' id='line_1_44' title="bbox 645 2831 2236 2901; baseline 0 -14"><span class='ocrx_word' id='word_1_312' title='bbox 645 2832 797 2901; x_wconf 90' lang='lat' dir='ltr'><strong>Quod</strong></span> <span class='ocrx_word' id='word_1_313' title='bbox 830 2831 875 2886; x_wconf 93' lang='lat' dir='ltr'><strong>si</strong></span> <span class='ocrx_word' id='word_1_314' title='bbox 906 2845 1091 2887; x_wconf 91' lang='lat' dir='ltr'><strong>rursus</strong></span> <span class='ocrx_word' id='word_1_315' title='bbox 1115 2835 1288 2901; x_wconf 90' lang='lat' dir='ltr'><strong>Ipsum</strong></span> <span class='ocrx_word' id='word_1_316' title='bbox 1319 2847 1514 2888; x_wconf 87' lang='lat' dir='ltr'><strong>nomen</strong></span> <span class='ocrx_word' id='word_1_317' title='bbox 1536 2833 1896 2900; x_wconf 81' lang='lat' dir='ltr'><strong>extrinsecus,</strong></span> <span class='ocrx_word' id='word_1_318' title='bbox 1930 2846 2035 2887; x_wconf 92' lang='lat' dir='ltr'><strong>non</strong></span> <span class='ocrx_word' id='word_1_319' title='bbox 2074 2833 2124 2886; x_wconf 92' lang='lat' dir='ltr'><strong>in</strong></span> <span class='ocrx_word' id='word_1_320' title='bbox 2154 2831 2236 2887; x_wconf 86' lang='lat' dir='ltr'><strong>al-</strong></span> 
     </span>
    </p>
   </div>
   <div class='ocr_carea' id='block_1_45' title="bbox 647 2918 2238 2996">
    <p class='ocr_par' dir='ltr' id='par_1_45' title="bbox 647 2918 2238 2996">
     <span class='ocr_line' id='line_1_45' title="bbox 647 2918 2238 2996; baseline -0.003 -15"><span class='ocrx_word' id='word_1_321' title='bbox 647 2918 818 2982; x_wconf 77' lang='lat' dir='ltr'><strong>terius</strong></span> <span class='ocrx_word' id='word_1_322' title='bbox 862 2924 1096 2980; x_wconf 87' lang='lat' dir='ltr'><strong>nominis</strong></span> <span class='ocrx_word' id='word_1_323' title='bbox 1117 2935 1269 2996; x_wconf 86' lang='lat' dir='ltr'><strong>parte</strong></span> <span class='ocrx_word' id='word_1_324' title='bbox 1301 2936 1549 2996; x_wconf 89' lang='lat' dir='ltr'><strong>ponatur,</strong></span> <span class='ocrx_word' id='word_1_325' title='bbox 1602 2941 1694 2995; x_wconf 91' lang='lat' dir='ltr'><strong>per</strong></span> <span class='ocrx_word' id='word_1_326' title='bbox 1726 2940 1786 2981; x_wconf 90' lang='lat' dir='ltr'><strong>se</strong></span> <span class='ocrx_word' id='word_1_327' title='bbox 1821 2925 1924 2979; x_wconf 86' lang='lat' dir='ltr'><strong>sibi</strong></span> <span class='ocrx_word' id='word_1_328' title='bbox 1973 2923 2238 2994; x_wconf 87' lang='lat' dir='ltr'><strong>signiﬁcat</strong></span> 
     </span>
    </p>
   </div>
   <div class='ocr_carea' id='block_1_46' title="bbox 645 3015 2235 3087">
    <p class='ocr_par' dir='ltr' id='par_1_46' title="bbox 645 3015 2235 3087">
     <span class='ocr_line' id='line_1_46' title="bbox 645 3015 2235 3087; baseline -0.003 -13"><span class='ocrx_word' id='word_1_329' title='bbox 645 3020 793 3074; x_wconf 70' lang='lat' dir='ltr'><strong>Velut</strong></span> <span class='ocrx_word' id='word_1_330' title='bbox 821 3034 1039 3075; x_wconf 90' lang='lat' dir='ltr'><strong>nomen.</strong></span> <span class='ocrx_word' id='word_1_331' title='bbox 1096 3017 1235 3087; x_wconf 84' lang='lat' dir='ltr'><strong>Ergo</strong></span> <span class='ocrx_word' id='word_1_332' title='bbox 1266 3033 1370 3072; x_wconf 92' lang='lat' dir='ltr'><strong>non</strong></span> <span class='ocrx_word' id='word_1_333' title='bbox 1421 3024 1507 3073; x_wconf 90' lang='lat' dir='ltr'><strong>est</strong></span> <span class='ocrx_word' id='word_1_334' title='bbox 1550 3018 1743 3072; x_wconf 88' lang='lat' dir='ltr'><strong>similis</strong></span> <span class='ocrx_word' id='word_1_335' title='bbox 1797 3018 1850 3072; x_wconf 92' lang='lat' dir='ltr'><strong>in</strong></span> <span class='ocrx_word' id='word_1_336' title='bbox 1899 3015 2235 3085; x_wconf 89' lang='lat' dir='ltr'><strong>simplicibus</strong></span> 
     </span>
    </p>
   </div>
   <div class='ocr_carea' id='block_1_47' title="bbox 648 3105 2233 3180">
    <p class='ocr_par' dir='ltr' id='par_1_47' title="bbox 648 3105 2233 3180">
     <span class='ocr_line' id='line_1_47' title="bbox 648 3105 2233 3180; baseline -0.005 -13"><span class='ocrx_word' id='word_1_337' title='bbox 648 3111 957 3167; x_wconf 86' lang='lat' dir='ltr'><strong>nominibus</strong></span> <span class='ocrx_word' id='word_1_338' title='bbox 1015 3109 1435 3180; x_wconf 88' lang='lat' dir='ltr'><strong>compositisque</strong></span> <span class='ocrx_word' id='word_1_339' title='bbox 1506 3107 1735 3173; x_wconf 82' lang='lat' dir='ltr'><strong>partium</strong></span> <span class='ocrx_word' id='word_1_340' title='bbox 1787 3105 2233 3176; x_wconf 84' lang='lat' dir='ltr'><strong>consigniﬁcatio.</strong></span> 
     </span>
    </p>
   </div>
   <div class='ocr_carea' id='block_1_48' title="bbox 655 3200 2236 3273">
    <p class='ocr_par' dir='ltr' id='par_1_48' title="bbox 655 3200 2236 3273">
     <span class='ocr_line' id='line_1_48' title="bbox 655 3200 2236 3273; baseline -0.004 -12"><span class='ocrx_word' id='word_1_341' title='bbox 655 3202 763 3261; x_wconf 86' lang='lat' dir='ltr'><strong>Sed</strong></span> <span class='ocrx_word' id='word_1_342' title='bbox 809 3202 1137 3273; x_wconf 89' lang='lat' dir='ltr'><strong>simplicium</strong></span> <span class='ocrx_word' id='word_1_343' title='bbox 1183 3201 1398 3272; x_wconf 89' lang='lat' dir='ltr'><strong>quidem</strong></span> <span class='ocrx_word' id='word_1_344' title='bbox 1432 3203 1708 3256; x_wconf 89' lang='lat' dir='ltr'><strong>nominum</strong></span> <span class='ocrx_word' id='word_1_345' title='bbox 1755 3211 1932 3271; x_wconf 90' lang='lat' dir='ltr'><strong>partes</strong></span> <span class='ocrx_word' id='word_1_346' title='bbox 1973 3216 2071 3255; x_wconf 89' lang='lat' dir='ltr'><strong>nec</strong></span> <span class='ocrx_word' id='word_1_347' title='bbox 2102 3200 2236 3269; x_wconf 56' lang='lat' dir='ltr'><strong>ipsae</strong></span> 
     </span>
    </p>
   </div>
   <div class='ocr_carea' id='block_1_49' title="bbox 647 3291 2237 3363">
    <p class='ocr_par' dir='ltr' id='par_1_49' title="bbox 647 3291 2237 3363">
     <span class='ocr_line' id='line_1_49' title="bbox 647 3291 2237 3363; baseline -0.002 -15"><span class='ocrx_word' id='word_1_348' title='bbox 647 3294 980 3363; x_wconf 88' lang='lat' dir='ltr'><strong>signiﬁcant,</strong></span> <span class='ocrx_word' id='word_1_349' title='bbox 1013 3306 1112 3348; x_wconf 87' lang='lat' dir='ltr'><strong>nec</strong></span> <span class='ocrx_word' id='word_1_350' title='bbox 1140 3291 1444 3361; x_wconf 86' lang='lat' dir='ltr'><strong>signiﬁcare</strong></span> <span class='ocrx_word' id='word_1_351' title='bbox 1485 3301 1759 3361; x_wconf 89' lang='lat' dir='ltr'><strong>putantur.</strong></span> <span class='ocrx_word' id='word_1_352' title='bbox 1799 3292 2237 3360; x_wconf 88' lang='lat' dir='ltr'><strong>Compositorum</strong></span> 
     </span>
    </p>
   </div>
   <div class='ocr_carea' id='block_1_50' title="bbox 648 3383 2239 3455">
    <p class='ocr_par' dir='ltr' id='par_1_50' title="bbox 648 3383 2239 3455">
     <span class='ocr_line' id='line_1_50' title="bbox 648 3383 2239 3455; baseline -0.001 -14"><span class='ocrx_word' id='word_1_353' title='bbox 648 3399 780 3441; x_wconf 77' lang='lat' dir='ltr'><strong>vero</strong></span> <span class='ocrx_word' id='word_1_354' title='bbox 815 3385 1004 3440; x_wconf 90' lang='lat' dir='ltr'><strong>volunt</strong></span> <span class='ocrx_word' id='word_1_355' title='bbox 1049 3384 1265 3455; x_wconf 90' lang='lat' dir='ltr'><strong>quidem</strong></span> <span class='ocrx_word' id='word_1_356' title='bbox 1314 3392 1492 3454; x_wconf 88' lang='lat' dir='ltr'><strong>partes</strong></span> <span class='ocrx_word' id='word_1_357' title='bbox 1540 3384 1744 3455; x_wconf 88' lang='lat' dir='ltr'><strong>aliquid</strong></span> <span class='ocrx_word' id='word_1_358' title='bbox 1801 3383 2133 3455; x_wconf 86' lang='lat' dir='ltr'><strong>signiﬁcare,</strong></span> <span class='ocrx_word' id='word_1_359' title='bbox 2183 3394 2239 3440; x_wconf 90' lang='lat' dir='ltr'><strong>et</strong></span> 
     </span>
    </p>
   </div>
   <div class='ocr_carea' id='block_1_51' title="bbox 649 3475 2237 3547">
    <p class='ocr_par' dir='ltr' id='par_1_51' title="bbox 649 3475 2237 3547">
     <span class='ocr_line' id='line_1_51' title="bbox 649 3475 2237 3547; baseline -0.001 -15"><span class='ocrx_word' id='word_1_360' title='bbox 649 3477 781 3532; x_wconf 83' lang='lat' dir='ltr'><strong>dant</strong></span> <span class='ocrx_word' id='word_1_361' title='bbox 827 3475 1233 3543; x_wconf 73' lang='lat' dir='ltr'><strong>signiﬁcationis</strong></span> <span class='ocrx_word' id='word_1_362' title='bbox 1287 3475 1762 3546; x_wconf 87' lang='lat' dir='ltr'><strong>imaginationem,</strong></span> <span class='ocrx_word' id='word_1_363' title='bbox 1822 3488 1876 3531; x_wconf 92' lang='lat' dir='ltr'><strong>et</strong></span> <span class='ocrx_word' id='word_1_364' title='bbox 1929 3476 2237 3547; x_wconf 89' lang='lat' dir='ltr'><strong>signiﬁcare</strong></span> 
     </span>
    </p>
   </div>
   <div class='ocr_carea' id='block_1_52' title="bbox 650 3569 2239 3643">
    <p class='ocr_par' dir='ltr' id='par_1_52' title="bbox 650 3569 2239 3643">
     <span class='ocr_line' id='line_1_52' title="bbox 650 3569 2239 3643; baseline 0.001 -17"><span class='ocrx_word' id='word_1_365' title='bbox 650 3569 848 3641; x_wconf 77' lang='lat' dir='ltr'><strong>aliquid</strong></span> <span class='ocrx_word' id='word_1_366' title='bbox 876 3578 1150 3640; x_wconf 88' lang='lat' dir='ltr'><strong>putantur,</strong></span> <span class='ocrx_word' id='word_1_367' title='bbox 1200 3569 1516 3627; x_wconf 85' lang='lat' dir='ltr'><strong>sednullius</strong></span> <span class='ocrx_word' id='word_1_368' title='bbox 1563 3571 1854 3643; x_wconf 85' lang='lat' dir='ltr'><strong>separatim</strong></span> <span class='ocrx_word' id='word_1_369' title='bbox 1900 3572 2136 3629; x_wconf 90' lang='lat' dir='ltr'><strong>retinent</strong></span> <span class='ocrx_word' id='word_1_370' title='bbox 2163 3572 2239 3628; x_wconf 82' lang='lat' dir='ltr'><strong>si-</strong></span> 
     </span>
    </p>
   </div>
   <div class='ocr_carea' id='block_1_53' title="bbox 651 3669 1071 3738">
    <p class='ocr_par' dir='ltr' id='par_1_53' title="bbox 651 3669 1071 3738">
     <span class='ocr_line' id='line_1_53' title="bbox 651 3669 1071 3738; baseline -0.005 -14"><span class='ocrx_word' id='word_1_371' title='bbox 651 3669 1071 3738; x_wconf 87' lang='lat' dir='ltr'><strong>gniﬁcationem.</strong></span> 
     </span>
    </p>
   </div>
   <div class='ocr_carea' id='block_1_54' title="bbox 723 3758 2231 3831">
    <p class='ocr_par' dir='ltr' id='par_1_54' title="bbox 723 3758 2231 3831">
     <span class='ocr_line' id='line_1_54' title="bbox 723 3758 2231 3831; baseline 0 -16"><span class='ocrx_word' id='word_1_372' title='bbox 723 3758 1020 3815; x_wconf 86' lang='lat' dir='ltr'><strong>Secundum</strong></span> <span class='ocrx_word' id='word_1_373' title='bbox 1048 3759 1296 3831; x_wconf 88' lang='lat' dir='ltr'><strong>placitum</strong></span> <span class='ocrx_word' id='word_1_374' title='bbox 1340 3777 1476 3816; x_wconf 82' lang='lat' dir='ltr'><strong>vero.</strong></span> <span class='ocrx_word' id='word_1_375' title='bbox 1510 3760 1763 3827; x_wconf 86' lang='lat' dir='ltr'><strong>Quoniam</strong></span> <span class='ocrx_word' id='word_1_376' title='bbox 1790 3758 2096 3815; x_wconf 82' lang='lat' dir='ltr'><strong>naturaliter</strong></span> <span class='ocrx_word' id='word_1_377' title='bbox 2135 3776 2231 3816; x_wconf 89' lang='lat' dir='ltr'><strong>no-</strong></span> 
     </span>
    </p>
   </div>
   <div class='ocr_carea' id='block_1_55' title="bbox 653 3852 1723 3923">
    <p class='ocr_par' dir='ltr' id='par_1_55' title="bbox 653 3852 1723 3923">
     <span class='ocr_line' id='line_1_55' title="bbox 653 3852 1723 3923; baseline 0.001 -19"><span class='ocrx_word' id='word_1_378' title='bbox 653 3865 766 3907; x_wconf 87' lang='lat' dir='ltr'><strong>men</strong></span> <span class='ocrx_word' id='word_1_379' title='bbox 797 3852 998 3904; x_wconf 86' lang='lat' dir='ltr'><strong>nullum</strong></span> <span class='ocrx_word' id='word_1_380' title='bbox 1023 3861 1118 3917; x_wconf 83' lang='lat' dir='ltr'><strong>est,</strong></span> <span class='ocrx_word' id='word_1_381' title='bbox 1142 3853 1230 3905; x_wconf 89' lang='lat' dir='ltr'><strong>sed</strong></span> <span class='ocrx_word' id='word_1_382' title='bbox 1254 3852 1464 3923; x_wconf 87' lang='lat' dir='ltr'><strong>quando</strong></span> <span class='ocrx_word' id='word_1_383' title='bbox 1493 3852 1551 3921; x_wconf 85' lang='lat' dir='ltr'><strong>ﬁt</strong></span> <span class='ocrx_word' id='word_1_384' title='bbox 1581 3861 1723 3906; x_wconf 86' lang='lat' dir='ltr'><strong>nota.</strong></span> 
     </span>
    </p>
   </div>
   <div class='ocr_carea' id='block_1_56' title="bbox 725 3940 2235 4013">
    <p class='ocr_par' dir='ltr' id='par_1_56' title="bbox 725 3940 2235 4013">
     <span class='ocr_line' id='line_1_56' title="bbox 725 3940 2235 4013; baseline 0.002 -18"><span class='ocrx_word' id='word_1_385' title='bbox 725 3942 873 3996; x_wconf 89' lang='lat' dir='ltr'><strong>Tunc</strong></span> <span class='ocrx_word' id='word_1_386' title='bbox 900 3943 1043 3996; x_wconf 77' lang='lat' dir='ltr'><strong>enim</strong></span> <span class='ocrx_word' id='word_1_387' title='bbox 1071 3943 1339 4013; x_wconf 88' lang='lat' dir='ltr'><strong>signiﬁcat</strong></span> <span class='ocrx_word' id='word_1_388' title='bbox 1380 3957 1573 3997; x_wconf 91' lang='lat' dir='ltr'><strong>nomen</strong></span> <span class='ocrx_word' id='word_1_389' title='bbox 1626 3940 1916 3996; x_wconf 88' lang='lat' dir='ltr'><strong>secundum</strong></span> <span class='ocrx_word' id='word_1_390' title='bbox 1959 3941 2235 4011; x_wconf 67' lang='lat' dir='ltr'><strong>placitum.</strong></span> 
     </span>
    </p>
   </div>
   <div class='ocr_carea' id='block_1_57' title="bbox 662 4032 2240 4104">
    <p class='ocr_par' dir='ltr' id='par_1_57' title="bbox 662 4032 2240 4104">
     <span class='ocr_line' id='line_1_57' title="bbox 662 4032 2240 4104; baseline 0.001 -17"><span class='ocrx_word' id='word_1_391' title='bbox 662 4033 875 4103; x_wconf 83' lang='lat' dir='ltr'><strong>quando</strong></span> <span class='ocrx_word' id='word_1_392' title='bbox 898 4032 955 4087; x_wconf 91' lang='lat' dir='ltr'><strong>ﬁt</strong></span> <span class='ocrx_word' id='word_1_393' title='bbox 987 4041 1109 4086; x_wconf 86' lang='lat' dir='ltr'><strong>nota</strong></span> <span class='ocrx_word' id='word_1_394' title='bbox 1150 4034 1378 4102; x_wconf 83' lang='lat' dir='ltr'><strong>alicujus</strong></span> <span class='ocrx_word' id='word_1_395' title='bbox 1428 4034 1527 4100; x_wconf 87' lang='lat' dir='ltr'><strong>rei,</strong></span> <span class='ocrx_word' id='word_1_396' title='bbox 1560 4033 1611 4087; x_wconf 89' lang='lat' dir='ltr'><strong>id</strong></span> <span class='ocrx_word' id='word_1_397' title='bbox 1654 4038 1736 4088; x_wconf 88' lang='lat' dir='ltr'><strong>e&#39;st</strong></span> <span class='ocrx_word' id='word_1_398' title='bbox 1778 4032 1992 4102; x_wconf 83' lang='lat' dir='ltr'><strong>quando</strong></span> <span class='ocrx_word' id='word_1_399' title='bbox 2038 4034 2240 4104; x_wconf 80' lang='lat' dir='ltr'><strong>signiﬁ-</strong></span> 
     </span>
    </p>
   </div>
   <div class='ocr_carea' id='block_1_58' title="bbox 655 4126 2241 4196">
    <p class='ocr_par' dir='ltr' id='par_1_58' title="bbox 655 4126 2241 4196">
     <span class='ocr_line' id='line_1_58' title="bbox 655 4126 2241 4196; baseline 0 -13"><span class='ocrx_word' id='word_1_400' title='bbox 655 4137 743 4183; x_wconf 88' lang='lat' dir='ltr'><strong>cat</strong></span> <span class='ocrx_word' id='word_1_401' title='bbox 768 4127 998 4196; x_wconf 84' lang='lat' dir='ltr'><strong>aliqnatn</strong></span> <span class='ocrx_word' id='word_1_402' title='bbox 1025 4143 1157 4194; x_wconf 88' lang='lat' dir='ltr'><strong>rem,</strong></span> <span class='ocrx_word' id='word_1_403' title='bbox 1204 4136 1262 4182; x_wconf 92' lang='lat' dir='ltr'><strong>ut</strong></span> <span class='ocrx_word' id='word_1_404' title='bbox 1311 4126 1648 4195; x_wconf 79' lang='lat' dir='ltr'><strong>scindapsus.</strong></span> <span class='ocrx_word' id='word_1_405' title='bbox 1675 4126 1919 4194; x_wconf 87' lang='lat' dir='ltr'><strong>Quandiu</strong></span> <span class='ocrx_word' id='word_1_406' title='bbox 1946 4127 2086 4182; x_wconf 89' lang='lat' dir='ltr'><strong>enitn</strong></span> <span class='ocrx_word' id='word_1_407' title='bbox 2117 4127 2241 4183; x_wconf 91' lang='lat' dir='ltr'><strong>huic</strong></span> 
     </span>
    </p>
   </div>
   <div class='ocr_carea' id='block_1_59' title="bbox 653 4218 2236 4286">
    <p class='ocr_par' dir='ltr' id='par_1_59' title="bbox 653 4218 2236 4286">
     <span class='ocr_line' id='line_1_59' title="bbox 653 4218 2236 4286; baseline 0 -13"><span class='ocrx_word' id='word_1_408' title='bbox 653 4219 770 4273; x_wconf 81' lang='lat' dir='ltr'><strong>voci</strong></span> <span class='ocrx_word' id='word_1_409' title='bbox 795 4218 922 4271; x_wconf 87' lang='lat' dir='ltr'><strong>nihil</strong></span> <span class='ocrx_word' id='word_1_410' title='bbox 953 4218 1252 4286; x_wconf 86' lang='lat' dir='ltr'><strong>subjectum</strong></span> <span class='ocrx_word' id='word_1_411' title='bbox 1277 4227 1382 4284; x_wconf 90' lang='lat' dir='ltr'><strong>est,</strong></span> <span class='ocrx_word' id='word_1_412' title='bbox 1413 4219 1726 4285; x_wconf 80' lang='lat' dir='ltr'><strong>scindapsus</strong></span> <span class='ocrx_word' id='word_1_413' title='bbox 1760 4235 1952 4275; x_wconf 87' lang='lat' dir='ltr'><strong>nomen</strong></span> <span class='ocrx_word' id='word_1_414' title='bbox 2002 4236 2105 4274; x_wconf 93' lang='lat' dir='ltr'><strong>non</strong></span> <span class='ocrx_word' id='word_1_415' title='bbox 2134 4228 2236 4274; x_wconf 66' lang='lat' dir='ltr'><strong>est.</strong></span> 
     </span>
    </p>
   </div>
   <div class='ocr_carea' id='block_1_60' title="bbox 654 4308 2240 4377">
    <p class='ocr_par' dir='ltr' id='par_1_60' title="bbox 654 4308 2240 4377">
     <span class='ocr_line' id='line_1_60' title="bbox 654 4308 2240 4377; baseline -0.001 -13"><span class='ocrx_word' id='word_1_416' title='bbox 654 4310 787 4366; x_wconf 83' lang='lat' dir='ltr'><strong>Nam</strong></span> <span class='ocrx_word' id='word_1_417' title='bbox 830 4309 1058 4363; x_wconf 84' lang='lat' dir='ltr'><strong>nominis</strong></span> <span class='ocrx_word' id='word_1_418' title='bbox 1096 4318 1180 4363; x_wconf 86' lang='lat' dir='ltr'><strong>est</strong></span> <span class='ocrx_word' id='word_1_419' title='bbox 1219 4308 1522 4377; x_wconf 83' lang='lat' dir='ltr'><strong>signiﬁcare</strong></span> <span class='ocrx_word' id='word_1_420' title='bbox 1574 4309 1896 4376; x_wconf 78' lang='lat' dir='ltr'><strong>subjectum,</strong></span> <span class='ocrx_word' id='word_1_421' title='bbox 1922 4311 2240 4377; x_wconf 80' lang='lat' dir='ltr'><strong>scindapsus</strong></span> 
     </span>
    </p>
   </div>
   <div class='ocr_carea' id='block_1_61' title="bbox 655 4398 2240 4470">
    <p class='ocr_par' dir='ltr' id='par_1_61' title="bbox 655 4398 2240 4470">
     <span class='ocr_line' id='line_1_61' title="bbox 655 4398 2240 4470; baseline 0.001 -14"><span class='ocrx_word' id='word_1_422' title='bbox 655 4411 832 4456; x_wconf 84' lang='lat' dir='ltr'><strong>autem</strong></span> <span class='ocrx_word' id='word_1_423' title='bbox 865 4401 1165 4468; x_wconf 86' lang='lat' dir='ltr'><strong>subjectum</strong></span> <span class='ocrx_word' id='word_1_424' title='bbox 1202 4415 1307 4454; x_wconf 84' lang='lat' dir='ltr'><strong>non</strong></span> <span class='ocrx_word' id='word_1_425' title='bbox 1353 4398 1637 4467; x_wconf 88' lang='lat' dir='ltr'><strong>signiﬁcat.</strong></span> <span class='ocrx_word' id='word_1_426' title='bbox 1671 4398 1786 4453; x_wconf 83' lang='lat' dir='ltr'><strong>Non</strong></span> <span class='ocrx_word' id='word_1_427' title='bbox 1853 4410 1997 4470; x_wconf 73' lang='lat' dir='ltr'><strong>gitur</strong></span> <span class='ocrx_word' id='word_1_428' title='bbox 2047 4418 2240 4457; x_wconf 89' lang='lat' dir='ltr'><strong>nomen</strong></span> 
     </span>
    </p>
   </div>
   <div class='ocr_carea' id='block_1_62' title="bbox 657 4493 2242 4562">
    <p class='ocr_par' dir='ltr' id='par_1_62' title="bbox 657 4493 2242 4562">
     <span class='ocr_line' id='line_1_62' title="bbox 657 4493 2242 4562; baseline -0.001 -13"><span class='ocrx_word' id='word_1_429' title='bbox 657 4506 759 4550; x_wconf 84' lang='lat' dir='ltr'><strong>est.</strong></span> <span class='ocrx_word' id='word_1_430' title='bbox 793 4496 867 4548; x_wconf 85' lang='lat' dir='ltr'><strong>Ac</strong></span> <span class='ocrx_word' id='word_1_431' title='bbox 914 4509 1099 4548; x_wconf 85' lang='lat' dir='ltr'><strong>rursus</strong></span> <span class='ocrx_word' id='word_1_432' title='bbox 1125 4503 1207 4548; x_wconf 86' lang='lat' dir='ltr'><strong>est</strong></span> <span class='ocrx_word' id='word_1_433' title='bbox 1237 4493 1393 4562; x_wconf 89' lang='lat' dir='ltr'><strong>hujus</strong></span> <span class='ocrx_word' id='word_1_434' title='bbox 1424 4494 1760 4547; x_wconf 83' lang='lat' dir='ltr'><strong>constituere</strong></span> <span class='ocrx_word' id='word_1_435' title='bbox 1785 4493 2112 4561; x_wconf 74' lang='lat' dir='ltr'><strong>subjectum,</strong></span> <span class='ocrx_word' id='word_1_436' title='bbox 2146 4512 2242 4549; x_wconf 86' lang='lat' dir='ltr'><strong>no-</strong></span> 
     </span>
    </p>
   </div>
   <div class='ocr_carea' id='block_1_63' title="bbox 655 4582 2239 4655">
    <p class='ocr_par' dir='ltr' id='par_1_63' title="bbox 655 4582 2239 4655">
     <span class='ocr_line' id='line_1_63' title="bbox 655 4582 2239 4655; baseline -0.002 -14"><span class='ocrx_word' id='word_1_437' title='bbox 655 4586 815 4641; x_wconf 91' lang='lat' dir='ltr'><strong>minis</strong></span> <span class='ocrx_word' id='word_1_438' title='bbox 864 4595 1042 4641; x_wconf 90' lang='lat' dir='ltr'><strong>autem</strong></span> <span class='ocrx_word' id='word_1_439' title='bbox 1093 4584 1398 4655; x_wconf 76' lang='lat' dir='ltr'><strong>signiﬁcare</strong></span> <span class='ocrx_word' id='word_1_440' title='bbox 1437 4582 1737 4653; x_wconf 84' lang='lat' dir='ltr'><strong>subjectum</strong></span> <span class='ocrx_word' id='word_1_441' title='bbox 1773 4593 1873 4637; x_wconf 55' lang='lat' dir='ltr'><strong>Cal.</strong></span> <span class='ocrx_word' id='word_1_442' title='bbox 1932 4584 2047 4637; x_wconf 87' lang='lat' dir='ltr'><strong>Non</strong></span> <span class='ocrx_word' id='word_1_443' title='bbox 2094 4584 2239 4638; x_wconf 72' lang='lat' dir='ltr'><strong>enim</strong></span> 
     </span>
    </p>
   </div>
   <div class='ocr_carea' id='block_1_64' title="bbox 656 4675 2241 4747">
    <p class='ocr_par' dir='ltr' id='par_1_64' title="bbox 656 4675 2241 4747">
     <span class='ocr_line' id='line_1_64' title="bbox 656 4675 2241 4747; baseline -0.002 -15"><span class='ocrx_word' id='word_1_444' title='bbox 656 4693 848 4733; x_wconf 89' lang='lat' dir='ltr'><strong>nomen</strong></span> <span class='ocrx_word' id='word_1_445' title='bbox 899 4678 1095 4747; x_wconf 90' lang='lat' dir='ltr'><strong>aliquid</strong></span> <span class='ocrx_word' id='word_1_446' title='bbox 1127 4678 1416 4743; x_wconf 88' lang='lat' dir='ltr'><strong>diceretur,</strong></span> <span class='ocrx_word' id='word_1_447' title='bbox 1472 4676 1575 4731; x_wconf 90' lang='lat' dir='ltr'><strong>nisi</strong></span> <span class='ocrx_word' id='word_1_448' title='bbox 1607 4692 1637 4730; x_wconf 91' lang='lat' dir='ltr'><strong>a</strong></span> <span class='ocrx_word' id='word_1_449' title='bbox 1689 4675 1916 4745; x_wconf 89' lang='lat' dir='ltr'><strong>subjecti</strong></span> <span class='ocrx_word' id='word_1_450' title='bbox 1967 4675 2241 4743; x_wconf 82' lang='lat' dir='ltr'><strong>signiﬁca-</strong></span> 
     </span>
    </p>
   </div>
   <div class='ocr_carea' id='block_1_65' title="bbox 658 4752 2239 4839">
    <p class='ocr_par' dir='ltr' id='par_1_65' title="bbox 658 4752 2239 4839">
     <span class='ocr_line' id='line_1_65' title="bbox 658 4752 2239 4839; baseline 0 -15"><span class='ocrx_word' id='word_1_451' title='bbox 658 4771 801 4825; x_wconf 87' lang='lat' dir='ltr'><strong>tione</strong></span> <span class='ocrx_word' id='word_1_452' title='bbox 841 4771 941 4824; x_wconf 91' lang='lat' dir='ltr'><strong>hoc</strong></span> <span class='ocrx_word' id='word_1_453' title='bbox 981 4770 1239 4838; x_wconf 89' lang='lat' dir='ltr'><strong>traheret,</strong></span> <span class='ocrx_word' id='word_1_454' title='bbox 1300 4770 1567 4839; x_wconf 67' lang='lat' dir='ltr'><strong>principue</strong></span> <span class='ocrx_word' id='word_1_455' title='bbox 1609 4784 1730 4823; x_wconf 91' lang='lat' dir='ltr'><strong>cum</strong></span> <span class='ocrx_word' id='word_1_456' title='bbox 1788 4784 1979 4822; x_wconf 86' lang='lat' dir='ltr'><strong>nomen</strong></span> <span class='ocrx_word' id='word_1_457' title='bbox 2012 4752 2239 4824; x_wconf 33' lang='lat' dir='ltr'><strong>&#39;dicatur</strong></span> 
     </span>
    </p>
   </div>
   <div class='ocr_carea' id='block_1_66' title="bbox 658 4859 2238 4930">
    <p class='ocr_par' dir='ltr' id='par_1_66' title="bbox 658 4859 2238 4930">
     <span class='ocr_line' id='line_1_66' title="bbox 658 4859 2238 4930; baseline 0.002 -18"><span class='ocrx_word' id='word_1_458' title='bbox 658 4859 807 4928; x_wconf 85' lang='lat' dir='ltr'><strong>quasi</strong></span> <span class='ocrx_word' id='word_1_459' title='bbox 858 4871 1127 4914; x_wconf 89' lang='lat' dir='ltr'><strong>notamen.</strong></span> <span class='ocrx_word' id='word_1_460' title='bbox 1171 4863 1354 4930; x_wconf 87' lang='lat' dir='ltr'><strong>Itaque</strong></span> <span class='ocrx_word' id='word_1_461' title='bbox 1400 4877 1521 4916; x_wconf 92' lang='lat' dir='ltr'><strong>cum</strong></span> <span class='ocrx_word' id='word_1_462' title='bbox 1573 4861 1889 4930; x_wconf 89' lang='lat' dir='ltr'><strong>scindapsus</strong></span> <span class='ocrx_word' id='word_1_463' title='bbox 1937 4861 2238 4928; x_wconf 88' lang='lat' dir='ltr'><strong>subjectum</strong></span> 
     </span>
    </p>
   </div>
   <div class='ocr_carea' id='block_1_67' title="bbox 658 4947 2241 5019">
    <p class='ocr_par' dir='ltr' id='par_1_67' title="bbox 658 4947 2241 5019">
     <span class='ocr_line' id='line_1_67' title="bbox 658 4947 2241 5019; baseline 0.001 -15"><span class='ocrx_word' id='word_1_464' title='bbox 658 4947 918 5019; x_wconf 70' lang='lat' dir='ltr'><strong>signiﬁcat</strong></span> <span class='ocrx_word' id='word_1_465' title='bbox 962 4962 1156 5004; x_wconf 88' lang='lat' dir='ltr'><strong>nomen</strong></span> <span class='ocrx_word' id='word_1_466' title='bbox 1194 4961 1295 5004; x_wconf 90' lang='lat' dir='ltr'><strong>est.</strong></span> <span class='ocrx_word' id='word_1_467' title='bbox 1329 4952 1551 5004; x_wconf 85' lang='lat' dir='ltr'><strong>Constat</strong></span> <span class='ocrx_word' id='word_1_468' title='bbox 1581 4951 1739 5019; x_wconf 90' lang='lat' dir='ltr'><strong>igitur</strong></span> <span class='ocrx_word' id='word_1_469' title='bbox 1771 4966 1965 5004; x_wconf 91' lang='lat' dir='ltr'><strong>nomen</strong></span> <span class='ocrx_word' id='word_1_470' title='bbox 1995 4966 2115 5006; x_wconf 87' lang='lat' dir='ltr'><strong>esse</strong></span> <span class='ocrx_word' id='word_1_471' title='bbox 2155 4967 2241 5006; x_wconf 83' lang='lat' dir='ltr'><strong>se-</strong></span> 
     </span>
    </p>
   </div>
   <div class='ocr_carea' id='block_1_68' title="bbox 658 5041 2241 5111">
    <p class='ocr_par' dir='ltr' id='par_1_68' title="bbox 658 5041 2241 5111">
     <span class='ocr_line' id='line_1_68' title="bbox 658 5041 2241 5111; baseline -0.002 -12"><span class='ocrx_word' id='word_1_472' title='bbox 658 5043 891 5099; x_wconf 88' lang='lat' dir='ltr'><strong>cundum</strong></span> <span class='ocrx_word' id='word_1_473' title='bbox 940 5042 1217 5109; x_wconf 90' lang='lat' dir='ltr'><strong>placitum,</strong></span> <span class='ocrx_word' id='word_1_474' title='bbox 1259 5041 1353 5096; x_wconf 89' lang='lat' dir='ltr'><strong>sed</strong></span> <span class='ocrx_word' id='word_1_475' title='bbox 1400 5051 1526 5096; x_wconf 89' lang='lat' dir='ltr'><strong>tunc</strong></span> <span class='ocrx_word' id='word_1_476' title='bbox 1561 5042 1776 5111; x_wconf 89' lang='lat' dir='ltr'><strong>quando</strong></span> <span class='ocrx_word' id='word_1_477' title='bbox 1807 5041 1865 5096; x_wconf 90' lang='lat' dir='ltr'><strong>ﬁt</strong></span> <span class='ocrx_word' id='word_1_478' title='bbox 1890 5050 2039 5107; x_wconf 87' lang='lat' dir='ltr'><strong>nota,</strong></span> <span class='ocrx_word' id='word_1_479' title='bbox 2074 5041 2127 5096; x_wconf 90' lang='lat' dir='ltr'><strong>id</strong></span> <span class='ocrx_word' id='word_1_480' title='bbox 2156 5050 2241 5097; x_wconf 92' lang='lat' dir='ltr'><strong>est</strong></span> 
     </span>
    </p>
   </div>
   <div class='ocr_carea' id='block_1_69' title="bbox 658 5131 1749 5206">
    <p class='ocr_par' dir='ltr' id='par_1_69' title="bbox 658 5131 1749 5206">
     <span class='ocr_line' id='line_1_69' title="bbox 658 5131 1749 5206; baseline -0.003 -17"><span class='ocrx_word' id='word_1_481' title='bbox 658 5134 869 5206; x_wconf 84' lang='lat' dir='ltr'><strong>quando</strong></span> <span class='ocrx_word' id='word_1_482' title='bbox 896 5133 1109 5203; x_wconf 84' lang='lat' dir='ltr'><strong>aliquod</strong></span> <span class='ocrx_word' id='word_1_483' title='bbox 1138 5133 1436 5202; x_wconf 91' lang='lat' dir='ltr'><strong>subjectum</strong></span> <span class='ocrx_word' id='word_1_484' title='bbox 1463 5131 1749 5202; x_wconf 87' lang='lat' dir='ltr'><strong>signiﬁcat.</strong></span> 
     </span>
    </p>
   </div>
   <div class='ocr_carea' id='block_1_70' title="bbox 734 5223 2238 5296">
    <p class='ocr_par' dir='ltr' id='par_1_70' title="bbox 734 5223 2238 5296">
     <span class='ocr_line' id='line_1_70' title="bbox 734 5223 2238 5296; baseline -0.001 -15"><span class='ocrx_word' id='word_1_485' title='bbox 734 5226 874 5281; x_wconf 80' lang='lat' dir='ltr'><strong>Nam</strong></span> <span class='ocrx_word' id='word_1_486' title='bbox 896 5226 1159 5296; x_wconf 81' lang='lat' dir='ltr'><strong>designant</strong></span> <span class='ocrx_word' id='word_1_487' title='bbox 1188 5235 1235 5279; x_wconf 91' lang='lat' dir='ltr'><strong>et</strong></span> <span class='ocrx_word' id='word_1_488' title='bbox 1264 5224 1515 5279; x_wconf 86' lang='lat' dir='ltr'><strong>illitterati</strong></span> <span class='ocrx_word' id='word_1_489' title='bbox 1544 5225 1678 5289; x_wconf 85' lang='lat' dir='ltr'><strong>soni,</strong></span> <span class='ocrx_word' id='word_1_490' title='bbox 1739 5231 1792 5276; x_wconf 84' lang='lat' dir='ltr'><strong>ut</strong></span> <span class='ocrx_word' id='word_1_491' title='bbox 1822 5223 2074 5293; x_wconf 77' lang='lat' dir='ltr'><strong>ferarum,</strong></span> <span class='ocrx_word' id='word_1_492' title='bbox 2103 5240 2238 5295; x_wconf 82' lang='lat' dir='ltr'><strong>quo-</strong></span> 
     </span>
    </p>
   </div>
   <div class='ocr_carea' id='block_1_71' title="bbox 657 5322 1321 5375">
    <p class='ocr_par' dir='ltr' id='par_1_71' title="bbox 657 5322 1321 5375">
     <span class='ocr_line' id='line_1_71' title="bbox 657 5322 1321 5375; baseline -0.006 0"><span class='ocrx_word' id='word_1_493' title='bbox 657 5333 773 5375; x_wconf 73' lang='lat' dir='ltr'><strong>rum</strong></span> <span class='ocrx_word' id='word_1_494' title='bbox 815 5322 987 5373; x_wconf 80' lang='lat' dir='ltr'><strong>nullus</strong></span> <span class='ocrx_word' id='word_1_495' title='bbox 1013 5328 1087 5373; x_wconf 80' lang='lat' dir='ltr'><strong>est</strong></span> <span class='ocrx_word' id='word_1_496' title='bbox 1119 5334 1321 5372; x_wconf 85' lang='lat' dir='ltr'><strong>nomen.</strong></span> 
     </span>
    </p>
   </div>
   <div class='ocr_carea' id='block_1_72' title="bbox 731 5408 2242 5478">
    <p class='ocr_par' dir='ltr' id='par_1_72' title="bbox 731 5408 2242 5478">
     <span class='ocr_line' id='line_1_72' title="bbox 731 5408 2242 5478; baseline 0.001 -13"><span class='ocrx_word' id='word_1_497' title='bbox 731 5411 945 5466; x_wconf 87' lang='lat' dir='ltr'><strong>Dixerat</strong></span> <span class='ocrx_word' id='word_1_498' title='bbox 990 5414 1235 5478; x_wconf 76' lang='lat' dir='ltr'><strong>superius</strong></span> <span class='ocrx_word' id='word_1_499' title='bbox 1265 5410 1315 5463; x_wconf 93' lang='lat' dir='ltr'><strong>in</strong></span> <span class='ocrx_word' id='word_1_500' title='bbox 1361 5408 1704 5474; x_wconf 85' lang='lat' dir='ltr'><strong>difﬁnitione,</strong></span> <span class='ocrx_word' id='word_1_501' title='bbox 1760 5423 1954 5465; x_wconf 90' lang='lat' dir='ltr'><strong>nomen</strong></span> <span class='ocrx_word' id='word_1_502' title='bbox 1983 5425 2110 5466; x_wconf 90' lang='lat' dir='ltr'><strong>esse</strong></span> <span class='ocrx_word' id='word_1_503' title='bbox 2154 5424 2242 5467; x_wconf 86' lang='lat' dir='ltr'><strong>se-</strong></span> 
     </span>
    </p>
   </div>
   <div class='ocr_carea' id='block_1_73' title="bbox 659 5500 2243 5572">
    <p class='ocr_par' dir='ltr' id='par_1_73' title="bbox 659 5500 2243 5572">
     <span class='ocr_line' id='line_1_73' title="bbox 659 5500 2243 5572; baseline -0.001 -13"><span class='ocrx_word' id='word_1_504' title='bbox 659 5504 890 5559; x_wconf 87' lang='lat' dir='ltr'><strong>cundum</strong></span> <span class='ocrx_word' id='word_1_505' title='bbox 924 5502 1197 5572; x_wconf 89' lang='lat' dir='ltr'><strong>placitum,</strong></span> <span class='ocrx_word' id='word_1_506' title='bbox 1253 5516 1355 5556; x_wconf 92' lang='lat' dir='ltr'><strong>non</strong></span> <span class='ocrx_word' id='word_1_507' title='bbox 1391 5514 1599 5557; x_wconf 83' lang='lat' dir='ltr'><strong>natura.</strong></span> <span class='ocrx_word' id='word_1_508' title='bbox 1633 5500 1744 5556; x_wconf 81' lang='lat' dir='ltr'><strong>Hoc</strong></span> <span class='ocrx_word' id='word_1_509' title='bbox 1776 5513 1952 5557; x_wconf 91' lang='lat' dir='ltr'><strong>autcm</strong></span> <span class='ocrx_word' id='word_1_510' title='bbox 1982 5519 2125 5558; x_wconf 90' lang='lat' dir='ltr'><strong>nunc</strong></span> <span class='ocrx_word' id='word_1_511' title='bbox 2160 5503 2243 5558; x_wconf 89' lang='lat' dir='ltr'><strong>di-</strong></span> 
     </span>
    </p>
   </div>
   <div class='ocr_carea' id='block_1_74' title="bbox 660 5593 2243 5664">
    <p class='ocr_par' dir='ltr' id='par_1_74' title="bbox 660 5593 2243 5664">
     <span class='ocr_line' id='line_1_74' title="bbox 660 5593 2243 5664; baseline 0.002 -16"><span class='ocrx_word' id='word_1_512' title='bbox 660 5594 912 5664; x_wconf 87' lang='lat' dir='ltr'><strong>ligentius</strong></span> <span class='ocrx_word' id='word_1_513' title='bbox 945 5605 1206 5649; x_wconf 76' lang='lat' dir='ltr'><strong>monStrat</strong></span> <span class='ocrx_word' id='word_1_514' title='bbox 1236 5593 1420 5649; x_wconf 91' lang='lat' dir='ltr'><strong>dicens</strong></span> <span class='ocrx_word' id='word_1_515' title='bbox 1461 5594 1591 5649; x_wconf 90' lang='lat' dir='ltr'><strong>nihil</strong></span> <span class='ocrx_word' id='word_1_516' title='bbox 1614 5609 1734 5650; x_wconf 88' lang='lat' dir='ltr'><strong>esse</strong></span> <span class='ocrx_word' id='word_1_517' title='bbox 1767 5596 2041 5659; x_wconf 89' lang='lat' dir='ltr'><strong>nominum</strong></span> <span class='ocrx_word' id='word_1_518' title='bbox 2087 5606 2243 5651; x_wconf 87' lang='lat' dir='ltr'><strong>natu-</strong></span> 
     </span>
    </p>
   </div>
   <div class='ocr_carea' id='block_1_75' title="bbox 660 5684 2243 5755">
    <p class='ocr_par' dir='ltr' id='par_1_75' title="bbox 660 5684 2243 5755">
     <span class='ocr_line' id='line_1_75' title="bbox 660 5684 2243 5755; baseline 0.002 -17"><span class='ocrx_word' id='word_1_519' title='bbox 660 5687 862 5740; x_wconf 86' lang='lat' dir='ltr'><strong>raliter.</strong></span> <span class='ocrx_word' id='word_1_520' title='bbox 918 5688 1091 5755; x_wconf 81' lang='lat' dir='ltr'><strong>Atque</strong></span> <span class='ocrx_word' id='word_1_521' title='bbox 1136 5684 1258 5739; x_wconf 88' lang='lat' dir='ltr'><strong>ideo</strong></span> <span class='ocrx_word' id='word_1_522' title='bbox 1295 5700 1401 5739; x_wconf 92' lang='lat' dir='ltr'><strong>non</strong></span> <span class='ocrx_word' id='word_1_523' title='bbox 1442 5687 1515 5741; x_wconf 94' lang='lat' dir='ltr'><strong>illi</strong></span> <span class='ocrx_word' id='word_1_524' title='bbox 1546 5688 1740 5743; x_wconf 88' lang='lat' dir='ltr'><strong>suflicit</strong></span> <span class='ocrx_word' id='word_1_525' title='bbox 1766 5688 1832 5742; x_wconf 87' lang='lat' dir='ltr'><strong>ad</strong></span> <span class='ocrx_word' id='word_1_526' title='bbox 1865 5688 2243 5742; x_wconf 88' lang='lat' dir='ltr'><strong>difﬁnitionetn</strong></span> 
     </span>
    </p>
   </div>
   <div class='ocr_carea' id='block_1_76' title="bbox 662 5776 2242 5851">
    <p class='ocr_par' dir='ltr' id='par_1_76' title="bbox 662 5776 2242 5851">
     <span class='ocr_line' id='line_1_76' title="bbox 662 5776 2242 5851; baseline 0.005 -25"><span class='ocrx_word' id='word_1_527' title='bbox 662 5776 803 5842; x_wconf 90' lang='lat' dir='ltr'><strong>quod</strong></span> <span class='ocrx_word' id='word_1_528' title='bbox 827 5784 909 5829; x_wconf 88' lang='lat' dir='ltr'><strong>est</strong></span> <span class='ocrx_word' id='word_1_529' title='bbox 937 5777 1284 5844; x_wconf 85' lang='lat' dir='ltr'><strong>signiﬁcativa</strong></span> <span class='ocrx_word' id='word_1_530' title='bbox 1316 5791 1437 5842; x_wconf 85' lang='lat' dir='ltr'><strong>vox,</strong></span> <span class='ocrx_word' id='word_1_531' title='bbox 1467 5780 1567 5833; x_wconf 91' lang='lat' dir='ltr'><strong>nisi</strong></span> <span class='ocrx_word' id='word_1_532' title='bbox 1608 5780 1737 5834; x_wconf 91' lang='lat' dir='ltr'><strong>illud</strong></span> <span class='ocrx_word' id='word_1_533' title='bbox 1779 5796 1993 5851; x_wconf 90' lang='lat' dir='ltr'><strong>quoque</strong></span> <span class='ocrx_word' id='word_1_534' title='bbox 2014 5780 2242 5834; x_wconf 85' lang='lat' dir='ltr'><strong>adderet</strong></span> 
     </span>
    </p>
   </div>
   <div class='ocr_carea' id='block_1_77' title="bbox 663 5864 2241 5936">
    <p class='ocr_par' dir='ltr' id='par_1_77' title="bbox 663 5864 2241 5936">
     <span class='ocr_line' id='line_1_77' title="bbox 663 5864 2241 5936; baseline 0.005 -19"><span class='ocrx_word' id='word_1_535' title='bbox 663 5864 803 5933; x_wconf 80' lang='lat' dir='ltr'><strong>quod</strong></span> <span class='ocrx_word' id='word_1_536' title='bbox 827 5865 1120 5932; x_wconf 75' lang='lat' dir='ltr'><strong>secundum</strong></span> <span class='ocrx_word' id='word_1_537' title='bbox 1142 5865 1397 5934; x_wconf 87' lang='lat' dir='ltr'><strong>placitum</strong></span> <span class='ocrx_word' id='word_1_538' title='bbox 1426 5884 1528 5923; x_wconf 86' lang='lat' dir='ltr'><strong>vox</strong></span> <span class='ocrx_word' id='word_1_539' title='bbox 1555 5869 1903 5936; x_wconf 80' lang='lat' dir='ltr'><strong>signiﬁcativa</strong></span> <span class='ocrx_word' id='word_1_540' title='bbox 1944 5881 2044 5929; x_wconf 84' lang='lat' dir='ltr'><strong>est.</strong></span> <span class='ocrx_word' id='word_1_541' title='bbox 2089 5871 2241 5927; x_wconf 81' lang='lat' dir='ltr'><strong>Alio-</strong></span> 
     </span>
    </p>
   </div>
   <div class='ocr_carea' id='block_1_78' title="bbox 2266 3252 2313 3316">
    <p class='ocr_par' dir='ltr' id='par_1_78' title="bbox 2266 3252 2313 3316">
     <span class='ocr_line' id='line_1_78' title="bbox 2266 3252 2313 3316; baseline 0 0"><span class='ocrx_word' id='word_1_542' title='bbox 2266 3252 2313 3316; x_wconf 88' lang='lat' dir='ltr'><strong><em>C</em></strong></span> 
     </span>
    </p>
   </div>
   <div class='ocr_carea' id='block_1_79' title="bbox 2338 1916 3918 1983">
    <p class='ocr_par' dir='ltr' id='par_1_79' title="bbox 2338 1916 3918 1983">
     <span class='ocr_line' id='line_1_79' title="bbox 2338 1916 3918 1983; baseline -0.001 -10"><span class='ocrx_word' id='word_1_543' title='bbox 2338 1919 2501 1973; x_wconf 89' lang='lat' dir='ltr'><strong>situm</strong></span> <span class='ocrx_word' id='word_1_544' title='bbox 2530 1930 2636 1983; x_wconf 90' lang='lat' dir='ltr'><strong>est,</strong></span> <span class='ocrx_word' id='word_1_545' title='bbox 2668 1918 2864 1973; x_wconf 90' lang='lat' dir='ltr'><strong>idcirco</strong></span> <span class='ocrx_word' id='word_1_546' title='bbox 2892 1917 3091 1972; x_wconf 91' lang='lat' dir='ltr'><strong>dictum</strong></span> <span class='ocrx_word' id='word_1_547' title='bbox 3136 1928 3217 1974; x_wconf 82' lang='lat' dir='ltr'><strong>est</strong></span> <span class='ocrx_word' id='word_1_548' title='bbox 3270 1928 3328 1971; x_wconf 92' lang='lat' dir='ltr'><strong>ut</strong></span> <span class='ocrx_word' id='word_1_549' title='bbox 3357 1932 3551 1971; x_wconf 90' lang='lat' dir='ltr'><strong>nomen</strong></span> <span class='ocrx_word' id='word_1_550' title='bbox 3601 1916 3669 1971; x_wconf 91' lang='lat' dir='ltr'><strong>ab</strong></span> <span class='ocrx_word' id='word_1_551' title='bbox 3712 1918 3918 1971; x_wconf 88' lang='lat' dir='ltr'><strong>oratio-</strong></span> 
     </span>
    </p>
   </div>
   <div class='ocr_carea' id='block_1_80' title="bbox 2341 1996 3924 2077">
    <p class='ocr_par' dir='ltr' id='par_1_80' title="bbox 2341 1996 3924 2077">
     <span class='ocr_line' id='line_1_80' title="bbox 2341 1996 3924 2077; baseline -0.001 -12"><span class='ocrx_word' id='word_1_552' title='bbox 2341 2010 2501 2065; x_wconf 91' lang='lat' dir='ltr'><strong>nibus</strong></span> <span class='ocrx_word' id='word_1_553' title='bbox 2557 1996 2757 2064; x_wconf 78' lang='lat' dir='ltr'><strong>distare</strong></span> <span class='ocrx_word' id='word_1_554' title='bbox 2799 2009 3089 2065; x_wconf 87' lang='lat' dir='ltr'><strong>videretur.</strong></span> <span class='ocrx_word' id='word_1_555' title='bbox 3139 2009 3409 2063; x_wconf 82' lang='lat' dir='ltr'><strong>Hactenus</strong></span> <span class='ocrx_word' id='word_1_556' title='bbox 3437 2008 3655 2077; x_wconf 86' lang='lat' dir='ltr'><strong>quidem</strong></span> <span class='ocrx_word' id='word_1_557' title='bbox 3702 2006 3768 2062; x_wconf 91' lang='lat' dir='ltr'><strong>de</strong></span> <span class='ocrx_word' id='word_1_558' title='bbox 3812 2016 3924 2063; x_wconf 76' lang='lat' dir='ltr'><strong>tota</strong></span> 
     </span>
    </p>
   </div>
   <div class='ocr_carea' id='block_1_81' title="bbox 2339 2086 3925 2169">
    <p class='ocr_par' dir='ltr' id='par_1_81' title="bbox 2339 2086 3925 2169">
     <span class='ocr_line' id='line_1_81' title="bbox 2339 2086 3925 2169; baseline -0.001 -14"><span class='ocrx_word' id='word_1_559' title='bbox 2339 2101 2570 2156; x_wconf 88' lang='lat' dir='ltr'><strong>nominis</strong></span> <span class='ocrx_word' id='word_1_560' title='bbox 2610 2101 2927 2155; x_wconf 88' lang='lat' dir='ltr'><strong>deﬁnitione</strong></span> <span class='ocrx_word' id='word_1_561' title='bbox 2977 2109 3263 2155; x_wconf 89' lang='lat' dir='ltr'><strong>tractatum</strong></span> <span class='ocrx_word' id='word_1_562' title='bbox 3313 2108 3416 2164; x_wconf 86' lang='lat' dir='ltr'><strong>est,</strong></span> <span class='ocrx_word' id='word_1_563' title='bbox 3450 2106 3505 2154; x_wconf 92' lang='lat' dir='ltr'><strong>et</strong></span> <span class='ocrx_word' id='word_1_564' title='bbox 3532 2086 3742 2169; x_wconf 78' lang='lat' dir='ltr'><strong>quibus</strong></span> <span class='ocrx_word' id='word_1_565' title='bbox 3771 2098 3925 2154; x_wconf 83' lang='lat' dir='ltr'><strong>dill‘e-</strong></span> 
     </span>
    </p>
   </div>
   <div class='ocr_carea' id='block_1_82' title="bbox 2338 2188 3927 2260">
    <p class='ocr_par' dir='ltr' id='par_1_82' title="bbox 2338 2188 3927 2260">
     <span class='ocr_line' id='line_1_82' title="bbox 2338 2188 3927 2260; baseline -0.004 -11"><span class='ocrx_word' id='word_1_566' title='bbox 2338 2193 2526 2249; x_wconf 85' lang='lat' dir='ltr'><strong>rentiis</strong></span> <span class='ocrx_word' id='word_1_567' title='bbox 2562 2193 2628 2247; x_wconf 88' lang='lat' dir='ltr'><strong>ab</strong></span> <span class='ocrx_word' id='word_1_568' title='bbox 2650 2193 2770 2247; x_wconf 90' lang='lat' dir='ltr'><strong>aliis</strong></span> <span class='ocrx_word' id='word_1_569' title='bbox 2802 2191 3022 2246; x_wconf 84' lang='lat' dir='ltr'><strong>vocibus</strong></span> <span class='ocrx_word' id='word_1_570' title='bbox 3074 2191 3275 2245; x_wconf 88' lang='lat' dir='ltr'><strong>distare</strong></span> <span class='ocrx_word' id='word_1_571' title='bbox 3310 2190 3479 2260; x_wconf 81' lang='lat' dir='ltr'><strong>possit</strong></span> <span class='ocrx_word' id='word_1_572' title='bbox 3520 2204 3713 2245; x_wconf 87' lang='lat' dir='ltr'><strong>nomen</strong></span> <span class='ocrx_word' id='word_1_573' title='bbox 3746 2188 3927 2258; x_wconf 89' lang='lat' dir='ltr'><strong>expli-</strong></span> 
     </span>
    </p>
   </div>
   <div class='ocr_carea' id='block_1_83' title="bbox 2338 2279 3927 2352">
    <p class='ocr_par' dir='ltr' id='par_1_83' title="bbox 2338 2279 3927 2352">
     <span class='ocr_line' id='line_1_83' title="bbox 2338 2279 3927 2352; baseline -0.001 -13"><span class='ocrx_word' id='word_1_574' title='bbox 2338 2286 2502 2340; x_wconf 90' lang='lat' dir='ltr'><strong>citum</strong></span> <span class='ocrx_word' id='word_1_575' title='bbox 2531 2294 2633 2338; x_wconf 89' lang='lat' dir='ltr'><strong>est.</strong></span> <span class='ocrx_word' id='word_1_576' title='bbox 2658 2282 2809 2337; x_wconf 83' lang='lat' dir='ltr'><strong>Nunc</strong></span> <span class='ocrx_word' id='word_1_577' title='bbox 2838 2290 3018 2337; x_wconf 91' lang='lat' dir='ltr'><strong>autem</strong></span> <span class='ocrx_word' id='word_1_578' title='bbox 3048 2295 3166 2352; x_wconf 65' lang='lat' dir='ltr'><strong>qua:</strong></span> <span class='ocrx_word' id='word_1_579' title='bbox 3188 2280 3439 2336; x_wconf 90' lang='lat' dir='ltr'><strong>videntur</strong></span> <span class='ocrx_word' id='word_1_580' title='bbox 3470 2279 3523 2334; x_wconf 91' lang='lat' dir='ltr'><strong>in</strong></span> <span class='ocrx_word' id='word_1_581' title='bbox 3552 2280 3927 2337; x_wconf 88' lang='lat' dir='ltr'><strong>deﬁnitionem</strong></span> 
     </span>
    </p>
   </div>
   <div class='ocr_carea' id='block_1_84' title="bbox 2339 2371 3925 2443">
    <p class='ocr_par' dir='ltr' id='par_1_84' title="bbox 2339 2371 3925 2443">
     <span class='ocr_line' id='line_1_84' title="bbox 2339 2371 3925 2443; baseline -0.002 -12"><span class='ocrx_word' id='word_1_582' title='bbox 2339 2376 2569 2431; x_wconf 90' lang='lat' dir='ltr'><strong>nominis</strong></span> <span class='ocrx_word' id='word_1_583' title='bbox 2626 2376 2936 2440; x_wconf 89' lang='lat' dir='ltr'><strong>incurrere,</strong></span> <span class='ocrx_word' id='word_1_584' title='bbox 2991 2390 3060 2429; x_wconf 90' lang='lat' dir='ltr'><strong>an</strong></span> <span class='ocrx_word' id='word_1_585' title='bbox 3120 2374 3338 2429; x_wconf 88' lang='lat' dir='ltr'><strong>nomina</strong></span> <span class='ocrx_word' id='word_1_586' title='bbox 3394 2372 3543 2440; x_wconf 88' lang='lat' dir='ltr'><strong>sint,</strong></span> <span class='ocrx_word' id='word_1_587' title='bbox 3615 2371 3925 2443; x_wconf 85' lang='lat' dir='ltr'><strong>diligentius</strong></span> 
     </span>
    </p>
   </div>
   <div class='ocr_carea' id='block_1_85' title="bbox 2337 2469 2554 2540">
    <p class='ocr_par' dir='ltr' id='par_1_85' title="bbox 2337 2469 2554 2540">
     <span class='ocr_line' id='line_1_85' title="bbox 2337 2469 2554 2540; baseline -0.005 -16"><span class='ocrx_word' id='word_1_588' title='bbox 2337 2469 2554 2540; x_wconf 63' lang='lat' dir='ltr'><strong>quaerit.</strong></span> 
     </span>
    </p>
   </div>
   <div class='ocr_carea' id='block_1_86' title="bbox 2412 2558 3922 2628">
    <p class='ocr_par' dir='ltr' id='par_1_86' title="bbox 2412 2558 3922 2628">
     <span class='ocr_line' id='line_1_86' title="bbox 2412 2558 3922 2628; baseline -0.004 -11"><span class='ocrx_word' id='word_1_589' title='bbox 2412 2559 2535 2617; x_wconf 86' lang='lat' dir='ltr'><strong>Non</strong></span> <span class='ocrx_word' id='word_1_590' title='bbox 2565 2562 2714 2616; x_wconf 83' lang='lat' dir='ltr'><strong>homo</strong></span> <span class='ocrx_word' id='word_1_591' title='bbox 2742 2577 2859 2615; x_wconf 84' lang='lat' dir='ltr'><strong>vero</strong></span> <span class='ocrx_word' id='word_1_592' title='bbox 2890 2576 2992 2614; x_wconf 86' lang='lat' dir='ltr'><strong>non</strong></span> <span class='ocrx_word' id='word_1_593' title='bbox 3015 2568 3087 2614; x_wconf 82' lang='lat' dir='ltr'><strong>est</strong></span> <span class='ocrx_word' id='word_1_594' title='bbox 3113 2575 3315 2614; x_wconf 86' lang='lat' dir='ltr'><strong>nomen.</strong></span> <span class='ocrx_word' id='word_1_595' title='bbox 3350 2559 3415 2612; x_wconf 85' lang='lat' dir='ltr'><strong>At</strong></span> <span class='ocrx_word' id='word_1_596' title='bbox 3439 2574 3554 2612; x_wconf 87' lang='lat' dir='ltr'><strong>vero</strong></span> <span class='ocrx_word' id='word_1_597' title='bbox 3578 2573 3669 2611; x_wconf 88' lang='lat' dir='ltr'><strong>nec</strong></span> <span class='ocrx_word' id='word_1_598' title='bbox 3694 2558 3922 2628; x_wconf 83' lang='lat' dir='ltr'><strong>positum</strong></span> 
     </span>
    </p>
   </div>
   <div class='ocr_carea' id='block_1_87' title="bbox 2340 2648 3930 2725">
    <p class='ocr_par' dir='ltr' id='par_1_87' title="bbox 2340 2648 3930 2725">
     <span class='ocr_line' id='line_1_87' title="bbox 2340 2648 3930 2725; baseline -0.004 -16"><span class='ocrx_word' id='word_1_599' title='bbox 2340 2662 2414 2709; x_wconf 83' lang='lat' dir='ltr'><strong>est</strong></span> <span class='ocrx_word' id='word_1_600' title='bbox 2459 2672 2645 2709; x_wconf 86' lang='lat' dir='ltr'><strong>nomen</strong></span> <span class='ocrx_word' id='word_1_601' title='bbox 2682 2671 2782 2725; x_wconf 89' lang='lat' dir='ltr'><strong>quo</strong></span> <span class='ocrx_word' id='word_1_602' title='bbox 2830 2652 2963 2707; x_wconf 87' lang='lat' dir='ltr'><strong>illud</strong></span> <span class='ocrx_word' id='word_1_603' title='bbox 3019 2662 3247 2724; x_wconf 58' lang='lat' dir='ltr'><strong>oporteat</strong></span> <span class='ocrx_word' id='word_1_604' title='bbox 3289 2650 3571 2723; x_wconf 83' lang='lat' dir='ltr'><strong>appellare.</strong></span> <span class='ocrx_word' id='word_1_605' title='bbox 3610 2648 3749 2702; x_wconf 91' lang='lat' dir='ltr'><strong>Nam</strong></span> <span class='ocrx_word' id='word_1_606' title='bbox 3772 2664 3930 2719; x_wconf 80' lang='lat' dir='ltr'><strong>neque</strong></span> 
     </span>
    </p>
   </div>
   <div class='ocr_carea' id='block_1_88' title="bbox 2341 2740 3929 2816">
    <p class='ocr_par' dir='ltr' id='par_1_88' title="bbox 2341 2740 3929 2816">
     <span class='ocr_line' id='line_1_88' title="bbox 2341 2740 3929 2816; baseline -0.005 -16"><span class='ocrx_word' id='word_1_607' title='bbox 2341 2748 2528 2806; x_wconf 88' lang='lat' dir='ltr'><strong>oratio.</strong></span> <span class='ocrx_word' id='word_1_608' title='bbox 2574 2761 2736 2813; x_wconf 86' lang='lat' dir='ltr'><strong>neque</strong></span> <span class='ocrx_word' id='word_1_609' title='bbox 2782 2744 2984 2816; x_wconf 86' lang='lat' dir='ltr'><strong>negatio</strong></span> <span class='ocrx_word' id='word_1_610' title='bbox 3031 2754 3126 2807; x_wconf 80' lang='lat' dir='ltr'><strong>est,</strong></span> <span class='ocrx_word' id='word_1_611' title='bbox 3178 2742 3267 2796; x_wconf 84' lang='lat' dir='ltr'><strong>sed</strong></span> <span class='ocrx_word' id='word_1_612' title='bbox 3309 2743 3376 2797; x_wconf 86' lang='lat' dir='ltr'><strong>sit</strong></span> <span class='ocrx_word' id='word_1_613' title='bbox 3415 2757 3598 2795; x_wconf 85' lang='lat' dir='ltr'><strong>nomen</strong></span> <span class='ocrx_word' id='word_1_614' title='bbox 3648 2740 3929 2807; x_wconf 88' lang='lat' dir='ltr'><strong>inﬁnitunt,</strong></span> 
     </span>
    </p>
   </div>
   <div class='ocr_carea' id='block_1_89' title="bbox 2339 2832 3927 2909">
    <p class='ocr_par' dir='ltr' id='par_1_89' title="bbox 2339 2832 3927 2909">
     <span class='ocr_line' id='line_1_89' title="bbox 2339 2832 3927 2909; baseline -0.004 -18"><span class='ocrx_word' id='word_1_615' title='bbox 2339 2838 2578 2909; x_wconf 86' lang='lat' dir='ltr'><strong>quoniam</strong></span> <span class='ocrx_word' id='word_1_616' title='bbox 2605 2837 2838 2893; x_wconf 86' lang='lat' dir='ltr'><strong>similiter</strong></span> <span class='ocrx_word' id='word_1_617' title='bbox 2864 2838 2917 2891; x_wconf 89' lang='lat' dir='ltr'><strong>in</strong></span> <span class='ocrx_word' id='word_1_618' title='bbox 2942 2834 3164 2907; x_wconf 86' lang='lat' dir='ltr'><strong>quolibet</strong></span> <span class='ocrx_word' id='word_1_619' title='bbox 3185 2844 3281 2902; x_wconf 84' lang='lat' dir='ltr'><strong>est,</strong></span> <span class='ocrx_word' id='word_1_620' title='bbox 3328 2845 3373 2888; x_wconf 92' lang='lat' dir='ltr'><strong>et</strong></span> <span class='ocrx_word' id='word_1_621' title='bbox 3404 2832 3539 2903; x_wconf 84' lang='lat' dir='ltr'><strong>quod</strong></span> <span class='ocrx_word' id='word_1_622' title='bbox 3569 2843 3665 2899; x_wconf 89' lang='lat' dir='ltr'><strong>est,</strong></span> <span class='ocrx_word' id='word_1_623' title='bbox 3698 2842 3745 2885; x_wconf 83' lang='lat' dir='ltr'><strong>et</strong></span> <span class='ocrx_word' id='word_1_624' title='bbox 3788 2832 3927 2903; x_wconf 85' lang='lat' dir='ltr'><strong>quod</strong></span> 
     </span>
    </p>
   </div>
   <div class='ocr_carea' id='block_1_90' title="bbox 2342 2940 2568 2984">
    <p class='ocr_par' dir='ltr' id='par_1_90' title="bbox 2342 2940 2568 2984">
     <span class='ocr_line' id='line_1_90' title="bbox 2342 2940 2568 2984; baseline -0.004 0"><span class='ocrx_word' id='word_1_625' title='bbox 2342 2947 2443 2984; x_wconf 78' lang='grc' dir='ltr'><strong>ηοη</strong></span> <span class='ocrx_word' id='word_1_626' title='bbox 2473 2940 2568 2984; x_wconf 68' lang='grc'><strong>682.</strong></span> 
     </span>
    </p>
   </div>
   <div class='ocr_carea' id='block_1_91' title="bbox 2420 3016 3933 3089">
    <p class='ocr_par' dir='ltr' id='par_1_91' title="bbox 2420 3016 3933 3089">
     <span class='ocr_line' id='line_1_91' title="bbox 2420 3016 3933 3089; baseline -0.003 -14"><span class='ocrx_word' id='word_1_627' title='bbox 2420 3021 2571 3075; x_wconf 89' lang='lat' dir='ltr'><strong>Nunc</strong></span> <span class='ocrx_word' id='word_1_628' title='bbox 2606 3018 2822 3074; x_wconf 87' lang='lat' dir='ltr'><strong>disserit</strong></span> <span class='ocrx_word' id='word_1_629' title='bbox 2847 3019 3027 3089; x_wconf 89' lang='lat' dir='ltr'><strong>qualia</strong></span> <span class='ocrx_word' id='word_1_630' title='bbox 3076 3032 3200 3073; x_wconf 90' lang='lat' dir='ltr'><strong>esse</strong></span> <span class='ocrx_word' id='word_1_631' title='bbox 3242 3016 3496 3072; x_wconf 85' lang='lat' dir='ltr'><strong>arbitrari</strong></span> <span class='ocrx_word' id='word_1_632' title='bbox 3544 3022 3776 3085; x_wconf 90' lang='lat' dir='ltr'><strong>oportet,</strong></span> <span class='ocrx_word' id='word_1_633' title='bbox 3820 3026 3933 3082; x_wconf 74' lang='lat' dir='ltr'><strong>qua</strong></span> 
     </span>
    </p>
   </div>
   <div class='ocr_carea' id='block_1_92' title="bbox 2341 3106 3934 3180">
    <p class='ocr_par' dir='ltr' id='par_1_92' title="bbox 2341 3106 3934 3180">
     <span class='ocr_line' id='line_1_92' title="bbox 2341 3106 3934 3180; baseline -0.003 -12"><span class='ocrx_word' id='word_1_634' title='bbox 2341 3128 2461 3168; x_wconf 87' lang='lat' dir='ltr'><strong>cum</strong></span> <span class='ocrx_word' id='word_1_635' title='bbox 2490 3113 2591 3167; x_wconf 87' lang='lat' dir='ltr'><strong>sub</strong></span> <span class='ocrx_word' id='word_1_636' title='bbox 2610 3110 2924 3166; x_wconf 88' lang='lat' dir='ltr'><strong>deﬁnitione</strong></span> <span class='ocrx_word' id='word_1_637' title='bbox 2951 3110 3190 3165; x_wconf 91' lang='lat' dir='ltr'><strong>nominis</strong></span> <span class='ocrx_word' id='word_1_638' title='bbox 3221 3109 3443 3180; x_wconf 89' lang='lat' dir='ltr'><strong>quidem</strong></span> <span class='ocrx_word' id='word_1_639' title='bbox 3473 3107 3688 3173; x_wconf 89' lang='lat' dir='ltr'><strong>cadant,</strong></span> <span class='ocrx_word' id='word_1_640' title='bbox 3733 3106 3934 3175; x_wconf 79' lang='lat' dir='ltr'><strong>integra</strong></span> 
     </span>
    </p>
   </div>
   <div class='ocr_carea' id='block_1_93' title="bbox 2344 3195 3937 3257">
    <p class='ocr_par' dir='ltr' id='par_1_93' title="bbox 2344 3195 3937 3257">
     <span class='ocr_line' id='line_1_93' title="bbox 2344 3195 3937 3257; baseline -0.003 0"><span class='ocrx_word' id='word_1_641' title='bbox 2344 3214 2522 3257; x_wconf 90' lang='lat' dir='ltr'><strong>tamen</strong></span> <span class='ocrx_word' id='word_1_642' title='bbox 2554 3203 2769 3257; x_wconf 90' lang='lat' dir='ltr'><strong>nomina</strong></span> <span class='ocrx_word' id='word_1_643' title='bbox 2804 3215 2907 3255; x_wconf 92' lang='lat' dir='ltr'><strong>non</strong></span> <span class='ocrx_word' id='word_1_644' title='bbox 2938 3216 3061 3255; x_wconf 88' lang='lat' dir='ltr'><strong>esse</strong></span> <span class='ocrx_word' id='word_1_645' title='bbox 3100 3200 3414 3255; x_wconf 89' lang='lat' dir='ltr'><strong>videantur.</strong></span> <span class='ocrx_word' id='word_1_646' title='bbox 3448 3198 3601 3256; x_wconf 91' lang='lat' dir='ltr'><strong>Unde</strong></span> <span class='ocrx_word' id='word_1_647' title='bbox 3645 3198 3706 3253; x_wconf 91' lang='lat' dir='ltr'><strong>ﬁt</strong></span> <span class='ocrx_word' id='word_1_648' title='bbox 3746 3207 3806 3251; x_wconf 93' lang='lat' dir='ltr'><strong>ut</strong></span> <span class='ocrx_word' id='word_1_649' title='bbox 3851 3195 3937 3253; x_wconf 76' lang='lat' dir='ltr'><strong>his</strong></span> 
     </span>
    </p>
   </div>
   <div class='ocr_carea' id='block_1_94' title="bbox 2345 3290 3935 3367">
    <p class='ocr_par' dir='ltr' id='par_1_94' title="bbox 2345 3290 3935 3367">
     <span class='ocr_line' id='line_1_94' title="bbox 2345 3290 3935 3367; baseline -0.004 -16"><span class='ocrx_word' id='word_1_650' title='bbox 2345 3295 2753 3367; x_wconf 83' lang='lat' dir='ltr'><strong>diligentissime</strong></span> <span class='ocrx_word' id='word_1_651' title='bbox 2776 3293 3097 3359; x_wconf 73' lang='lat' dir='ltr'><strong>distributis,</strong></span> <span class='ocrx_word' id='word_1_652' title='bbox 3130 3293 3484 3364; x_wconf 87' lang='lat' dir='ltr'><strong>integerrima</strong></span> <span class='ocrx_word' id='word_1_653' title='bbox 3518 3293 3754 3348; x_wconf 89' lang='lat' dir='ltr'><strong>nominis</strong></span> <span class='ocrx_word' id='word_1_654' title='bbox 3799 3290 3935 3346; x_wconf 86' lang='lat' dir='ltr'><strong>deﬁ-</strong></span> 
     </span>
    </p>
   </div>
   <div class='ocr_carea' id='block_1_95' title="bbox 2346 3386 3935 3456">
    <p class='ocr_par' dir='ltr' id='par_1_95' title="bbox 2346 3386 3935 3456">
     <span class='ocr_line' id='line_1_95' title="bbox 2346 3386 3935 3456; baseline -0.003 -9"><span class='ocrx_word' id='word_1_655' title='bbox 2346 3391 2478 3447; x_wconf 86' lang='lat' dir='ltr'><strong>nitio</strong></span> <span class='ocrx_word' id='word_1_656' title='bbox 2534 3389 2906 3445; x_wconf 90' lang='lat' dir='ltr'><strong>concludatur.</strong></span> <span class='ocrx_word' id='word_1_657' title='bbox 2962 3386 3073 3442; x_wconf 85' lang='lat' dir='ltr'><strong>Hoc</strong></span> <span class='ocrx_word' id='word_1_658' title='bbox 3128 3388 3272 3443; x_wconf 92' lang='lat' dir='ltr'><strong>enim</strong></span> <span class='ocrx_word' id='word_1_659' title='bbox 3336 3387 3479 3456; x_wconf 91' lang='lat' dir='ltr'><strong>quod</strong></span> <span class='ocrx_word' id='word_1_660' title='bbox 3543 3387 3768 3441; x_wconf 90' lang='lat' dir='ltr'><strong>dicimus</strong></span> <span class='ocrx_word' id='word_1_661' title='bbox 3829 3397 3935 3443; x_wconf 85' lang='lat' dir='ltr'><strong>non</strong></span> 
     </span>
    </p>
   </div>
   <div class='ocr_carea' id='block_1_96' title="bbox 2347 3475 3935 3555">
    <p class='ocr_par' dir='ltr' id='par_1_96' title="bbox 2347 3475 3935 3555">
     <span class='ocr_line' id='line_1_96' title="bbox 2347 3475 3935 3555; baseline -0.004 -18"><span class='ocrx_word' id='word_1_662' title='bbox 2347 3484 2508 3538; x_wconf 88' lang='lat' dir='ltr'><strong>homo</strong></span> <span class='ocrx_word' id='word_1_663' title='bbox 2538 3481 2664 3551; x_wconf 89' lang='lat' dir='ltr'><strong>quid</strong></span> <span class='ocrx_word' id='word_1_664' title='bbox 2697 3480 2788 3544; x_wconf 86' lang='lat' dir='ltr'><strong>sit,</strong></span> <span class='ocrx_word' id='word_1_665' title='bbox 2820 3480 3132 3550; x_wconf 86' lang='lat' dir='ltr'><strong>ambigitur.</strong></span> <span class='ocrx_word' id='word_1_666' title='bbox 3161 3479 3350 3555; x_wconf 84' lang='lat' dir='ltr'><strong>Oratio</strong></span> <span class='ocrx_word' id='word_1_667' title='bbox 3372 3479 3514 3535; x_wconf 90' lang='lat' dir='ltr'><strong>enim</strong></span> <span class='ocrx_word' id='word_1_668' title='bbox 3543 3492 3649 3532; x_wconf 92' lang='lat' dir='ltr'><strong>non</strong></span> <span class='ocrx_word' id='word_1_669' title='bbox 3677 3484 3781 3532; x_wconf 91' lang='lat' dir='ltr'><strong>est.</strong></span> <span class='ocrx_word' id='word_1_670' title='bbox 3810 3475 3935 3531; x_wconf 80' lang='lat' dir='ltr'><strong>Om-</strong></span> 
     </span>
    </p>
   </div>
   <div class='ocr_carea' id='block_1_97' title="bbox 2346 3568 3927 3640">
    <p class='ocr_par' dir='ltr' id='par_1_97' title="bbox 2346 3568 3927 3640">
     <span class='ocr_line' id='line_1_97' title="bbox 2346 3568 3927 3640; baseline -0.004 -13"><span class='ocrx_word' id='word_1_671' title='bbox 2346 3571 2431 3628; x_wconf 89' lang='lat' dir='ltr'><strong>nis</strong></span> <span class='ocrx_word' id='word_1_672' title='bbox 2480 3573 2624 3627; x_wconf 89' lang='lat' dir='ltr'><strong>enim</strong></span> <span class='ocrx_word' id='word_1_673' title='bbox 2670 3571 2841 3626; x_wconf 89' lang='lat' dir='ltr'><strong>oratio</strong></span> <span class='ocrx_word' id='word_1_674' title='bbox 2878 3570 3058 3626; x_wconf 90' lang='lat' dir='ltr'><strong>verbis</strong></span> <span class='ocrx_word' id='word_1_675' title='bbox 3110 3571 3520 3640; x_wconf 90' lang='lat' dir='ltr'><strong>nominibusque</strong></span> <span class='ocrx_word' id='word_1_676' title='bbox 3566 3568 3927 3637; x_wconf 85' lang='lat' dir='ltr'><strong>conjungitur.</strong></span> 
     </span>
    </p>
   </div>
   <div class='ocr_carea' id='block_1_98' title="bbox 2346 3658 3936 3733">
    <p class='ocr_par' dir='ltr' id='par_1_98' title="bbox 2346 3658 3936 3733">
     <span class='ocr_line' id='line_1_98' title="bbox 2346 3658 3936 3733; baseline -0.001 -15"><span class='ocrx_word' id='word_1_677' title='bbox 2346 3662 2460 3718; x_wconf 80' lang='lat' dir='ltr'><strong>Hoc</strong></span> <span class='ocrx_word' id='word_1_678' title='bbox 2487 3673 2663 3719; x_wconf 90' lang='lat' dir='ltr'><strong>autem</strong></span> <span class='ocrx_word' id='word_1_679' title='bbox 2695 3663 2838 3733; x_wconf 91' lang='lat' dir='ltr'><strong>quod</strong></span> <span class='ocrx_word' id='word_1_680' title='bbox 2863 3663 3090 3717; x_wconf 91' lang='lat' dir='ltr'><strong>dicimus</strong></span> <span class='ocrx_word' id='word_1_681' title='bbox 3122 3675 3228 3716; x_wconf 91' lang='lat' dir='ltr'><strong>non</strong></span> <span class='ocrx_word' id='word_1_682' title='bbox 3246 3662 3442 3724; x_wconf 87' lang='lat' dir='ltr'><strong>.homo,</strong></span> <span class='ocrx_word' id='word_1_683' title='bbox 3475 3660 3684 3714; x_wconf 89' lang='lat' dir='ltr'><strong>duabus</strong></span> <span class='ocrx_word' id='word_1_684' title='bbox 3717 3658 3936 3728; x_wconf 90' lang='lat' dir='ltr'><strong>quidem</strong></span> 
     </span>
    </p>
   </div>
   <div class='ocr_carea' id='block_1_99' title="bbox 2346 3752 3930 3824">
    <p class='ocr_par' dir='ltr' id='par_1_99' title="bbox 2346 3752 3930 3824">
     <span class='ocr_line' id='line_1_99' title="bbox 2346 3752 3930 3824; baseline -0.003 -17"><span class='ocrx_word' id='word_1_685' title='bbox 2346 3754 2586 3824; x_wconf 84' lang='lat' dir='ltr'><strong>partibus</strong></span> <span class='ocrx_word' id='word_1_686' title='bbox 2632 3762 2862 3820; x_wconf 91' lang='lat' dir='ltr'><strong>constat,</strong></span> <span class='ocrx_word' id='word_1_687' title='bbox 2920 3752 3012 3806; x_wconf 90' lang='lat' dir='ltr'><strong>sed</strong></span> <span class='ocrx_word' id='word_1_688' title='bbox 3064 3767 3226 3807; x_wconf 93' lang='lat' dir='ltr'><strong>unum</strong></span> <span class='ocrx_word' id='word_1_689' title='bbox 3278 3752 3335 3805; x_wconf 90' lang='lat' dir='ltr'><strong>in</strong></span> <span class='ocrx_word' id='word_1_690' title='bbox 3383 3766 3441 3806; x_wconf 92' lang='lat' dir='ltr'><strong>se</strong></span> <span class='ocrx_word' id='word_1_691' title='bbox 3483 3753 3677 3806; x_wconf 87' lang='lat' dir='ltr'><strong>retinet</strong></span> <span class='ocrx_word' id='word_1_692' title='bbox 3713 3765 3930 3817; x_wconf 87' lang='lat' dir='ltr'><strong>nomen,</strong></span> 
     </span>
    </p>
   </div>
   <div class='ocr_carea' id='block_1_100' title="bbox 2348 3840 3933 3911">
    <p class='ocr_par' dir='ltr' id='par_1_100' title="bbox 2348 3840 3933 3911">
     <span class='ocr_line' id='line_1_100' title="bbox 2348 3840 3933 3911; baseline -0.002 -14"><span class='ocrx_word' id='word_1_693' title='bbox 2348 3848 2569 3899; x_wconf 66' lang='lat' dir='ltr'><strong>Verbum</strong></span> <span class='ocrx_word' id='word_1_694' title='bbox 2595 3860 2722 3899; x_wconf 81' lang='lat' dir='ltr'><strong>vero</strong></span> <span class='ocrx_word' id='word_1_695' title='bbox 2767 3859 2870 3897; x_wconf 92' lang='lat' dir='ltr'><strong>non</strong></span> <span class='ocrx_word' id='word_1_696' title='bbox 2919 3843 3097 3898; x_wconf 91' lang='lat' dir='ltr'><strong>habet.</strong></span> <span class='ocrx_word' id='word_1_697' title='bbox 3150 3842 3401 3909; x_wconf 83' lang='lat' dir='ltr'><strong>Negativa</strong></span> <span class='ocrx_word' id='word_1_698' title='bbox 3452 3844 3593 3897; x_wconf 90' lang='lat' dir='ltr'><strong>enim</strong></span> <span class='ocrx_word' id='word_1_699' title='bbox 3645 3840 3933 3911; x_wconf 86' lang='lat' dir='ltr'><strong>particula,</strong></span> 
     </span>
    </p>
   </div>
   <div class='ocr_carea' id='block_1_101' title="bbox 2354 3935 3939 4008">
    <p class='ocr_par' dir='ltr' id='par_1_101' title="bbox 2354 3935 3939 4008">
     <span class='ocr_line' id='line_1_101' title="bbox 2354 3935 3939 4008; baseline -0.002 -18"><span class='ocrx_word' id='word_1_700' title='bbox 2354 3953 2478 4008; x_wconf 80' lang='lat' dir='ltr'><strong>qua:</strong></span> <span class='ocrx_word' id='word_1_701' title='bbox 2499 3945 2580 3993; x_wconf 84' lang='lat' dir='ltr'><strong>est</strong></span> <span class='ocrx_word' id='word_1_702' title='bbox 2613 3952 2738 4003; x_wconf 92' lang='lat' dir='ltr'><strong>non,</strong></span> <span class='ocrx_word' id='word_1_703' title='bbox 2774 3952 2949 4006; x_wconf 88' lang='lat' dir='ltr'><strong>neque</strong></span> <span class='ocrx_word' id='word_1_704' title='bbox 2980 3950 3173 3991; x_wconf 90' lang='lat' dir='ltr'><strong>nomen</strong></span> <span class='ocrx_word' id='word_1_705' title='bbox 3200 3944 3285 3989; x_wconf 91' lang='lat' dir='ltr'><strong>est</strong></span> <span class='ocrx_word' id='word_1_706' title='bbox 3310 3949 3484 4004; x_wconf 87' lang='lat' dir='ltr'><strong>neque</strong></span> <span class='ocrx_word' id='word_1_707' title='bbox 3506 3935 3751 3990; x_wconf 90' lang='lat' dir='ltr'><strong>verbum.</strong></span> <span class='ocrx_word' id='word_1_708' title='bbox 3800 3935 3939 3988; x_wconf 69' lang='lat' dir='ltr'><strong>itur-</strong></span> 
     </span>
    </p>
   </div>
   <div class='ocr_carea' id='block_1_102' title="bbox 2350 4024 3939 4099">
    <p class='ocr_par' dir='ltr' id='par_1_102' title="bbox 2350 4024 3939 4099">
     <span class='ocr_line' id='line_1_102' title="bbox 2350 4024 3939 4099; baseline -0.003 -15"><span class='ocrx_word' id='word_1_709' title='bbox 2350 4045 2444 4084; x_wconf 85' lang='lat' dir='ltr'><strong>sus</strong></span> <span class='ocrx_word' id='word_1_710' title='bbox 2476 4029 2687 4099; x_wconf 84' lang='lat' dir='ltr'><strong>negatio</strong></span> <span class='ocrx_word' id='word_1_711' title='bbox 2719 4042 2822 4082; x_wconf 91' lang='lat' dir='ltr'><strong>non</strong></span> <span class='ocrx_word' id='word_1_712' title='bbox 2850 4035 2952 4082; x_wconf 88' lang='lat' dir='ltr'><strong>est.</strong></span> <span class='ocrx_word' id='word_1_713' title='bbox 2985 4026 3171 4081; x_wconf 89' lang='lat' dir='ltr'><strong>Omnis</strong></span> <span class='ocrx_word' id='word_1_714' title='bbox 3200 4026 3339 4081; x_wconf 90' lang='lat' dir='ltr'><strong>enim</strong></span> <span class='ocrx_word' id='word_1_715' title='bbox 3369 4028 3584 4096; x_wconf 82' lang='lat' dir='ltr'><strong>negatio</strong></span> <span class='ocrx_word' id='word_1_716' title='bbox 3614 4041 3798 4080; x_wconf 82' lang='lat' dir='ltr'><strong>verum</strong></span> <span class='ocrx_word' id='word_1_717' title='bbox 3846 4024 3939 4079; x_wconf 83' lang='lat' dir='ltr'><strong>fal-</strong></span> 
     </span>
    </p>
   </div>
   <div class='ocr_carea' id='block_1_103' title="bbox 2350 4116 3936 4188">
    <p class='ocr_par' dir='ltr' id='par_1_103' title="bbox 2350 4116 3936 4188">
     <span class='ocr_line' id='line_1_103' title="bbox 2350 4116 3936 4188; baseline -0.003 -14"><span class='ocrx_word' id='word_1_718' title='bbox 2350 4135 2537 4174; x_wconf 84' lang='lat' dir='ltr'><strong>sumve</strong></span> <span class='ocrx_word' id='word_1_719' title='bbox 2580 4118 2863 4188; x_wconf 60' lang='lat' dir='ltr'><strong>signiﬁcat.</strong></span> <span class='ocrx_word' id='word_1_720' title='bbox 2932 4117 3047 4173; x_wconf 85' lang='lat' dir='ltr'><strong>Non</strong></span> <span class='ocrx_word' id='word_1_721' title='bbox 3099 4118 3259 4171; x_wconf 91' lang='lat' dir='ltr'><strong>homo</strong></span> <span class='ocrx_word' id='word_1_722' title='bbox 3305 4132 3436 4171; x_wconf 87' lang='lat' dir='ltr'><strong>vero</strong></span> <span class='ocrx_word' id='word_1_723' title='bbox 3482 4118 3624 4186; x_wconf 91' lang='lat' dir='ltr'><strong>quod</strong></span> <span class='ocrx_word' id='word_1_724' title='bbox 3689 4116 3936 4182; x_wconf 79' lang='lat' dir='ltr'><strong>dicimus,</strong></span> 
     </span>
    </p>
   </div>
   <div class='ocr_carea' id='block_1_104' title="bbox 2354 4207 3937 4282">
    <p class='ocr_par' dir='ltr' id='par_1_104' title="bbox 2354 4207 3937 4282">
     <span class='ocr_line' id='line_1_104' title="bbox 2354 4207 3937 4282; baseline -0.004 -15"><span class='ocrx_word' id='word_1_725' title='bbox 2354 4228 2525 4282; x_wconf 90' lang='lat' dir='ltr'><strong>neque</strong></span> <span class='ocrx_word' id='word_1_726' title='bbox 2569 4227 2752 4265; x_wconf 84' lang='lat' dir='ltr'><strong>verum</strong></span> <span class='ocrx_word' id='word_1_727' title='bbox 2782 4221 2863 4265; x_wconf 86' lang='lat' dir='ltr'><strong>est</strong></span> <span class='ocrx_word' id='word_1_728' title='bbox 2908 4224 3079 4278; x_wconf 87' lang='lat' dir='ltr'><strong>neque</strong></span> <span class='ocrx_word' id='word_1_729' title='bbox 3107 4211 3314 4262; x_wconf 74' lang='lat' dir='ltr'><strong>falsum.</strong></span> <span class='ocrx_word' id='word_1_730' title='bbox 3350 4207 3463 4261; x_wconf 86' lang='lat' dir='ltr'><strong>Nisi</strong></span> <span class='ocrx_word' id='word_1_731' title='bbox 3494 4211 3636 4261; x_wconf 90' lang='lat' dir='ltr'><strong>enim</strong></span> <span class='ocrx_word' id='word_1_732' title='bbox 3665 4208 3748 4277; x_wconf 92' lang='lat' dir='ltr'><strong>(ut</strong></span> <span class='ocrx_word' id='word_1_733' title='bbox 3774 4220 3937 4272; x_wconf 81' lang='lat' dir='ltr'><strong>supra</strong></span> 
     </span>
    </p>
   </div>
   <div class='ocr_carea' id='block_1_105' title="bbox 2352 4297 3936 4373">
    <p class='ocr_par' dir='ltr' id='par_1_105' title="bbox 2352 4297 3936 4373">
     <span class='ocr_line' id='line_1_105' title="bbox 2352 4297 3936 4373; baseline -0.004 -15"><span class='ocrx_word' id='word_1_734' title='bbox 2352 4307 2448 4373; x_wconf 88' lang='lat' dir='ltr'><strong>ait)</strong></span> <span class='ocrx_word' id='word_1_735' title='bbox 2487 4303 2684 4373; x_wconf 90' lang='lat' dir='ltr'><strong>aliquid</strong></span> <span class='ocrx_word' id='word_1_736' title='bbox 2712 4303 2853 4373; x_wconf 90' lang='lat' dir='ltr'><strong>quod</strong></span> <span class='ocrx_word' id='word_1_737' title='bbox 2883 4304 2951 4355; x_wconf 93' lang='lat' dir='ltr'><strong>sit</strong></span> <span class='ocrx_word' id='word_1_738' title='bbox 2982 4301 3282 4369; x_wconf 89' lang='lat' dir='ltr'><strong>proximum</strong></span> <span class='ocrx_word' id='word_1_739' title='bbox 3309 4298 3375 4370; x_wconf 86' lang='lat' dir='ltr'><strong>ad</strong></span> <span class='ocrx_word' id='word_1_740' title='bbox 3410 4297 3460 4352; x_wconf 90' lang='lat' dir='ltr'><strong>id</strong></span> <span class='ocrx_word' id='word_1_741' title='bbox 3505 4297 3646 4366; x_wconf 89' lang='lat' dir='ltr'><strong>quod</strong></span> <span class='ocrx_word' id='word_1_742' title='bbox 3693 4309 3772 4351; x_wconf 89' lang='lat' dir='ltr'><strong>est</strong></span> <span class='ocrx_word' id='word_1_743' title='bbox 3813 4309 3936 4351; x_wconf 84' lang='lat' dir='ltr'><strong>esse</strong></span> 
     </span>
    </p>
   </div>
   <div class='ocr_carea' id='block_1_106' title="bbox 2353 4389 3939 4463">
    <p class='ocr_par' dir='ltr' id='par_1_106' title="bbox 2353 4389 3939 4463">
     <span class='ocr_line' id='line_1_106' title="bbox 2353 4389 3939 4463; baseline -0.005 -14"><span class='ocrx_word' id='word_1_744' title='bbox 2353 4397 2598 4463; x_wconf 87' lang='lat' dir='ltr'><strong>addatur,</strong></span> <span class='ocrx_word' id='word_1_745' title='bbox 2651 4398 2793 4450; x_wconf 90' lang='lat' dir='ltr'><strong>nulla</strong></span> <span class='ocrx_word' id='word_1_746' title='bbox 2835 4394 3075 4449; x_wconf 87' lang='lat' dir='ltr'><strong>veritatis</strong></span> <span class='ocrx_word' id='word_1_747' title='bbox 3105 4402 3196 4445; x_wconf 88' lang='lat' dir='ltr'><strong>aut</strong></span> <span class='ocrx_word' id='word_1_748' title='bbox 3230 4390 3473 4445; x_wconf 81' lang='lat' dir='ltr'><strong>falsitatis</strong></span> <span class='ocrx_word' id='word_1_749' title='bbox 3518 4390 3655 4443; x_wconf 88' lang='lat' dir='ltr'><strong>ratio</strong></span> <span class='ocrx_word' id='word_1_750' title='bbox 3705 4389 3756 4441; x_wconf 93' lang='lat' dir='ltr'><strong>in</strong></span> <span class='ocrx_word' id='word_1_751' title='bbox 3806 4403 3939 4458; x_wconf 87' lang='lat' dir='ltr'><strong>qua-</strong></span> 
     </span>
    </p>
   </div>
   <div class='ocr_carea' id='block_1_107' title="bbox 2356 4480 3940 4557">
    <p class='ocr_par' dir='ltr' id='par_1_107' title="bbox 2356 4480 3940 4557">
     <span class='ocr_line' id='line_1_107' title="bbox 2356 4480 3940 4557; baseline -0.006 -15"><span class='ocrx_word' id='word_1_752' title='bbox 2356 4489 2488 4544; x_wconf 90' lang='lat' dir='ltr'><strong>libet</strong></span> <span class='ocrx_word' id='word_1_753' title='bbox 2537 4489 2793 4543; x_wconf 74' lang='lat' dir='ltr'><strong>orationis</strong></span> <span class='ocrx_word' id='word_1_754' title='bbox 2826 4487 3052 4557; x_wconf 66' lang='lat' dir='ltr'><strong>partium</strong></span> <span class='ocrx_word' id='word_1_755' title='bbox 3084 4483 3470 4552; x_wconf 87' lang='lat' dir='ltr'><strong>compositione</strong></span> <span class='ocrx_word' id='word_1_756' title='bbox 3525 4480 3817 4550; x_wconf 90' lang='lat' dir='ltr'><strong>perﬁcitur.</strong></span> <span class='ocrx_word' id='word_1_757' title='bbox 3870 4480 3940 4535; x_wconf 78' lang='lat' dir='ltr'><strong>At</strong></span> 
     </span>
    </p>
   </div>
   <div class='ocr_carea' id='block_1_108' title="bbox 2355 4572 3941 4634">
    <p class='ocr_par' dir='ltr' id='par_1_108' title="bbox 2355 4572 3941 4634">
     <span class='ocr_line' id='line_1_108' title="bbox 2355 4572 3941 4634; baseline -0.004 0"><span class='ocrx_word' id='word_1_758' title='bbox 2355 4596 2484 4634; x_wconf 90' lang='lat' dir='ltr'><strong>vero</strong></span> <span class='ocrx_word' id='word_1_759' title='bbox 2518 4596 2623 4633; x_wconf 93' lang='lat' dir='ltr'><strong>non</strong></span> <span class='ocrx_word' id='word_1_760' title='bbox 2651 4579 2811 4633; x_wconf 89' lang='lat' dir='ltr'><strong>homo</strong></span> <span class='ocrx_word' id='word_1_761' title='bbox 2839 4593 3032 4633; x_wconf 89' lang='lat' dir='ltr'><strong>nomen</strong></span> <span class='ocrx_word' id='word_1_762' title='bbox 3068 4592 3172 4631; x_wconf 92' lang='lat' dir='ltr'><strong>non</strong></span> <span class='ocrx_word' id='word_1_763' title='bbox 3215 4584 3319 4629; x_wconf 91' lang='lat' dir='ltr'><strong>est.</strong></span> <span class='ocrx_word' id='word_1_764' title='bbox 3365 4576 3537 4629; x_wconf 87' lang='lat' dir='ltr'><strong>Omne</strong></span> <span class='ocrx_word' id='word_1_765' title='bbox 3566 4572 3711 4628; x_wconf 90' lang='lat' dir='ltr'><strong>enim</strong></span> <span class='ocrx_word' id='word_1_766' title='bbox 3746 4585 3941 4627; x_wconf 90' lang='lat' dir='ltr'><strong>nomen</strong></span> 
     </span>
    </p>
   </div>
   <div class='ocr_carea' id='block_1_109' title="bbox 2358 4663 3942 4741">
    <p class='ocr_par' dir='ltr' id='par_1_109' title="bbox 2358 4663 3942 4741">
     <span class='ocr_line' id='line_1_109' title="bbox 2358 4663 3942 4741; baseline -0.007 -14"><span class='ocrx_word' id='word_1_767' title='bbox 2358 4691 2515 4728; x_wconf 88' lang='lat' dir='ltr'><strong>unatn</strong></span> <span class='ocrx_word' id='word_1_768' title='bbox 2575 4689 2687 4728; x_wconf 61' lang='lat' dir='ltr'><strong>rum</strong></span> <span class='ocrx_word' id='word_1_769' title='bbox 2740 4672 3005 4741; x_wconf 89' lang='lat' dir='ltr'><strong>signiﬁcat</strong></span> <span class='ocrx_word' id='word_1_770' title='bbox 3072 4668 3367 4732; x_wconf 89' lang='lat' dir='ltr'><strong>deﬁnitam,</strong></span> <span class='ocrx_word' id='word_1_771' title='bbox 3420 4675 3482 4720; x_wconf 89' lang='lat' dir='ltr'><strong>ut</strong></span> <span class='ocrx_word' id='word_1_772' title='bbox 3538 4680 3660 4720; x_wconf 84' lang='lat' dir='ltr'><strong>cum</strong></span> <span class='ocrx_word' id='word_1_773' title='bbox 3714 4663 3942 4718; x_wconf 83' lang='lat' dir='ltr'><strong>dicimus</strong></span> 
     </span>
    </p>
   </div>
   <div class='ocr_carea' id='block_1_110' title="bbox 2357 4753 3943 4830">
    <p class='ocr_par' dir='ltr' id='par_1_110' title="bbox 2357 4753 3943 4830">
     <span class='ocr_line' id='line_1_110' title="bbox 2357 4753 3943 4830; baseline -0.009 -9"><span class='ocrx_word' id='word_1_774' title='bbox 2357 4768 2540 4830; x_wconf 81' lang='lat' dir='ltr'><strong>homo.</strong></span> <span class='ocrx_word' id='word_1_775' title='bbox 2574 4765 2921 4819; x_wconf 91' lang='lat' dir='ltr'><strong>substantiam</strong></span> <span class='ocrx_word' id='word_1_776' title='bbox 2952 4762 3217 4830; x_wconf 85' lang='lat' dir='ltr'><strong>signiﬁcat</strong></span> <span class='ocrx_word' id='word_1_777' title='bbox 3258 4774 3355 4815; x_wconf 92' lang='lat' dir='ltr'><strong>nec</strong></span> <span class='ocrx_word' id='word_1_778' title='bbox 3383 4758 3696 4829; x_wconf 84' lang='lat' dir='ltr'><strong>quamlibet,</strong></span> <span class='ocrx_word' id='word_1_779' title='bbox 3738 4753 3832 4811; x_wconf 93' lang='lat' dir='ltr'><strong>sed</strong></span> <span class='ocrx_word' id='word_1_780' title='bbox 3858 4768 3943 4808; x_wconf 85' lang='lat' dir='ltr'><strong>ra-</strong></span> 
     </span>
    </p>
   </div>
   <div class='ocr_carea' id='block_1_111' title="bbox 2358 4849 3943 4926">
    <p class='ocr_par' dir='ltr' id='par_1_111' title="bbox 2358 4849 3943 4926">
     <span class='ocr_line' id='line_1_111' title="bbox 2358 4849 3943 4926; baseline -0.007 -13"><span class='ocrx_word' id='word_1_781' title='bbox 2358 4849 2613 4913; x_wconf 75' lang='lat' dir='ltr'><strong>tioitalctn</strong></span> <span class='ocrx_word' id='word_1_782' title='bbox 2664 4867 2823 4926; x_wconf 90' lang='lat' dir='ltr'><strong>atque</strong></span> <span class='ocrx_word' id='word_1_783' title='bbox 2860 4855 3165 4910; x_wconf 70' lang='lat' dir='ltr'><strong>inortalrm.</strong></span> <span class='ocrx_word' id='word_1_784' title='bbox 3214 4853 3413 4908; x_wconf 87' lang='lat' dir='ltr'><strong>Eodem</strong></span> <span class='ocrx_word' id='word_1_785' title='bbox 3463 4851 3621 4905; x_wconf 91' lang='lat' dir='ltr'><strong>modo</strong></span> <span class='ocrx_word' id='word_1_786' title='bbox 3668 4859 3722 4903; x_wconf 92' lang='lat' dir='ltr'><strong>et</strong></span> <span class='ocrx_word' id='word_1_787' title='bbox 3749 4858 3943 4903; x_wconf 72' lang='lat' dir='ltr'><strong>cmtera</strong></span> 
     </span>
    </p>
   </div>
   <div class='ocr_carea' id='block_1_112' title="bbox 2358 4941 3941 5014">
    <p class='ocr_par' dir='ltr' id='par_1_112' title="bbox 2358 4941 3941 5014">
     <span class='ocr_line' id='line_1_112' title="bbox 2358 4941 3941 5014; baseline -0.006 -10"><span class='ocrx_word' id='word_1_788' title='bbox 2358 4952 2595 5005; x_wconf 90' lang='lat' dir='ltr'><strong>nomina.</strong></span> <span class='ocrx_word' id='word_1_789' title='bbox 2627 4950 2725 5014; x_wconf 89' lang='lat' dir='ltr'><strong>Qui</strong></span> <span class='ocrx_word' id='word_1_790' title='bbox 2756 4962 2881 5002; x_wconf 85' lang='lat' dir='ltr'><strong>vero</strong></span> <span class='ocrx_word' id='word_1_791' title='bbox 2908 4947 3041 5001; x_wconf 90' lang='lat' dir='ltr'><strong>dicit</strong></span> <span class='ocrx_word' id='word_1_792' title='bbox 3065 4961 3169 5002; x_wconf 89' lang='lat' dir='ltr'><strong>non</strong></span> <span class='ocrx_word' id='word_1_793' title='bbox 3203 4946 3385 5011; x_wconf 90' lang='lat' dir='ltr'><strong>homo,</strong></span> <span class='ocrx_word' id='word_1_794' title='bbox 3421 4945 3694 5000; x_wconf 91' lang='lat' dir='ltr'><strong>hominem</strong></span> <span class='ocrx_word' id='word_1_795' title='bbox 3727 4941 3941 5011; x_wconf 91' lang='lat' dir='ltr'><strong>quidem</strong></span> 
     </span>
    </p>
   </div>
   <div class='ocr_carea' id='block_1_113' title="bbox 2360 5034 3945 5106">
    <p class='ocr_par' dir='ltr' id='par_1_113' title="bbox 2360 5034 3945 5106">
     <span class='ocr_line' id='line_1_113' title="bbox 2360 5034 3945 5106; baseline -0.006 -12"><span class='ocrx_word' id='word_1_796' title='bbox 2360 5041 2520 5094; x_wconf 88' lang='lat' dir='ltr'><strong>tollit.</strong></span> <span class='ocrx_word' id='word_1_797' title='bbox 2551 5038 2687 5104; x_wconf 86' lang='lat' dir='ltr'><strong>Quid</strong></span> <span class='ocrx_word' id='word_1_798' title='bbox 2719 5050 2898 5091; x_wconf 72' lang='lat' dir='ltr'><strong>autem</strong></span> <span class='ocrx_word' id='word_1_799' title='bbox 2933 5038 3024 5092; x_wconf 90' lang='lat' dir='ltr'><strong>illa</strong></span> <span class='ocrx_word' id='word_1_800' title='bbox 3057 5036 3450 5106; x_wconf 86' lang='lat' dir='ltr'><strong>signiﬁcatione</strong></span> <span class='ocrx_word' id='word_1_801' title='bbox 3480 5035 3609 5090; x_wconf 91' lang='lat' dir='ltr'><strong>velit</strong></span> <span class='ocrx_word' id='word_1_802' title='bbox 3638 5034 3945 5095; x_wconf 89' lang='lat' dir='ltr'><strong>ostendere,</strong></span> 
     </span>
    </p>
   </div>
   <div class='ocr_carea' id='block_1_114' title="bbox 2357 5128 3947 5209">
    <p class='ocr_par' dir='ltr' id='par_1_114' title="bbox 2357 5128 3947 5209">
     <span class='ocr_line' id='line_1_114' title="bbox 2357 5128 3947 5209; baseline -0.003 -25"><span class='ocrx_word' id='word_1_803' title='bbox 2357 5146 2469 5184; x_wconf 80' lang='lat' dir='ltr'><strong>non</strong></span> <span class='ocrx_word' id='word_1_804' title='bbox 2495 5129 2699 5197; x_wconf 64' lang='lat' dir='ltr'><strong>deﬁnit,</strong></span> <span class='ocrx_word' id='word_1_805' title='bbox 2766 5139 2941 5198; x_wconf 86' lang='lat' dir='ltr'><strong>potest</strong></span> <span class='ocrx_word' id='word_1_806' title='bbox 2996 5131 3137 5183; x_wconf 88' lang='lat' dir='ltr'><strong>enim</strong></span> <span class='ocrx_word' id='word_1_807' title='bbox 3190 5128 3332 5197; x_wconf 89' lang='lat' dir='ltr'><strong>quod</strong></span> <span class='ocrx_word' id='word_1_808' title='bbox 3382 5128 3543 5181; x_wconf 90' lang='lat' dir='ltr'><strong>homo</strong></span> <span class='ocrx_word' id='word_1_809' title='bbox 3601 5139 3707 5179; x_wconf 93' lang='lat' dir='ltr'><strong>non</strong></span> <span class='ocrx_word' id='word_1_810' title='bbox 3758 5130 3947 5209; x_wconf 48' lang='lat' dir='ltr'><strong>es.t,el</strong></span> 
     </span>
    </p>
   </div>
   <div class='ocr_carea' id='block_1_115' title="bbox 2356 5218 3948 5291">
    <p class='ocr_par' dir='ltr' id='par_1_115' title="bbox 2356 5218 3948 5291">
     <span class='ocr_line' id='line_1_115' title="bbox 2356 5218 3948 5291; baseline -0.006 -16"><span class='ocrx_word' id='word_1_811' title='bbox 2356 5235 2529 5291; x_wconf 83' lang='lat' dir='ltr'><strong>equus</strong></span> <span class='ocrx_word' id='word_1_812' title='bbox 2559 5233 2702 5287; x_wconf 84' lang='lat' dir='ltr'><strong>esse,</strong></span> <span class='ocrx_word' id='word_1_813' title='bbox 2731 5228 2783 5273; x_wconf 92' lang='lat' dir='ltr'><strong>ct</strong></span> <span class='ocrx_word' id='word_1_814' title='bbox 2804 5220 2971 5286; x_wconf 90' lang='lat' dir='ltr'><strong>canis,</strong></span> <span class='ocrx_word' id='word_1_815' title='bbox 3018 5228 3073 5273; x_wconf 92' lang='lat' dir='ltr'><strong>et</strong></span> <span class='ocrx_word' id='word_1_816' title='bbox 3103 5218 3252 5287; x_wconf 89' lang='lat' dir='ltr'><strong>lapis,</strong></span> <span class='ocrx_word' id='word_1_817' title='bbox 3289 5226 3341 5271; x_wconf 92' lang='lat' dir='ltr'><strong>et</strong></span> <span class='ocrx_word' id='word_1_818' title='bbox 3369 5224 3558 5269; x_wconf 64' lang='lat' dir='ltr'><strong>caetera</strong></span> <span class='ocrx_word' id='word_1_819' title='bbox 3612 5225 3948 5284; x_wconf 71' lang='lat' dir='ltr'><strong>quzccunque</strong></span> 
     </span>
    </p>
   </div>
   <div class='ocr_carea' id='block_1_116' title="bbox 2359 5304 3948 5378">
    <p class='ocr_par' dir='ltr' id='par_1_116' title="bbox 2359 5304 3948 5378">
     <span class='ocr_line' id='line_1_116' title="bbox 2359 5304 3948 5378; baseline -0.004 -12"><span class='ocrx_word' id='word_1_820' title='bbox 2359 5312 2523 5366; x_wconf 88' lang='lat' dir='ltr'><strong>homo</strong></span> <span class='ocrx_word' id='word_1_821' title='bbox 2570 5327 2676 5367; x_wconf 91' lang='lat' dir='ltr'><strong>non</strong></span> <span class='ocrx_word' id='word_1_822' title='bbox 2720 5311 2953 5366; x_wconf 75' lang='lat' dir='ltr'><strong>fuerint-</strong></span> <span class='ocrx_word' id='word_1_823' title='bbox 2980 5312 3159 5377; x_wconf 91' lang='lat' dir='ltr'><strong>Quare</strong></span> <span class='ocrx_word' id='word_1_824' title='bbox 3200 5308 3447 5378; x_wconf 91' lang='lat' dir='ltr'><strong>quoniam</strong></span> <span class='ocrx_word' id='word_1_825' title='bbox 3480 5304 3534 5360; x_wconf 91' lang='lat' dir='ltr'><strong>id</strong></span> <span class='ocrx_word' id='word_1_826' title='bbox 3559 5304 3702 5376; x_wconf 90' lang='lat' dir='ltr'><strong>quod</strong></span> <span class='ocrx_word' id='word_1_827' title='bbox 3728 5304 3948 5360; x_wconf 76' lang='lat' dir='ltr'><strong>deﬁnite</strong></span> 
     </span>
    </p>
   </div>
   <div class='ocr_carea' id='block_1_117' title="bbox 2361 5396 3947 5476">
    <p class='ocr_par' dir='ltr' id='par_1_117' title="bbox 2361 5396 3947 5476">
     <span class='ocr_line' id='line_1_117' title="bbox 2361 5396 3947 5476; baseline -0.009 -15"><span class='ocrx_word' id='word_1_828' title='bbox 2361 5406 2666 5476; x_wconf 87' lang='lat' dir='ltr'><strong>signiﬁcare</strong></span> <span class='ocrx_word' id='word_1_829' title='bbox 2696 5415 2907 5473; x_wconf 86' lang='lat' dir='ltr'><strong>potest,</strong></span> <span class='ocrx_word' id='word_1_830' title='bbox 2948 5406 3121 5457; x_wconf 86' lang='lat' dir='ltr'><strong>aufert</strong></span> <span class='ocrx_word' id='word_1_831' title='bbox 3163 5402 3214 5455; x_wconf 92' lang='lat' dir='ltr'><strong>in</strong></span> <span class='ocrx_word' id='word_1_832' title='bbox 3262 5414 3327 5454; x_wconf 84' lang='lat' dir='ltr'><strong>eo</strong></span> <span class='ocrx_word' id='word_1_833' title='bbox 3369 5399 3615 5469; x_wconf 85' lang='lat' dir='ltr'><strong>negativa</strong></span> <span class='ocrx_word' id='word_1_834' title='bbox 3663 5396 3947 5466; x_wconf 83' lang='lat' dir='ltr'><strong>particula,</strong></span> 
     </span>
    </p>
   </div>
   <div class='ocr_carea' id='block_1_118' title="bbox 2365 5481 3947 5568">
    <p class='ocr_par' dir='ltr' id='par_1_118' title="bbox 2365 5481 3947 5568">
     <span class='ocr_line' id='line_1_118' title="bbox 2365 5481 3947 5568; baseline -0.008 -17"><span class='ocrx_word' id='word_1_835' title='bbox 2365 5498 2493 5568; x_wconf 90' lang='lat' dir='ltr'><strong>quid</strong></span> <span class='ocrx_word' id='word_1_836' title='bbox 2527 5513 2654 5553; x_wconf 85' lang='lat' dir='ltr'><strong>vero</strong></span> <span class='ocrx_word' id='word_1_837' title='bbox 2678 5495 2980 5567; x_wconf 86' lang='lat' dir='ltr'><strong>signiﬁcare</strong></span> <span class='ocrx_word' id='word_1_838' title='bbox 3009 5492 3225 5555; x_wconf 88' lang='lat' dir='ltr'><strong>debeat,</strong></span> <span class='ocrx_word' id='word_1_839' title='bbox 3258 5490 3480 5546; x_wconf 90' lang='lat' dir='ltr'><strong>deﬁnite</strong></span> <span class='ocrx_word' id='word_1_840' title='bbox 3523 5505 3629 5544; x_wconf 92' lang='lat' dir='ltr'><strong>non</strong></span> <span class='ocrx_word' id='word_1_841' title='bbox 3675 5488 3824 5550; x_wconf 82' lang='lat' dir='ltr'><strong>dicit,</strong></span> <span class='ocrx_word' id='word_1_842' title='bbox 3854 5481 3947 5538; x_wconf 86' lang='lat' dir='ltr'><strong>sed</strong></span> 
     </span>
    </p>
   </div>
   <div class='ocr_carea' id='block_1_119' title="bbox 2366 5575 3945 5659">
    <p class='ocr_par' dir='ltr' id='par_1_119' title="bbox 2366 5575 3945 5659">
     <span class='ocr_line' id='line_1_119' title="bbox 2366 5575 3945 5659; baseline -0.011 -13"><span class='ocrx_word' id='word_1_843' title='bbox 2366 5590 2534 5646; x_wconf 89' lang='lat' dir='ltr'><strong>multa</strong></span> <span class='ocrx_word' id='word_1_844' title='bbox 2580 5600 2741 5659; x_wconf 91' lang='lat' dir='ltr'><strong>atque</strong></span> <span class='ocrx_word' id='word_1_845' title='bbox 2782 5589 2988 5644; x_wconf 90' lang='lat' dir='ltr'><strong>inﬁnita</strong></span> <span class='ocrx_word' id='word_1_846' title='bbox 3020 5585 3389 5656; x_wconf 87' lang='lat' dir='ltr'><strong>unusquisque</strong></span> <span class='ocrx_word' id='word_1_847' title='bbox 3418 5581 3631 5637; x_wconf 90' lang='lat' dir='ltr'><strong>auditor</strong></span> <span class='ocrx_word' id='word_1_848' title='bbox 3679 5575 3945 5643; x_wconf 88' lang='lat' dir='ltr'><strong>intelligit.</strong></span> 
     </span>
    </p>
   </div>
   <div class='ocr_carea' id='block_1_120' title="bbox 2367 5668 3947 5751">
    <p class='ocr_par' dir='ltr' id='par_1_120' title="bbox 2367 5668 3947 5751">
     <span class='ocr_line' id='line_1_120' title="bbox 2367 5668 3947 5751; baseline -0.008 -12"><span class='ocrx_word' id='word_1_849' title='bbox 2367 5684 2605 5747; x_wconf 88' lang='lat' dir='ltr'><strong>Dicatur,</strong></span> <span class='ocrx_word' id='word_1_850' title='bbox 2649 5684 2839 5751; x_wconf 87' lang='lat' dir='ltr'><strong>inquit,</strong></span> <span class='ocrx_word' id='word_1_851' title='bbox 2894 5697 3088 5737; x_wconf 88' lang='lat' dir='ltr'><strong>nomen</strong></span> <span class='ocrx_word' id='word_1_852' title='bbox 3143 5679 3432 5735; x_wconf 81' lang='lat' dir='ltr'><strong>inﬁnitum.</strong></span> <span class='ocrx_word' id='word_1_853' title='bbox 3481 5677 3594 5745; x_wconf 89' lang='lat' dir='ltr'><strong>lloc</strong></span> <span class='ocrx_word' id='word_1_854' title='bbox 3631 5673 3771 5728; x_wconf 87' lang='lat' dir='ltr'><strong>enim</strong></span> <span class='ocrx_word' id='word_1_855' title='bbox 3804 5668 3947 5738; x_wconf 78' lang='lat' dir='ltr'><strong>quod</strong></span> 
     </span>
    </p>
   </div>
   <div class='ocr_carea' id='block_1_121' title="bbox 2367 5759 3947 5840">
    <p class='ocr_par' dir='ltr' id='par_1_121' title="bbox 2367 5759 3947 5840">
     <span class='ocr_line' id='line_1_121' title="bbox 2367 5759 3947 5840; baseline -0.011 -11"><span class='ocrx_word' id='word_1_856' title='bbox 2367 5776 2593 5829; x_wconf 87' lang='lat' dir='ltr'><strong>dicimus</strong></span> <span class='ocrx_word' id='word_1_857' title='bbox 2623 5789 2726 5829; x_wconf 92' lang='lat' dir='ltr'><strong>non</strong></span> <span class='ocrx_word' id='word_1_858' title='bbox 2760 5775 2939 5838; x_wconf 90' lang='lat' dir='ltr'><strong>homo,</strong></span> <span class='ocrx_word' id='word_1_859' title='bbox 2966 5782 3074 5828; x_wconf 87' lang='lat' dir='ltr'><strong>tam</strong></span> <span class='ocrx_word' id='word_1_860' title='bbox 3109 5773 3271 5827; x_wconf 90' lang='lat' dir='ltr'><strong>multa</strong></span> <span class='ocrx_word' id='word_1_861' title='bbox 3297 5769 3561 5840; x_wconf 90' lang='lat' dir='ltr'><strong>signiﬁcat</strong></span> <span class='ocrx_word' id='word_1_862' title='bbox 3590 5778 3749 5835; x_wconf 89' lang='lat' dir='ltr'><strong>quam</strong></span> <span class='ocrx_word' id='word_1_863' title='bbox 3779 5759 3947 5817; x_wconf 85' lang='lat' dir='ltr'><strong>multa</strong></span> 
     </span>
    </p>
   </div>
   <div class='ocr_carea' id='block_1_122' title="bbox 2340 5842 3948 5955">
    <p class='ocr_par' dir='ltr' id='par_1_122' title="bbox 2340 5842 3948 5955">
     <span class='ocr_line' id='line_1_122' title="bbox 2340 5842 3948 5955; baseline -0.008 -33"><span class='ocrx_word' id='word_1_864' title='bbox 2340 5877 2498 5955; x_wconf 34' lang='lat' dir='ltr'><strong>osunt</strong></span> <span class='ocrx_word' id='word_1_865' title='bbox 2542 5882 2662 5937; x_wconf 67' lang='lat' dir='ltr'><strong>quae</strong></span> <span class='ocrx_word' id='word_1_866' title='bbox 2707 5882 2737 5923; x_wconf 84' lang='lat' dir='ltr'><strong>a</strong></span> <span class='ocrx_word' id='word_1_867' title='bbox 2779 5865 3091 5925; x_wconf 84' lang='lat' dir='ltr'><strong>deﬁnitione</strong></span> <span class='ocrx_word' id='word_1_868' title='bbox 3140 5863 3370 5922; x_wconf 80' lang='lat' dir='ltr'><strong>hominis</strong></span> <span class='ocrx_word' id='word_1_869' title='bbox 3408 5842 3801 5930; x_wconf 73' lang='lat' dir='ltr'><strong>disjunguntur.</strong></span> <span class='ocrx_word' id='word_1_870' title='bbox 3841 5851 3948 5910; x_wconf 81' lang='lat' dir='ltr'><strong>Sed</strong></span> 
     </span>
    </p>
   </div>
  </div>
