4280 6268
1542 281 1581 293 ,εσ-

342 388 442 443 505

1122 385 1189 441 IN
1224 384 1482 446 LIBRUM
1522 387 1612 444 DE
1651 387 2299 453 INTERPRETATIONE
2341 397 2576 459 EDITIO
2614 402 2846 461 PRIMA.

3517 413 3620 470 300

338 504 441 560 hoc
490 502 817 560 Aristoteles
867 502 1201 569 vocabulum,
1244 518 1362 559 cum
1418 504 1681 561 inﬁnitum
1726 523 1922 566 nomen
1952 522 2002 582 Α
2034 518 2465 574 enuntiationem
2496 518 2643 584 facit,
2677 534 2768 579 aut
2805 526 3125 596 negativam,
3158 535 3215 583 ut
3242 527 3494 586 Socrates
3512 538 3617 599 εει,

336 610 578 667 vocaret,
612 602 815 670 primus
844 600 1073 655 invenit.
1096 600 1248 670 Apud
1279 600 1614 671 antiquiores
1641 605 1783 659 enim
1817 607 1919 662 ista

335 692 554 764 quidem
595 701 711 747 erat
738 691 1022 758 dubitatio,
1050 692 1143 746 sed
1175 691 1299 745 huic
1328 691 1645 749 differentia:
1690 713 1790 766 qua
1818 698 1922 752 dif-

336 784 441 841 fert
463 800 654 839 nomen
669 783 943 838 definitum
972 784 1038 837 ab
1052 783 1350 852 bujusmodi
1375 786 1591 843 nomine
1612 791 1758 859 quod
1795 807 1919 847 cum

338 875 628 945 negatione
680 875 1009 945 proponitur,
1056 875 1375 945 impressum
1425 879 1750 936 vocabulum
1809 899 1917 939 non

338 978 477 1033 erat,
508 970 647 1040 quod
698 969 808 1039 ipse
839 976 1063 1023 testatur
1109 969 1336 1025 dicens:
1384 972 1455 1026 At
1496 988 1626 1028 vero
1674 990 1774 1031 nec
1826 992 1922 1045 po-

338 1061 498 1116 eitum
532 1058 533 1061 “
570 1058 893 1115 estnomen
964 1075 1069 1131 quo
1119 1061 1245 1117 illud
1313 1074 1560 1133 oporteat
1634 1068 1915 1136 appellari.

320 1152 517 1209 Nullus
541 1153 682 1207 enim
709 1152 886 1223 posuit
914 1152 1230 1209 vocabulum
1252 1170 1359 1226 quo
1385 1166 1630 1227 oporteat
1654 1160 1918 1229 appellari

337 1244 389 1300 td
418 1243 559 1314 quod
583 1244 835 1311 dicimus,
870 1260 975 1299 non
1008 1244 1202 1309 homo;
1236 1246 1331 1301 sed
1359 1247 1675 1305 Aristotcles
1703 1255 1917 1323 perspi-

336 1336 528 1390 caciter
556 1335 822 1389 inﬁnitum
856 1351 1052 1392 nomen
1085 1337 1403 1407 ~bujusmodi
1437 1340 1917 1410 prmdicamentum

336 1425 542 1482 censuit
566 1427 855 1496 appellari.

404 1526 612 1583 Catonis
643 1538 817 1580 autem
840 1528 918 1581 vel
943 1526 1145 1594 Catoni,
1186 1538 1235 1584 et
1271 1529 1589 1604 quacunque
1630 1536 1756 1590 (alia
1778 1547 1919 1606 sunt,

335 1634 443 1673 non
475 1629 593 1673 sunt
622 1621 856 1683 nomina,
909 1621 997 1673 sed
1042 1637 1189 1675 casus
1216 1626 1457 1681 nominis.

399 1720 605 1785 Omnis,
642 1721 834 1790 inquit,
869 1735 1025 1775 casus
1052 1722 1274 1777 alterius
1302 1739 1457 1780 casus
1472 1735 1591 1781 .est.
1632 1714 1814 1800 Itaque
1856 1732 1915 1786 tit

331 1822 389 1868 ut
428 1813 730 1883 quicunque
773 1828 930 1867 casus
977 1814 1049 1868 sit
1098 1815 1318 1870 alterius
1382 1819 1596 1874 inﬂexio
1645 1822 1927 1887 videatur.

2032 611 2115 665 vel
2142 615 2401 667 Socrates
2453 627 2558 691 non
2595 624 2697 669 est.
2731 616 2824 672 llic
2854 621 2994 675 enim
3023 623 3272 690 quoniam
3301 625 3497 680 veritas
3528 634 3621 679 aut

2028 704 2237 760 falsitas
2291 707 2498 771 incidit,
2544 712 2961 770 enuntiationem
3007 731 3126 772 esse
3161 734 3383 775 necesse
3410 731 3529 787 est;
3560 722 3620 778 in

2029 798 2242 852 casibus
2282 815 2413 854 vero
2440 805 2684 870 quamvis
2713 804 2878 859 addas
2906 815 3013 871 est,
3064 818 3155 863 aut
3189 826 3294 865 non
3333 822 3435 876 est,
3471 814 3619 869 nulla

2030 890 2157 946 ittde
2204 891 2492 949 afﬁrmatio
2515 911 2688 967 neque
2722 900 2934 969 negatio
2959 899 3038 954 ﬁt.
3063 902 3243 972 Neque
3270 905 3411 959 enim
3438 906 3488 960 in
3518 906 3617 961 bos
3644 954 3647 957 .

2032 984 2139 1038 ulla
2171 987 2373 1042 veritas
2421 997 2515 1043 aut
2561 990 2766 1045 falsitas
2815 991 2979 1047 cadit.
3011 992 3065 1049 Si
3104 996 3223 1063 quis
3263 997 3406 1051 enim
3449 998 3613 1065 dicat,

2030 1077 2274 1135 Socratis
2302 1091 2404 1147 est,
2460 1083 2698 1139 Socratis
2731 1102 2837 1140 non
2886 1096 2990 1153 est,
3025 1089 3106 1142 vel
3136 1087 3350 1145 Catonis
3378 1100 3482 1159 est,
3512 1091 3614 1147 Ca-

2032 1173 2170 1227 tonis
2201 1170 2432 1239 nonest,
2453 1177 2587 1245 quid
2610 1178 2777 1233 sitvel
2805 1196 2911 1234 non
2937 1182 3009 1236 sit
3035 1198 3138 1235 non
3164 1197 3460 1253 apponens,
3486 1200 3608 1239 cum

2027 1261 2254 1331 simplici
2282 1279 2429 1329 casu,
2462 1276 2565 1332 est,
2590 1280 2680 1321 aut
2711 1286 2814 1325 non
2842 1281 2947 1340 est,
2967 1272 3219 1342 jungens,
3246 1273 3611 1341 imperfectam

2027 1354 2190 1410 faciet
2222 1358 2515 1413 orationem
2550 1375 2578 1413 a
2612 1361 2843 1419 falsitate
2887 1379 2948 1419 ac
2991 1366 3215 1421 veritate
3268 1365 3607 1434 disjunctam.

1936 1464 1941 1471 “
2029 1446 2204 1512 Quare
2229 1448 2369 1501 nulla
2396 1453 2688 1507 enuntiatio
2707 1466 2808 1509 est.
2826 1455 2969 1526 Ergo
2986 1457 3162 1511 differt
3187 1474 3383 1513 nomen
3406 1476 3434 1512 ιι
3458 1474 3608 1526 casu,

2029 1539 2172 1606 quod
2202 1554 2399 1595 nomen
2429 1543 2645 1611 quidem
2674 1560 2793 1600 cum
2824 1557 2927 1611 est,
2959 1560 3050 1603 aut
3098 1566 3203 1605 non
3228 1562 3311 1605 est
3332 1552 3599 1621 junctum,

2028 1632 2113 1685 vel
2139 1648 2321 1688 verum
2356 1636 2437 1689 vel
2466 1636 2657 1693 falsum
2686 1640 2831 1696 facit.
2866 1641 3033 1699 Casus
3063 1659 3191 1699 vero
3223 1660 3396 1716 neque
3417 1662 3603 1703 verum

2028 1720 2159 1778 dicit
2186 1741 2358 1795 neque
2383 1730 2659 1785 mentitur.
2681 1732 2890 1787 Etenim
2922 1736 3186 1789 nulloalio
3205 1738 3387 1792 addito
3410 1748 3600 1796 trunca

2027 1824 2109 1868 est
2139 1826 2296 1885 atque
2328 1820 2635 1885 imperfecta
2680 1828 2977 1890 setttt'ntia;
3012 1831 3104 1882 sed
3133 1844 3384 1898 quorsum
3420 1831 3603 1887 istuc?

332 1904 461 1977 Ergo
488 1907 627 1976 quad
660 1906 887 1961 dicimus
919 1906 1077 1975 ltujus
1104 1906 1344 1975 Catonis,
1396 1912 1480 1965 vel
1520 1912 1643 1968 huic
1694 1916 1907 1986 Catoni,
1946 1903 1996 1962 B
2026 1906 2339 1962 utdeﬁnitio
2370 1912 2574 1968 scilicet
2598 1916 2825 1969 nominis
2848 1916 3188 1988 integerrima
3218 1922 3602 1988 complerctur.

332 1996 407 2051 Vel
428 1997 532 2052 alia
546 1996 874 2065 huiusmodi,
893 2011 1047 2051 casus
1076 2000 1351 2054 nominum
1370 2012 1514 2056 sunt.
1538 2001 1686 2059 Unde
1703 2007 1762 2061 fit
1779 2019 1834 2061 ut
1854 2010 1909 2065 bi

330 2103 485 2144 casus
511 2090 827 2145 intlexiones
878 2106 1089 2160 quoque
1137 2092 1404 2158 dicantur,
1460 2096 1552 2149 sed
1604 2100 1779 2153 omnis
1828 2102 1927 2154 in-‘

330 2182 487 2238 ﬁexio
533 2172 759 2252 alicujus
801 2182 1016 2237 inﬂexio
1046 2193 1147 2238 est.
1183 2176 1337 2252 Quod
1367 2195 1545 2241 autem
1594 2188 1922 2263 inflectitur,

328 2276 392 2331 ab
419 2290 488 2331 eo
517 2276 656 2343 quod
679 2276 803 2344 ipsa
834 2275 1047 2331 inflexio
1077 2276 1137 2330 ﬁt
1167 2278 1313 2345 prius
1342 2288 1444 2344 εει,
1490 2294 1653 2347 quare
1698 2298 1819 2336 cum
1852 2284 1907 2338 id

329 2367 468 2437 quod
506 2366 736 2421 dicimus
772 2367 904 2421 Cato
934 2383 1129 2423 nomen
1155 2371 1242 2436 sit,
1274 2380 1326 2426 et
1353 2372 1420 2426 sit
1459 2374 1710 2442 primum,
1742 2375 1911 2431 distat

244 2498 249 2502 ι
329 2458 391 2514 Ib
428 2458 803 2530 inflexionibus
832 2459 966 2515 suis.
1001 2459 1218 2527 Inflexio
1241 2452 1421 2519 autem
1464 2465 1772 2522 nominativi
1814 2483 1910 2537 ge-

329 2552 517 2606 nitivus
570 2560 675 2617 est,
722 2561 776 2607 et
816 2552 1019 2608 caueri.
1095 2553 1281 2609 Nullus
1329 2555 1472 2610 enim
1520 2557 1718 2613 dixerit
1762 2568 1911 2615 recte

329 2642 709 2698 nominativum
762 2657 942 2699 casum
974 2658 1114 2701 esse.
1157 2645 1215 2702 Si
1243 2648 1385 2702 enim
1434 2646 1488 2703 id
1514 2649 1655 2719 quod
1682 2650 1913 2706 dicimus

328 2735 457 2792 Cato
511 2737 737 2806 alicujus
792 2752 947 2792 casus
987 2738 1077 2803 sit,
1135 2740 1289 2810 cujus
1342 2755 1499 2795 casus
1543 2757 1663 2798 esse
1719 2744 1909 2813 possit,

328 2836 533 2896 Oportet
551 2828 783 2892 ostendi,
818 2828 913 2883 sed
944 2838 1067 2884 ante
1098 2830 1148 2884 id
1178 2830 1318 2901 quod
1343 2831 1574 2888 dicimus
1603 2834 1757 2900 Cato,
1792 2835 1916 2889 nul-

328 2920 406 2975 lus
431 2919 749 2987 prcedicatur
803 2933 961 2974 casus
991 2937 1004 2975 :
1037 2920 1197 2989 igitur
1241 2922 1493 2990 quoniam
1544 2922 1677 2977 Cato
1713 2939 1912 2979 nomen

326 3011 521 3066 nullius
548 3011 853 3066 inflexionis
883 3020 985 3077 est,
1024 3027 1124 3067 nec
1151 3014 1371 3068 omnino
1393 3030 1553 3070 casus
1582 3024 1683 3070 est.
1713 3015 1913 3072 Cmteri

322 3114 504 3158 autem
535 3119 689 3158 casus
731 3103 821 3172 qui
848 3104 1102 3159 dicuntur
1129 3106 1441 3161 nominativi
1482 3108 1771 3164 inflexione
1800 3110 1911 3165 for-

326 3204 560 3259 utantur,
605 3194 842 3263 Catonis,
894 3207 948 3251 et
994 3197 1206 3264 Catoni,
1238 3210 1289 3254 et
1317 3201 1612 3265 Catonem;
1645 3218 1813 3271 quare
1864 3204 1907 3258 si

326 3285 530 3365 distant
571 3300 633 3340 ea
658 3302 776 3356 quae
819 3287 884 3341 ab
929 3288 1221 3345 inflexione
1269 3301 1560 3347 nascuntur
1583 3293 1652 3347 ab
1681 3294 1761 3349 bis
1791 3312 1909 3365 qnte

326 3364 689 3442 inflectuntur,
721 3377 919 3433 distant
946 3395 1159 3451 quoque
1191 3382 1242 3435 lti
1275 3383 1581 3459 quiomnes
1612 3400 1790 3455 casus,
1820 3390 1910 3457 qui

326 3483 446 3528 sunt
472 3470 711 3536 Catonis,
739 3470 949 3537 Catoni,
975 3472 1254 3537 Catonem,
1288 3476 1355 3529 ab
1383 3491 1448 3531 eo
1477 3478 1618 3547 quod
1649 3489 1733 3534 est
1754 3482 1907 3552 Cato,

326 3566 378 3620 id
407 3574 491 3621 est
519 3580 549 3618 a
576 3564 795 3620 nomine
827 3565 1139 3636 principali:
1170 3568 1263 3621 sed
1309 3568 1394 3622 hic
1425 3567 1557 3624 Cato
1586 3587 1780 3627 nomen
1801 3582 1905 3642 est,

324 3670 476 3711 casus
521 3656 682 3725 igitur
732 3657 948 3710 nomina
976 3672 1083 3711 non
1136 3669 1280 3713 sunt.
1315 3660 1473 3713 Aliud
1505 3663 1647 3718 enim
1678 3675 1761 3719 est
1792 3666 1910 3734 ipse

324 3760 496 3813 casus,
525 3746 669 3801 aliud
721 3747 873 3816 cujus
920 3757 1002 3803 est
1029 3762 1208 3802 casus.
1255 3750 1513 3821 Quocirca
1564 3755 1610 3808 si
1674 3756 1907 3812 nominis

322 3837 436 3892 haec
464 3838 641 3891 omnia
666 3852 821 3892 casus
850 3848 993 3903 sunt,
1026 3841 1139 3894 haec
1170 3843 1385 3895 nomina
1412 3858 1517 3897 non
1550 3854 1691 3898 sunt.
1727 3847 1905 3917 Atque

290 3926 447 3983 .ideo
492 3927 796 3996 prudenter
824 3936 1030 3984 veteres
1065 3945 1250 3986 omnes
1279 3947 1436 3988 casus
1466 3937 1781 4004 genitivum,
1814 3939 1907 3993 da-

320 4019 513 4082 tivum,
567 4018 953 4086 accusativum,
1000 4023 1320 4089 vocativum,
1345 4024 1655 4096 ablativum,
1689 4029 1798 4084 suis
1827 4030 1908 4085 di-

319 4108 596 4177 versisque
628 4109 936 4164 nominibus
968 4122 1311 4169 vocaverunt.
1347 4115 1586 4170 Primum
1620 4132 1745 4172 vero
1776 4122 1907 4178 alias

320 4210 541 4266 rectum,
575 4201 731 4272 quasi
758 4217 787 4256 a
820 4203 967 4258 nullo
1000 4204 1272 4273 inﬂexum,
1309 4208 1442 4263 alias
1474 4211 1709 4266 nominis
1739 4213 1906 4283 ipsius

320 4292 575 4372 vocabulo
625 4295 1009 4351 nominativum
1065 4298 1336 4354 dixerunt.
1385 4301 1562 4369 Quare
1623 4320 1761 4360 nunc
1805 4306 1908 4362 itoc

319 4383 633 4440 Aristoteles
659 4388 987 4457 exsequitur,
1017 4389 1108 4459 qui
1138 4405 1296 4445 casus
1320 4393 1595 4448 nominum
1626 4388 1907 4452 videantur

318 4487 423 4528 non
456 4488 575 4529 esse
598 4476 834 4545 nomina,
864 4478 959 4534 sed
1008 4487 1214 4536 tantum
1242 4481 1519 4538 nominum
1563 4484 1901 4555 intiexiones,

318 4566 372 4623 id
398 4576 484 4623 est
509 4582 680 4625 casus.

2020 1999 2232 2054 Etenim
2260 2002 2367 2067 jam
2400 2019 2538 2065 nunc
2580 2005 2818 2060 definitio
2857 2010 3087 2063 nominis
3120 2011 3219 2065 ltoc
3263 2012 3423 2066 modo
3466 2023 3589 2068 est:

2018 2088 2222 2143 Nomen
2267 2101 2349 2145 est
2400 2108 2499 2147 vox
2544 2095 2915 2165 significativa,
2968 2101 3263 2156 secundum
3318 2103 3597 2174 placitum,

2017 2184 2135 2239 sine
2159 2187 2574 2256 tetnpore,cujus
2596 2190 2739 2243 ttulla
2764 2206 2886 2259 pars
2913 2193 3264 2262 signiﬁcativa
3287 2207 3365 2251 est
3388 2211 3599 2267 separa-

2018 2283 2094 2343 ta,
2118 2276 2399 2333 deﬁni‘um
2426 2280 2622 2349 aliquid
2639 2282 2968 2351 signiﬁcans,
2999 2300 3119 2340 cum
3142 2296 3223 2341 est
3265 2297 3355 2342 aut
3384 2303 3488 2344 non
3520 2300 3602 2346 est

2015 2369 2197 2438 juncta
2212 2372 2408 2426 faciens
2420 2375 2859 2431 enuntiatimtem.
2884 2378 2986 2431 Sed
3004 2378 3072 2433 de
3085 2378 3297 2435 nomine
3316 2380 3602 2443 hactenus.

2016 2460 2169 2519 Nunc
2196 2464 2416 2520 verbttm
2444 2466 2847 2537 diligentissima
2872 2469 3182 2528 deﬁnitione
3201 2472 3540 2534 determinat.

2617 2581 2707 2636 DE
2750 2582 2995 2639 VERBO.

2094 2668 2316 2724 Verbum
2362 2680 2530 2726 autem
2552 2681 2646 2738 est,
2667 2674 2809 2743 quod
2834 2676 3185 2747 consigni/icat
3211 2686 3427 2758 tempus,
3455 2682 3603 2754 cuju.’

2014 2780 2134 2832 pars
2164 2764 2298 2817 nihil
2324 2775 2470 2820 extra
2516 2768 2795 2840 signiﬁcat,
2839 2779 2980 2825 etest
3025 2788 3222 2843 semper
3269 2789 3447 2828 eorum
3489 2790 3603 2845 qua

2015 2854 2079 2911 de
2112 2856 2273 2909 altera
2313 2858 2678 2925 praedicantur,
2711 2870 2852 2914 nota.

2024 2946 2033 2953 ’
2084 2945 2323 3002 Verbum
2369 2949 2531 3003 distat
2558 2966 2588 3004 a
2620 2952 2837 3008 nomine
2867 2954 2920 3007 in
2952 2954 3054 3009 hoc
3082 2955 3199 3009 solo
3223 2958 3365 3027 quod
3399 2971 3597 3015 nomen

2012 3036 2131 3090 sine
2169 3046 2413 3105 tempore
2451 3050 2555 3107 est,
2592 3049 2649 3094 ttt
2672 3056 2831 3111 supra
2880 3044 2988 3111 jam
3018 3044 3219 3100 dictum
3250 3055 3352 3112 est,
3383 3049 3602 3115 verbum

2013 3129 2120 3183 vim
2151 3131 2407 3198 temporis
2436 3133 2489 3186 in
2517 3133 2995 3202 signiﬁcationibus
3022 3137 3205 3203 traltit,
3238 3148 3291 3192 et
3313 3149 3456 3195 esset
3480 3143 3603 3212 qui-

2016 3222 2137 3295 dem
2170 3222 2321 3288 plena
2360 3225 2614 3279 definitio
2659 3225 2835 3287 verbi,
2863 3227 2907 3281 si
2938 3228 3040 3283 alia
3074 3230 3125 3283 itt
3157 3245 3223 3285 eo
3253 3233 3431 3287 omnia
3484 3250 3605 3307 qua)

2018 3318 2070 3372 in
2103 3318 2320 3373 nomine
2354 3321 2525 3388 posita
2572 3329 2697 3374 sunt
2733 3331 3083 3391 ponerentur,
3133 3324 3234 3379 boc
3262 3326 3380 3380 solo
3404 3327 3605 3385 discre-

2016 3420 2179 3481 pante
2206 3412 2347 3481 quod
2379 3414 2600 3468 Verbum
2646 3415 3014 3484 consigniticat
3060 3426 3294 3487 tempus,
3355 3432 3606 3495 essetque

2015 3503 2260 3558 deﬁnitio
2280 3504 2352 3556 ita
2383 3520 2397 3557 :
2435 3503 2665 3559 Verbum
2697 3516 2779 3559 est
2808 3522 2905 3560 vox
2930 3507 3276 3577 signiﬁcativa
3305 3514 3605 3572 secundum

2013 3598 2290 3668 placitum,
2316 3596 2468 3666 cujus
2499 3598 2641 3652 nulla
2668 3614 2789 3665 pars
2812 3612 2962 3655 extra
2989 3602 3341 3672 signiﬁcativa
3368 3618 3473 3671 est;
3507 3608 3605 3664 sed

2012 3692 2267 3761 quoniam
2299 3700 2424 3746 sunt
2451 3692 2538 3745 illa
2570 3693 2775 3749 nomini
2807 3694 3079 3765 verboque
3108 3699 3445 3768 communia,
3482 3716 3602 3770 pro~

2014 3785 2192 3854 prium
2215 3796 2392 3839 autem
2425 3787 2571 3841 verbi
2600 3794 2684 3840 est
2711 3788 3122 3857 cousigniﬁcare
3148 3798 3392 3860 tempus;
3422 3808 3451 3846 a
3480 3808 3601 3863 ιιι-οη

2014 3876 2243 3946 prietate
2264 3876 2494 3942 deﬁniti,
2508 3878 2895 3942 scilicetverbi,
2910 3895 3012 3949 qua
3032 3882 3065 3933 'a
3079 3881 3398 3940 difﬁnitione
3415 3887 3603 3940 nomia

2015 3966 2440 4037 ttissegregatur,
2471 3968 2693 4023 verbum
2721 3967 2891 4022 voluit
2916 3969 3171 4026 diffinire.
3188 3973 3480 4040 Diligenter
3500 3992 3599 4033 au-

2016 4067 2123 4112 tem
2147 4057 2241 4122 ait,
2270 4058 2663 4125 consigniﬁcat.
2691 4057 2822 4112 Nam
2840 4058 3108 4128 signiﬁcat
3128 4063 3339 4115 nomina
3359 4074 3594 4133 tempus,

2012 4160 2068 4203 ttt
2095 4148 2234 4213 dies,
2268 4159 2320 4203 ut
2346 4164 2538 4213 annus,
2564 4150 2678 4204 haec
2709 4149 2851 4204 enim
2887 4160 3182 4221 temporum
3213 4154 3426 4209 nomina
3446 4166 3594 4217 sunt.

2010 4238 2246 4293 Verbum
2294 4247 2469 4292 autem
2506 4240 2720 4309 proprie
2768 4242 3139 4313 consignificat
3177 4253 3406 4317 tempus,
3444 4250 3595 4318 prin-

2010 4329 2256 4396 cipaliter
2280 4329 2420 4385 enim
2451 4342 2541 4385 aut
2570 4324 2875 4402 passionem
2924 4334 3188 4406 designat,
3225 4347 3283 4392 ut
3306 4350 3505 4407 actum,
3539 4350 3597 4399 ttt

2010 4435 2130 4473 cum
2178 4421 2320 4488 dico,
2353 4437 2547 4476 accuso
2590 4424 2671 4479 vel
2699 4441 2942 4481 accusor.
2992 4428 3096 4484 Sed
3138 4445 3259 4485 cum
3302 4430 3415 4499 ipsa
3446 4440 3595 4489 actus

2008 4513 2385 4580 passmnisqtte
2411 4512 2827 4589 signiﬁcatione,
2860 4518 2965 4571 vim
2996 4534 3208 4587 quo-{tte
3250 4536 3432 4576 secum
3464 4532 3619 4580 tem-.

1898 4602 1899 4613 ‘
1933 4665 1984 4682 ﬁ
2010 4600 2158 4668 poris
2189 4601 2371 4665 traltit,
2398 4616 2453 4656 ut
2484 4604 2571 4658 ille
2599 4615 2748 4659 actus
2776 4616 2865 4659 aut
2891 4609 3067 4676 passio
3102 4622 3293 4678 praeter
3328 4629 3589 4682 praesens,

381 4671 541 4726 Ratio
564 4682 728 4729 autem
748 4676 926 4745 ejusin
940 4676 1275 4746 aliisquidem
1288 4680 1463 4733 eadem
1478 4688 1574 4749 est,
1602 4682 1900 4750 seddi/fert.
1932 4665 1988 4726 D
2012 4665 2102 4745 aut
2133 4691 2389 4757 futurum,
2414 4703 2505 4748 aut
2534 4665 3158 4767 prmteritutn,‘antqut'td
3183 4665 3458 4758 inter'ltaac
3486 4665 3591 4770 est:

315 4765 572 4839 Quoniam
599 4784 714 4821 cum
739 4780 836 4832 est,
885 4770 963 4822 vel
986 4769 1105 4836 fuit,
1133 4768 1207 4822 vel
1231 4771 1346 4834 erit,
1376 4772 1707 4843 adjunctum,
1742 4792 1901 4845 neque

312 4872 479 4913 rerum
508 4876 666 4930 neque
694 4861 883 4930 falsum
912 4871 1008 4925 est;
1042 4877 1225 4915 nomen
1271 4878 1389 4916 vero
1432 4880 1647 4934 semper,
1694 4877 1748 4919 ut
1795 4867 1903 4921 Ca-

310 4958 441 5010 tonis
470 4967 563 5021 est,
612 4959 688 5011 vel
731 4973 833 5011 non
883 4970 979 5023 est,
1028 4958 1255 5015 nondum
1308 4960 1443 5014 enim
1483 4963 1677 5033 aliquid
1726 4982 1897 5021 rerum

309 5046 432 5100 dicit
458 5058 543 5101 aut
574 5049 784 5118 falsum.

380 5150 560 5216 Ratio,
596 5150 786 5222 inquit,
818 5150 869 5205 id
902 5161 984 5207 est
1012 5152 1256 5209 deﬁnitio
1280 5156 1511 5212 nominis
1541 5166 1595 5212 et
1622 5172 1776 5213 casus
1802 5141 1898 5214 no?

304 5241 483 5307 minis,
506 5240 691 5296 eadem
718 5251 823 5309 est,
850 5258 971 5297 nam
1014 5246 1153 5299 sicut
1184 5261 1380 5301 nomen
1414 5263 1516 5302 vox
1546 5249 1896 5317 signiﬁcativa

301 5342 380 5388 est
427 5334 727 5388 secundum
761 5336 1015 5403 placitum
1046 5339 1166 5394 sine
1198 5348 1466 5410 tempore,
1516 5350 1573 5394 ttt
1616 5343 1730 5409 ejus
1776 5360 1898 5412 pars

301 5424 448 5479 nulla
482 5433 635 5478 extra
666 5426 950 5493 signiﬁcet,
976 5429 1077 5503 sic
1104 5430 1267 5483 etiam
1314 5445 1497 5485 casus.
1528 5430 1660 5486 Nam
1686 5448 1791 5487 vox
1819 5443 1901 5489 est

299 5524 348 5570 et
364 5514 669 5570 secundum
698 5515 951 5582 placitum
982 5519 1341 5590 designativa,
1372 5529 1427 5574 et
1451 5522 1604 5590 cujus
1636 5535 1901 5591 separata)

300 5618 481 5677 partes
532 5605 669 5660 niltil
699 5615 847 5661 extra
889 5609 1191 5678 designant.
1242 5612 1384 5681 Ergo
1413 5612 1597 5668 eadem
1652 5598 1899 5693 difﬁnitio

303 5700 548 5768 ratioque
596 5696 829 5751 nominis
875 5707 957 5751 est
988 5710 1041 5752 et
1070 5714 1226 5755 casus
1270 5702 1522 5769 nominis,
1557 5703 1649 5759 sed
1676 5704 1758 5758 bis
1788 5721 1890 5760 una

303 5793 514 5847 additur
542 5790 869 5856 differentia,
921 5790 1065 5861 quod
1094 5807 1252 5849 omne
1279 5809 1473 5854 nomen
1503 5813 1624 5854 cum
1651 5813 1717 5855 eo
1747 5798 1889 5872 quod

305 5882 493 5939 dicitur
516 5892 621 5951 est,
651 5892 746 5941 aut
774 5872 1001 5943 nonest
1024 5881 1387 5962 conjunctum,
1409 5902 1497 5949 aut
1523 5894 1896 5952 afﬁrmativam

2010 4796 2128 4837 esse
2156 4797 2259 4836 non
2304 4784 2488 4849 possit.
2517 4785 2582 4839 Et
2611 4796 2694 4840 est
2724 4801 2936 4855 semper
2971 4804 3155 4844 eorum
3189 4808 3307 4863 qua:
3332 4793 3400 4849 de
3424 4795 3592 4852 altero

2010 4874 2371 4943 praedicantur
2400 4885 2545 4931 nota.
2574 4877 2776 4932 Sensus
2808 4878 3110 4948 bujttsmudi
3138 4894 3257 4939 est:
3290 4887 3483 4953 Omne,
3513 4890 3591 4944 in-

2009 4967 2145 5036 quit,
2181 4968 2401 5022 verbum
2426 4969 2693 5039 signiﬁcat
2720 4972 2934 5041 aliquod
2964 4975 3233 5046 accidens,
3263 4981 3402 5048 quod
3448 4981 3591 5034 acci-

2012 5054 2147 5111 dens
2178 5073 2391 5127 semper
2437 5058 2504 5115 de
2552 5062 2723 5115 altero
2772 5062 3109 5131 praedicatur.
3160 5066 3290 5120 Nam
3333 5069 3377 5122 si
3431 5083 3590 5125 omne

2008 5152 2233 5206 verbum
2262 5162 2353 5206 aut
2394 5154 2655 5210 actionem
2687 5165 2775 5209 aut
2808 5160 3107 5223 passionem
3137 5159 3411 5229 designat,
3446 5163 3586 5216 actio

2012 5259 2140 5299 vero
2184 5255 2238 5299 et
2289 5247 2463 5314 passio
2509 5247 2561 5301 itt
2612 5249 2975 5305 accidentibus
3006 5262 3373 5312 numerantur.
3429 5269 3590 5309 omne

2014 5336 2235 5391 verbum
2269 5336 2375 5390 vim
2406 5337 2667 5407 signiﬁcat
2696 5339 3015 5405 accidentis;
3043 5342 3135 5396 sed
3165 5342 3413 5396 accidens
3441 5359 3587 5398 sem-

2011 5444 2107 5498 per
2138 5430 2205 5484 de
2231 5444 2296 5484 eo
2330 5430 2650 5498 prtedicatur
2669 5432 2808 5502 quod
2838 5433 2940 5487 sibi
2969 5435 3265 5504 subjectum
3294 5446 3394 5503 est,
3423 5446 3478 5490 ut
3508 5438 3587 5491 al-

2008 5519 2132 5574 bum
2166 5519 2232 5574 de
2261 5535 2507 5588 corpore,
2559 5530 2614 5575 et
2659 5520 2850 5577 durum
2898 5524 2967 5578 de
2999 5524 3157 5579 ferro.
3187 5527 3363 5593 Quare
3405 5530 3586 5583 omnia

2007 5615 2164 5668 verba
2207 5613 2495 5682 ejusmodi
2525 5614 2697 5683 aliqua
2746 5615 3044 5688 designant,
3096 5630 3216 5689 quae
3260 5636 3471 5692 semper
3513 5623 3583 5680 de

2005 5706 2173 5760 altero
2195 5705 2575 5775 przedieantur,
2605 5707 2743 5777 quod
2773 5724 2866 5779 per
2883 5710 2983 5766 hoc
3009 5712 3216 5767 scilicet
3242 5714 3398 5781 dixit,
3428 5716 3575 5786 quod

2010 5797 2083 5851 ait
2112 5797 2332 5852 verbum
2367 5806 2553 5853 notam.
2574 5812 2714 5867 esse,
2738 5800 2788 5856 id
2811 5812 2895 5859 est
2922 5801 3367 5874 signiﬁcationem
3392 5816 3580 5863 eorum

2007 5903 2125 5958 qua‘.
2143 5888 2207 5945 de
2226 5889 2396 5946 altero
2424 5890 2801 5967 pracdteantur,
2826 5895 2966 5971 quod
2991 5895 3132 5954 idem
3162 5900 3300 5957 valet
3327 5910 3577 5970 tanquam
