4280 6268
638 379 739 447 507
753 377 764 416 ἰ

1856 383 1965 440 ΑΝ.
2008 384 2217 459 nam.
2259 384 2414 443 ssv.
2459 384 2680 441 BOE‘Ill

3401 301 3563 312 μαι-σφω-
3601 305 3808 314 >ο-·-‹..-.-

3808 385 3914 440 508

640 503 690 560 si
718 503 921 558 diceret
943 514 961 554 :
983 495 1748 567 Verbumsemperaccidentia
1771 495 2060 566 signiﬁcat,
2087 512 2222 567 qno-
2249 497 2305 560 Α
2327 507 2597 567 poterant,
2626 506 2682 553 et
2723 490 2887 552 verba
2931 510 3041 552 non
3069 510 3210 562 esse,
3241 511 3270 552 a
3297 494 3446 552 verbi
3478 495 3686 554 ratione
3714 506 3770 554 et
3789 513 3914 569 pro-
3960 503 3962 506 ’

639 605 755 650 rum
785 595 898 647 hac
923 598 1110 644 natura
1164 597 1250 645 est
1315 599 1374 643 ut
1425 604 1638 659 semper
1683 589 1751 643 de
1803 587 1972 644 altero
2019 589 2254 659 praedi--

641 695 864 751 centur;
893 683 1047 754 cujus
1075 684 1216 739 enim
1243 683 1494 753 qualibet
1532 697 1620 738 res
1647 681 1773 736 nota
1803 690 1907 747 est,
1938 683 2074 738 banc
2104 683 2220 752 ipsa

639 791 759 848 quae
800 785 925 831 nota
953 786 1054 841 est,
1079 776 1346 847 designat.

714 868 844 924 Dico
871 884 988 924 vero
1016 870 1256 938 quoniam
1285 869 1642 942 contigui/icui
1683 878 1898 940 tempus,
1946 875 2004 921 ut
2045 883 2224 924 cursus

639 959 841 1025 quidem
864 975 1052 1015 nomen
1081 969 1174 1026 est,
1202 961 1360 1015 currit
1389 969 1558 1014 autem
1600 959 1831 1025 uerbum,
1856 958 2221 1030 contigui/ictu

641 1051 773 1104 enim
794 1068 931 1106 nunc
954 1067 1079 1108 esse.
1795 1092 1798 1095 -

713 1141 888 1211 Supra
939 1142 993 1197 in
1038 1143 1273 1199 nominis
1327 1142 1650 1198 difﬁnitione
1699 1141 1978 1210 proposuit
2024 1154 2223 1196 nomen

643 1245 764 1287 esse
787 1232 905 1288 sine
932 1243 1196 1304 tempore,
1227 1232 1366 1302 quod
1413 1247 1551 1287 nunc
1577 1237 1802 1302 quoque
1826 1233 1926 1287 boc
1961 1239 2227 1288 monstrat

645 1324 918 1392 exemplo,
949 1333 1003 1380 et
1027 1324 1440 1394 diligentissimo
1470 1323 1706 1394 quidem.
1738 1322 1869 1377 Nam
1909 1322 2048 1379 idem
2078 1338 2221 1392 prte-

643 1414 1001 1469 dicamentnm
1031 1415 1097 1469 ad
1129 1430 1326 1471 nomen
1352 1416 1576 1471 relatum
1605 1413 1724 1470 sine
1759 1415 2018 1484 temporis
2043 1414 2223 1468 consi-

644 1505 985 1574 gniﬁcatione
1027 1516 1376 1576 monstratur,
1422 1506 1489 1562 ad
1545 1506 1765 1562 verbum
1811 1521 1962 1572 vero,
2015 1505 2226 1560 videtur

643 1612 764 1654 esse
808 1613 926 1652 cum
962 1608 1220 1668 tempore.
1247 1600 1457 1656 Cursus
1493 1603 1635 1656 enim
1683 1599 1998 1670 simpliciter
2045 1600 2224 1655 dictus

629 1697 704 1770 .ut
730 1704 922 1746 nomen
973 1701 1028 1746 et
1077 1701 1134 1747 ut
1189 1707 1276 1748 res
1309 1693 1543 1763 propria,
1593 1693 1710 1748 sine
1755 1701 1997 1761 tempore
2041 1700 2144 1771 est,
2173 1690 2222 1747 sl

646 1794 775 1836 vero
806 1783 857 1836 in
884 1782 1172 1847 actionem,
1201 1799 1320 1852 quas
1351 1783 1497 1840 verbi
1527 1798 1746 1852 semper
1775 1791 1876 1847 est,
1906 1769 2212 1848 inducatur,

2327 588 2553 657 prietate
2576 587 2853 657 disjungit.
3978 661 3980 663 ὶ

2399 679 2522 734 Νοη
2563 681 2724 733 currit
2761 696 2899 744 vero,
2929 689 2975 733 et
3021 696 3123 734 non
3170 680 3389 746 laborat,
3420 679 3916 740 verbumsnondico.

2330 771 2698 842 Consigniﬁcat
2725 773 2912 826 etenim
2943 783 3165 841 tempus,
3209 782 3255 827 et
3282 787 3478 843 semper
3511 772 3574 826 de
3615 770 3791 844 aliqua
3817 782 3938 832 est.-

2329 864 2649 931 Dilfcrcntiar
2693 874 2863 919 autem
2910 864 3032 920 huic
3059 882 3241 921 nomen
3275 881 3377 920 non
3412 873 3487 922 est
3536 867 3777 937 positum,
3819 868 3936 925 sede

2327 961 2385 1029 ﬁt
2411 959 2667 1028 inﬁnitum
2694 959 2920 1014 verbum.

2399 1050 2551 1104 Sicut
2575 1049 2628 1103 in
2658 1050 2876 1105 nomine
2904 1049 3051 1119 fecit,
3076 1050 3147 1106 ita
3172 1065 3384 1121 quoque
3409 1051 3464 1106 in
3490 1050 3657 1108 verbo
3683 1052 3750 1107 ad
3770 1052 3882 1110 inte
3929 1087 3936 1096 ι

2329 1155 2476 1211 gram
2510 1140 2884 1198 deﬁnitionem
2913 1143 3064 1199 verbi
3094 1143 3583 1215 proprietatemque
3607 1147 3888 1204 contendit

2329 1232 2420 1286 Ait
2447 1233 2611 1297 enim,
2641 1249 2745 1288 non
2778 1234 2968 1303 currit,
3002 1250 3111 1289 non
3138 1250 3258 1290 esse
3312 1235 3554 1292 verbum.
3610 1239 3674 1293 Et
3702 1238 3908 1297 idcirco

2329 1323 2472 1392 quod
2500 1326 2723 1380 verbum
2753 1337 2914 1380 omne
2965 1326 3171 1380 ﬁnitum
3228 1327 3427 1396 aliquid
3472 1329 3735 1399 designat.
3792 1331 3911 1399 Non

2329 1416 2496 1470 currit
2528 1426 2705 1470 autem
2735 1417 3187 1487 quemadmodum
3214 1419 3480 1474 inﬁniturn
3496 1421 3585 1488 sit,
3613 1420 3770 1490 paulo
3793 1432 3935 1493 post

2329 1507 2788 1564 demonstrabitur
2814 1509 2954 1580 quod
3010 1524 3183 1580 neque
3225 1512 3399 1567 oratio
3426 1522 3528 1569 est.
3553 1515 3609 1570 ln
3644 1515 3748 1572 hoc
3768 1519 3910 1575 enim

2328 1598 2468 1668 quod
2498 1599 2692 1654 dicitur
2721 1615 2826 1654 non
2857 1601 3045 1665 currit,
3093 1616 3267 1670 neque
3314 1601 3421 1658 duo
3450 1605 3608 1662 verba
3639 1616 3782 1673 sunt,
3816 1625 3912 1666 rre-

2327 1707 2433 1762 que
2461 1692 2571 1748 duo
2601 1694 2841 1761 nomina,
2878 1709 3052 1763 neque
3082 1709 3276 1751 nomen
3299 1703 3354 1752 et
3379 1697 3622 1764 verbum,
3655 1715 3776 1770 quae
3803 1701 3910 1759 sola

2330 1793 2557 1852 possunt
2576 1784 2804 1855 iungere
2833 1786 3152 1841 orationem.
3183 1785 3253 1842 At
3281 1803 3411 1844 vero
3433 1791 3646 1858 negatio
3677 1807 3782 1848 non
3804 1803 3910 1860 est,

646 1886 772 1927 mox
821 1875 1196 1943 proprietatem
1243 1875 1390 1932 verbi
1431 1890 1495 1931 ac
1525 1876 1781 1945 temp0ris
1811 1861 1878 1930 in~
1895 1891 1954 1930 se
1997 1877 2225 1946 suscipit
2255 1875 2306 1939 Β
2329 1877 2527 1932 etenim
2552 1886 2663 1930 tota
2693 1875 3002 1944 imperfecta
3026 1877 3292 1932 sententia
3319 1888 3423 1944 est,
3446 1879 3539 1934 sed
3563 1896 3734 1953 neque
3761 1884 3908 1952 huic,

645 1962 1111 2032 signiﬁcationem.
1136 1966 1315 2022 Currit
1337 1966 1478 2022 enim
1509 1967 1726 2022 verbum
1751 1976 1856 2037 est,
1885 1979 1939 2024 et
1960 1969 2225 2038 signiﬁcat

647 2055 934 2123 actionem,
967 2070 1018 2115 et
1044 2076 1165 2116 cum
1193 2062 1386 2118 eadem
1416 2071 1627 2132 tempus
1652 2065 1911 2128 ostendit,
1963 2075 2227 2121 monstrat

648 2147 790 2202 enim
825 2165 966 2206 nunc
984 2165 1122 2218 esse,
1157 2153 1217 2208 id
1262 2164 1346 2208 est
1374 2168 1612 2223 praesens
1659 2164 1895 2224 tempus.
1942 2155 2228 2222 Consigni-

649 2235 774 2293 ﬁcat
818 2251 996 2296 autem
1038 2243 1236 2300 idcirco
1262 2244 1461 2300 dictum
1506 2255 1611 2311 est,
1639 2247 1892 2314 quoniam
1915 2246 2058 2315 quod
2087 2245 2226 2300 dici-

654 2344 773 2385 mus
797 2333 1176 2397 currit,actum
1189 2336 1403 2406 quidem
1419 2336 1704 2406 quemdam
1719 2337 2002 2406 signiﬁcat,
2028 2351 2226 2394 ctrmeo

548 2497 556 2507 ‘
650 2436 780 2479 vero
807 2433 926 2481 actu
954 2427 1006 2482 in
1029 2429 1141 2496 ips
1165 2428 1557 2497 signiﬁcatione
1582 2431 1735 2488 verbi
1760 2444 1996 2498 praesens
2018 2441 2240 2499 tempus

650 2514 940 2580 inducitur,
971 2527 1129 2587 atque
1162 2520 1282 2574 ideo
1308 2522 1595 2590 diligenter
1624 2525 1698 2577 ait
1732 2523 2116 2593 consigniﬁcat.
2161 2521 2228 2576 Et

649 2614 728 2658 est
758 2605 871 2662 haec
901 2607 1185 2663 verborum
1216 2612 1486 2668 subtilitas
1517 2614 1568 2666 in
1601 2613 1884 2670 Aristotele
1908 2616 2187 2670 mirabilis.

699 2692 791 2748 .Et
821 2705 893 2751 est
940 2715 1133 2768 semper
1172 2718 1347 2756 eorum
1387 2719 1496 2773 quo:
1521 2704 1774 2758 devaltero
1803 2693 2041 2762 dicuntur
2083 2717 2223 2776 nota,

647 2794 700 2840 ut
726 2803 1033 2861 eorumque:
1059 2793 1121 2845 de
1149 2794 1374 2866 subjecto
1401 2796 1478 2849 uel
1506 2797 1556 2848 in
1579 2795 1806 2868 subjecto
1835 2805 1975 2852 sunt.

718 2879 967 2951 Semper,
1001 2885 1191 2956 inquit,
1226 2889 1446 2944 verbum
1479 2904 1537 2943 ea
1571 2889 1836 2958 signiﬁcat
1880 2904 1999 2959 qua:
2043 2889 2110 2950 de
2147 2890 2230 2944 al-

645 2981 762 3030 tero
793 2977 1168 3042 praedicentnr.
1219 2979 1348 3046 Quae
1379 2979 1486 3034 sint
1533 2991 1710 3036 autem
1759 2983 1873 3034 llaec
1925 2995 2225 3050 quanquam

646 3053 984 3134 brevissima,
1009 3070 1123 3138 ipse
1157 3081 1332 3129 tamen
1362 3073 1615 3130 ostendit.
1652 3077 1747 3130 Est
1788 3083 1966 3132 autem
1999 3090 2225 3130 consue-

647 3157 778 3213 tudo
800 3160 1106 3217 Aristotelis
1133 3178 1193 3219 ea
1222 3181 1341 3234 quae
1368 3166 1667 3222 accidentia
1713 3173 1857 3228 sunt.
1891 3166 1942 3220 in
1982 3166 2223 3235 subjecto

2333 1963 2525 2034 inquit,
2556 1965 2881 2035 antiquiores
2936 1980 3164 2035 posuere
3202 1968 3541 2026 vocabulum.
3597 1971 3722 2028 Haec
3765 1973 3910 2030 enim

2329 2057 2629 2114 diﬁ‘erentia
2650 2073 2770 2128 qua:
2794 2066 3006 2115 estnon
3039 2062 3225 2127 currit,
3249 2069 3300 2117 et
3331 2077 3437 2117 non
3464 2062 3704 2132 laborat,
3736 2081 3853 2136 quae
3882 2081 3930 2124 a.

2333 2149 2500 2204 verbo
2527 2163 2664 2218 puro
2691 2156 2748 2204 et
2767 2149 2999 2219 simplici
3025 2149 3207 2216 distat,
3241 2152 3388 2208 nullo
3414 2153 3553 2223 apud
3583 2156 3931 2223 antiquiores

2329 2240 2589 2295 vocabulo
2621 2249 2918 2310 nuncupata
2949 2249 3053 2296 est.
3087 2241 3448 2298 Diﬁerentiam
3485 2242 3910 2308 autem'vocavit

2329 2329 2379 2385 id
2401 2331 2540 2399 quod
2568 2329 2759 2386 dicitur
2800 2345 2908 2387 non
2936 2332 3121 2400 currit,
3169 2344 3224 2388 et
3278 2348 3383 2392 non
3441 2335 3671 2404 laborat,
3727 2339 3795 2392 ab
3841 2354 3907 2398 eo

2330 2427 2470 2494 quod
2496 2433 2578 2479 est
2608 2424 2772 2479 currit
2800 2432 2855 2479 et
2885 2424 3112 2480 laborat.
3153 2424 3260 2482 Sed
3304 2427 3556 2497 quoniam
3590 2429 3673 2485 bis
3700 2432 3907 2490 nullum

2330 2526 2411 2569 est
2438 2530 2632 2570 nomen
2655 2515 2722 2570 ab
2744 2516 2978 2584 antiquis
3005 2517 3337 2588 impositum,
3368 2519 3688 2577 Aristoteies
3711 2537 3905 2578 nomen

2331 2605 2447 2675 ipse
2476 2605 2751 2661 constituit
2772 2605 2957 2660 dicens
2978 2625 2990 2660 :
3011 2608 3094 2662 Sit
3127 2609 3348 2665 verbum
3375 2610 3663 2666 inﬁnitum.
3694 2613 3907 2685 Alioqui

2331 2697 2618 2752 maximam
2673 2697 3056 2754 dubitationem
3111 2699 3236 2756 furit
3293 2701 3449 2770 hujus
3507 2705 3925 2772 pratdicamenti.

2331 2789 2648 2856 similitudo,
2674 2791 2814 2861 quod
2842 2792 3014 2859 ipsum
3045 2793 3256 2862 quidem
3289 2795 3757 2864 prm‘dicamcntnm
3806 2803 3906 2860 vox

2329 2892 2410 2939 est
2439 2883 2770 2953 designativa
2795 2886 3086 2939 secundum
3113 2884 3389 2954 placitum,
3413 2898 3466 2942 et
3491 2889 3558 2944 de
3581 2891 3749 2947 altero
3772 2909 3904 2962 prec.

2329 2973 2556 3039 dicatur,
2590 2983 2644 3027 et
2671 2975 3037 3044 consigniﬁcat
3085 2986 3317 3047 tempus,
3365 2969 3737 3040 idern'sc'licet
3763 2985 3903 3054 quod

2329 3063 2549 3118 vi-rbum
2575 3064 2714 3131 quod
2747 3076 2826 3120 est
2855 3066 3044 3122 currit.
3076 3067 3182 3124 Sed
3236 3069 3338 3125 lroc
3382 3072 3502 3128 solo
3540 3073 3754 3131 differre
3785 3092 3901 3147 per-

2329 3153 2570 3223 spicitur,
2593 3155 2732 3223 quod
2753 3156 2882 3213 illud
2908 3158 3112 3214 ﬁnitum
3133 3162 3349 3218 verbum
3367 3171 3467 3233 est,
3493 3164 3596 3223 hoc
3614 3167 3916 3228 inﬁnitum.)

649 3264 772 3305 esse
803 3251 1002 3309 dicere.
1036 3253 1144 3311 Nec
1171 3272 1276 3311 non
1307 3257 1466 3314 etiam
1488 3257 1672 3312 eadem
1700 3259 1813 3324 ipsa
1840 3257 2135 3318 accidentia
2160 3258 2227 3316 de

2331 3244 2438 3300 Cur
2464 3255 2639 3302 autem
2669 3247 2770 3304 boc
2799 3249 3068 3308 inﬁnitum
3099 3263 3204 3322 est,
3229 3257 3482 3313 continua
3519 3262 3726 3318 ratione
3778 3279 3914 3332 perc.

649 3348 888 3416 subjecto
934 3355 1233 3420 praedicari,
1284 3357 1484 3412 idcirco
1511 3358 1652 3427 quod
1679 3359 1864 3413 omnia
1889 3375 2222 3431 qutecunque

651 3447 946 3506 accidentia
972 3464 1120 3520 sunt,
1154 3456 1236 3510 vel
1275 3457 1696 3520 denominative,
1742 3459 1827 3514 vel
1855 3461 2097 3528 quolibet
2125 3462 2228 3520 alio

2330 3339 2592 3396 sequitur.

2431 3355 2592 3396 uttur.

2393 3355 2666 3498 unoniam
2710 3434 2946 3490 similiter
2971 3436 3024 3491 in
3047 3435 3275 3508 quolibet
3301 3434 3396 3506 est,
3443 3448 3492 3492 et
3526 3439 3663 3510 quod
3707 3449 3800 3506 est,
3855 3451 3902 3502 et

643 3541 812 3610 modo
860 3553 912 3598 et
953 3544 1021 3600 de
1059 3547 1323 3615 subjecto
1351 3552 1731 3618 praedicantur,
1779 3561 1835 3608 et
1877 3521 1937 3606 in
1985 3553 2228 3622 subjecto
2325 3521 2464 3591 quad
2495 3539 2594 3576 "an
2623 3537 2715 3578 ⁸⁸⁸·

653 3642 799 3686 sunt.
829 3633 978 3690 Nunc
1005 3651 1134 3708 ergo
1164 3638 1267 3693 hoc
1312 3640 1468 3704 dicit,
1518 3643 1622 3697 tale
1671 3643 1922 3712 quiddam
1971 3643 2228 3714 signiﬁcat

650 3725 916 3791 verbum,
960 3731 1102 3798 quod
1153 3746 1369 3801 semper
1421 3733 1672 3789 accidens
1727 3736 1831 3800 sit,
1878 3736 2020 3805 quod
2086 3737 2225 3791 acci-

648 3817 782 3872 dens
857 3823 943 3878 vel
1002 3822 1053 3877 in
1109 3825 1352 3892 subjecto
1399 3839 1656 3896 semper,
1712 3827 1796 3880 vel
1856 3826 1922 3881 de
1985 3825 2225 3895 subjecto

648 3909 988 3976 prtedicatur.
1033 3912 1130 3968 Est
1175 3915 1283 3968 alia
1326 3930 1538 3984 quoque
1583 3916 1847 3987 ertpositio
1898 3917 1998 3973 boc
2027 3917 2221 3986 modo,

647 4000 715 4054 de
739 4001 979 4072 subjecto
1005 4005 1199 4064 dicitur
1223 4021 1395 4076 genus
1442 3995 1657 4074 semper
1701 4008 1766 4061 ad
1798 4009 2026 4076 species.
2086 4007 2225 4075 Ergo

645 4105 830 4146 eorum
879 4109 997 4163 quae
1067 4105 1190 4149 sunt
1246 4095 1569 4163 accidentia,
1609 4097 1710 4152 alia
1754 4107 1880 4154 sunt
1927 4097 2222 4165 individua,

2400 3634 2686 3705 inﬁnitum,
2721 3637 2910 3708 inquit,
2941 3639 3161 3695 verbum
3189 3647 3291 3706 est,
3317 3639 3562 3710 quoniam
3586 3656 3706 3698 cum
3732 3641 3800 3700 de
3819 3643 3902 3703 al-

2327 3734 2445 3784 tero
2471 3741 2685 3796 semper
2729 3730 3047 3797 praedicetur
3099 3731 3235 3802 (non
3265 3730 3430 3786 currit
3457 3732 3598 3786 enim
3629 3732 3697 3787 de
3725 3735 3900 3790 altero

2329 3816 2568 3888 dicitur),
2593 3831 2766 3875 tamen
2790 3836 2940 3890 irque
2960 3822 3123 3878 velde
3149 3823 3473 3882 subsistente
3487 3840 3565 3890 re,
3583 3827 3665 3882 vel
3694 3827 3761 3882 dc
3793 3821 3922 3886 non‘

2327 3906 2651 3963 subsistente
2677 3911 2952 3978 praedicari
2985 3921 3177 3980 potest,
3207 3923 3262 3966 ut
3282 3913 3332 3967 in
3354 3928 3418 3969 eo
3436 3915 3578 3982 quod
3602 3926 3708 3982 est,
3743 3917 3902 3974 borno

2327 4012 2432 4051 non
2466 4002 2655 4063 currit,
2691 4002 2848 4054 bomo
2876 4017 2964 4056 res
2990 4010 3074 4057 est
3093 4003 3408 4059 subsistens.
3443 4006 3584 4076 Ergo
3607 4007 3802 4062 dicitur
3827 4010 3900 4075 id,

2326 4090 2578 4158 quodest
2617 4106 2720 4145 non
2749 4092 2935 4156 crrrrit,
2991 4092 3060 4147 de
3108 4093 3343 4158 bornine.
3397 4095 3446 4150 id
3477 4106 3561 4150 est
3599 4097 3666 4151 de
3692 4115 3747 4152 re
3775 4100 3901 4153 sub.

644 4181 746 4238 alia
771 4185 1062 4251 generalia,
1090 4195 1144 4240 et
1185 4185 1274 4239 illa
1300 4187 1514 4252 quidem
1544 4203 1663 4256 qum.
1691 4200 1813 4242 sunt
1845 4188 2138 4254 individua,
2171 4187 2225 4242 in
2324 4179 2570 4234 sistente.
2604 4179 2806 4235 Rursus
2854 4181 3102 4246 dicimus,
3145 4183 3399 4238 clrimarra
3441 4200 3542 4237 non
3571 4185 3754 4250 currit,
3786 4187 3900 4240 cbi-

641 4273 890 4342 subjecto
935 4283 1138 4328 tantum
1181 4284 1326 4339 sunt,
1357 4285 1416 4330 ut
1463 4277 1735 4345 quodlibet
1765 4278 2073 4346 particulari
2100 4292 2222 4330 cor-

646 4365 761 4431 pori
791 4363 1062 4430 accidens,
1095 4365 1195 4418 alia
1235 4380 1364 4420 vero
1417 4377 1543 4420 sunt
1583 4367 1854 4433 generalia
1901 4367 2219 4433 accidentia,

641 4472 761 4526 qua:
791 4459 856 4514 de
882 4458 998 4514 aliis
1025 4459 1390 4515 accidentibus
1421 4459 1797 4528 prmdicantur,
1831 4467 1889 4512 ut.
1913 4458 1980 4514 de
2010 4461 2220 4530 subjec-

640 4549 731 4607 tis.
781 4559 834 4603 ut
865 4561 950 4604 est
985 4550 1156 4612 color,
1182 4565 1413 4623 namque
1439 4551 1759 4620 praedicatur
1796 4550 1864 4606 de
1890 4551 2137 4605 albedinc
2165 4558 2220 4607 et

2324 4287 2487 4347 nrarra
2517 4287 2642 4326 vero
2671 4288 2775 4328 non
2799 4284 2900 4340 est,
2936 4291 3033 4330 nec
3061 4277 3278 4331 omnino
3309 4275 3574 4332 subsistit.
3620 4278 3685 4330 Et
3725 4286 3898 4345 potest

2323 4363 2391 4417 de
2427 4365 2492 4418 ea
2534 4379 2659 4420 vere
2685 4364 2813 4430 dici,
2840 4365 2980 4445 quod
3012 4368 3231 4422 omnino
3277 4381 3383 4421 non
3436 4369 3621 4420 currit.
3666 4367 3802 4436 Ergo
3843 4360 3893 4424 id

2321 4454 2461 4523 quod
2489 4464 2592 4518 est,
2627 4470 2730 4526 non
2753 4458 2941 4524 currit,
2966 4466 3018 4512 et
3050 4457 3117 4512 de
3147 4471 3208 4512 ea
3239 4473 3296 4511 re
3320 4471 3436 4526 quae
3467 4454 3705 4512 subsistit
3739 4466 3900 4526 atque

2322 4559 2402 4603 est
2434 4551 2483 4602 in
2513 4550 2670 4604 rebus
2695 4550 2906 4616 dicitur,
2963 4560 3017 4606 et
3060 4552 3126 4605 de
3147 4565 3206 4606 ea
3229 4565 3346 4619 quze
3378 4564 3548 4618 neque
3587 4560 3692 4614 est,
3723 4564 3898 4618 neque

639 4642 919 4712 nigredine
964 4653 1017 4698 et
1061 4644 1290 4699 caeteris.
1324 4619 1466 4714 Ergo
1495 4660 1635 4702 nunc
1664 4660 1846 4711 omne,
1870 4644 2063 4712 inquit,
2092 4659 2214 4699 ver-
2243 4619 2441 4694 Besae
2494 4641 2712 4711 poterit,
2771 4634 3120 4710 praedicatur;
3164 4656 3329 4710 quare
3392 4641 3657 4713 inﬁnitum
3707 4642 3897 4695 dicitur

625 4731 766 4789 'bum
797 4733 1044 4800 quiddam
1073 4735 1212 4805 quod
1243 4735 1310 4791 de
1339 4736 1509 4792 altero
1544 4737 1886 4806 prmdicatur,
1931 4735 2214 4808 signiﬁcat.
2321 4732 2564 4788 verbum.
2594 4731 2703 4787 Nec
2731 4733 2901 4787 solum
2935 4736 3057 4800 boc,
3091 4733 3184 4787 sed
3213 4731 3342 4786 illud
3371 4731 3556 4794 etiam,
3609 4731 3749 4800 quod
3810 4732 3893 4785 cui

640 4822 747 4880 Sed
781 4823 880 4878 boc
924 4827 1226 4888 liujusmodi
1247 4836 1385 4892 erat,
1419 4829 1558 4897 quod
1582 4837 1673 4882 aut
1703 4828 2022 4897 particulare
2051 4828 2142 4892 sit,
2166 4836 2221 4884 et
2321 4824 2654 4892 dicitcurrit',
2681 4841 2790 4882 rem
2826 4841 2982 4897 quam
3012 4827 3238 4896 quisque
3265 4825 3442 4891 faciat,
3475 4825 3692 4880 deﬁnite
3733 4826 3896 4895 signi-

642 4915 698 4968 in
722 4913 961 4983 subjecto
975 4918 1811 4984 tantum,utcst,currit.Cursus
1831 4918 1970 4974 enim
1996 4918 2218 4974 denullo
2320 4915 2465 4970 fleat.
2499 4916 2634 4969 (lum
2666 4930 2795 4971 vero
2817 4916 2963 4978 dicit,
2988 4933 3092 4973 non
3123 4919 3309 4982 currit,
3340 4918 3509 4985 ipsum
3541 4917 3752 4987 quidem
3777 4934 3895 4971 errr-

639 5006 743 5063 alio
771 5005 1090 5076 pradicatur
1118 5007 1385 5076 subjecto,
1417 5007 1519 5062 nisi
1541 5017 1742 5062 tantum
1775 5008 1825 5062 in
1849 5008 2089 5076 subjecto
2110 5019 2213 5076 est,
2322 5024 2439 5062 sum
2472 5009 2922 5072 videturauferre,
2955 5011 3049 5063 sed
3078 5019 3256 5063 utrum
3282 5010 3484 5077 ~edeat,
3520 5023 3584 5060 an
3604 5009 3797 5077 jar-eat,
3829 5026 3894 5067 an

638 5109 728 5162 aut
757 5097 1007 5168 generale
1046 5099 1146 5152 erit
1177 5099 1304 5154 illud
1347 5097 1596 5154 accidens
1623 5107 1677 5155 et
1701 5098 2028 5164 universale,
2060 5107 2116 5154 ut
2144 5100 2212 5156 de
2321 5098 2577 5166 ambulet,
2601 5113 2666 5152 an
2697 5099 2892 5170 aliquid
2925 5100 3066 5153 aliud
3096 5100 3251 5152 faciat
3281 5115 3384 5152 non
3416 5098 3684 5166 relinquit.
3717 5099 3895 5163 Quare

635 5194 742 5248 alio
791 5207 977 5248 rursus
1017 5192 1293 5250 accidente
1336 5192 1658 5262 praedicetur
1688 5201 1741 5246 ut
1770 5192 1838 5248 de
1868 5191 2129 5261 subjecto,
2156 5203 2211 5250 ut
2317 5190 2569 5258 quoniam
2600 5198 2653 5244 et
2681 5204 2740 5244 ea
2769 5205 2886 5260 quae
2905 5199 3051 5257 sunt,
3075 5198 3131 5243 et
3157 5203 3216 5243 ea
3249 5203 3366 5260 qua:
3390 5203 3492 5241 non
3524 5198 3666 5252 sunt,
3688 5191 3890 5246 inﬁnita

628 5287 671 5339 si
709 5283 880 5339 dicam
913 5293 1178 5340 movetur.
1210 5283 1321 5340 Hoc
1346 5283 1486 5340 enim
1518 5283 1658 5353 quod
1686 5283 1915 5339 dicimus
1943 5293 2207 5351 movetur,
2317 5291 2461 5348 sunt,
2495 5282 2633 5336 etde
2665 5282 2748 5336 his
2775 5282 3022 5335 omnibus
3056 5281 3395 5350 praedicatur,
3451 5281 3813 5350 quoniamque
3842 5283 3889 5336 id

625 5382 692 5430 «te
731 5376 972 5446 subjecto
1000 5392 1160 5434 cursu
1204 5376 1543 5445 prmdicatur,
1583 5377 1672 5448 qui
1703 5376 1870 5431 currit
1903 5376 2043 5431 enim
2095 5390 2206 5430 mo-
2313 5372 2452 5442 quod
2499 5373 2636 5426 tollit
2685 5371 2887 5425 ﬁnitunr
2914 5378 3018 5435 est,
3065 5370 3207 5440 quod
3246 5385 3372 5423 vero
3401 5370 3547 5438 ponit
3604 5371 3887 5436 inﬁniturn,

633 5481 808 5525 vetur.
854 5459 1316 5542 Signiﬁcat—igitur
1345 5470 1560 5526 verbum
1591 5478 1682 5526 aut
1719 5470 2036 5540 particulare
2064 5469 2206 5524 acci-
2313 5473 2529 5538 propter
2567 5465 2688 5529 hoc,
2725 5463 2940 5518 verbum
2973 5461 3251 5517 vocabitur
3281 5461 3568 5515 inﬁnitum.
3818 5541 3820 5543 _

629 5559 784 5624 dens,
816 5561 958 5630 quod
1004 5569 1088 5616 est
1115 5571 1317 5619 tantum
1348 5564 1402 5618 in
1442 5563 1706 5631 subjecto,
1749 5569 1840 5620 aut
1887 5561 2203 5624 universale,
2384 5557 2628 5614 Similiter
2655 5566 2826 5612 autem
2856 5565 3020 5610 curret
3057 5564 3107 5608 et
3131 5555 3365 5608 currebat
3413 5553 3616 5608 verbum
3665 5570 3762 5606 non
3795 5562 3884 5618 est,

631 5652 769 5722 quod
799 5651 866 5708 de
887 5652 994 5708 alio
1018 5653 1292 5710 accidente
1319 5655 1466 5709 velut
1493 5655 1561 5709 de
1590 5652 1835 5724 subjecto
1867 5652 2201 5721 praedicatur.
2305 5651 2393 5706 sed
2423 5667 2569 5704 casus
2599 5649 2752 5702 verbi.
2787 5647 2974 5716 Differt
3004 5659 3174 5701 au'em
3195 5664 3226 5700 α
3248 5647 3396 5701 verba
3423 5647 3558 5715 quod
3581 5649 3670 5698 hoc
3684 5644 3887 5716 quidem

584 5791 594 5803 .
629 5740 902 5798 Hactenus
950 5743 1316 5800 deﬁnitionem
1355 5747 1500 5801 verbi
1543 5745 1832 5802 distribuit.
1888 5744 2036 5798 Nunc
2074 5756 2203 5796 vero
2306 5742 2657 5814 consigniﬁcat
2684 5757 2908 5810 presens
2935 5750 3154 5808 tempus,
3189 5740 3412 5794 iilauero
3436 5756 3548 5808 quae
3569 5739 3704 5792 circa
3745 5746 3886 5798 sunt.

630 5834 770 5912 picut
818 5834 940 5888 fecit
981 5834 1034 5888 in
1080 5836 1314 5899 nomine,
1341 5851 1401 5891 ea
1433 5851 1550 5904 qua:
1599 5838 1651 5892 in
1702 5836 1926 5892 verbum
1970 5833 2203 5892 incidere
2380 5833 2520 5890 Utin
2543 5832 2756 5888 nomine
2773 5831 3041 5889 fecitcum
3066 5846 3269 5888 rasusa
3297 5830 3886 5906 nominibusdistinxit,
