4280 6268
385 352 477 407 309

2000 259 2129 271 -ς

1129 346 1196 407 ΙΝ
1231 342 1493 404 LIBRUM
1530 341 1621 399 DE
1653 339 2315 400 INTERPRETATIONE
2354 342 2584 401 EDITIO
2622 344 2853 403 PRIMA.

3548 351 3651 407 310

382 466 450 521 ita
472 476 689 534 quoque
716 475 875 517 casus
896 460 1178 516 verborum
1213 472 1355 513 nunc
1382 472 1412 511 a
1436 455 1726 510 verborum
1750 454 1960 508 ratione
1990 452 2046 515 Α
2069 452 2183 521 ipse
2215 454 2529 509 Aristoteles
2568 457 2737 525 ponit.
2798 455 2931 513 Cum
2988 460 3131 515 enim
3162 461 3391 530 simplex
3423 459 3652 517 dicimus

302 558 312 568 ‘
384 554 882 627 disjungituCurret
912 556 1053 609 enim
1081 551 1220 624 quod
1266 551 1497 605 futurum
1530 558 1635 611 est,
1663 548 1744 601 vel
1774 561 1961 601 curre-

384 651 477 707 bat
503 648 644 721 quod
673 649 925 718 prmteriti
959 647 1150 701 retinet
1181 654 1406 714 partem,
1441 643 1525 697 vel
1559 640 1796 697 cucurrit
1817 639 1961 709 quod

388 749 472 797 est
522 742 782 810 integrum
832 739 1229 808 perfectumque
1272 735 1623 805 praeteritum,
1680 746 1785 786 non
1840 740 1964 786 sunt

390 831 579 896 verba,
603 830 696 886 sed
729 830 1011 884 verborum
1035 841 1211 895 casus,
1261 840 1497 897 presens
1526 825 1671 880 enim
1700 834 1789 878 aut
1816 822 1963 877 l‘otu-

390 939 509 981 rum
533 932 825 992 exspectat,
858 930 948 976 aut
986 921 1310 990 praeteritum
1338 918 1608 988 relinquit.
1644 918 1817 985 Atque
1843 915 1964 970 ideo

394 1014 626 1070 futurum
679 1025 890 1083 tempus
927 1013 995 1068 ad
1030 1024 1269 1084 praesens
1317 1012 1504 1076 tendit,
1558 1011 1883 1077 praeteritum
1931 1022 1964 1065 a

391 1108 637 1178 praesenti
672 1106 907 1161 inchoat.
944 1106 1092 1161 Unde
1123 1107 1180 1159 ﬁt
1208 1116 1269 1161 ut
1293 1103 1660 1174 principaliter
1689 1103 1964 1158 contineat

387 1199 604 1279 verbum
628 1197 680 1251 id
701 1198 842 1267 quod
864 1209 947 1251 est
968 1211 1227 1266 praesens,
1258 1204 1316 1250 ut
1345 1194 1417 1251 sit
1444 1194 1664 1249 verbum
1694 1193 1960 1261 integrum

385 1289 525 1361 quod
557 1303 795 1359 prm’sens
823 1289 1085 1359 designat.
1119 1289 1245 1343 Hec
1273 1296 1452 1342 autem
1475 1303 1592 1356 quae
1613 1296 1806 1356 prater
1827 1300 1962 1355 pra:-

384 1393 512 1435 sens
537 1380 589 1434 in
622 1381 797 1449 aliqua
851 1379 1245 1448 signiﬁcatione
1296 1388 1441 1443 sunt,
1472 1392 1576 1431 non
1606 1387 1731 1431 sunt
1776 1378 1961 1442 verba,

387 1471 481 1525 sed
500 1469 791 1525 verborum
807 1483 989 1523 casus.
1012 1468 1108 1522 llic
1123 1482 1335 1537 quoque
1352 1469 1493 1522 sicut
1514 1468 1567 1521 in
1585 1467 1802 1520 nomine
1819 1464 1963 1527 fecit,

383 1563 673 1618 verborum
703 1574 757 1617 et
785 1576 1005 1616 casuum
1035 1560 1393 1615 diﬁ‘ere‘ntiam
1445 1559 1640 1627 prodit.
1666 1559 1753 1612 Ait
1781 1558 1959 1611 enim:

384 1657 558 1712 OMnc
583 1656 804 1710 verbum
831 1669 1069 1725 praesens
1090 1654 1353 1723 signiﬁcat
1379 1662 1606 1722 tempus.
1639 1653 1811 1707 Casus
1844 1668 1965 1706 ver-

383 1749 574 1803 borum
604 1748 729 1801 illnd
748 1755 960 1815 tempus
987 1746 1269 1815 signiﬁcat,
1298 1744 1437 1813 quod
1460 1745 1599 1799 circa
1631 1743 1804 1814 ipsum
1828 1757 1967 1812 pra:-

2072 560 2289 611 nomen,
2325 546 2584 599 auditoris
2605 547 2821 602 inchoat
2849 549 3155 606 intellectus
3174 566 3297 607 cum
3326 560 3510 607 nostra
3531 568 3655 621 pro-

2078 639 2295 701 latione,
2328 646 2383 693 et
2406 638 2528 691 dum
2555 640 2894 709 proferimus,
2919 641 3144 698 dicentis
3172 644 3413 714 sequitur
3438 659 3649 708 vocem,

2070 736 2125 781 et
2153 738 2279 782 tunc
2308 729 2558 799 quiescit,
2600 745 2719 785 cum
2754 730 2881 784 illud
2913 746 3106 788 nomen
3157 735 3312 790 fuerit
3356 738 3649 805 expletum.

2070 827 2204 881 Cum
2232 830 2373 883 enim
2408 829 2550 899 dico,
2594 830 3078 900 Hippocentaurus,
3103 834 3399 904 ingreditur
3423 854 3449 891 a
3477 838 3677 909 prima

2073 922 2281 992 syllaba
2309 922 2575 977 audientis
2620 923 2941 990 intellectus,
2990 934 3043 979 et
3089 941 3256 996 usque
3284 928 3347 981 ad
3384 930 3540 984 ﬁnem
3572 942 3652 985 to-

2072 1013 2176 1067 tius
2204 1014 2433 1068 nominis
2463 1029 2569 1068 non
2622 1016 2869 1084 quiescit.
2925 1016 3023 1071 Ubi
3077 1033 3205 1073 vero
3232 1028 3523 1076 extremam
3556 1039 3651 1079 au-

2070 1106 2229 1162 dierit
2256 1107 2537 1177 syllabam.
2570 1124 2692 1163 mox
2729 1110 2854 1180 quid
2885 1112 3081 1166 dictum
3114 1113 3185 1167 sit
3215 1114 3423 1169 auditor
3453 1116 3653 1173 intelli-

2069 1200 2169 1269 git,
2193 1210 2247 1254 et
2276 1199 2340 1253 ad
2373 1200 2490 1270 ejus
2517 1201 2921 1273 intelligentiam
2954 1207 3303 1276 conquiescit.
3334 1208 3422 1263 Sic
3448 1225 3574 1280 ergo
3595 1220 3653 1267 et
3724 1184 3733 1198 δ

2071 1292 2123 1347 ἱη
2154 1294 2339 1359 verbo,
2372 1308 2492 1381 cum
2542 1296 2769 1352 dicimus
2798 1311 3035 1364 currere,
3082 1300 3384 1357 intellectus
3434 1303 3650 1373 quidem

2070 1384 2335 1439 audientis
2366 1399 2459 1454 per
2486 1386 2599 1453 ejus
2630 1388 2867 1458 syllabas
2894 1405 3013 1462 qua:
3041 1402 3185 1455 sunt,
3239 1409 3348 1457 cur,
3387 1403 3441 1450 et
3466 1412 3541 1462 re,
3598 1405 3653 1451 et

2070 1491 2257 1531 rursus
2286 1493 2363 1545 re,
2392 1480 2567 1545 vadit;
2628 1480 2721 1535 sed
2774 1482 2862 1536 ubi
2894 1495 3194 1539 extremam
3226 1487 3458 1541 audierit
3487 1490 3673 1563 sylla-I

2069 1568 2214 1634 bam,
2246 1584 2370 1623 mox
2402 1572 2565 1626 totius
2594 1574 2741 1628 verbi
2768 1576 2988 1644 capiens
3014 1577 3457 1647 signiﬁcationem
3489 1582 3649 1636 intel-

2071 1660 2240 1716 lcctus
2261 1664 2507 1731 quiescit.
2558 1664 2701 1737 Ergo
2725 1670 2947 1724 verbum
2997 1685 3091 1739 per
3117 1686 3175 1726 se
3214 1670 3415 1726 dictum
3448 1674 3652 1729 nomini

2070 1753 2245 1808 simile
2266 1764 2368 1820 est,
2408 1766 2568 1812 etest
2606 1757 3006 1827 quodammodo
3036 1777 3251 1817 nomen.
3305 1763 3453 1819 Sicut
3502 1765 3649 1820 enim

380 1854 503 1895 sens
532 1848 632 1904 est,
661 1838 820 1905 idque
856 1838 1247 1905 complectitur.
1289 1836 1731 1904 Cotnplectuntur
1782 1847 1963 1889 autem
1996 1845 2047 1907 Β
2072 1844 2126 1899 in
2158 1863 2185 1899 η

2044 1844 2126 1899 ,in
2158 1849 2371 1902 nomine
2406 1849 2451 1903 is
2476 1852 2565 1920 qui
2590 1850 2738 1917 dicit,
2774 1853 3102 1910 intellectum
3150 1856 3417 1911 audientis
3448 1857 3650 1914 ultimtn

382 1930 432 1984 id
461 1928 601 1999 quod
648 1936 735 1981 est
772 1941 1025 1996 praesens,
1085 1927 1225 1980 circa
1258 1926 1398 1995 quod
1431 1928 1606 1994 ipsum
1638 1935 1783 1991 sunt,
1818 1926 1962 1981 futu-

332 2008 335 2013 ’
383 2035 501 2076 rum
530 2027 586 2073 et
611 2020 938 2087 praeteritum
969 2026 1216 2085 tempus;
1244 2018 1382 2070 inter
1411 2027 1636 2088 utraque
1658 2019 1799 2071 enim
1824 2028 1962 2072 tem-

388 2126 517 2184 pora
548 2124 785 2181 praesens
814 2110 1034 2164 locatur.
1088 2108 1355 2178 Quidquid
1409 2123 1537 2178 ergo
1588 2109 1672 2162 vel
1725 2108 1959 2163 futurum

387 2215 616 2273 ternpus,
643 2203 725 2257 vel
742 2202 1075 2271 praeteritum
1100 2202 1386 2270 signiﬁcat,
1413 2217 1532 2271 quae
1554 2208 1797 2270 tempora
1822 2216 1961 2270 prte-

382 2311 505 2352 sens
532 2297 959 2363 complectuntur
1006 2304 1061 2349 et
1089 2295 1232 2348 circa
1272 2301 1418 2358 sunt,
1474 2308 1579 2347 non
1627 2294 1813 2359 verba,
1866 2294 1963 2347 sed

383 2379 668 2444 verborum
700 2400 856 2440 casus
886 2384 1155 2440 dicuntur.
1191 2383 1286 2438 Est
1315 2399 1441 2453 ergo
1486 2384 1688 2452 integra
1720 2383 1963 2438 deﬁnitio

384 2482 550 2536 verbi.
578 2479 809 2534 Verbum
830 2486 915 2534 est
935 2493 1036 2532 vox
1077 2478 1428 2548 signiﬁcativa
1459 2478 1755 2532 secundum
1800 2478 1963 2545 placi-

300 2568 307 2575 ’
384 2583 493 2627 tum
523 2586 643 2627 eum
692 2579 956 2640 tempore,
986 2570 1142 2638 cujus
1169 2569 1313 2623 nulla
1347 2584 1470 2637 pars
1493 2580 1648 2624 extra
1694 2570 1965 2639 signiﬁca-

386 2668 487 2722 tiva
507 2673 594 2720 est
615 2671 883 2733 separata,
915 2662 1192 2717 delinitum
1222 2660 1427 2730 aliquid
1457 2660 1785 2730 signiﬁcans,
1820 2674 1960 2729 prte-

388 2762 550 2814 sentis
580 2756 1021 2827 signiﬁcationem
1072 2767 1281 2810 tenens.
1339 2753 1601 2819 Quoniam
1658 2767 1787 2806 vero
1834 2766 1968 2821 pars

387 2852 531 2908 verbi
570 2849 701 2904 nihil
721 2857 872 2904 extra
887 2848 1150 2917 designet,
1180 2861 1245 2900 ex
1273 2860 1338 2900 eo
1360 2844 1700 2898 manifestum
1723 2832 1804 2898 est
1822 2842 1965 2911 quod

387 2959 453 2999 ne
482 2942 710 2997 nominis
731 2940 946 3012 quidem
974 2952 1096 3006 pars
1126 2936 1411 3007 quidquam
1448 2943 1600 2988 extra
1625 2933 1908 3003 signiﬁcat.

449 3033 573 3103 Ipsa
613 3035 786 3104 itaque
809 3032 1091 3088 secundum
1111 3046 1164 3084 se
1189 3030 1327 3083 dicta
1364 3027 1535 3095 verba,
1570 3028 1776 3080 nomina
1809 3036 1963 3104 sunt,

387 3137 436 3182 et
458 3101 743 3198 signiﬁcant
772 3123 988 3194 aliquid.
1021 3119 1296 3176 Constituit
1329 3120 1463 3173 enim
1492 3118 1580 3187 qui
1610 3118 1733 3170 dicit
1760 3101 1964 3172 intelle-

390 3229 547 3286 ctum,
576 3228 625 3273 et
647 3219 731 3288 qui
752 3217 891 3271 audit
915 3215 1144 3285 quiescit.

462 3341 871 3397 Subtilissimum
918 3337 1131 3409 quidem
1159 3333 1452 3406 ingreditur
1474 3347 1713 3396 sensum,
1749 3332 1843 3388 sed
1883 3338 1967 3388 est

388 3432 723 3505 hujusmodi:
752 3431 947 3497 Omne,
972 3430 1165 3498 inquit,
1186 3427 1406 3482 verbum
1428 3442 1520 3494 per
1541 3440 1598 3480 se
1623 3434 1678 3481 et
1699 3426 1815 3479 sine
1838 3426 1969 3480 alte-

389 3527 501 3584 rius
544 3525 924 3596 conjunctiOne
948 3522 1241 3591 prolatum,
1302 3519 1533 3573 nominis
1571 3516 1968 3589 quodammodo

390 3618 620 3692 speciem
648 3626 813 3682 tenet,
846 3626 901 3670 et
930 3628 1056 3669 vere
1086 3626 1277 3667 nomen
1330 3621 1431 3665 est.
1479 3609 1610 3664 Cum
1639 3609 1780 3664 enim
1824 3608 1968 3673 dico,

390 3711 561 3768 Homo
597 3711 784 3774 currit,
821 3718 943 3762 tunc
974 3705 1024 3760 id
1051 3703 1191 3776 quod
1218 3703 1327 3758 dixi
1381 3703 1568 3765 currit,
1598 3702 1664 3755 ad
1697 3701 1967 3755 hominem

390 3803 629 3860 referens
650 3804 912 3869 integrum
937 3797 1035 3853 1⁵εεὶ
1062 3797 1311 3860 verbum,
1344 3795 1598 3864 quoniam
1644 3795 1759 3848 sine
1807 3793 1972 3848 dubio

392 3887 605 3964 semper
634 3893 701 3947 de
730 3893 901 3946 altero
931 3891 1269 3960 prredicatur.
1301 3889 1393 3943 Sin
1427 3903 1554 3941 vero
1573 3904 1667 3955 per
1694 3902 1751 3941 se
1780 3888 1973 3941 dixero

397 3986 587 4048 currit,
611 3999 764 4039 suum
791 3982 1040 4051 quiddam
1063 3979 1454 4051 quodammodo
1486 3981 1619 4033 facio
1646 3980 1816 4049 ipsum
1849 3994 1971 4034 cur-

393 4079 481 4145 rit,
518 4093 639 4133 cum
662 4078 805 4131 nullo
828 4075 1194 4145 aliojuugens,
1222 4084 1274 4129 et
1304 4074 1361 4127 llt
1390 4073 1519 4127 mihi
1554 4089 1768 4127 nomen.
1819 4070 1974 4128 Unde

390 4166 565 4222 Graeci
596 4154 807 4237 quoque
836 4166 915 4219 his
947 4181 1040 4234 per
1065 4179 1121 4219 se
1143 4164 1296 4219 diczis
1325 4164 1527 4229 verbis,
1562 4163 1845 4231 aliquoties
1877 4162 1973 4217 ad-

390 4260 523 4314 dunt
556 4258 857 4312 articularia
914 4256 1270 4327 prmpositiva,
1324 4264 1378 4309 ut
1420 4265 1505 4310 est
1529 4257 1585 4311 τὸ
1610 4257 1836 4331 τρέχειν,
1882 4262 1974 4310 τοῦ

391 4354 619 4430 τρέχειν.
651 4349 706 4405 Si
730 4350 848 4419 quis
878 4349 1017 4403 enim
1049 4348 1211 4409 dicat,
1246 4347 1481 4401 velocius
1503 4357 1583 4400 est
1610 4348 1662 4400 id
1714 4346 1855 4417 quod
1896 4354 1979 4401 est

393 4457 610 4498 currere
631 4456 695 4496 eo
722 4440 863 4509 quod
910 4448 994 4495 est
1015 4438 1312 4503 ambulare,
1364 4438 1418 4491 in
1450 4437 1543 4491 illo
1589 4437 1975 4491 nmuinativum

395 4535 568 4604 iunxit
594 4535 894 4599 articutum,
919 4531 1126 4594 dicens,
1154 4529 1208 4585 id
1241 4531 1378 4600 quod
1409 4539 1488 4586 est
1512 4544 1766 4595 currere;
1800 4530 1852 4583 in
1884 4530 1979 4584 illo

2065 1943 2284 2013 syllaba:
2310 1944 2630 2012 prolatione,
2655 1956 2710 2002 et
2733 1948 2895 2003 totius
2917 1951 3147 2005 nominis
3176 1951 3498 2019 perfectione
3518 1967 3648 2007 con-

2066 2038 2253 2101 stituit,
2287 2046 2340 2092 et
2370 2039 2413 2091 is
2436 2040 2527 2107 qui
2556 2040 2709 2097 audit
2743 2044 2987 2112 quiescit,
3022 2054 3077 2099 ct
3104 2046 3242 2099 ultra
3292 2046 3408 2115 ejus
3447 2024 3663 2101 intelli-l

2065 2126 2246 2196 gentia
2298 2142 2403 2182 non
2451 2128 2808 2198 progreditur,
2864 2134 2932 2186 ita
2987 2149 3199 2205 quoque
3227 2143 3283 2190 et
3323 2137 3566 2201 verbum,
3599 2138 3648 2193 si

2068 2232 2163 2285 per
2185 2232 2246 2274 se
2268 2218 2495 2283 dicatur,
2524 2220 2789 2275 audientis
2818 2224 3091 2279 constituit
3113 2224 3441 2282 intellectum
3465 2267 3481 2292 ,
3503 2228 3649 2298 quod

2067 2311 2121 2365 si
2144 2325 2266 2363 cum
2318 2311 2425 2364 alio
2456 2312 2828 2382 conjungatur,
2884 2316 3117 2370 nondum
3150 2327 3257 2371 tota
3304 2318 3650 2388 intelligentia

2068 2401 2409 2457 constituitur
2429 2405 2714 2458 audientis.
2752 2405 2818 2460 Ut
2846 2422 2970 2461 cum
3001 2406 3143 2472 dico,
3175 2408 3428 2466 Socrates
3453 2413 3647 2467 ambu-

2069 2492 2165 2556 lat,
2191 2493 2244 2548 in
2266 2495 2382 2549 solo
2407 2494 2666 2563 ambulat,
2700 2498 2841 2567 quod
2870 2508 2951 2553 est
2971 2500 3213 2567 verbum,
3268 2517 3373 2556 non
3404 2505 3648 2560 consistit

2071 2582 2303 2652 perfecta
2354 2586 2642 2650 sententia,
2676 2588 2775 2640 nisi
2820 2588 2872 2642 in
2901 2598 3034 2656 toto,
3077 2590 3217 2660 quod
3272 2600 3355 2646 est
3399 2592 3650 2650 Socrates

2071 2678 2327 2733 ambulat.
2380 2678 2589 2741 Rursus,
2636 2683 2757 2735 cum
2807 2680 2948 2746 dico,
2980 2682 3276 2751 ambulare,
3311 2682 3648 2755 moveri‘est,

2069 2787 2176 2829 non
2206 2773 2258 2827 in
2282 2789 2606 2844 unoquoque
2636 2775 2827 2829 horum
2858 2778 3021 2832 verbo
3050 2780 3316 2834 sententia
3359 2780 3650 2837 constituta

2071 2878 2174 2929 est,
2206 2868 2299 2921 sed
2326 2868 2378 2923 in
2408 2878 2517 2923 tota
2539 2870 2782 2925 oratione
2801 2871 3131 2939 conquiescit
3160 2873 3395 2927 auditor.
3445 2874 3650 2928 Idcirco

2070 2959 2326 3027 quoniam
2354 2958 2397 3013 si
2428 2960 2645 3013 verbum
2682 2960 2751 3015 de
2781 2960 2942 3014 verbo
2967 2960 3139 3015 altero
3182 2961 3422 3031 subjecto
3454 2964 3649 3031 prmdi-

2071 3058 2243 3115 cetur,
2274 3049 2548 3119 utriusque
2579 3051 2726 3105 verbi
2750 3051 3187 3121 signiﬁcationem
3215 3052 3391 3123 jungit
3411 3053 3646 3125 auditor,

2070 3148 2130 3196 et
2156 3155 2260 3194 non
2288 3153 2383 3208 per
2410 3154 2470 3195 se
2495 3139 2712 3194 verbum
2742 3142 2912 3208 ipsum
2936 3142 3241 3197 considerat
3266 3143 3406 3211 quod
3430 3144 3648 3212 dicitur,

1994 3233 2041 3297 C
2070 3234 2163 3290 sed
2191 3235 2256 3287 ad
2288 3234 2513 3287 alterum
2539 3232 2725 3298 rel'ert,
2752 3242 2807 3289 ut
2835 3236 3106 3291 ambulare
3132 3236 3333 3291 moveri
3377 3244 3481 3303 est,
3534 3253 3650 3292 am-

2072 3326 2395 3384 bulationem
2424 3324 2491 3380 ad
2518 3335 2743 3393 motum,
2778 3326 2864 3381 vel
2888 3328 3134 3383 Socrates
3172 3328 3432 3394 ambulat,
3461 3329 3650 3385 ambu-

2074 3421 2326 3477 lationem
2340 3420 2403 3473 ad
2418 3419 2715 3475 Socratem.
2742 3417 2888 3473 Tunc
2908 3433 3037 3488 ergo
3050 3420 3381 3491 lltinlegrum
3398 3420 3646 3489 verbum,

2072 3526 2195 3567 cum
2222 3509 2451 3567 refertur
2465 3509 2529 3563 ad
2552 3502 2804 3564 alterum.
2823 3509 2949 3566 Λιεὶ
2971 3510 3283 3579 simpliciter
3306 3514 3643 3582 praedicetur,

2072 3606 2294 3661 verbum
2322 3619 2517 3659 nomen
2537 3612 2643 3669 est,
2667 3604 2867 3659 idcirco
2879 3603 3019 3673 quod
3046 3604 3186 3661 sicut
3208 3620 3400 3661 nomen
3423 3607 3647 3673 dictum,

2074 3698 2149 3755 ita
2176 3712 2388 3767 quoque
2416 3697 2637 3752 verbum
2659 3696 2924 3752 audientis
2945 3697 3219 3753 constituit
3245 3698 3594 3755 intellectum.

2146 3788 2255 3844 Sed
2279 3788 2324 3841 si
2352 3798 2445 3853 est,
2505 3788 2579 3840 vel
2626 3798 2851 3854 nonest,
2886 3791 3111 3844 nondum
3162 3791 3437 3861 signiﬁcat,
3489 3807 3648 3871 neque

2077 3880 2208 3935 enim
2229 3882 2431 3951 signum
2458 3890 2533 3933 est
2554 3881 2648 3945 rei,
2678 3896 2787 3933 esse
2803 3881 2881 3934 vel
2908 3897 3009 3934 non
3028 3896 3154 3935 esse.

2149 3972 2255 4027 Sed
2285 3984 2584 4038 quanquazn
2619 3985 2809 4024 nomen
2838 3971 2930 4033 sit,
2963 3971 3152 4037 inquit,
3183 3972 3427 4037 verbum,
3478 3982 3532 4028 et
3558 3973 3651 4028 ali-

2078 4065 2205 4133 quid
2233 4064 2452 4118 deﬁnite
2477 4062 2741 4129 signiﬁcet
2769 4077 2863 4130 per
2900 4075 2958 4115 se
3000 4062 3219 4126 dictum,
3273 4066 3442 4117 solmn
3476 4076 3650 4124 tamen

2079 4172 2188 4212 non
2208 4156 2368 4209 faciet
2406 4152 2852 4217 enuntiationem,
2907 4166 3076 4221 neque
3097 4167 3278 4207 verum
3310 4153 3509 4222 aliquid
3558 4155 3652 4209 lal-

2080 4262 2269 4302 sumve
2297 4244 2605 4308 Constituet;
2639 4244 2740 4299 hoc
2767 4254 2849 4300 est
2880 4245 3021 4299 enim
3044 4246 3185 4315 quod
3214 4247 3321 4299 ait:
3350 4246 3453 4300 Sed
3472 4245 3514 4299 si
3544 4253 3648 4313 est,

2082 4338 2165 4397 vel
2197 4353 2301 4393 non
2327 4346 2429 4402 est,
2458 4336 2689 4391 nondum
2722 4336 3002 4405 signiﬁcat.
3027 4336 3107 4390 Ad
3128 4336 3536 4392 al'lirmationem
3562 4350 3647 4391 re-

2079 4434 2259 4488 ferens
2279 4432 2422 4500 quod
2451 4431 2606 4495 dixit,
2631 4431 2723 4485 sed
2740 4430 2783 4484 si
2796 4439 2908 4494 est;
2931 4430 2997 4484 ad
3016 4431 3373 4499 negationem,
3396 4429 3537 4497 quod
3559 4429 3652 4496 ait,

2081 4526 2165 4581 vel
2191 4540 2294 4580 non
2311 4534 2413 4578 est.
2447 4523 2589 4577 Nihil
2614 4524 2755 4576 enim
2791 4523 2980 4575 horum
3008 4521 3269 4590 signiﬁcat
3300 4520 3446 4575 verbi
3476 4536 3567 4589 per
3594 4534 3653 4577 se

395 4638 525 4680 vero
546 4623 858 4690 ablativum,
890 4623 1096 4687 dicens,
1124 4636 1190 4676 eo
1217 4622 1358 4691 quod
1381 4629 1463 4675 est
1489 4622 1780 4675 ambulare.
1813 4620 1973 4675 Velut
2000 4624 2056 4685 D
2076 4618 2331 4687 praedicta
2361 4614 2605 4682 prolatio.
2641 4613 2768 4667 Cum
2797 4614 2939 4668 enim
2966 4612 3107 4679 dico,
3140 4612 3328 4676 currit,
3355 4613 3455 4667 hoc
3480 4617 3656 4680 ipsum

395 4716 441 4770 si
469 4717 586 4785 quis
618 4715 670 4768 in
699 4715 912 4769 nomine
941 4714 1107 4782 dicat,
1136 4711 1188 4766 id
1218 4712 1356 4779 quod
1387 4721 1469 4766 est
1497 4726 1772 4766 scamnum
1804 4713 1975 4767 levius

394 4816 476 4861 est
505 4821 571 4861 eo
595 4805 736 4875 quod
776 4814 857 4859 est
886 4806 1114 4869 ostium,
1148 4805 1247 4857 hoc
1277 4802 1419 4872 quod
1464 4803 1718 4869 diximus,
1748 4802 1802 4857 id
1834 4803 1975 4873 quod

395 4905 478 4952 est
506 4911 801 4961 scamnum,
837 4895 902 4948 ad
934 4895 1106 4962 ipsum
1133 4908 1408 4948 scamnum
1449 4893 1732 4948 articulare
1761 4908 1977 4963 praepo-

396 4991 607 5045 sitivum
635 4988 929 5057 jnnximus,
964 4996 1213 5056 tanquam
1258 4986 1302 5040 si
1326 4986 1644 5052 diceremus,
1683 4986 1783 5041 hoc
1805 5002 1980 5041 scam-

394 5096 541 5135 num.
578 5080 645 5133 Et
692 5077 834 5148 quod
865 5093 1053 5132 rursus
1082 5078 1333 5141 diximus,
1365 5093 1429 5132 eo
1474 5079 1615 5147 quod
1642 5089 1725 5133 est
1754 5081 1976 5147 ostium,

392 5180 641 5242 tanquam
672 5171 716 5226 si
743 5170 1067 5235 diceremus,
1126 5169 1228 5223 hoc
1271 5171 1429 5225 ostio.
1475 5164 1548 5225 ita
1598 5188 1808 5241 quoque
1856 5187 1979 5226 cum

394 5269 642 5333 dicimus,
675 5266 911 5322 velocius
932 5275 1016 5320 est
1038 5266 1090 5319 id
1119 5265 1260 5334 quod
1283 5272 1365 5321 est
1394 5282 1611 5321 currere
1642 5282 1707 5322 eo
1737 5267 1875 5334 quod
1900 5275 1984 5322 est

393 5360 687 5423 ambulare,
721 5358 821 5411 hoc
843 5358 983 5427 quod
1014 5357 1267 5423 dicimus,
1298 5358 1348 5411 id
1369 5356 1508 5427 quod
1536 5367 1618 5411 est
1644 5372 1881 5421 currere,
1910 5358 1982 5413 ita

392 5450 645 5523 ponint‘us
664 5456 912 5515 tanquam
938 5440 983 5500 Si
1014 5446 1276 5513 dicamus,
1297 5448 1401 5501 hoc
1431 5454 1755 5508 currere;et
1772 5461 1978 5514 rursus,

392 5557 464 5598 eo
493 5538 637 5609 quod
670 5548 747 5592 est
770 5538 1073 5601 ’ambulare,
1107 5534 1359 5606 tanquam
1388 5540 1432 5592 si
1462 5540 1762 5593 diceremus
1789 5538 1982 5594 ablati-

393 5651 466 5690 vo
498 5630 681 5693 modo,
716 5628 1012 5696 ambulare,
1044 5632 1195 5700 quasi
1226 5633 1533 5686 translatum
1566 5634 1632 5686 ad
1667 5649 1860 5687 nomen
1893 5634 1981 5698 sit,

394 5728 707 5792 dictumque
741 5720 811 5774 sit
836 5720 935 5773 hac
965 5721 1352 5779 ambulatione.
1388 5724 1563 5789 Quare
1613 5740 1709 5791 per
1756 5738 1815 5778 se
1844 5724 1981 5779 dicta

399 5822 556 5878 verbi
596 5815 810 5873 nomina
844 5825 988 5873 sunt.
1025 5813 1089 5869 Et
1133 5822 1213 5869 est
1244 5814 1397 5883 hujus
1426 5819 1499 5872 rei
1551 5818 1792 5875 probatio
1822 5832 1981 5885 quam

2082 4712 2251 4765 currit
2278 4708 2538 4775 signiﬁcat
2581 4705 2793 4774 quidem
2838 4704 3057 4771 aliquid,
3108 4704 3203 4759 sed
3230 4706 3272 4759 si
3304 4714 3388 4759 est
3425 4714 3516 4759 aut
3547 4720 3655 4759 non

2084 4809 2163 4855 est
2193 4797 2426 4853 nondum
2478 4796 2761 4865 signiﬁcat.
2814 4793 2995 4862 Neque
3020 4794 3162 4847 enim
3192 4810 3308 4850 esse
3339 4797 3546 4865 signum
3574 4806 3657 4853 est

2086 4893 2197 4953 rei.
2230 4898 2322 4944 aut
2364 4903 2469 4942 non
2507 4900 2646 4941 esse.
2688 4885 2839 4953 Quod
2884 4892 3088 4938 tantum
3126 4886 3302 4951 valet,
3336 4895 3583 4959 tanquam
3614 4889 3658 4945 si

2086 4987 2258 5042 dicam
2282 5026 2295 5050 ,
2324 4984 2377 5041 id
2409 4983 2550 5054 quod
2580 4982 2698 5038 dico
2727 4984 2929 5051 currit,
2978 4998 3085 5039 non
3124 4984 3381 5054 signiﬁcat
3422 4998 3544 5037 e~se
3582 4972 3685 5051 ip-l

2087 5095 2205 5134 sum
2233 5092 2447 5133 cursum
2469 5119 2484 5145 ,
2520 5084 2612 5131 aut
2636 5090 2740 5129 non
2774 5090 2913 5131 esse.
2939 5075 2994 5131 Si
3025 5077 3168 5132 enim
3195 5076 3550 5145 signiﬁcaret,
3585 5076 3658 5135 ita

2087 5173 2394 5227 diceretur:
2441 5184 2659 5224 currere
2701 5176 2814 5233 est,
2858 5169 2936 5221 vel
2960 5183 3177 5224 currere
3223 5182 3330 5223 non
3378 5175 3480 5221 est.
3510 5165 3658 5226 Nune

2058 5274 2264 5323 autem
2294 5263 2461 5318 currit
2490 5277 2595 5316 non
2634 5260 2878 5328 designat
2916 5273 3036 5313 esse
3074 5260 3242 5327 ipsam
3278 5270 3391 5311 rem
3430 5259 3513 5314 vel
3552 5272 3657 5317 non

2086 5371 2229 5411 esse.
2267 5355 2468 5407 Dicitur
2506 5352 2647 5406 enim
2675 5352 2869 5415 solum,
2894 5359 2948 5403 et
2969 5358 3048 5403 est
3070 5348 3377 5403 intellectus
3402 5349 3647 5419 quidam,
3672 5348 3675 5373 ε

2090 5445 2184 5500 sed
2217 5460 2389 5513 neque
2417 5441 2826 5495 afﬁrmationem
2870 5439 3163 5507 signiﬁcat,
3206 5453 3378 5507 neque
3422 5440 3657 5509 negatio.

2090 5553 2231 5604 nem,
2263 5537 2461 5591 idcirco
2487 5533 2624 5601 quod
2672 5545 2840 5600 neque
2881 5531 3029 5598 ponit
3071 5545 3180 5583 rem
3224 5545 3378 5597 esse,
3411 5547 3509 5586 nec
3539 5547 3657 5589 eam

2090 5629 2368 5683 interimit.
2415 5626 2564 5691 Quod
2608 5637 2701 5689 per
2732 5622 2834 5678 hoc
2874 5624 3192 5677 monstravit
3233 5624 3372 5692 quod
3404 5626 3477 5678 ait
3507 5643 3519 5677 :
3552 5625 3657 5682 Ne.

2089 5737 2190 5792 que
2222 5723 2364 5774 enim
2398 5734 2522 5773 esse
2550 5718 2758 5785 signum
2793 5726 2872 5771 cst
2904 5716 3014 5781 rei,
3049 5716 3132 5771 vel
3166 5732 3269 5772 non
3299 5733 3453 5781 esse,
3494 5718 3547 5772 id
3577 5726 3657 5777 est

2093 5827 2263 5881 neque
2293 5812 2429 5866 enim
2462 5808 2733 5881 quodlibet
2762 5810 2977 5864 verbum
3032 5809 3109 5862 ita.
3133 5811 3472 5879 praedicatur,
3502 5821 3559 5865 ut
3587 5813 3652 5866 si-
