4280 6268
572 352 671 407 3H

1802 342 1911 401 AN.
1954 342 2162 399 MANL.
2203 339 2357 399 SEV.
2399 292 2622 398 IiOE'l‘ll

3732 341 3836 398 512

573 483 736 540 gnum
767 471 837 525 sit
863 454 1109 524 rei'illius
1147 464 1214 519 de
1242 476 1347 535 qua
1372 463 1713 535 praedicatur,
1756 462 2006 533 quoniam
2032 469 2114 516 est
2140 503 2153 529 ,
2188 464 2460 529 Agnant,
2506 455 2768 511 orationis
2812 468 2942 510 vero
2981 467 3106 525 pars
3148 454 3345 525 aliquid
3386 462 3627 525 separata
3668 438 3847 529 signi-‘7

575 561 662 616 vel
688 561 936 631 quoniam
962 571 1067 611 non
1097 564 1199 612 εει.

653 664 761 716 Nec
790 663 833 715 si
860 660 957 714 hoc
984 662 1152 730 ipsum
1172 702 1187 725 ,
1221 670 1326 726 est,
1359 676 1544 728 purum
1570 659 1757 714 dixeris
1778 703 1792 728 ,
1826 659 1995 727 ipsum
2023 660 2156 713 enim

579 753 709 807 nihil
762 762 869 818 est,
912 752 1265 822 consigniﬁcat
1305 761 1473 806 autem
1510 752 1790 823 quamdam
1835 752 2161 822 compositio-

580 864 696 902 nem
719 887 733 912 ,
767 862 920 914 quam
948 846 1057 899 sine
1087 845 1380 913 compositis
1410 860 1511 897 non
1538 854 1611 898 est
1640 842 1942 914 intelligere.
2028 835 2040 848 ’

587 977 608 989 ο
655 946 751 1001 Est
782 945 1003 1000 verbum
1027 986 1041 1009 ,
1066 945 1307 1014 junctum
1338 959 1459 999 cum
1491 944 1596 998 alio
1622 944 1785 998 verbo
1811 944 1895 999 vel
1926 944 2163 1012 nomine,

575 1039 717 1097 solet
757 1039 931 1092 facere
953 1038 1373 1108 propositionem
1395 1078 1411 1103 ,
1456 1044 1533 1101 ut,
1561 1034 1719 1089 homo
1748 1046 1863 1105 est,
1890 1036 1997 1105 vel,
2043 1052 2167 1092 cur-

579 1150 709 1193 rere
737 1142 838 1188 est.
873 1133 1046 1201 Ipsum
1076 1140 1254 1187 autem
1283 1140 1365 1186 est
1394 1146 1582 1201 purum
1610 1131 1653 1185 si
1686 1131 1883 1186 dictum
1907 1172 1922 1196 ,
1959 1131 2165 1200 inquit,

580 1226 772 1291 fuerit,
802 1238 975 1294 neque
998 1238 1183 1278 verum
1212 1232 1322 1289 est,
1350 1237 1523 1292 neque
1551 1222 1738 1276 falsum
1758 1263 1772 1286 ,
1797 1236 1826 1275 a
1850 1236 1954 1291 quo
1981 1236 2168 1275 omnes

579 1337 721 1392 pene
750 1320 1151 1375 enuntiationes
1193 1316 1363 1381 ﬁunt,
1394 1331 1516 1386 qua:
1543 1324 1669 1369 sunt
1699 1315 2010 1382 simplices:
2041 1327 2170 1381 ergo

580 1428 685 1468 nec
712 1415 756 1467 si
787 1411 887 1466 hoc
919 1410 1093 1480 ipsum
1138 1416 1221 1462 est
1266 1422 1453 1476 purum
1495 1407 1730 1473 dixeris,
1776 1420 1898 1461 esse
1936 1404 2169 1475 aliquid,

582 1514 675 1559 aut
705 1518 812 1557 non
846 1516 966 1557 esse
993 1500 1295 1569 signiﬁcat,
1329 1499 1382 1553 id
1410 1505 1497 1553 est
1525 1507 1618 1552 aut
1646 1496 1876 1551 aflirmat
1900 1537 1915 1559 ,
1957 1506 2050 1549 aut
2077 1510 2171 1549 ne-

588 1606 698 1667 gat,
733 1594 937 1649 idcirco
970 1592 1111 1663 quod
1146 1594 1318 1660 ipsum
1348 1599 1431 1644 est
1465 1590 1782 1659 simpliciter
1810 1588 2008 1642 dictum
2041 1586 2172 1640 nihil

586 1697 690 1744 est.
721 1686 834 1741 Non
865 1684 1005 1755 quod
1032 1683 1251 1739 omnino
1280 1681 1407 1736 nihil
1440 1681 1739 1750 signiﬁcet,
1771 1679 1863 1733 sed
1904 1677 2043 1748 quod
2088 1678 2175 1730 ni-

587 1780 665 1834 hil
697 1778 934 1833 veritatis
964 1775 1156 1830 habeat
1182 1788 1355 1843 neque
1388 1772 1630 1827 falsitatis
1654 1814 1669 1837 ,
1704 1771 1756 1826 id
1786 1780 1869 1825 est
1902 1785 2008 1823 non
2040 1768 2173 1822 nihil

589 1882 676 1928 est
701 1870 767 1924 ad
795 1868 1234 1939 significationem
1257 1906 1272 1929 ,
1303 1864 1397 1919 sed
1439 1863 1505 1917 ad
1534 1863 1773 1919 veritatis
1816 1862 2171 1930 falsitatisque
2204 1872 2252 1931 Β

591 1964 1038 2037 signiﬁcationem
1060 2007 1074 2029 ,
1108 1961 1175 2017 de
1205 1976 1305 2030 qua
1335 1975 1475 2015 nunc
1502 1960 1835 2015 tractabitur.
1865 1956 1972 2012 Cur
1996 1966 2173 2013 autem

594 2058 731 2115 nihil
762 2058 871 2111 veri
904 2057 1127 2125 falsique
1149 2061 1449 2117 monstret,
1472 2050 1704 2106 ostendit
1732 2068 1745 2103 :
1770 2058 1853 2104 est
1871 2050 2012 2103 enim
2041 2048 2175 2102 duo-

595 2152 696 2206 bus
723 2147 894 2203 modis
920 2146 1135 2210 dicitur,
1162 2153 1221 2197 ut
1244 2157 1431 2198 verum
1463 2141 1758 2210 falsumque
1785 2139 2056 2208 designet,
2085 2146 2177 2192 aut

596 2256 717 2297 cum
746 2254 904 2295 unam
935 2252 1048 2293 rem
1077 2235 1368 2307 quamlibet
1397 2234 1611 2309 propria
1640 2231 2025 2301 compositione
2050 2247 2179 2286 con-

597 2335 804 2400 stituit,
844 2344 899 2388 ut
928 2348 1049 2388 cum
1080 2332 1202 2386 dico
1228 2349 1239 2383 :
1272 2330 1430 2385 homo
1459 2338 1577 2395 est,
1619 2329 1792 2397 ipsum
1823 2336 1904 2381 est
1929 2341 2048 2380 cum
2081 2318 2178 2380 ho-

598 2428 745 2482 mine
792 2427 1073 2495 junctum,
1123 2433 1281 2493 atque
1332 2421 1685 2491 compositum
1732 2433 1854 2475 esse
1907 2418 2178 2472 hominem

598 2518 910 2580 constituit,
953 2524 1007 2569 et
1039 2513 1095 2567 ﬁt
1125 2513 1319 2568 exinde
1347 2512 1643 2568 enuntiatio
1668 2517 1807 2563 :'aut
1846 2522 2032 2564 rursus
2060 2522 2180 2562 cum

605 2609 741 2679 dum.
766 2621 852 2660 res
883 2620 975 2673 per
1005 2603 1171 2671 ipsius
1197 2601 1348 2656 verbi
1395 2601 1839 2670 compositionem
1885 2598 2185 2668 copulatio-

603 2711 834 2767 nemque
870 2695 1182 2765 junguntur,
1213 2702 1270 2746 ut
1297 2702 1415 2757 est,
1449 2694 1607 2746 homo
1644 2692 1836 2747 animal
1877 2700 1977 2744 est.
2012 2691 2183 2745 Homo

604 2802 837 2857 namque
863 2795 917 2841 et
940 2785 1134 2839 animal
1163 2784 1482 2853 copulantur
1506 2792 1664 2853 atque
1687 2786 1979 2851 junguntur
2008 2796 2104 2851 per
2131 2780 2182 2834 id

606 2879 746 2950 quod
769 2879 983 2943 dicitur,
1004 2878 1164 2931 homo
1186 2876 1381 2931 animal
1403 2885 1502 2931 est.
1530 2876 1668 2945 Ergo
1690 2874 1735 2929 si
1760 2874 1934 2928 omnis
1953 2873 2066 2928 veri
2091 2873 2206 2927 ἵει-κ

606 2972 761 3041 sique
790 2971 843 3024 in
873 2969 1243 3024 enuntiatione
1273 2968 1589 3036 signiﬁcatio
1613 3009 1628 3033 ,
1660 2968 1776 3037 ejus
1806 2966 1943 3037 quod
1990 2966 2185 3021 dicitur

607 3075 725 3127 εει,
756 3064 807 3118 in
837 3062 1227 3131 compositione
1253 3070 1369 3129 est,
1404 3075 1524 3115 cum
1556 3070 1647 3113 aut
1674 3074 1768 3114 sua
1796 3058 2187 3129 compositione

607 3153 806 3224 aliquid
847 3168 968 3208 esse
1008 3151 1322 3218 consﬁtuit,
1365 3161 1454 3204 aut
1494 3150 1625 3203 duas
1667 3165 1753 3204 res
1791 3148 2004 3218 copulat
2029 3155 2187 3216 atque

608 3247 922 3316 componit,
954 3244 1032 3299 vis
1073 3244 1187 3313 ejus
1217 3258 1337 3313 qute
1366 3243 1419 3296 in
1449 3240 1901 3295 enuntiationibus
1942 3239 2184 3309 pr0posi-

607 3338 953 3405 tionibusque
977 3345 1327 3402 monstratur,
1352 3334 1402 3387 in
1426 3334 1534 3387 veri
1564 3333 1794 3402 falsique
1815 3331 2015 3386 scilicet
2038 3330 2182 3384 desi-

609 3430 880 3501 gnatione,
914 3438 1110 3496 praeter
1135 3427 1277 3495 ipsas
1301 3425 1746 3499 compositiones,
1780 3426 1832 3478 in
1860 3423 2052 3495 quibus
2084 3423 2185 3477 hoc

611 3522 750 3576 solet
776 3519 1014 3584 efﬁcere,
1035 3518 1181 3572 nulla
1208 3528 1319 3581 est;
1341 3527 1502 3585 atque
1522 3518 1625 3571 hoc
1643 3527 1722 3570 est
1746 3516 1883 3584 quod
1907 3519 1980 3569 ait
2008 3514 2187 3570 :Con-

612 3610 875 3682 signiﬁcat
895 3622 1072 3664 autem
1093 3608 1374 3679 quamdam
1398 3608 1862 3678 compositionem,
1892 3622 2049 3675 quam
2072 3607 2187 3662 sine

614 3703 926 3772 compositis
958 3718 1064 3755 non
1092 3712 1176 3756 est
1202 3701 1521 3771 intelligere.
1553 3700 1685 3756 Cum
1728 3702 1870 3755 enim
1911 3700 2031 3754 dico
2069 3710 2184 3765 est,

611 3796 747 3848 nihil
778 3794 1068 3864 signiﬁcavi
1092 3794 1219 3865 quid
1245 3794 1349 3859 sit,
1380 3803 1469 3847 aut
1497 3808 1603 3849 non
1632 3794 1722 3849 sit.
1749 3794 1899 3860 Quod
1927 3794 1970 3847 si
2000 3792 2187 3848 faciam

619 3887 1056 3951 enuntiationem,
1081 3900 1394 3957 componam
1423 3900 1643 3941 necesse
1659 3896 1737 3940 cst
1753 3927 1767 3952 ,
1792 3895 1867 3951 ut,
1898 3887 2058 3941 homo
2077 3893 2185 3950 est,

620 3988 733 4042 aut,
768 3978 927 4033 homo
952 3979 1146 4032 animal
1171 3978 1463 4046 est.Quare
1491 3978 1537 4032 si
1568 3978 1741 4031 omnis
1766 3978 1882 4046 ejus
1896 3978 1972 4032 vis
2000 3978 2053 4031 in
2080 3976 2190 4031 veri

620 4071 845 4140 falsique
899 4070 1265 4125 enuntiatione
1314 4070 1377 4122 ad
1428 4071 1870 4140 compositionem
1921 4073 2189 4135 refertur,

625 4177 741 4217 cum
771 4172 965 4231 praeter
993 4160 1437 4229 compositionem
1469 4162 1687 4225 dicitur,
1714 4163 1856 4231 quod
1888 4163 1939 4216 in
1967 4177 2191 4230 compo-

622 4253 815 4323 sitione
856 4252 1139 4320 designare
1170 4261 1380 4321 potest,
1424 4253 1474 4305 id
1516 4266 1708 4321 praeter
1750 4254 2193 4323 compositionem

619 4357 730 4397 non
760 4343 1034 4411 designat,
1070 4352 1243 4411 potest
1270 4351 1449 4397 autem
1479 4343 1867 4411 compositione
1916 4344 2053 4399 facta
2101 4360 2195 4399 ve-

624 4447 739 4486 rum
765 4432 1064 4501 falsumque
1090 4433 1139 4485 in
1163 4432 1524 4486 enuntiatione
1549 4442 1869 4488 monstrare.
1889 4433 2013 4489 Haec
2038 4435 2195 4504 igitur

624 4525 737 4577 sine
753 4525 1063 4594 compositis
1086 4529 1137 4580 in
1163 4528 1327 4580 verbo
1348 4537 1468 4592 est,
1497 4527 1673 4582 nullus
1698 4528 1839 4582 valet
1883 4527 2185 4582 advertere.

628 4613 793 4669 Recte
817 4616 972 4685 igitur
993 4617 1189 4671 dictum
1212 4626 1295 4672 est
1314 4618 1718 4687 consigniﬁcare
1741 4620 2024 4689 quamdam
2048 4634 2197 4673 com-

625 4706 964 4774 positionem,
987 4723 1104 4777 quae
1126 4709 1240 4762 sine
1261 4709 1571 4778 compositis
1594 4709 1813 4779 intelligi
1838 4725 1942 4765 non
1972 4710 2191 4765 valeret.

1163 4865 1249 4917 DE
1299 4865 1663 4920 ORATIONE.

701 4995 880 5050 Oratio
921 5006 1089 5050 autem
1134 5006 1207 5050 est
1248 5014 1344 5052 vox
1387 5000 1757 5069 significatita,
1802 5007 1949 5075 cujus
1977 5004 2198 5071 partium

628 5092 823 5161 aliquid
851 5090 1241 5163 signiﬁcativum
1269 5101 1340 5145 est
1364 5103 1685 5160 separatum,
1718 5103 1770 5145 ut
1798 5094 1956 5147 dictio
1974 5136 1989 5159 ,
2021 5110 2120 5148 non
2145 5104 2199 5148 ut

628 5185 897 5254 affirmatio
917 5224 932 5250 ,
961 5184 1038 5237 νει
1062 5186 1284 5255 negatio.

699 5280 872 5332 Omne
898 5277 1038 5346 quod
1066 5278 1420 5346 compositum
1459 5285 1578 5342 est,
1618 5291 1803 5333 eorum
1848 5278 2070 5348 suscipit
2104 5293 2199 5333 na-
2272 5302 2275 5305 λ

626 5377 799 5423 turam
841 5384 907 5424 ex
950 5370 1141 5437 quibus
1182 5378 1347 5424 totout
1378 5370 1657 5439 compositi
1700 5370 1865 5439 ipsius
1907 5385 2097 5441 corpus
2122 5371 2198 5426 ef-

624 5461 818 5516 ﬁcitur.
864 5461 1039 5528 Quare
1075 5462 1322 5531 quoniam
1365 5461 1535 5514 oratio
1574 5460 1751 5516 verbis
1794 5471 2001 5516 constat
2041 5472 2197 5533 atque
2305 5460 2505 5557 agt;
3001 5460 3332 5562 'Ll';"""'“"
3363 5460 3659 5523 *τ’-’τν--ν
3696 5460 3751 5473 υ·
3776 5460 3878 5524 "vn

630 5554 935 5575 “‘40,,”
1026 5570 1133 5575 ,Μ
1186 5554 1525 5575 ληημηη,
1608 5564 1723 5575 μω,
1998 5572 2087 5575 μ,
2276 5568 2279 5569 ν
2503 5544 2517 5569 ,
2975 5547 2990 5571 ,
3198 5523 3290 5575 pra
3318 5510 3878 5568 ostenditnus.0mnts

630 5554 973 5619 nominibus,
1021 5570 1138 5624 qua:
1182 5554 1531 5625 signiﬁcativa
1604 5564 1765 5621 sunt,
1809 5565 1953 5611 recte
1991 5572 2200 5626 quoque

602 5650 799 5727 oratio
842 5645 1186 5713 signiﬁcativa
1227 5661 1346 5701 esse
1389 5646 1655 5703 definitur.
1701 5647 1803 5704 Sed
1832 5648 1990 5703 distat
2030 5650 2200 5704 oratio
2264 5654 2275 5671 '

630 5736 696 5787 ab
733 5733 819 5787 his
847 5749 911 5788 ex
944 5738 1136 5805 quibus
1176 5738 1289 5806 ipsa
1329 5740 1515 5795 effecta
1538 5750 1655 5807 est,
1700 5741 1858 5796 idest
1897 5742 2201 5797 nominibus

629 5824 1033 5897 atqueverbis,
1065 5831 1203 5898 quod
1248 5845 1431 5887 eorum
1475 5842 1650 5899 partes
1692 5835 1819 5889 nihil
1869 5845 2016 5893 extra
2059 5836 2200 5897 desi-

2273 549 2415 605 ﬁcat.
2473 548 2605 603 Nam
2653 549 2696 601 si
2747 562 2941 602 nomen
2987 556 3041 602 et
3087 547 3306 601 verbum
3352 558 3533 618 partes
3577 552 3837 610 orationis

2267 650 2427 705 sunt,
2458 639 2574 693 hate
2600 647 2775 692 autem
2807 653 2903 707 per
2932 653 2991 693 se
3017 640 3313 709 signiﬁcant.
3334 679 3349 704 ,
3377 656 3482 696 non
3511 646 3595 696 est
3619 643 3839 701 dubiant

2272 741 2546 804 separatas
2595 733 2852 787 orationis
2896 743 3073 801 partes
3113 734 3431 802 signiﬁcare.
3479 736 3615 802 Quid
3660 746 3837 794 autem

2272 828 2553 895 designent
2577 870 2590 892 ,
2621 827 2864 897 sequenti
2893 827 3339 883 determinatione
3380 830 3721 884 monstrabit.
3750 829 3838 885 Si-

2276 920 2527 992 gniﬁcant
2569 920 2729 987 igitur
2755 928 2934 984 partes
2962 920 3260 974 orationum
3281 958 3297 985 ,
3329 928 3387 973 ut
3416 918 3578 973 dictio
3608 934 3842 989 semper,

2274 1026 2379 1066 non
2407 1020 2461 1065 ut
2487 1010 2771 1064 affirmatio
2795 1025 3009 1079 semper
3031 1010 3115 1064 vel
3139 1010 3368 1079 negatio.
3393 1008 3544 1064 Nunc
3567 1020 3743 1065 autem
3767 1010 3848 1065 di-

2276 1104 2508 1158 ctionem
2540 1100 2669 1155 dicit
2697 1102 2990 1170 simplicem
3018 1100 3169 1155 verbi
3198 1108 3289 1153 aut
3314 1099 3543 1154 nominis
3569 1116 3844 1168 nuncupa-

2275 1194 2472 1247 tionem
2498 1208 2512 1247 :
2542 1200 2670 1246 sunt
2697 1191 2839 1245 enim
2869 1190 3109 1260 qnmdam
3134 1190 3440 1255 orationes,
3469 1205 3693 1258 quarum
3729 1206 3847 1258 par-

2278 1290 2359 1337 tes
2392 1284 2461 1336 ita
2496 1281 2799 1351 signiﬁcant
2826 1279 2978 1349 quasi
3009 1279 3314 1346 afﬁrmatio,
3350 1292 3408 1335 ut
3437 1282 3489 1334 in
3517 1297 3578 1335 ea
3606 1260 3849 1336 oratione

2278 1388 2398 1443 qua:
2428 1382 2543 1437 est,
2577 1373 2619 1425 si
2650 1372 2765 1425 dies
2791 1379 2913 1435 est,
2944 1373 3030 1424 lux
3072 1383 3187 1437 est,
3231 1370 3283 1425 id
3327 1372 3468 1440 quod
3498 1372 3725 1428 dicimus
3756 1373 3846 1428 lux

2250 1494 2253 1499 γ
2278 1472 2395 1528 est,
2428 1462 2588 1516 totius
2617 1460 2874 1514 orationis
2905 1475 3027 1530 pars
3056 1469 3139 1513 est
3159 1502 3174 1525 ,
3202 1470 3256 1515 et
3284 1460 3355 1514 ita
3385 1468 3465 1515 est
3500 1460 3847 1529 signiﬁcativa

2278 1564 2339 1609 ut
2362 1552 2604 1623 qumdant
2630 1551 2939 1605 afﬁrmatio.
2966 1551 3071 1609 Sed
3100 1564 3205 1606 non
3231 1553 3404 1606 omnis
3427 1552 3600 1606 oratio
3623 1552 3850 1606 affirma-

2182 1662 2185 1667 ’
2279 1647 2478 1700 tionem
2520 1643 2679 1698 habet
2710 1643 2762 1697 in
2791 1652 2964 1711 parte,
2995 1642 3109 1697 lucc
3137 1643 3277 1698 enim
3309 1642 3423 1710 ipsa
3452 1658 3570 1712 quae
3598 1642 3725 1696 dicit
3762 1643 3851 1699 lux

2281 1743 2365 1789 est
2386 1775 2403 1799 ,
2432 1733 2591 1787 habet
2615 1734 2665 1786 in
2697 1733 2935 1802 partibus
2957 1732 3006 1786 id
3032 1732 3170 1801 quod
3196 1732 3420 1787 dicimus
3445 1732 3529 1787 lux
3553 1774 3568 1798 ,
3594 1743 3649 1788 et
3668 1748 3852 1789 rursus

2281 1825 2332 1879 id
2365 1824 2507 1893 quod
2533 1824 2759 1879 dicimus
2798 1834 2914 1887 est,
2948 1824 3043 1878 sed
3086 1834 3273 1878 neutra
3301 1824 3532 1893 ipsarum
3572 1823 3850 1881 afﬁrmatio

2279 1926 2389 1982 est,
2415 1914 2505 1969 sed
2532 1922 2733 1969 tantum
2760 1914 2985 1983 simplex
3011 1914 3192 1970 dictio.
3216 1913 3401 1969 Omnis
3428 1928 3556 1982 ergo
3578 1915 3748 1969 oratio
3769 1915 3850 1969 di-

2278 2010 2508 2065 ctionem
2531 2008 2743 2078 quidem
2769 2007 2927 2062 habet
2948 2008 2999 2060 in
3024 2016 3198 2076 parte,
3217 2022 3322 2059 non
3342 2021 3468 2060 vero
3487 2007 3664 2061 omnis
3685 2008 3851 2065 oratio

2280 2102 2714 2158 afﬁrmatiouem.
2750 2099 2915 2156 Recte
2958 2100 3117 2170 igitur
3155 2099 3355 2155 dictum
3399 2108 3482 2155 est
3519 2109 3699 2169 partes
3742 2115 3854 2155 ora~

2281 2194 2441 2248 tionis
2479 2193 2820 2260 signiﬁcare,
2862 2201 2920 2246 ut
2955 2191 3242 2246 dictionem
3268 2233 3283 2259 ,
3329 2207 3432 2246 non
3462 2188 3521 2245 ut
3550 2191 3855 2247 affirmatio-

2282 2299 2424 2339 nem.
2459 2282 2592 2349 Quid
2625 2291 2801 2336 autem
2843 2282 2913 2337 sit
2948 2281 3147 2348 dictio,
3191 2282 3305 2352 ipse
3334 2282 3488 2351 paulo
3520 2291 3639 2353 post
3663 2284 3854 2339 clarius

2281 2372 2693 2430 demonstrabit.

2356 2467 2481 2520 Dico
2512 2475 2716 2531 autem,
2752 2474 2808 2519 ut
2836 2464 2988 2519 homo
3011 2506 3026 2532 ,
3057 2465 3314 2536 signiﬁcat
3343 2465 3479 2519 enim
3508 2466 3739 2537 aliquid,
3770 2469 3855 2522 sed

2285 2577 2385 2616 non
2426 2558 2667 2629 quoniam
2708 2568 2815 2619 est,
2854 2569 2942 2611 aut
2972 2574 3072 2612 non
3112 2569 3218 2622 est,
3248 2559 3335 2612 sed
3361 2562 3454 2613 erit
3490 2560 3755 2629 afﬁrmatio
3786 2560 3857 2615 vel
3954 2566 3959 2570 ’

2287 2653 2488 2724 negatio
2539 2651 2583 2704 si
2641 2647 2841 2720 aliquid
2893 2649 3142 2705 addatur.
3196 2650 3302 2705 Sed
3350 2666 3452 2704 non
3503 2666 3604 2704 una
3649 2650 3858 2705 hominis

2286 2744 2504 2815 syllaba.

2300 2878 2303 2879 ν
2362 2824 2512 2901 Quod
2564 2846 2722 2902 supra
2777 2831 2952 2902 posuit
3004 2831 3223 2897 dicens,
3280 2833 3539 2888 orationis
3592 2845 3770 2904 partes
3813 2846 3863 2896 ut

2291 2926 2579 2981 dictionem
2622 2925 2961 2995 significare,
3006 2940 3109 2979 non
3161 2934 3218 2979 ut
3269 2926 3714 2993 afﬁrmationent,
3766 2930 3864 2985 hoc

2294 3020 2631 3075 convenienti
2689 3018 3005 3073 monstravit
3050 3020 3342 3088 exemplo:
3389 3021 3592 3088 Homo,
3656 3022 3863 3092 inquit,

2292 3110 2457 3165 dietio
2485 3119 2597 3175 est,
2628 3117 2684 3163 et
2710 3118 2793 3164 est
2822 3124 2943 3173 pars
2983 3111 3242 3164 orationis
3266 3151 3282 3177 ,
3312 3110 3356 3164 si
3394 3110 3448 3165 in
3487 3122 3595 3167 tota
3630 3115 3866 3175 oratione

2293 3212 2545 3273 ponatur,
2591 3212 2647 3255 ut
2687 3211 2807 3266 est,
2853 3201 3014 3255 homo
3059 3200 3254 3257 animal
3302 3212 3405 3256 est.
3446 3203 3588 3275 Ergo
3637 3206 3686 3260 id
3730 3207 3867 3277 quod

2214 3270 2259 3332 Ο
2290 3270 2517 3351 dicimus
2569 3296 2763 3363 homo,
2800 3294 2963 3349 dictio
3011 3296 3252 3365 quaedam
3290 3305 3409 3365 est,
3447 3270 3547 3353 sed
3584 3270 3865 3355 afﬁrmatio
3954 3365 3965 3376 ο

2293 3406 2399 3447 non
2425 3399 2526 3445 est.
2570 3389 2703 3444 Cum
2734 3404 2862 3458 ergo
2893 3404 3083 3443 nomen
3118 3390 3255 3458 hoc,
3290 3391 3340 3445 id
3371 3403 3452 3447 est
3499 3393 3690 3459 homo,
3734 3409 3861 3464 pars

2290 3481 2550 3538 orationis
2596 3482 2699 3544 sit,
2746 3490 2802 3534 et
2836 3480 3119 3535 afﬁrmatio
3169 3496 3274 3535 non
3322 3484 3422 3549 sit,
3471 3483 3626 3538 docet
3672 3500 3855 3542 verum

2290 3588 2409 3627 esse
2452 3572 2594 3641 quod
2634 3571 2847 3636 dicitur,
2889 3573 3150 3627 orationis
3197 3584 3374 3642 partes
3421 3575 3752 3645 signiﬁcare,
3809 3587 3867 3632 ut

2294 3665 2583 3720 dictionem
2605 3705 2619 3728 ,
2654 3679 2760 3718 non
2796 3672 2853 3717 ut
2889 3663 3319 3721 afﬁrmationem.
3366 3667 3528 3722 Docet
3566 3676 3741 3722 autem
3785 3670 3867 3731 illa

2291 3773 2379 3813 res
2410 3772 2606 3812 nomen
2638 3756 2741 3810 hoc
2770 3756 3186 3813 afﬁrmationem
3219 3773 3323 3813 non
3353 3773 3473 3813 esse
3493 3802 3507 3826 ,
3539 3760 3679 3830 quod
3708 3760 3760 3816 in
3790 3761 3868 3816 af-

2293 3848 2597 3903 ﬁrmatione
2636 3862 2850 3917 semper
2887 3849 3083 3904 veritas
3111 3859 3203 3904 aut
3230 3849 3432 3906 falsitas
3462 3852 3747 3918 invenitur,
3778 3868 3869 3908 no-

2296 3956 2420 3995 men
2464 3955 2596 3994 vero
2637 3936 2950 4010 simpliciter
2993 3941 3232 4009 dictum,
3275 3958 3447 4014 neque
3481 3960 3667 4001 verum
3705 3962 3871 4019 neque

2295 4028 2483 4082 falsum
2514 4038 2616 4084 est.
2647 4028 2824 4095 Quare
2853 4045 3049 4085 nomen
3083 4031 3210 4099 hoc,
3240 4033 3293 4086 id
3320 4044 3403 4089 est
3429 4035 3610 4101 homo,
3646 4048 3700 4092 ut
3732 4039 3872 4094 afﬁr~

2288 4123 2461 4193 ,matio
2490 4138 2597 4177 non
2626 4123 2925 4193 signiﬁcat,
2959 4125 3054 4179 sed
3076 4125 3331 4194 designat
3372 4127 3570 4197 aliquid
3615 4131 3833 4197 simplex
3854 4172 3870 4199 ,

2286 4213 2561 4291 signiﬁcat
2590 4214 2749 4283 igitur
2778 4215 2994 4283 aliquid,
3026 4224 3082 4269 ut
3116 4217 3300 4272 dictio.
3343 4218 3465 4273 flare
3498 4229 3673 4273 autent
3711 4220 3869 4277 dictio

2304 4306 2351 4358 si
2384 4306 2430 4358 ei
2463 4306 2689 4359 addatur
2719 4306 2916 4376 aliquid
2940 4347 2954 4371 ,
2990 4316 3046 4361 ttt
3075 4308 3293 4362 verbum
3323 4319 3439 4376 est,
3480 4319 3570 4363 aut
3605 4311 3869 4380 quodlibet

2284 4397 2525 4475 verbum
2576 4398 2717 4454 aliud
2767 4400 2907 4470 quod
2949 4400 3370 4455 enuntiationem
3418 4403 3584 4472 possit
3628 4405 3870 4472 efﬁcere,

2278 4491 2407 4557 erit
2431 4489 2734 4546 affirmatio.
2770 4491 2826 4545 Si
2863 4491 3004 4545 enim
3047 4493 3166 4561 quis
3206 4492 3386 4557 dicat,
3435 4494 3594 4550 homo
3633 4507 3752 4563 est,
3793 4498 3873 4558 vel

2300 4578 2460 4634 homo
2494 4581 2656 4647 vivit,
2692 4582 2750 4636 ﬁt
2775 4582 3105 4646 affirmatio,
3138 4594 3297 4653 atque
3333 4586 3435 4641 hoc
3469 4597 3552 4642 εει
3588 4590 3728 4659 qttod
3766 4592 3873 4659 ait,

2219 4670 2275 4727 D
2300 4671 2395 4726 sed
2427 4672 2528 4726 erit
2558 4672 2878 4738 affirmatio,
2910 4674 2992 4728 vel
3020 4675 3230 4743 negatio
3250 4717 3265 4741 ,
3305 4677 3350 4731 si
3387 4677 3510 4747 quid
3546 4679 3788 4737 addatur.
3802 4680 3874 4741 ‘Si

2301 4761 2444 4815 enim
2484 4762 2683 4831 aliquid
2717 4763 2790 4817 ita
2818 4777 3121 4833 apponatur
3156 4766 3239 4821 vel
3274 4768 3573 4838 appositum
3614 4771 3683 4825 ita
3722 4786 3874 4841 nege-

2301 4863 2409 4921 tur,
2442 4865 2498 4909 ut
2543 4858 2841 4911 enuntiatio
2862 4850 3111 4912 constitui
3157 4860 3347 4928 possit,
3394 4861 3677 4917 afﬁrmatio
3718 4880 3874 4934 nega-

2304 4946 2453 5001 tione
2483 4948 2781 5016 perﬁcitur.
2814 4949 2872 5001 Si
2900 4950 3019 5017 quis
3046 4951 3189 5005 enim
3216 4952 3388 5019 dicat,
3422 4938 3582 5007 homo
3609 4954 3767 5018 vivit,
3798 4956 3875 5009 af-

2307 5034 2537 5090 ﬁrmatio
2567 5046 2687 5101 est;
2721 5037 2880 5092 homo
2908 5055 3014 5094 non
3042 5042 3210 5107 vivit,
3241 5045 3471 5115 negatio.
3516 5045 3677 5101 Docet
3701 5050 3876 5103 autem

2306 5126 2391 5182 dic
2418 5127 2593 5181 iuncm
2632 5143 2753 5184 esse
2782 5145 2967 5186 vocem
3001 5134 3293 5189 secundum
3335 5136 3648 5206 positionem
3690 5151 3787 5206 per
3820 5154 3877 5197 so

2303 5213 2689 5285 signiﬁcantem
2720 5235 2812 5289 per
2839 5221 2940 5277 hoc
2966 5224 3106 5292 quod
3133 5224 3241 5291 ait,
3266 5225 3359 5281 sed
3389 5240 3493 5280 non
3523 5243 3625 5281 una
3652 5229 3878 5289 hominis

2305 5309 2533 5381 syllaba.
2579 5309 2691 5366 Una
2737 5314 2882 5369 enim
2931 5316 3158 5372 hominis
3198 5318 3401 5389 syllaba
3442 5320 3603 5375 dictio
3628 5334 3879 5389 nonest,

2308 5406 2513 5463 idcirco
2542 5408 2684 5479 quod
2717 5410 2851 5465 nihil
2884 5427 2976 5482 per
3001 5428 3060 5468 se
3088 5423 3332 5484 separata
3363 5416 3659 5486 signiﬁcat,
3694 5429 3751 5473 ut
3776 5422 3879 5485 Ito,

2310 5593 2453 5647 enim
2503 5594 2808 5663 hujusmodi
2850 5612 2975 5666 pars
3020 5612 3139 5668 quae
3178 5613 3273 5668 per
3316 5615 3375 5656 se
3415 5600 3544 5657 nihil
3585 5603 3877 5673 signiﬁcat,

2309 5697 2413 5737 non
2443 5694 2523 5741 est
2558 5686 2754 5753 dictio,
2787 5688 2880 5745 sed
2911 5698 3118 5745 tantum
3144 5691 3196 5745 iu
3230 5699 3339 5747 toto
3377 5696 3594 5749 nomine
3629 5694 3877 5773 quiddam

2306 5776 2538 5843 positum
2568 5776 2811 5845 designat
2838 5788 2891 5835 et
2916 5781 3318 5851 consigniﬁcat,
3348 5791 3405 5840 ut
3431 5785 3480 5841 in
3507 5799 3574 5842 eo
3596 5784 3735 5857 quod
3766 5784 3878 5856 ipso

2305 5866 2449 5926 ponit
2480 5869 2725 5933 exemplo
2750 5886 2763 5923 :
