4280 6268
311 343 321 350 ’
412 338 509 395 513

1184 332 1246 390 ΙΝ
1285 330 1543 389 LIBRUM
1583 330 1672 388 DE
1715 329 2356 390 INTERPBBTATIONE
2395 333 2619 392 EDITIO
2658 335 2889 394 PRIMA.

3560 343 3664 403 διι

482 447 659 520 Neque
699 432 833 503 enim
878 450 930 502 in
968 436 1187 517 eoiquot
1226 455 1301 501 est
1340 462 1519 512 sorex,
1562 460 1654 500 rea:
1691 445 1945 514 signiﬁcat
1968 487 1984 512 ,
2016 447 2069 508 Α
2092 448 2205 499 ticte
2234 448 2605 502 convenientior
2632 458 2707 502 est
2733 450 3086 507 consideratio.
3141 452 3475 513 Enuntiatisa
3523 474 3660 529 vero.

409 542 495 595 sed
542 555 638 593 vos:
682 556 814 592 nunc
856 548 926 594 est
964 539 1095 593 sola.
1141 538 1206 591 In
1245 537 1527 601 duplicibus
1570 552 1687 599 vero
1729 536 1985 607 signiﬁcat

410 629 615 701 quidem
644 628 841 699 aliquid
860 670 875 695 ,
903 630 992 684 sed
1016 646 1117 683 non
1141 630 1419 684 secundum
1444 644 1496 683 se
1517 668 1533 694 ,
1564 626 1985 698 quemadmodum

412 722 603 775 dictum
629 730 722 774 est.

486 813 541 867 In
569 828 665 879 eo,
697 812 894 882 inquit,
922 813 1063 883 quod
1088 821 1169 867 est
1196 828 1348 868 sorex
1370 854 1384 879 ,
1412 827 1505 867 rex
1530 811 1743 867 videtur
1768 810 1982 881 quidem

412 905 612 974 aliquid
660 905 991 973 signiﬁcare;
1035 906 1127 960 sed
1165 920 1285 960 cum
1325 914 1437 959 toto
1468 905 1683 960 nomine
1719 904 1984 974 consigni-

415 995 537 1050 ﬁcat
566 996 737 1064 potius
762 1011 918 1064 quant
950 996 1239 1066 quidquam
1284 1013 1377 1065 per
1420 997 1655 1066 seipsum
1702 997 1979 1066 designet,

410 1087 853 1156 quemadmodum
891 1100 1050 1157 supra
1084 1087 1194 1156 jam
1231 1086 1430 1142 dictum
1471 1096 1572 1141 est.
1617 1085 1808 1140 Docuit
1838 1086 1980 1139 enim

407 1191 563 1245 supra
597 1188 775 1246 partes
819 1177 1049 1232 nominis
1078 1178 1211 1232 nihil
1241 1178 1459 1233 omnino
1489 1178 1789 1247 signiﬁcare
1820 1191 1980 1245 sepa-

404 1278 569 1323 ratas.
598 1268 750 1334 Quod
778 1284 906 1338 ergo
934 1268 1061 1323 dicit
1082 1267 1219 1334 ,sed
1247 1283 1349 1324 non
1376 1268 1668 1324 secundum
1692 1283 1749 1322 se
1770 1308 1785 1332 ,
1818 1268 1869 1321 id
1898 1277 1982 1321 est

404 1358 457 1413 in
480 1373 547 1414 eo
575 1359 718 1426 quod
744 1368 827 1412 est
852 1373 1008 1412 sorex
1029 1398 1045 1422 ,
1079 1374 1171 1413 rex
1201 1374 1291 1427 per
1320 1373 1378 1413 se
1405 1358 1538 1412 nihil
1566 1356 1859 1428 signiﬁcat,
1887 1357 1982 1411 sed

404 1459 608 1504 tantum
652 1449 905 1519 quiddam
945 1450 1352 1519 consigniﬁcat,
1392 1448 1535 1519 quod
1577 1464 1698 1503 cum
1742 1457 1849 1502 tota
1888 1463 1982 1502 no-

402 1539 567 1595 minis
590 1541 981 1609 compositione
1027 1540 1300 1609 designat,
1342 1554 1462 1594 cum
1503 1548 1555 1593 et
1594 1554 1650 1593 εο
1693 1538 1897 1609 syllaba
1929 1547 1981 1593 et

406 1647 500 1685 rea:
527 1632 707 1699 juncta
740 1632 794 1685 in
828 1646 990 1684 unum
1016 1672 1030 1695 ,
1062 1632 1113 1685 id
1142 1631 1281 1701 quod
1315 1639 1396 1686 est
1424 1645 1616 1696 sorex,
1650 1631 1703 1683 in
1738 1639 1844 1685 tota
1872 1630 1989 1700 syls

407 1722 649 1777 labarum
676 1724 1055 1790 conjunctione
1076 1722 1342 1792 designet.

2091 538 2351 603 prteseutis
2376 546 2447 591 est
2466 538 2845 608 speculationis.

2158 626 2585 694 Deprecativam,
2620 628 2813 698 inquit,
2842 638 2898 685 et
2922 633 3230 701 optativam,
3257 644 3312 692 et
3338 626 3654 709 vocativani,

2087 725 2142 771 et
2172 715 2574 787 imperativam,
2616 720 2791 788 poetis
2838 729 2997 790 atque
3044 726 3346 783 oratoribus
3392 732 3660 803 relinqua-

2085 823 2225 863 mus.
2263 808 2373 863 lllis
2398 810 2540 864 enim
2573 808 2655 865 vel
2682 810 2750 864 ad
2774 810 3136 869 inimittendos
3163 818 3245 871 vel
3274 819 3338 873 ad
3367 820 3666 879 movendos

2086 904 2308 959 allectus
2337 914 2547 959 caetera:
2594 905 2851 959 orationis
2905 907 3113 975 species
3141 922 3502 968 assumuntur.
3554 916 3661 973 Nos

2085 1011 2217 1052 vero
2248 996 2571 1066 philosophi,
2605 998 2797 1068 quibus
2826 998 3063 1054 veritatis
3090 1000 3440 1075 falsitatisque
3459 1008 3660 1066 discre-

2084 1087 2160 1141 tio
2189 1095 2271 1140 est
2310 1101 2453 1141 cura:
2479 1128 2492 1150 ,
2522 1087 2589 1141 de
2614 1088 2698 1142 illa
2730 1089 2844 1143 sola
2875 1089 3117 1147 oratione
3144 1100 3430 1148 tractamus
3463 1098 3512 1152 in
3556 1094 3661 1168 qua

2086 1176 2394 1231 utrumlibet
2438 1177 2627 1232 horum
2679 1178 2849 1247 possit
2896 1182 3135 1247 agnosci.
3189 1181 3247 1235 In
3295 1186 3659 1245 enuntiatione

2084 1281 2211 1321 vero
2231 1278 2319 1320 aut
2343 1267 2539 1321 veritas
2571 1269 2713 1322 inest
2742 1277 2831 1321 aut
2857 1268 3081 1337 falsitas,
3127 1271 3376 1341 quocirca
3410 1289 3505 1331 nos
3532 1292 3659 1347 quo-

2082 1373 2187 1431 que
2217 1358 2285 1412 de
2314 1360 2676 1415 enuntiatione
2708 1369 3017 1417 tractemus.

2154 1447 2247 1502 Est
2270 1460 2439 1503 autem
2468 1467 2570 1504 una
2596 1453 2763 1521 prima
2802 1445 2967 1508 oratio
2992 1457 3320 1524 enuntiativa,
3357 1460 3646 1529 afﬁrmatio,

2082 1541 2262 1596 deinde
2288 1545 2491 1614 negatio
2514 1563 2528 1607 ;
2561 1546 2679 1599 alia:
2708 1563 2823 1599 vero
2846 1564 3014 1602 omnes
3038 1552 3392 1622 conjunctione
3414 1570 3548 1608 since.

2151 1632 2610 1690 Euuntiativarum
2638 1636 2939 1693 orationum
2963 1639 3079 1692 alia:
3126 1650 3250 1695 sunt
3279 1658 3371 1709 per
3403 1658 3461 1697 se
3490 1626 3654 1717 .ume,

2080 1735 2135 1781 ut
2159 1735 2261 1793 est,
2296 1727 2455 1781 homo
2479 1728 2673 1781 animal
2700 1739 2818 1795 est;
2853 1730 2970 1783 alia:
2998 1731 3375 1800 conjunctione
3405 1751 3541 1804 unae,
3600 1746 3656 1795 ut

470 1820 564 1875 Est
593 1830 759 1874 autem
799 1822 963 1875 oratio
1004 1823 1169 1876 omnis
1207 1822 1409 1892 quidem
1448 1822 1790 1892 signiﬁcativa
1812 1867 1826 1892 ,
1874 1840 1974 1877 non
2005 1831 2053 1893 B
2079 1830 2183 1887 est,
2216 1820 2259 1873 si
2289 1819 2447 1874 homo
2468 1831 2575 1886 est,
2604 1821 2800 1875 animal
2825 1831 2926 1878 est.
2954 1823 3123 1880 Homo
3165 1834 3249 1880 est
3293 1828 3432 1882 enim
3463 1838 3514 1884 et
3542 1831 3656 1886 ani-

401 1913 525 1967 sicut
573 1914 993 1976 instrumentum,
1035 1913 1127 1966 sed
1164 1913 1592 1983 quemadmodum
1630 1914 1823 1968 dictum
1862 1924 1972 1982 est,

402 2004 680 2059 secundum
712 2004 977 2072 placitum.

475 2108 628 2162 Plato
675 2107 883 2161 nomina
938 2106 1193 2162 naturalia
1243 2123 1363 2164 esse
1406 2108 1720 2177 constituit,
1771 2117 1825 2164 et
1870 2108 1973 2165 hoc

402 2206 528 2262 hinc
562 2200 794 2274 probare
832 2203 1103 2258 contendit
1139 2204 1280 2273 quod
1320 2204 1564 2274 quaedam
1604 2205 1840 2273 supellex
1864 2245 1881 2271 ,
1921 2213 1976 2259 et

397 2294 787 2367 quodammodo
819 2296 1236 2349 instrumentum
1266 2296 1370 2361 sit,
1402 2296 1628 2352 invicem
1660 2312 1817 2351 sensa
1854 2313 1973 2365 pro-

396 2387 579 2441 dendi.
623 2387 950 2441 [\a'uralium
993 2402 1121 2442 vero
1146 2388 1504 2458 supellectiles
1529 2397 1653 2443 sunt
1680 2392 1970 2457 naturales,

400 2488 457 2533 ut
483 2477 626 2532 oculi
659 2478 1014 2533 instrumenta
1038 2479 1252 2548 quidem
1283 2488 1409 2534 sunt
1437 2479 1682 2546 videndi,
1708 2482 1799 2551 qui
1826 2482 1971 2536 visus

397 2581 481 2625 res
514 2569 772 2623 naturalis
798 2577 901 2623 est.
926 2569 1104 2636 Quare
1124 2572 1308 2625 oculos
1328 2586 1539 2641 quoque
1563 2572 1828 2626 naturales
1852 2586 1971 2629 esse

398 2676 622 2717 necesse
660 2670 776 2726 est,
812 2652 894 2717 ita
932 2662 1090 2717 etiam
1120 2665 1292 2719 oratio
1320 2680 1498 2719 rerum
1530 2666 1847 2719 naturalium
1880 2682 1970 2720 su-

397 2755 575 2825 pellex
599 2764 711 2824 est,
738 2765 896 2823 atque
922 2755 1331 2811 instrumentum
1348 2797 1363 2823 ,
1387 2756 1439 2810 id
1462 2766 1543 2812 est
1564 2759 1965 2813 sententiarum.

396 2849 571 2916 Quare
604 2849 715 2917 ipsa
744 2863 956 2918 quoque
986 2849 1162 2917 oratio
1197 2858 1277 2903 est
1318 2850 1596 2903 naturalis.
1645 2850 1969 2905 Aristoreles

395 2951 568 2995 autem
620 2940 780 3003 dicit,
838 2954 945 2993 non
989 2939 1281 2994 secundum
1324 2924 1587 2993 naturam.
1608 2954 1731 2995 esse
1770 2941 1967 2995 oratio-

394 3050 516 3107 nem
540 3076 554 3100 ,
588 3034 680 3089 sed
709 3032 1308 3105 secundmnplacitum.
1350 3031 1610 3100 Quocirca
1644 3047 1742 3087 nec
1770 3033 1965 3089 oratio-

395 3142 519 3182 nem
560 3140 677 3181 esse
718 3123 1105 3193 supellectilem
1146 3123 1463 3179 naturalem.
1512 3122 1663 3191 Quod
1700 3124 1842 3178 enim
1882 3124 1963 3177 di-

2079 1912 2185 1966 mal
2212 1921 2315 1976 est,
2347 1912 2465 1965 dure
2496 1921 2640 1977 sunt,
2679 1914 2773 1969 sed
2796 1914 2974 1969 addita
3005 1916 3380 1985 conjunctione
3428 1936 3545 1989 quae
3573 1930 3656 1979 est

2077 2005 2143 2069 si,
2174 2019 2277 2057 una
2307 2005 2567 2059 redditur.
2601 2006 2797 2060 Earum
2827 2016 3003 2062 autem
3036 2024 3153 2078 qum
3191 2027 3307 2065 una:
3331 2026 3425 2080 per
3447 2028 3505 2067 se
3530 2024 3654 2070 sunt

2077 2096 2247 2165 prima
2277 2090 2367 2149 e~i
2391 2095 2702 2162 afﬁrmatio,
2727 2098 2959 2153 secunda
2986 2100 3217 2170 negatio.
3256 2101 3362 2155 lloc
3384 2104 3525 2157 enim
3550 2106 3653 2159 tol-

2077 2183 2138 2239 lit
2168 2185 2376 2253 negatiu
2407 2186 2547 2255 quod
2582 2185 2870 2241 afﬁrmatio
2920 2197 3043 2242 ante
3096 2190 3393 2255 constituit,
3450 2199 3502 2245 et
3552 2192 3652 2251 hoc

2076 2280 2287 2348 negatio
2311 2277 2498 2331 dividit
2551 2277 2690 2347 quod
2721 2279 2804 2331 illa
2844 2278 3146 2349 conjunxit.
3192 2280 3650 2339 Enuntiativarum

2074 2370 2232 2439 igitur
2257 2370 2556 2425 orationum
2587 2386 2768 2425 earum
2798 2387 2915 2441 quze
2941 2382 3064 2427 sunt
3090 2387 3183 2441 per
3214 2388 3272 2428 se
3312 2390 3449 2440 unm,
3481 2376 3649 2445 prima

2074 2461 2474 2526 estafﬁrmatio,
2524 2461 2717 2517 deinde
2762 2463 2992 2531 negatio.
3037 2463 3169 2519 Alia:
3228 2482 3357 2519 Vero
3388 2477 3510 2523 sunt
3542 2483 3647 2524 non

2074 2567 2171 2621 per
2197 2567 2256 2607 se
2288 2568 2425 2617 unae,
2459 2554 2553 2607 sed
2582 2568 2701 2608 cum
2753 2553 2936 2624 plures
2991 2554 3096 2609 sint
3142 2557 3472 2627 naturaliter,
3532 2574 3649 2617 una

2074 2642 2206 2697 ﬁunt
2234 2643 2633 2714 conjunctione.

2101 2748 2107 2753 ’
2144 2732 2365 2801 Necesse
2392 2755 2464 2801 est
2492 2758 2659 2801 autem
2684 2764 2883 2801 omnem
2910 2750 3649 2811 orationemenuntiativumc1

2072 2838 2219 2891 verba
2240 2854 2369 2903 esse,
2397 2839 2475 2891 vel
2505 2854 2626 2892 casu
2650 2840 2809 2894 verbi.
2840 2838 3044 2893 Etenim
3068 2842 3285 2894 hominis
3314 2845 3465 2909 ratio,
3489 2846 3531 2898 si
3551 2862 3649 2901 non

2070 2938 2165 2993 est,
2191 2938 2279 2981 aut
2310 2929 2425 2993 erit,
2448 2941 2535 2981 aut
2566 2930 2684 2997 (uit,
2720 2938 2809 2981 aut
2851 2929 3045 2999 aliquid
3067 2930 3360 3000 hujusmodi
3404 2935 3648 3003 addatur,

2069 3019 2294 3074 nondum
2319 3027 2391 3072 est
2415 3020 2579 3073 oratio
2606 3021 2938 3073 enuntiativa.

2138 3117 2443 3173 Aristotelis
2493 3117 2545 3171 in
2595 3116 2779 3171 Graeco
2812 3125 2988 3173 textus
3019 3132 3121 3173 non
3173 3117 3336 3174 habet
3364 3120 3434 3174 ita
3466 3130 3522 3174 ut
3552 3136 3648 3179 nos

396 3222 510 3286 cit,
547 3234 650 3273 non
678 3220 812 3273 sicut
838 3220 1249 3273 inStrumentum
1273 3258 1288 3281 ,
1318 3233 1425 3271 non
1449 3215 1576 3272 dicit
1606 3232 1714 3270 non
1742 3231 1838 3286 per
1865 3216 1967 3274 hoc
1996 3222 2042 3286 ο
2066 3204 2231 3281 ἐιιρηι
2256 3214 2548 3280 posuimus,
2605 3211 2697 3264 sed
2732 3211 2831 3266 hoc
2856 3212 3014 3267 modo
3048 3228 3062 3265 :
3094 3212 3308 3268 Etenim
3342 3214 3576 3270 hominis
3606 3218 3648 3271 si

395 3315 804 3368 instrumentum
837 3325 991 3365 sensa
1027 3308 1258 3378 proferri
1281 3350 1295 3373 ,
1328 3309 1421 3363 sed
1459 3317 1663 3363 tantum
1708 3324 1819 3363 rem
1849 3325 1969 3367 esse

393 3403 688 3458 orationem
718 3402 1008 3458 secundum
1041 3401 1359 3472 positionem
1383 3442 1397 3467 ,
1429 3415 1523 3471 per
1561 3416 1694 3471 quas
1727 3402 1968 3471 proprias

391 3496 681 3551 sententias
733 3495 1182 3550 demonstremus.
1255 3492 1416 3561 Cujus
1463 3492 1604 3547 enim
1652 3492 1732 3548 rei
1788 3502 1969 3564 partes

391 3585 455 3640 ad
490 3586 736 3654 placitum
771 3593 915 3651 sunt,
946 3584 1058 3651 ipsa
1089 3598 1303 3654 quoque
1349 3583 1414 3637 ad
1441 3582 1694 3653 placitum
1717 3591 1817 3639 est.
1861 3584 1965 3640 Sed

390 3672 651 3733 orationis
677 3684 856 3746 partes
902 3689 1098 3730 nomen
1128 3674 1431 3729 etverbum
1461 3683 1606 3737 sunt,
1641 3676 1755 3729 haec
1786 3683 1967 3730 autem

391 3776 515 3821 sunt
542 3767 605 3820 ad
638 3766 914 3835 placitum,
951 3780 1056 3819 non
1080 3772 1291 3818 natura.
1313 3764 1495 3819 Oratio
1543 3764 1703 3834 igitur
1728 3764 1843 3834 ipsa
1873 3779 1965 3821 se-

389 3857 624 3912 cundum
655 3854 902 3926 placitum
935 3854 1356 3924 positionemque
1377 3862 1478 3919 est,
1510 3854 1600 3909 sed
1627 3868 1733 3908 non
1755 3865 1837 3910 est
1866 3871 1965 3909 na-

394 3948 641 4003 turaliter
673 3947 978 4001 constituta.
1006 3947 1097 4001 Est
1124 3955 1302 4002 autem
1335 3948 1539 4016 integra
1576 3946 1817 4001 deﬁnitio
1846 3962 1965 4001 ora-

394 4042 558 4099 tionis
593 4058 606 4093 :
636 4042 751 4095 haec
782 4060 793 4092 :
831 4039 1011 4095 Oratio
1036 4050 1118 4095 est
1143 4056 1242 4095 vox
1274 4040 1623 4111 signiﬁcativa
1673 4041 1965 4097 secundum

389 4136 681 4211 placitum,
706 4132 858 4203 cujus
890 4143 1063 4203 partes
1084 4134 1275 4205 aliquid
1307 4142 1457 4189 extra
1497 4134 1821 4204 signiﬁcant.

461 4228 795 4284 Euantiativa
813 4242 929 4281 vero
954 4244 1054 4281 non
1076 4229 1261 4293 omnis,
1292 4226 1382 4282 sed
1408 4226 1499 4281 illa
1546 4228 1598 4281 in
1646 4243 1747 4297 qua
1790 4242 1960 4280 verum

388 4326 465 4381 ecl
486 4324 672 4393 falsum
703 4330 799 4391 εει,
831 4336 932 4375 non
958 4331 1126 4375 autem
1158 4320 1387 4374 omnibus
1417 4319 1567 4385 inest,
1624 4328 1678 4372 ut
1716 4319 1959 4389 depreca-

390 4418 483 4480 tio,
506 4417 667 4469 oratio
693 4412 900 4482 quidem
919 4422 1017 4477 est,
1046 4411 1132 4465 sed
1163 4426 1321 4481 neque
1351 4425 1487 4473 vera,
1513 4426 1671 4472 neque
1701 4409 1856 4480 falsa.

461 4507 724 4562 Orationis
754 4508 773 4576 (
800 4514 859 4560 ut
885 4518 1043 4574 supra
1067 4504 1177 4572 jam
1199 4500 1673 4569 diximus)multae
1703 4507 1821 4553 sunt
1846 4513 1969 4567 spe-

2071 3318 2177 3357 non
2202 3312 2291 3355 aut
2318 3309 2420 3367 est,
2444 3309 2536 3354 aut
2565 3301 2686 3365 erit,
2714 3311 2805 3355 ant
2836 3302 2950 3366 fuit,
2998 3310 3053 3357 et
3081 3314 3294 3359 caetera.
3328 3305 3643 3362 Subintelli-

2068 3395 2298 3462 gendum
2331 3391 2666 3461 relinquente
2690 3392 3028 3462 philosopho,
3060 3394 3201 3463 quod
3232 3395 3299 3450 de
3329 3399 3535 3452 ratione
3565 3396 3646 3451 di-

2069 3495 2238 3548 ceret.
2271 3483 2322 3537 id
2346 3493 2427 3538 est
2458 3482 2523 3538 de
2550 3484 2867 3539 dilﬁnitione
2888 3500 3044 3555 quam
3069 3485 3242 3542 Graeci
3271 3489 3414 3563 λόγου
3444 3490 3647 3545 dicunt.
3680 3471 3691 3481 ’

2068 3575 2175 3631 Sed
2205 3591 2324 3630 cum
2353 3590 2512 3645 supra
2536 3576 2602 3631 de
2633 3577 2875 3632 oratione
2906 3587 3212 3646 tractasset,
3234 3596 3352 3651 qua:
3373 3584 3510 3649 apud
3534 3584 3650 3639 illos

2070 3669 2320 3724 similiter
2344 3669 2486 3743 λόγος
2512 3680 2754 3734 vocatur,
2784 3670 2909 3725 dum
2955 3671 3024 3727 de
3055 3671 3287 3727 hominis
3313 3676 3538 3740 ratione,
3598 3666 3650 3731 id

2069 3773 2154 3823 est
2179 3760 2491 3818 deﬁnitione
2518 3762 2683 3817 vellet
2708 3763 2910 3828 dicere,
2941 3765 3194 3834 quoniam
3226 3781 3329 3821 non
3370 3768 3649 3838 signiﬁcat

2068 3866 2251 3907 verum
2287 3852 2369 3906 vel
2405 3852 2621 3920 falsum,
2656 3854 2755 3908 nisi
2786 3854 2836 3908 ei
2858 3864 2948 3908 aut
2968 3864 3073 3921 est,
3127 3867 3218 3910 aut
3260 3859 3382 3926 erit,
3415 3870 3505 3915 aut
3532 3860 3649 3925 fuit.

2067 3946 2314 4012 addatur,
2375 3947 2751 4001 communione
2791 3947 3039 4000 vocabuli
3093 3962 3244 4017 usus,
3277 3950 3343 4003 ad
3389 3948 3534 4024 λόγον
3580 3952 3648 4009 de

2067 4050 2174 4106 quo
2214 4034 2459 4102 superius
2512 4035 2793 4097 tractabat,
2844 4034 3043 4098 retulit,
3102 4044 3163 4089 ut
3214 4050 3318 4089 non
3350 4043 3647 4095 orationem

2066 4126 2516 4195 intelligeremus.
2544 4125 2636 4180 sed
2669 4123 2843 4192 potius
2868 4123 3155 4179 rationem.
3186 4125 3261 4180 De
3290 4141 3391 4195 qua
3421 4142 3480 4182 re
3510 4144 3650 4185 nunc

2070 4219 2177 4275 illis
2199 4217 2555 4272 satisfacimus
2581 4217 2669 4288 qui
2688 4216 2892 4272 Graeca:
2916 4218 3178 4274 orationis
3210 4218 3363 4289 periti
3388 4235 3484 4275 nos
3515 4220 3651 4283 fons

2070 4310 2381 4381 culpabunt,
2417 4325 2513 4365 cur
2541 4310 2678 4380 quod
2713 4309 2820 4364 illic
2851 4326 2956 4366 non
3010 4311 3130 4377 fuit,
3177 4322 3374 4368 nostr-.e
3424 4315 3649 4368 transla-

2072 4404 2201 4458 tioni
2253 4402 2629 4473 adjecerimus.
2661 4401 2768 4458 Nos
2797 4404 2938 4459 enim
2969 4404 3035 4458 ad
3093 4404 3383 4459 faciliorem
3436 4404 3647 4460 intelle-

2071 4505 2213 4553 ctum
2263 4495 2465 4550 Latinae
2494 4495 2721 4549 orationi
2772 4497 3087 4551 famulantes
3136 4496 3239 4551 hoc
3283 4498 3647 4565 apposuimus,

389 4599 501 4655 cies
526 4614 539 4653 :
570 4607 652 4653 est
680 4598 821 4653 enim
848 4596 1021 4651 oratio
1045 4595 1212 4664 prima
1239 4593 1495 4662 aptativa,
1526 4601 1603 4645 ιιι.
1637 4589 1847 4645 Utinam
1867 4589 1961 4643 tibi
1995 4606 2049 4666 Ι)
2072 4588 2192 4657 quia
2222 4585 2288 4640 de
2314 4586 2554 4641 oratione
2583 4586 2923 4654 loquentibus
2946 4587 3248 4642 intellectus
3268 4588 3334 4641 ad
3359 4589 3642 4654 rationem,

368 4692 543 4748 'istam
568 4700 798 4746 mentem
827 4689 899 4744 dii
931 4686 1263 4742 immortales
1286 4685 1441 4740 dent!
1477 4682 1743 4747 Secunda,
1770 4681 1967 4735 vocati-

387 4797 473 4848 va,
506 4790 563 4836 ut
591 4781 731 4836 Heus
759 4790 835 4835 tu.
860 4779 1064 4841 Tertia,
1096 4775 1429 4844 imperativa,
1468 4782 1526 4826 ut
1556 4771 1721 4841 Cape,
1748 4770 1814 4824 da
1844 4770 1967 4835 hoc,

388 4872 587 4927 Portio.
621 4871 845 4938 Quarta,
871 4868 1232 4937 deprecativa,
1266 4875 1343 4932 ut,
1366 4864 1571 4932 Jupiter
1598 4862 1967 4932 omnipotens:

389 4964 633 5034 precibus
657 4962 701 5015 si
732 4960 965 5015 flecteris
987 4958 1129 5013 ullis.
1153 4957 1369 5025 Quinta,
1395 4955 1744 5019 enuntiativa,
1771 4961 1827 5006 ut
1856 4952 1971 5006 dies

387 5065 491 5122 est,
538 5054 652 5112 dies
680 5068 784 5107 non
815 5060 915 5107 est.
952 5050 1060 5106 Sed
1104 5051 1155 5104 in
1188 5054 1284 5105 hac
1313 5049 1425 5104 sola
1476 5048 1655 5118 specie
1707 5045 1968 5101 orationis

385 5146 584 5201 veritas
603 5153 658 5200 et
679 5144 881 5199 falsitas
911 5143 1071 5207 inest,
1098 5141 1151 5196 in
1191 5142 1295 5196 illis
1325 5156 1453 5196 vero
1482 5140 1692 5196 ceteris
1727 5139 1963 5193 minime.

385 5240 584 5294 Valens
605 5247 785 5294 autem
815 5236 1133 5292 Aristoteles
1155 5234 1444 5290 ostendere
1479 5234 1674 5288 multas
1700 5246 1820 5287 esse
1845 5246 1969 5287 ora-

386 5333 579 5398 tiones,
612 5339 792 5386 etnon
823 5344 1038 5385 omnem
1066 5329 1366 5382 orationem
1396 5339 1517 5379 esse
1560 5322 1965 5388 enuntiativam,

384 5430 489 5483 ltnc
512 5426 717 5481 addidit
741 5444 752 5476 :
784 5423 1098 5493 Deprecatio
1121 5422 1293 5477 oratio
1314 5418 1525 5490 quidem
1556 5425 1657 5477 est,
1684 5414 1776 5469 sed
1796 5430 1969 5485 neque

382 5531 518 5572 vera
550 5530 722 5583 neque
748 5514 897 5567 lalsa.
923 5514 1134 5568 Etenim
1159 5509 1470 5579 deprecatio
1498 5507 1548 5561 in
1567 5504 1826 5561 orationis
1849 5520 1971 5575 spe-

382 5609 578 5667 ciebus
606 5608 842 5676 ponitur,
873 5605 969 5661 sed
1001 5606 1141 5659 nulla
1188 5604 1239 5658 in
1270 5617 1330 5657 ea
1356 5598 1595 5657 veritatis
1630 5607 1814 5653 natura
1870 5597 1967 5652 fal-

384 5704 671 5773 sitatisque
698 5702 1061 5772 cognoscitur.

460 5798 671 5855 Calene
700 5800 851 5869 igitur
893 5794 1265 5864 relinquantur.
1296 5790 1578 5848 Rhetoricis
1602 5785 1732 5843 enim
1758 5784 1833 5839 uel
1853 5800 1965 5856 poe-

2075 4679 2175 4733 nisi
2208 4678 2259 4731 id
2288 4689 2430 4733 esset
2445 4678 2732 4745 adjectum,
2758 4677 3031 4731 transferri
3058 4692 3162 4731 non
3191 4687 3420 4748 poterat.
3445 4681 3641 4734 Totum
3704 4720 3709 4725 .

2075 4782 2201 4822 vero
2230 4766 2370 4837 quod
2399 4766 2645 4820 dicittale
2657 4775 2770 4819 est:
2796 4765 3138 4820 enuntiativae
3160 4767 3429 4822 orationes
3453 4768 3497 4822 si
3525 4778 3648 4822 sunt

2075 4861 2363 4931 simplices,
2415 4861 2511 4916 has
2557 4860 2717 4915 verba
2763 4860 3118 4915 constituunt.
3152 4858 3229 4915 Ex
3258 4859 3465 4916 duobus
3507 4864 3645 4917 enim

2077 4954 2380 5011 nominibus
2409 4951 2538 5007 solis
2566 4950 2860 5006 enuntiatio
2889 4965 2995 5005 non
3028 4953 3107 5015 lit.
3138 4966 3201 5006 ex
3236 4954 3448 5006 nomine
3472 4965 3645 5007 autem

2077 5055 2133 5101 et
2160 5044 2323 5099 verbo
2351 5041 2428 5110 ﬁt,
2457 5050 2516 5095 ut
2542 5050 2648 5107 est,
2681 5040 2844 5096 homo
2871 5041 3023 5096 vivit.
3053 5040 3138 5097 Fit
3166 5056 3375 5111 quoque
3404 5057 3465 5096 ex
3515 5042 3647 5096 solis

2074 5137 2254 5194 verbis
2284 5144 2342 5191 ut
2370 5132 2474 5201 est,
2505 5134 2779 5189 ambulare
2828 5132 3027 5189 moveri
3050 5141 3153 5186 est.
3186 5130 3269 5186 Fit
3288 5132 3445 5187 etiam
3471 5145 3532 5184 ex
3561 5145 3648 5183 ca-

2074 5244 2136 5283 su
2161 5227 2331 5291 verbi,
2359 5235 2440 5291 ut,
2465 5225 2715 5280 Socrates
2767 5221 2885 5287 fuit,
2913 5222 2999 5277 vel
3029 5222 3208 5286 etiam,
3240 5221 3355 5276 dies
3381 5222 3502 5274 erit.
3537 5219 3647 5275 Erit

2073 5318 2214 5371 enim
2239 5325 2293 5371 et
2316 5314 2412 5369 fuit
2435 5314 2585 5369 verbi
2615 5327 2772 5368 casus
2791 5320 2937 5365 sunt.
2968 5310 3227 5378 Quocirca
3264 5308 3647 5363 enuntiativatn

2048 5401 2367 5465 orationem
2389 5409 2686 5479 simplicem
2708 5405 2822 5460 sola
2840 5404 3079 5459 maxime
3115 5402 3275 5457 verba
3295 5403 3643 5459 constituunt.

2076 5505 2382 5574 Eorumque
2408 5502 2557 5571 ponit
2607 5498 2931 5567 exemplum,
2989 5496 3040 5550 in
3068 5510 3171 5566 quo
3199 5510 3320 5550 cum
3348 5495 3497 5565 plura
3544 5494 3646 5551 sint

2075 5600 2313 5662 nomina,
2366 5594 2467 5650 nisi
2495 5593 2677 5648 addito
2723 5599 2903 5644 tamen
2957 5586 3121 5641 verbo
3171 5587 3224 5641 in
3274 5586 3648 5646 enuntiationis

2075 5692 2455 5762 proprietatem
2486 5692 2540 5738 et
2568 5678 2975 5751 signiﬁcantiam
2998 5690 3104 5731 non
3137 5680 3301 5744 venit,
3324 5686 3381 5733 ut
3408 5686 3490 5736 est
3514 5677 3647 5735 deﬁ'

2054 5784 2207 5840 ‘nitio
2234 5780 2483 5836 hominis.
2515 5775 2711 5846 (Ratio
2743 5775 2885 5832 enim
2913 5771 3143 5831 hominis
3186 5780 3270 5828 est
3295 5769 3492 5841 speciei
3520 5770 3649 5828 deti.
