4280 6268
584 363 687 430 515

1805 368 1912 425 AN.
1954 364 2161 422 MANL.
2202 362 2360 420 SEV.
2402 365 2627 423 BOETII

3752 376 3852 433 an.
3931 336 3941 343 ’

586 486 777 557 nino.)
819 485 915 541 cui
970 485 1013 540 si
1045 498 1150 539 non
1181 471 1273 539 aut
1300 490 1403 550 εει,
1454 492 1546 539 aut
1576 498 1680 538 non
1710 493 1813 550 est,
1846 492 1938 537 aut
1968 480 2167 551 aliquid
2196 472 2254 544 Α
2279 475 2539 538 dictiones
2590 482 2763 538 solum
2811 493 2975 552 sunt,
3028 485 3278 558 quoniam
3321 501 3441 543 cum
3484 489 3623 546 dicta
3662 492 3855 553 iuerint

586 574 887 645 hujusmodi
917 574 1163 640 addatur,
1193 575 1486 630 enuntiatio
1512 590 1631 629 esse
1653 590 1755 628 non
1782 576 2007 643 poterit;
2033 574 2168 629 Nam

582 668 624 721 si
662 666 777 735 quis
802 662 965 729 dicat,
1002 665 1212 719 Animal
1245 665 1506 719 rationale
1549 665 1794 728 mortale.
1829 666 1977 721 nulla
2022 666 2073 719 in
2102 680 2169 722 eo

583 756 760 811 adhuc
788 754 993 811 falsitas
1015 764 1106 810 aut
1135 758 1333 813 veritas
1378 757 1711 828 intelligitur.
1763 757 1818 812 Si
1848 772 1975 813 vero
2001 758 2169 812 addao

586 860 670 903 tnr
688 857 791 917 est,
810 858 868 903 ut
889 848 979 918 sit,
996 849 1211 904 Animal
1226 851 1487 907 rationale
1510 852 1735 907 mortale
1756 861 1858 917 εει,
1874 852 2171 908 enuntiatio

585 943 702 1000 sine
733 944 839 999 ulla
862 943 1193 1000 dubitatione
1219 947 1509 1016 perficitur.
1543 946 1727 1002 Solum
1758 947 1915 1018 igitur
1946 946 2169 1004 verbum

585 1036 973 1091 enuntiativam
1004 1036 1298 1105 simplicem
1331 1037 1569 1092 continet
1597 1037 1931 1094 orationem;

670 1127 843 1194 Quare
867 1136 1034 1183 autem
1057 1144 1215 1182 unum
1238 1128 1484 1199 quiddam
1535 1139 1604 1183 est
1636 1136 1682 1184 et
1707 1145 1805 1183 non
1839 1128 2021 1203 multa,
2052 1131 2171 1183 ani-

594 1220 696 1273 mal
726 1218 985 1290 gressibjle
1010 1220 1167 1291 bipes,
1197 1235 1357 1286 neque
1383 1220 1512 1274 (nim
1539 1235 1596 1274 eo
1613 1220 1749 1291 quod
1778 1221 2059 1290 propinque
2087 1220 2142 1273 di
2153 1250 2171 1260 -

596 1320 795 1378 cuntur,
842 1327 997 1365 unum
1025 1311 1137 1366 erit.
1171 1309 1263 1364 Est
1298 1320 1465 1366 autem
1489 1312 1697 1366 alterius
1724 1313 1818 1365 hoc
1842 1322 2059 1367 tractare
2081 1328 2175 1367 ua-

598 1404 743 1475 gotii.

664 1494 799 1548 Cum
825 1493 893 1548 de
918 1494 1246 1564 simplicibus
1276 1504 1434 1564 atque
1467 1494 1589 1549 unis
1629 1493 1961 1552 orationibus
1990 1495 2178 1567 loque-

598 1591 761 1647 retur,
792 1578 1150 1638 definitionem
1178 1583 1410 1640 hominis
1437 1584 1772 1654 interposuit,
1807 1585 1874 1639 de
1902 1601 2001 1655 qua
2037 1600 2178 1641 nunc

597 1674 701 1735 hoc
727 1661 873 1731 dicit.
921 1677 994 1732 Ita
1022 1678 1234 1748 quidem
1291 1679 1601 1747 interposita
1631 1688 1714 1733 est
1738 1678 1978 1733 definitio
2007 1678 2179 1734 homi-

599 1766 702 1831 uis,
734 1774 983 1835 tanquam
1013 1769 1055 1822 si
1102 1784 1203 1823 una
1236 1778 1379 1824 esset
1413 1769 1606 1823 oratio.
1638 1769 1744 1823 Cur
1770 1778 1947 1825 autem
1975 1784 2079 1823 una
2110 1771 2181 1825 sit

2279 572 2568 642 simplicia,
2604 575 2725 630 sive
2761 576 2939 647 aliquo
2968 577 3306 648 proferente,
3349 579 3399 633 id
3440 590 3522 636 est
3559 591 3747 650 sponte
3775 585 3855 640 di-

2277 673 2460 730 cente,
2497 665 2608 719 sive
2660 666 2725 720 ad
2756 666 2980 722 alterius
3025 670 3494 740 interrogationem
3550 674 3729 744 aliquo
3777 692 3858 734 re-

2278 756 2606 827 spondente,
2642 773 2815 827 neqne
2857 776 3036 814 verum
3068 776 3132 815 ex
3162 761 3245 815 bis
3275 778 3446 831 neque
3490 765 3678 822 falsum
3722 770 3860 825 valet

2278 845 2519 917 intelligi.
2570 847 2623 900 Si
2665 849 2786 919 quis
2815 850 2956 904 enim
3004 866 3097 921 per
3128 864 3186 905 se
3222 851 3362 907 dicat
3396 872 3407 907 :
3453 855 3733 924 Socrates,
3776 860 3858 916 vel

2278 952 2465 992 rursus
2508 954 2607 1008 per
2635 956 2693 994 se
2735 941 2907 995 solum
2960 944 3325 1012 simplexque,
3368 948 3635 1018 ambulat,
3687 954 3860 1021 neque

2279 1043 2462 1082 verum
2507 1029 2709 1095 efficit,
2756 1047 2931 1103 neque
2978 1033 3186 1088 falsum.
3227 1035 3281 1091 Si
3326 1052 3453 1093 vero
3482 1040 3589 1095 alio
3632 1047 3861 1099 interro-

2280 1132 2459 1192 gante,
2492 1122 2813 1180 Socratesne
2859 1126 3131 1181 ambulat?
3163 1128 3251 1185 ille
3280 1134 3630 1200 responde-at,
3663 1137 3859 1191 Ambu-

2282 1214 2389 1278 lat,
2420 1215 2465 1268 si
2498 1215 2617 1270 huic
2661 1216 2761 1286 ipsi
2790 1217 2959 1272 verbo
2990 1234 3085 1287 per
3114 1235 3173 1274 se
3205 1223 3480 1292 quisquam
3510 1227 3638 1281 velit.
3674 1228 3860 1286 atlver.

2282 1313 2396 1360 tere
2422 1306 2562 1375 quod
2588 1306 2729 1361 dixit
2757 1308 3025 1375 ambulat,
3060 1312 3357 1367 enuntiatio
3385 1317 3531 1371 nulla
3568 1331 3679 1386 est,
3718 1308 3869 1391 quod.

2282 1406 2336 1450 et
2364 1412 2485 1450 cum
2538 1398 2817 1468 superiore
2845 1400 3265 1470 interrogatione
3294 1407 3610 1477 conjungat,
3647 1422 3769 1469 tunc
3796 1432 3861 1472 ex

2284 1489 2715 1558 interrogationis
2742 1500 2796 1544 et
2826 1494 3191 1560 responsionis
3219 1500 3595 1563 conjunctione
3630 1507 3864 1563 nascitur

2284 1579 2597 1635 enuntiatio.
2656 1581 2841 1637 Solum
2894 1592 3071 1639 autem
3104 1601 3299 1641 nomen
3330 1590 3414 1645 vel
3440 1592 3659 1649 verbum
3694 1613 3863 1667 neque

2262 1666 2494 1726 dicente
2523 1672 2719 1742 aliquo,
2771 1682 2824 1727 et
2866 1685 3058 1743 sponte
3104 1676 3443 1748 proferente,
3488 1698 3587 1740 nec
3633 1666 3858 1757 respon-

2283 1761 2473 1829 dente,
2505 1772 2681 1832 potest
2708 1765 2984 1834 quisquam
3014 1766 3226 1834 dicere,
3276 1773 3527 1839 quoniam
3571 1780 3863 1837 enuntiatio

598 1859 769 1912 oratio
820 1872 981 1921 nunc,
1030 1858 1222 1928 inquit,
1275 1859 1455 1916 dicere
1500 1862 1932 1915 intermittemus.
1993 1860 2178 1927 Neque
2208 1861 2288 1931 Βῒ

2171 1868 2260 1931 ,Β
2286 1851 2418 1907 facta
2451 1864 2579 1909 est.-
2608 1854 2673 1907 Et
2725 1869 2913 1911 sensus
2955 1858 3166 1927 quidem
3218 1861 3523 1929 huiusmodi
3566 1877 3665 1924 est.
3716 1872 3861 1930 Ordo

598 1948 741 2001 enim
780 1946 977 2001 ideirco
1006 1962 1108 2001 una
1162 1962 1283 2005 esse
1334 1948 1563 2019 putanda
1610 1959 1713 2016 est,
1757 1952 1876 2020 quia
1925 1953 2178 2008 continue

599 2037 793 2093 dicitur
811 2049 866 2093 et
893 2039 1100 2094 sibimet
1129 2042 1445 2114 propinque,
1471 2042 1665 2096 animal
1696 2043 1979 2111 gressibile
2003 2044 2174 2113 bipes.

602 2127 792 2184 Posset
816 2129 957 2185 enim
982 2131 1149 2185 videri
1179 2130 1371 2186 horum
1400 2135 1674 2198 continua,
1704 2143 1759 2187 et
1788 2133 1889 2188 sub
1917 2148 2024 2187 una
2057 2148 2181 2201 pro-

600 2222 801 2279 latione
831 2223 994 2291 dicta,
1027 2240 1187 2278 unam
1236 2225 1414 2311 facer;
1453 2227 1921 2302 enuntiatiopem;
1953 2228 2047 2282 sed
2080 2228 2182 2286 hoc

604 2315 921 2372 Aristoteles
952 2325 1127 2387 negat.
1170 2315 1302 2371 Nam
1333 2334 1439 2373 non
1487 2317 1687 2373 ideirco
1716 2333 1820 2373 una
1853 2321 2027 2374 oratio
2076 2330 2181 2388 εει,

602 2409 726 2478 quia
763 2408 1058 2477 propinque
1086 2418 1139 2463 et
1165 2408 1418 2467 continue
1467 2402 1681 2467 dicitur.
1727 2410 1834 2467 Cur
1873 2422 2051 2467 autem
2080 2427 2184 2467 una

602 2498 692 2565 sit,
727 2498 945 2555 alterius
983 2508 1065 2555 est
1088 2499 1188 2555 hoc
1219 2511 1451 2557 tractare
1481 2504 1698 2573 negotii,
1725 2513 1780 2559 et
1809 2503 1876 2561 de
1905 2519 1970 2560 eo
1997 2505 2185 2576 dispu-

604 2600 682 2648 tat
732 2593 784 2647 in
834 2591 921 2648 his
960 2592 1107 2648 libris
1137 2608 1272 2664 quos
1297 2594 1657 2667 Metaphysica
1706 2597 2001 2667 inscripsit,
2040 2599 2187 2670 quod

604 2694 686 2739 est
718 2684 875 2754 primi
922 2698 1055 2753 opus
1100 2684 1421 2754 philosophi.
1476 2686 1638 2742 Nobis
1682 2696 1861 2746 autem
1891 2688 1994 2745 hoc
2021 2690 2077 2747 in
2101 2705 2188 2746 se-

607 2776 782 2833 cunda
810 2777 1043 2833 editione
1084 2776 1490 2833 monstrandum
1515 2788 1616 2834 est.

677 2881 770 2937 Est
822 2892 994 2937 autem
1042 2898 1143 2936 una
1185 2880 1349 2937 oratio
1387 2880 1700 2935 enuntiatitta
1741 2881 1820 2936 vel
1866 2896 1984 2952 qua:
2028 2898 2189 2937 unum
2248 2878 2253 2883 ’

602 2972 877 3043 signiﬁcat,
929 2958 1005 3028 vel
1032 2973 1393 3045 conjunctione
1422 2988 1543 3026 una.
1596 2970 1782 3027 Plures
1827 2981 2022 3040 autem,
2076 2988 2190 3042 qua

608 3067 782 3138 plura,
808 3077 853 3121 et
876 3082 979 3120 non
1009 3082 1187 3132 unum,
1216 3064 1295 3119 vel
1323 3065 1690 3137 inconjunctar.

679 3168 950 3240 Duplicem
980 3167 1196 3222 modum
1211 3180 1437 3222 unarum
1469 3165 1862 3236 multarumque
1882 3169 2187 3225 orationum

2285 1954 2464 2000 autem
2506 1946 2787 2000 verborum
2830 1947 2952 2002 talis
2995 1957 3096 2004 est.
3142 1950 3345 2007 Nomen
3376 1970 3505 2025 ergo
3546 1968 3599 2013 et
3643 1962 3863 2022 verbum

2284 2034 2447 2089 dictio
2485 2038 2553 2090 sit
2594 2036 2748 2100 sola,
2798 2038 3050 2107 quoniam
3100 2041 3180 2095 sic
3224 2043 3424 2113 aliquid
3479 2047 3864 2115 signiﬁcantem

2284 2138 2418 2181 voce
2443 2165 2458 2189 ,
2499 2126 2549 2180 id
2582 2134 2664 2181 est
2694 2142 2886 2182 nomen
2928 2138 3019 2184 aut
3055 2131 3277 2188 verbum
3322 2135 3640 2207 simpliciter
3687 2144 3867 2211 prole.

2283 2226 2515 2283 rentem,
2543 2233 2646 2270 non
2662 2228 2743 2273 est
2761 2220 2943 2274 dicere
2964 2222 3261 2279 enuntiare.
3281 2225 3391 2279 b'on
3419 2230 3561 2283 enim
3582 2248 3866 2298 possumus

2286 2307 2463 2363 dicere
2504 2309 2645 2378 quod
2693 2311 2896 2378 aliquid
2941 2315 3182 2369 enuntiet
3212 2318 3257 2371 is
3281 2318 3370 2389 qui
3399 2321 3620 2391 simplex
3672 2341 3866 2389 nomen

2284 2410 2377 2455 aut
2403 2400 2629 2470 simplex
2660 2402 2881 2470 protulit
2904 2404 3147 2469 verbum,
3179 2410 3290 2463 sive
3330 2410 3434 2465 alio
3475 2412 3866 2491 interrogante,

2288 2493 2400 2548 sive
2428 2508 2535 2549 non
2557 2494 2949 2563 interrogante,
2983 2497 3075 2552 sed
3108 2498 3222 2568 ipso
3250 2512 3439 2570 sponte
3464 2505 3795 2573 proferente.

2365 2606 2564 2661 Harum
2590 2618 2779 2674 autem,
2812 2609 2917 2663 Iure
2955 2610 3157 2680 quidem
3204 2614 3419 2687 simplex
3455 2628 3527 2672 est
3562 2625 3866 2697 enuntiatio,

2290 2708 2344 2753 ut
2371 2699 2565 2769 aliquid
2595 2701 2656 2753 de
2681 2701 2873 2770 aliqua,
2904 2703 2980 2755 vel
3009 2704 3202 2774 aliquid
3233 2706 3295 2757 ab
3325 2708 3521 2775 aliquo.
3551 2710 3679 2767 Ηιεσ
3706 2728 3871 2776 autem

2288 2806 2353 2844 ex
2375 2791 2453 2871 Itis
2479 2791 2770 2858 coniuncta,
2804 2793 2937 2845 velut
2963 2795 3124 2847 oratio
3152 2796 3385 2865 quazdam
3399 2800 3515 2870 jam
3536 2806 3835 2873 composita.

2360 2903 2512 2961 Nunc
2538 2904 2866 2975 quid’oratio
2900 2907 2970 2960 sit
3002 2907 3227 2978 simplex
3266 2914 3669 2986 compositaque
3699 2919 3871 2977 decla-

2292 3004 2393 3051 rat.
2443 2996 2539 3051 Est
2581 2998 2725 3050 enim
2764 2996 3205 3067 simplex‘oratio
3238 3017 3357 3071 qua:
3396 3004 3605 3062 duobus
3637 3013 3874 3075 terminis

2288 3095 2515 3143 constat.
2552 3085 2786 3142 Termini
2819 3096 3005 3145 autent
3050 3100 3175 3146 sunt
3220 3089 3431 3150 nomina
3460 3104 3516 3151 et
3548 3100 3731 3169 verba,
3757 3120 3874 3174 qum

2290 3178 2344 3234 in
2384 3178 2612 3251 simplici
2658 3179 3022 3249 pr0positione
3063 3180 3433 3251 praedicamus,
3467 3198 3523 3242 ut
3556 3189 3610 3245 in
3640 3207 3708 3248 eo
3736 3195 3875 3265 quod

607 3274 725 3317 esse
755 3257 1049 3315 denuntiat.
1082 3257 1173 3312 Est
1198 3270 1437 3350 namque
1452 3272 1555 3311 una
1577 3260 1747 3350 oratio
1774 3257 1857 3313 vel
1878 3272 1998 3312 cum
2030 3273 2189 3317 unam
2217 3251 2268 3321 C
2295 3279 2398 3337 est,
2429 3270 2679 3327 Socrates
2713 3269 2967 3340 disputat,
3011 3271 3260 3330 Socrates
3302 3285 3357 3332 et
3392 3277 3626 3350 disputat
3664 3251 3875 3345 termini

610 3366 723 3407 rem
748 3350 1031 3420 signiﬁcat,
1059 3349 1141 3404 vel
1165 3363 1286 3405 cum
1319 3347 1697 3419 conjunctione
1746 3364 1850 3405 una
1881 3358 1985 3420 est,
2021 3360 2079 3405 ut
2106 3360 2190 3407 est

609 3456 670 3498 ea
694 3455 812 3512 quae
831 3440 981 3505 dicit,
1008 3440 1206 3496 animal
1226 3440 1482 3496 rationale
1506 3440 1731 3497 mortale
1747 3440 1908 3497 homo
1923 3450 2031 3498 est:
2055 3442 2190 3498 hanc

608 3534 749 3588 enim
789 3531 945 3602 hujus
969 3532 1228 3587 orationis
1259 3533 1581 3588 sententiam
1626 3533 1801 3588 nullus
1823 3534 1876 3588 in
1901 3534 2094 3589 multas
2116 3534 2190 3590 si-

607 3623 978 3699 gniﬁcationes
1010 3622 1261 3679 diducere
1309 3625 1527 3692 poterit,
1568 3623 1663 3679 sed
1713 3640 1875 3679 unttm
1918 3625 2186 3694 quoddam

608 3714 891 3787 signiticet,
946 3724 998 3770 et
1040 3723 1121 3773 est
1166 3722 1359 3784 praeter
1399 3714 1851 3783 coniunctionem.
1895 3715 2011 3768 Alia
2060 3730 2188 3770 vero

609 3808 780 3862 oratio
812 3817 893 3862 est
916 3822 1040 3873 una,
1065 3823 1183 3878 qtue
1200 3822 1294 3877 per
1317 3806 1747 3876 conjunctionem
1773 3821 1874 3861 una
1895 3815 1996 3870 est,
2023 3796 2102 3872 nt,
2130 3807 2187 3864 Si

609 3886 726 3953 dies
756 3898 968 3961 est,qu
1000 3906 1102 3953 est.
1138 3897 1234 3953 Est
1275 3913 1403 3969 ergo
1446 3914 1550 3954 una
1581 3898 1754 3955 oratio
1777 3913 1897 3969 qua:
1919 3898 2002 3953 vel
2028 3914 2186 3955 unam

609 4004 721 4046 rem
755 3990 1039 4061 significat,
1076 3989 1159 4044 vel
1187 3990 1567 4060 conjunctione
1590 3988 1855 4059 jungitur.
1882 3988 2073 4046 Plures
2094 4005 2186 4055 au-

612 4091 714 4136 tem
745 4090 870 4137 sunt
894 4097 1012 4152 quac
1035 4082 1187 4153 plura
1208 4083 1529 4153 signiﬁcant,
1556 4090 1611 4137 ut
1629 4092 1731 4148 est,
1754 4082 1901 4137 canis
1924 4093 2187 4139 movetur.

558 4172 561 4173 ⁷
609 4173 758 4232 Hanc
784 4177 925 4231 enim
957 4185 1133 4245 potest
1176 4184 1229 4231 et
1256 4176 1321 4230 ad
1348 4176 1647 4231 latrabilcm
1681 4183 1735 4231 ει
1757 4175 1822 4230 ad
1848 4176 2112 4232 marinum
2137 4182 2192 4231 et

607 4266 673 4322 ad
706 4267 980 4322 cmlestem
1005 4266 1216 4320 auditor
1246 4267 1547 4333 advertere,
1578 4275 1737 4337 atque
1780 4266 1900 4320 ideo
1932 4267 2185 4335 quoniam

609 4360 772 4416 multa
795 4356 1082 4430 significat,
1118 4374 1220 4413 non
1245 4368 1325 4412 est
1349 4373 1451 4413 una
1478 4360 1673 4423 oratio,
1698 4357 1793 4413 sed
1829 4358 2025 4428 plures.
2054 4361 2191 4416 Sunt

608 4465 819 4521 quoque
848 4450 1121 4505 orationes
1154 4464 1247 4519 per
1270 4465 1327 4505 se
1352 4450 1532 4518 plures
1567 4459 1622 4505 et
1658 4464 1884 4505 numero
1914 4459 1969 4505 et
1990 4453 2192 4521 signiti-

608 4539 833 4605 catione,
859 4556 976 4611 quas
1006 4541 1148 4597 nulla
1171 4539 1545 4609 conjunctione
1563 4542 1899 4611 copulantur,
1929 4551 1983 4597 ut
2004 4542 2049 4597 si
2074 4546 2192 4613 quis

2290 3370 2435 3428 sunt,
2468 3374 2522 3417 et
2552 3362 2641 3430 qui
2672 3361 2846 3418 minor
2874 3366 3135 3420 terminus
3178 3364 3230 3420 in
3272 3370 3636 3428 enuntiatione
3676 3389 3875 3443 projic-

2290 3453 2453 3518 nitur,
2478 3460 2539 3507 ut
2562 3452 2830 3515 Socrates,
2858 3453 3130 3521 subjectus
3151 3455 3365 3524 dicitur,
3393 3469 3444 3515 et
3465 3464 3676 3530 ponitur
3695 3465 3875 3535 prior;

2286 3544 2380 3614 qui
2410 3558 2539 3599 vero
2566 3542 2754 3612 major,
2786 3543 3130 3614 pricdicatur,
3161 3556 3213 3602 et
3254 3548 3459 3605 locatur
3500 3555 3784 3622 posterior,
3819 3570 3876 3619 ut

2289 3635 2539 3706 disputat.
2571 3637 2915 3707 Quaecunque
2955 3640 3250 3708 propositio
3289 3657 3356 3696 ex
3396 3657 3502 3699 uno
3535 3644 3777 3715 subjecto
3821 3661 3876 3711 et

2293 3743 2399 3782 uno
2430 3728 2719 3796 przedicato
2750 3728 2886 3783 facta
2913 3739 3016 3795 est,
3048 3730 3137 3785 illa
3163 3732 3387 3802 simplex’
3412 3736 3708 3793 enuntiatio
3737 3756 3876 3799 nun-

2290 3828 2535 3890 cupatur,
2567 3830 2726 3890 atque
2766 3821 2866 3877 hoc
2899 3831 2983 3878 est
3025 3824 3165 3893 quod
3212 3826 3306 3881 ait.
3353 3825 3551 3883 Harum
3589 3843 3788 3901 autem,
3821 3835 3875 3891 id

2291 3922 2376 3966 est
2422 3915 2895 3979 enuntiativarum,
2936 3915 3161 3986 simplex
3202 3926 3286 3971 est
3326 3920 3652 3987 enuntiatio,
3698 3932 3757 3979 ut
3782 3925 3877 3983 ali-

2291 4003 2415 4074 quid
2459 4004 2527 4062 de
2579 4005 2777 4075 aliquo,
2814 4014 2868 4061 ut
2916 4020 3075 4061 unum
3117 4006 3458 4076 praedicatum
3491 4014 3629 4080 qttod
3660 4025 3741 4070 est
3779 4017 3878 4072 ali-

2292 4093 2415 4163 quid
2444 4094 2510 4149 de
2548 4110 2652 4151 uno
2688 4096 2928 4165 subjecto
2956 4097 3097 4168 quod
3126 4107 3209 4154 est
3236 4098 3301 4154 de
3330 4101 3509 4174 aliquo
3540 4104 3872 4172 prmdicetur.

2293 4188 2404 4244 Hoc
2444 4199 2621 4245 autem
2682 4189 2911 4260 pertinet
2964 4191 3031 4246 ad
3068 4191 3512 4261 affirmationem,
3566 4200 3624 4252 ‘ut
3677 4198 3873 4269 a'iquid

2292 4280 2358 4333 de
2404 4280 2582 4349 aliquo
2612 4280 2886 4349 prtedices.
2942 4280 3023 4335 Ad
3055 4281 3387 4351 negationem
3420 4298 3574 4351 vero,
3610 4297 3667 4341 ut
3710 4303 3875 4346 unum

2292 4369 2490 4441 aliquid
2560 4372 2626 4425 ab
2669 4386 2775 4426 uno
2820 4372 2995 4440 aliquo
3041 4373 3378 4442 praedicando
3424 4372 3696 4446 disjungas
3727 4419 3744 4443 ,
3818 4389 3876 4439 ut

2295 4462 2346 4517 iu
2393 4477 2458 4517 eo
2506 4463 2643 4533 quod
2700 4472 2821 4529 est,
2857 4463 3105 4520 Socrates
3152 4480 3257 4520 non
3306 4465 3574 4536 disputat,
3606 4470 3877 4539 disputare

2295 4570 2458 4610 unum
2491 4555 2799 4621 terminum,
2828 4571 2857 4610 a
2890 4570 2993 4611 non
3028 4555 3249 4612 Socrate
3272 4557 3378 4614 alio
3410 4559 3656 4624 termino,
3685 4563 3877 4630 praedi-

530 4704 537 4710 .
607 4631 766 4701 dicat,
796 4634 873 4688 sol
897 4641 997 4700 est,
1032 4648 1133 4707 pax
1156 4635 1278 4700 erit,
1316 4649 1417 4688 nox
1443 4642 1543 4700 est,
1570 4635 1765 4690 cmlum
1793 4636 2040 4693 volvitur.
2066 4637 2189 4695 illnc
2217 4643 2271 4704 D
2293 4646 2465 4702 cando
2491 4646 2745 4715 disjunxi.
2778 4646 2914 4703 Alia:
2937 4661 3062 4703 vero
3081 4656 3203 4703 sunt
3224 4650 3495 4707 orationes
3512 4652 3875 4721 cnuntiativm,

606 4726 747 4782 enim
771 4738 892 4781 cum
918 4728 1065 4796 plura
1087 4728 1410 4796 significent,
1433 4727 1579 4783 nulla
1604 4724 1780 4784 tamen
1805 4731 2189 4800 conjunctione

605 4818 917 4885 junguntur,
950 4829 1109 4890 atque
1144 4819 1262 4876 ideo
1295 4822 1471 4891 plures
1502 4822 1776 4878 orationes
1808 4833 2086 4879 vocantur.
2132 4825 2190 4881 In

606 4908 997 4985 summa‘igitur
1028 4911 1327 4965 orationum
1361 4927 1602 4978 unarunt,
1630 4913 1748 4967 alia:
1771 4922 1896 4967 sunt
1921 4915 2191 4984 significa-

608 4998 754 5055 tione
779 5015 917 5065 unae,
946 5022 953 5048 ι
977 4999 1061 5053 liae
1088 4997 1499 5069 conjunctione;
1533 5017 1640 5057 non
1669 5019 1895 5060 unarum
1920 5020 2047 5060 vero
2068 5020 2189 5061 ora-

608 5092 807 5149 tionum
834 5092 952 5147 alia:
976 5103 1097 5147 sunt
1121 5092 1512 5163 significatione
1534 5093 1735 5165 plures,
1785 5095 1902 5150 aliae
1944 5111 2009 5152 eo
2047 5112 2184 5167 quo-

606 5187 749 5243 niam
782 5186 926 5242 nnlla
955 5184 1334 5254 conjunctione
1374 5186 1713 5255 copulantur.

681 5288 883 5345 Nomen
909 5305 1030 5361 ergo
1050 5298 1097 5345 et
1130 5288 1335 5344 verbum
1374 5288 1530 5345 dictio
1553 5288 1617 5344 ait
1650 5289 1779 5354 sola,
1826 5289 2065 5359 quoniam
2089 5307 2191 5348 non

606 5392 678 5440 est
709 5385 893 5452 dicere,
928 5384 1001 5439 sic
1031 5383 1231 5450 aliquid
1256 5383 1632 5453 significantem
1663 5399 1779 5439 voce
1805 5386 2088 5451 enuntiare,
2114 5387 2191 5443 uel

606 5475 772 5545 aliqua
794 5476 1155 5545 interrogante,
1188 5473 1264 5530 uel
1294 5491 1419 5541 non,
1450 5475 1538 5531 red
1570 5477 1679 5546 ipso
1706 5477 2011 5546 proferente.

677 5579 778 5633 Per
811 5578 947 5632 hanc
969 5578 1287 5633 sententiam
1321 5578 1547 5648 simplex
1580 5578 1747 5635 dictio
1770 5580 1895 5650 quid
1925 5581 1993 5636 sit
2022 5595 2186 5649 expo-

534 5718 538 5725 .
608 5671 706 5725 nit.
743 5669 880 5725 Dicit
903 5670 1046 5725 enim
1062 5669 1279 5725 verbum
1298 5682 1602 5741 nomenque
1617 5671 1881 5727 dictiones
1905 5669 2073 5727 videri
2096 5684 2182 5726 so.

601 5759 737 5822 ium,
769 5775 873 5815 non
902 5762 1062 5816 etiam
1098 5760 1504 5826 affirmationes,
1534 5763 1875 5833 atquehujus
1906 5759 2184 5819 sententias

609 5858 819 5903 causam
875 5851 1164 5915 subnectit.
1226 5850 1427 5906 Idcirco
1466 5852 1609 5906 enim
1658 5853 1817 5907 verba
1860 5863 1913 5908 et
1968 5853 2182 5909 nomina

2298 4754 2413 4809 qua:
2441 4741 2754 4809 composita:
2785 4741 3148 4808 nominantur,
3169 4757 3289 4812 qua:
3314 4757 3381 4798 ex
3406 4744 3734 4814 simplicibus
3757 4761 3877 4803 oraa

2302 4832 2537 4887 tionibus
2579 4842 2999 4903 componuntur,
3043 4845 3100 4889 ut
3137 4843 3242 4903 est,
3288 4837 3333 4891 si
3362 4837 3478 4892 dies
3512 4848 3615 4905 est,
3648 4839 3732 4894 lux
3762 4852 3875 4907 est;

2296 4923 2409 4977 dies
2440 4935 2523 4983 est
2562 4934 2616 4977 et
2647 4924 2732 4980 lux
2772 4936 2873 4990 est,
2905 4925 3025 4981 dua:
3067 4936 3195 4982 sunt
3233 4927 3504 4999 simplices
3542 4934 3879 4989 enuntiatino

2298 5017 2590 5082 orationes,
2639 5015 2839 5071 idcirco
2876 5018 3018 5085 quod
3057 5018 3194 5073 binis
3228 5022 3468 5076 terminis
3504 5032 3771 5088 constant,
3812 5041 3878 5081 ex

2298 5105 2502 5162 duabus
2527 5118 2704 5163 autem
2731 5109 3065 5179 simplicibus
3088 5112 3415 5167 orationibus
3440 5123 3542 5167 tom
3571 5112 3683 5167 hac
3710 5117 3879 5173 oratio

2297 5206 2397 5262 est,
2430 5213 2548 5267 qua:
2574 5199 2722 5265 dicit,
2745 5200 2790 5255 si
2820 5199 2934 5255 dies
2962 5214 3067 5267 εει,
3101 5203 3187 5256 lux
3209 5212 3321 5265 est;
3347 5202 3445 5258 hoc
3474 5213 3554 5258 est
3573 5206 3714 5261 enim
3737 5210 3877 5279 quod

2298 5289 2391 5343 ait.
2428 5287 2550 5353 Haec
2574 5298 2751 5345 autem
2783 5304 2847 5346 ex
2878 5288 2961 5344 bis
2991 5287 3297 5361 conjuncta,
3332 5292 3381 5346 id
3416 5301 3499 5347 εει
3526 5310 3591 5349 ex
3620 5294 3867 5368 simplici-

2301 5377 2397 5433 bus
2435 5378 2762 5434 motionibus
2808 5378 3187 5445 enuntiativis,
3228 5381 3371 5437 velut
3419 5384 3589 5439 oratio
3636 5388 3878 5455 qutcdann

2285 5469 2395 5539 jam
2443 5471 2757 5540 composita,
2806 5471 2998 5542 quippe
3041 5471 3194 5542 cujus
3244 5482 3410 5529 totum
3455 5491 3650 5546 corpus
3692 5494 3755 5534 es
3798 5480 3878 5535 his

2285 5560 2542 5629 jungitur,
2569 5576 2699 5630 quas
2729 5561 3002 5634 simplices
3030 5577 3149 5618 esse
3175 5565 3284 5633 jam
3316 5579 3473 5635 supra
3506 5568 3682 5623 docui.

2363 5674 2454 5727 Eat
2481 5684 2647 5727 autem
2674 5675 2893 5742 simplex
2920 5677 3222 5741 enuntiatio,
3249 5695 3345 5735 vox
3373 5680 3707 5751 signiﬁcation
3733 5682 3796 5735 de
3814 5697 3875 5737 eo

2287 5765 2421 5831 quod
2458 5771 2527 5814 est
2556 5762 2773 5829 aliquid,
2803 5765 2879 5819 vel
2910 5781 3013 5819 non
3052 5775 3147 5831 ut,
3177 5771 3601 5835 quemadmodum
3643 5780 3875 5841 tempora

2291 5853 2451 5904 divisa
2479 5863 2615 5904 sunt.
