4280 6268
337 3920 361 3949 ο

408 292 517 378 ut

1188 320 1255 374 ΙΝ
1294 316 1548 375 LIBRUM
1586 318 1672 372 DE
1715 318 2364 379 lNTEBPRBTATIONE
2404 324 2629 383 EDITIO
2667 327 2899 385 PRIMA.

3575 333 3675 391 518
3755 348 3759 353 '

480 439 771 508 Postquam
811 435 882 492 de
922 434 1228 504 compositis
1263 432 1592 488 orationibus
1632 431 1993 499 simplicibus-
2019 434 2153 497 Aet
2192 438 2565 492 aftittnationis
2599 448 2651 493 et
2694 441 2988 509 negationis
3019 441 3145 497 falsa
3184 443 3439 512 proferre,
3472 456 3675 500 constat

408 546 513 603 que
539 529 811 592 tractavit,
840 527 1209 605 difﬁnitionem
1230 525 1616 580 enuntiationis
1646 539 1741 593 per
1761 523 1996 579 affirma-

410 630 611 684 tionem
634 635 688 681 et
714 625 1048 693 negationem
1078 621 1388 691 ingreditur;
1409 620 1665 674 aiteoim:
1687 619 1995 675 Enuntiatio

410 732 497 780 est
516 736 622 775 vox
654 718 956 789 signiﬁcans
980 714 1384 768 afﬁrrnationem
1410 711 1494 765 vel
1523 711 1883 781 negationem,
1913 711 1995 767 vel

412 818 470 875 in
515 814 863 887 praeteritum,
894 810 977 865 vel
1018 808 1071 864 in
1113 821 1367 879 presens,
1399 805 1484 860 vel
1514 805 1565 860 in
1598 804 1830 859 futurum
1863 814 1995 859 tem-

415 922 538 981 pus.
568 906 720 973 Quod
751 905 893 959 enim
925 900 1077 965 dixit,
1107 900 1173 955 de
1200 914 1266 954 eo
1292 897 1433 967 quod
1460 906 1562 961 est,
1589 896 1655 951 ad
1683 894 1995 950 afﬁrmatio-

415 1014 535 1059 nem
559 996 764 1062 retulit;
787 992 930 1064 quod
950 991 1171 1055 addidit,
1196 991 1275 1045 vel
1297 1005 1401 1045 non
1423 998 1527 1055 est,
1547 988 1613 1043 ad
1628 989 1993 1057 negationem;

414 1089 551 1161 quod
586 1102 716 1146 vero
763 1094 982 1142 secutus
1021 1096 1123 1148 est,
1164 1080 1613 1154 quemadmodum
1650 1090 1889 1149 tempora
1915 1080 1999 1134 dio

412 1182 521 1238 visa
546 1187 692 1244 sunt,
721 1178 788 1234 ad
817 1177 1147 1248 singulorum
1177 1185 1477 1244 temporum
1507 1172 1690 1227 retulit
1708 1173 1991 1235 rationem;

411 1274 524 1330 sive
551 1273 694 1327 enim
721 1271 914 1341 aliquis
944 1269 1085 1325 dicat
1110 1286 1125 1320 :
1154 1269 1406 1324 Socrates
1432 1266 1581 1326 vivit,
1611 1264 1862 1319 Socrates
1888 1278 1995 1317 non

413 1366 565 1432 vivit,
592 1366 707 1420 sive
728 1363 981 1419 Socrates
1003 1362 1163 1421 visit,
1188 1360 1437 1415 Socrates
1460 1372 1567 1412 non
1592 1356 1741 1420 vixit,
1770 1355 1852 1413 vel
1882 1354 1993 1408 sic:

415 1459 666 1516 Sacrates
686 1456 927 1510 victurus
946 1463 1048 1517 est.
1074 1454 1324 1510 Socrates
1351 1452 1586 1506 victurus
1616 1463 1721 1502 non
1741 1456 1844 1509 est,
1867 1462 2002 1521 quo-

419 1555 563 1608 niam
596 1549 805 1605 afﬁrma
830 1549 885 1603 io
912 1555 996 1603 est
1021 1555 1113 1602 aut
1136 1546 1370 1616 negatio,
1400 1554 1457 1601 et
1483 1542 1730 1613 quoniam
1752 1541 2001 1609 qutelibet

420 1642 656 1712 ipsarum
690 1640 741 1692 in
778 1638 957 1706 aliquo
1000 1646 1298 1706 temporum
1329 1644 1432 1703 est,
1467 1649 1583 1704 qua:
1609 1632 1919 1688 dividuntur
1946 1633 1997 1684 in

417 1730 684 1793 futurum,
732 1742 967 1799 prresens
1016 1743 1077 1781 ac
1130 1724 1488 1796 praeteritum,
1544 1723 1751 1791 plenam
1800 1720 1999 1776 retinet

416 1822 674 1889 simplicis
703 1820 1097 1876 enuntiationis
1128 1828 1393 1871 naturam.

492 1915 765 1984 Aﬁirmatio
813 1929 925 1966 vero
947 1920 1018 1965 est
1038 1910 1320 1974 enuntiatio
1343 1907 1564 1978 alicujus
1589 1905 1650 1958 de
1671 1905 1862 1975 aliqua.
1892 1902 2000 1957 Ne-

420 2008 553 2077 gotia
585 2021 696 2059 vero
727 2005 1001 2058 enuntiatio
1028 2002 1249 2073 alicujus
1273 2000 1335 2053 ab
1362 2000 1553 2068 aliquo.

498 2098 576 2153 Ad
628 2098 991 2151 afﬁrmationis
1042 2104 1094 2149 et
1149 2092 1444 2162 negationis
1500 2087 1998 2146 determinationem

424 2192 805 2246 enuntiationis
844 2205 1034 2244 nomen
1072 2188 1317 2254 sumpsit,
1346 2195 1404 2241 ut
1438 2186 1676 2254 generis;
1710 2193 1793 2237 est
1823 2189 1998 2235 autem

420 2283 706 2339 affirmatio
736 2280 941 2350 quoties
970 2279 1167 2349 aliquid
1200 2278 1267 2332 de
1295 2278 1474 2345 aliquo
1505 2290 1625 2330 cum
1652 2289 1718 2328 eo
1746 2272 1887 2340 quod
1914 2279 2001 2325 est

422 2388 540 2433 esse
570 2372 939 2442 prmdicamus,
969 2378 1026 2426 ut
1050 2386 1168 2424 cum
1199 2370 1446 2432 dicimus,
1469 2367 1641 2421 Homo
1673 2364 1865 2419 animal
1894 2373 1997 2429 est,

423 2466 614 2521 animai
645 2465 713 2519 de
758 2464 970 2517 homine
1016 2462 1398 2530 prtedieamns;
1441 2458 1650 2528 quoties
1692 2465 1871 2509 autem
1899 2456 1999 2509 alio

423 2558 545 2630 quid
577 2558 643 2611 ab
669 2558 845 2626 aliquo
884 2555 1221 2625 praedicando
1255 2552 1626 2622 disjttngimus,
1657 2549 1869 2619 negatio
1896 2558 1996 2615 est,

422 2660 481 2706 ut
511 2653 671 2707 fonto
703 2650 834 2717 lapis
863 2663 969 2703 non
997 2654 1098 2710 est,
1124 2646 1352 2715 lapidem
1380 2645 1521 2698 enim
1547 2644 1613 2694 ab
1645 2641 1860 2696 homine
1890 2641 2001 2695 dis-

424 2742 711 2817 ]ungimns.
759 2741 953 2809 Quare.
989 2750 1133 2797 recta
1184 2739 1554 2794 affirmationis
1599 2747 1656 2793 et
1711 2737 2003 2808 negationis

423 2828 557 2891 facta
584 2844 666 2892 est
690 2835 953 2889 diiiinitio.

566 2965 631 3003 DE
662 2962 931 3002 SUBJECTIS
961 2962 1027 3001 ΕΤ
1058 2959 1376 3000 ΡηΕῢΙΟΑτΙΞ
1413 2956 1861 2998 ΕΝΟΝΤΙΑΤῘΟΝῙΠΙ.

460 3040 467 3046 ’
501 3040 750 3104 Quoniam
774 3050 940 3092 autem
967 3048 1034 3091 εει
1057 3038 1342 3099 enuntiare,
1374 3044 1419 3089 et
1446 3036 1581 3105 quod
1611 3044 1702 3100 εει,
1733 3051 1831 3087 non
1859 3050 2004 3088 esse:

427 3142 477 3186 et
504 3130 638 3201 quod
677 3146 776 3183 non
817 3139 909 3194 εει,
940 3145 1046 3184 esse
1078 3144 1095 3181 :
1122 3137 1166 3181 et
1196 3128 1332 3196 quod
1366 3135 1459 3191 est,
1492 3142 1596 3179 esse
1628 3135 1715 3179 :et
1740 3125 1877 3194 quod
1908 3140 2006 3177 non

2098 530 2240 599 quod
2282 532 2425 585 omni
2460 532 2727 599 negationi
2755 534 3057 601 afﬁrmatio,
3090 545 3145 592 et
3169 539 3313 593 omni
3342 539 3677 598 afﬁrmationi
3757 518 3761 522 l

2098 622 2309 689 negatio
2355 623 2660 689 opponitur.
2712 624 2843 678 iiinc
2880 640 3007 694 ergo
3048 626 3174 695 quid
3211 629 3279 684 sit
3313 628 3452 697 quod
3485 629 3679 685 dicitur

2098 714 2470 779 contradictio,
2498 713 2819 771 declaratur.
2852 715 2945 769 Est
2974 718 3114 770 enim
3155 720 3502 775 contradictio
3530 720 3677 779 afﬁro
3716 779 3721 783 ,

2098 807 2349 862 [nationis
2376 815 2432 861 et
2470 806 2766 875 negationis
2807 808 3092 876 oppos'ilit).
3127 809 3256 864 Cum
3287 812 3426 867 enim
3455 813 3571 882 quis
3597 810 3680 868 af-

2100 900 2278 954 ﬁrmat
2311 897 2451 969 quod
2490 898 2623 953 alius
2665 908 2842 968 negat,
2904 902 3017 969 ipsa
3058 909 3399 974 utrarumque
3437 906 3680 973 proposi.

2101 990 2305 1045 tionum
2336 1004 2507 1059 pugna
2532 989 2881 1045 contradictio
2920 991 3245 1045 nominatur.
3283 994 3454 1062 Atque
3476 994 3575 1050 hoc
3601 1002 3683 1056 est

2100 1082 2246 1153 quod
2274 1082 2367 1137 ait.
2405 1081 2468 1135 Et
2495 1081 2565 1136 sit
2594 1080 2695 1136 hoc
2724 1080 3097 1148 contradictio,
3128 1081 3413 1137 afﬁrmatio
3440 1093 3493 1139 et
3522 1100 3682 1152 nega-
3712 1126 3717 1131 ,

2103 1179 2180 1232 ιὶο
2207 1176 2471 1247 opposita.
2501 1174 2632 1230 Cum
2662 1176 2803 1230 enim
2841 1175 3126 1230 afﬁrmatio
3157 1175 3423 1244 negationi
3464 1178 3683 1245 opponi.
3722 1234 3725 1237 _

2103 1276 2211 1333 tur,
2242 1266 2591 1323 contradictio
2617 1275 2721 1321 est.
2753 1265 2857 1321 Sed
2884 1281 3001 1332 quae
3031 1266 3099 1321 sit
3131 1264 3415 1319 afﬁrmatio
3440 1268 3684 1335 opposita

2103 1362 2398 1432 negationi,
2425 1372 2515 1416 aut
2545 1376 2663 1429 qua:
2700 1360 2767 1415 sit
2805 1360 2992 1415 barum
3023 1359 3444 1431 propositionum
3474 1360 3686 1429 opposi-

2105 1458 2201 1523 tio,
2240 1455 2292 1510 in
2322 1455 2667 1523 sequentibus
2705 1453 2900 1522 prodit.
2926 1451 3107 1522 Neque
3144 1454 3284 1507 enim
3312 1451 3567 1521 quaelibet
3595 1465 3687 1508 ne-

2104 1552 2248 1620 gatio
2293 1550 2507 1604 cuilibet
2549 1548 2885 1603 ςιιιὶηιιειίυηὶ
2924 1546 3164 1616 opposita
3204 1556 3308 1611 est,
3345 1548 3438 1602 sed
3484 1554 3686 1603 tantum

2108 1642 2189 1696 ha:
2211 1656 2339 1711 quas
2364 1642 2414 1695 in
2442 1639 2783 1705 sequentibus
2806 1639 2921 1707 ipse
2946 1638 3286 1694 determinat.
3308 1637 3564 1705 Quocirca
3587 1638 3687 1694 erit

2107 1733 2474 1793 contradictio,
2503 1730 2783 1787 afﬁrmatio
2811 1739 2865 1787 et
2895 1732 3105 1809 negatio
3128 1730 3385 1797 opposita:
3407 1744 3552 1798 ;qua:
3581 1729 3687 1785 sint
3722 1779 3727 1785 .

2029 1828 2079 1889 Β
2106 1836 2282 1880 autem
2310 1826 2589 1894 oppositae,
2619 1836 2849 1892 sequens
2878 1820 3226 1887 expositionis
3260 1820 3393 1875 ordo
3426 1819 3685 1875 contexit.

2182 1924 2311 1979 Dico
2347 1936 2513 1978 autem
2556 1924 2745 1993 opponi
2784 1923 3009 1993 ejusdem
3049 1922 3111 1976 de
3144 1921 3339 1977 eodem.
3373 1919 3495 1976 Non
3519 1928 3688 1976 autem

2110 2015 2381 2084 a’quit-ore,
2414 2024 2458 2067 et
2485 2029 2790 2081 quwcunqtte
2832 2023 3012 2067 cetera
3044 2013 3220 2067 talium
3249 2011 3688 2065 detrrminauimus

2110 2114 2285 2157 contra
2312 2102 2611 2173 sophisticas
2639 2103 3067 2171 importunitates.

2181 2194 2320 2248 Fieri
2346 2203 2468 2248 tunc
2495 2192 2883 2261 appositioncm
2908 2190 2959 2245 in
2989 2188 3430 2244 affirmationibus
3456 2188 3689 2259 negatio-

2110 2288 2370 2357 nibusqne
2399 2288 2749 2351 demonstrat,
2782 2300 2899 2340 cum
2932 2285 3070 2340 idem
3105 2284 3400 2354 subjectum
3443 2282 3690 2351 idemque

2109 2380 2453 2448 praedicatum
2486 2382 2539 2434 in
2567 2378 2847 2448 negatione
2887 2378 2976 2444 sit,
3009 2377 3149 2447 quod
3188 2377 3409 2448 quilibet
3453 2378 3505 2432 in
3545 2376 3690 2432 afﬁr-

2107 2473 2338 2539 matione
2352 2472 2624 2540 proposuit
2654 2488 2665 2523 :
2694 2478 2907 2541 oportet
2934 2470 3073 2525 enim
3105 2484 3338 2540 semper,
3374 2468 3417 2524 si
3446 2468 3690 2537 opposita

2108 2572 2193 2618 est
2228 2562 2517 2617 affirmatio
2547 2561 2835 2631 negationi,
2869 2576 3026 2615 unam
3075 2575 3196 2615 esse
3237 2574 3437 2624 veram,
3468 2560 3690 2615 alteram

2109 2655 2319 2711 falsam.
2358 2656 2508 2722 Quod
2536 2655 2583 2710 si
2611 2664 2847 2726 utrmque
2876 2654 3022 2710 falsae
3050 2663 3189 2718 sunt,
3218 2662 3307 2707 aut
3335 2662 3571 2721 utrmque
3598 2667 3691 2707 ve-

2110 2764 2205 2814 rae,
2238 2762 2343 2803 non
2372 2758 2493 2802 sunt
2520 2748 2800 2817 oppositte.
2842 2746 3023 2816 Neque
3051 2745 3190 2799 enim
3225 2757 3283 2799 se
3320 2744 3603 2812 perimunt.
3633 2742 3690 2798 Si

2110 2848 2287 2895 autem
2319 2852 2424 2893 una
2452 2837 2520 2891 sit
2548 2838 2698 2903 falsa,
2725 2837 2825 2890 alia
2866 2851 3011 2900 vera,
3036 2840 3162 2888 tunc
3203 2849 3326 2887 vera
3356 2834 3567 2903 perimit
3598 2833 3692 2887 fai-

2110 2947 2247 2989 sam.
2282 2931 2347 2986 Et
2375 2930 2421 2985 si
2452 2929 2540 2983 illa
2571 2928 2727 2984 fuerit
2753 2941 2895 2994 vera,
2924 2924 3024 2980 alia
3057 2940 3180 2979 mox
3211 2940 3238 2978 a
3267 2925 3489 2979 veritate
3514 2923 3691 2977 disce-

2111 3024 2210 3081 dit.
2242 3022 2391 3090 Quod
2434 3021 2478 3076 si
2516 3022 2567 3073 in
2603 3019 2839 3091 qualibet
2866 3017 3217 3072 afﬁrmatione
3245 3025 3332 3069 aut
3372 3013 3689 3082 subjectum,

2112 3126 2205 3171 aut
2248 3113 2590 3181 praedicatum
2618 3111 2777 3165 fuerit
2809 3109 3160 3178 :equivocnm,
3192 3122 3297 3161 non
3329 3114 3452 3160 sunt
3480 3105 3690 3173 opposi-

431 3222 525 3289 εει,
554 3238 652 3277 non
682 3240 816 3286 esse;
841 3231 883 3275 rt
914 3223 1050 3274 circa
1077 3238 1134 3273 ea
1164 3236 1277 3285 qua:
1313 3230 1429 3273 sunt
1464 3228 1606 3272 extra
1634 3234 1853 3288 pra-sena
1883 3227 2007 3270 tem-
2033 3220 2082 3283 ο
2114 3216 2203 3265 ιω.
2234 3207 2289 3263 Si
2316 3206 2433 3274 quis
2475 3204 2616 3259 enim
2653 3201 2794 3256 dicat
2820 3219 2832 3255 :
2856 3199 3158 3257 Alexander
3196 3198 3447 3254 Helenam
3494 3197 3688 3268 rapuit,

428 3332 577 3386 para,
620 3314 847 3367 similiter
887 3329 1033 3366 omne
1071 3312 1312 3382 contingit
1348 3309 1483 3379 quod
1519 3308 1630 3370 quis
1664 3308 2003 3377 oﬂirmaverit,

427 3408 631 3481 negare,
658 3415 703 3459 et
726 3406 858 3476 quod
878 3407 990 3476 quis
1016 3402 1288 3473 negarerit,
1318 3402 1759 3470 afﬁrmaremuare
1787 3397 2007 3464 manife-

429 3509 560 3555 stum
602 3507 673 3552 est
716 3498 954 3568 quoniam
989 3496 1125 3548 omni
1168 3493 1489 3564 a/ﬁrmationi
1524 3501 1595 3545 εει
1623 3491 1822 3559 negatio
1849 3504 2008 3557 appo-

386 3609 391 3613 ·
431 3593 543 3655 sita,
578 3601 625 3644 et
651 3592 786 3642 omni
816 3587 1074 3659 negationi
1112 3573 1419 3655 .a/ﬁrtnatio.
1450 3580 1517 3636 Et
1543 3581 1606 3635 sit
1640 3582 1732 3635 hoc
1756 3579 2011 3633 contradi-

430 3684 552 3748 ctio,
574 3681 842 3753 afﬁrmatio
864 3692 908 3733 et
936 3677 1135 3749 negatio
1163 3676 1425 3747 oppositae.

500 3782 653 3837 Nunc
677 3780 865 3834 dividit
892 3779 1308 3839 enuntiationes,
1337 3776 1418 3830 vel
1442 3790 1559 3845 quae
1585 3775 1651 3829 de
1682 3774 1762 3828 bis
1789 3780 2014 3842 possunt

436 3875 551 3930 ﬁeri
579 3873 759 3935 rt-bus,
789 3887 905 3941 quin
934 3883 1076 3934 sunt,
1107 3871 1190 3925 vel
1230 3883 1347 3937 qua:
1382 3868 1446 3921 tie
1476 3868 1540 3920 iis
1575 3880 1691 3934 qua:
1723 3881 1826 3919 non
1869 3872 2012 3929 sunt,

441 3969 554 4021 sive
598 3966 649 4019 in
690 3964 1060 4036 affirmatione,
1098 3963 1207 4017 sive
1253 3961 1306 4014 in
1357 3960 1657 4029 negatione.
1698 3955 1835 4009 Dicit
1873 3954 2014 4008 enim

441 4057 691 4127 quoniam
718 4064 802 4110 est
830 4038 1101 4110 enuntiare
1132 4055 1266 4121 quttd
1304 4063 1381 4107 est
1427 4066 1531 4104 non
1561 4063 1702 4113 esse,
1730 4058 1787 4103 ut
1824 4046 1868 4101 si
1900 4046 2018 4115 quis

437 4149 602 4216 dicat,
636 4147 825 4202 Nullus
867 4146 1025 4199 homo
1064 4134 1257 4199 animai
1297 4152 1396 4197 est.
1435 4143 1545 4195 iloc
1574 4142 1712 4193 enim
1745 4136 1884 4207 quod
1914 4145 2017 4199 est,

438 4257 544 4297 non
591 4254 711 4296 esse
749 4240 1041 4308 pronosuit.
1076 4236 1196 4290 lites
1233 4245 1316 4290 est
1362 4230 1488 4286 falsa
1528 4231 1759 4300 negatio.
1789 4228 1853 4282 Et
1880 4226 2021 4296 quod

438 4346 547 4388 non
575 4340 655 4386 est
683 4346 824 4395 esse,
849 4340 904 4384 ut
928 4330 971 4384 si
997 4330 1113 4398 quis
1135 4328 1298 4390 dicat,
1323 4323 1509 4379 Omnis
1538 4323 1669 4391 lapis
1696 4321 1890 4374 animai
1919 4326 2022 4384 est,

442 4424 582 4495 quod
614 4408 753 4478 enim
787 4438 891 4477 non
931 4432 1164 4478 estesse
1194 4419 1491 4483 εοηειὶιιιίι,
1531 4426 1583 4471 ει
1623 4416 1737 4469 iure
1778 4424 1857 4469 est
1897 4413 2023 4465 falsa

444 4516 745 4571 affirmatio.
789 4515 855 4569 Et
892 4515 1031 4583 quod
1062 4521 1307 4576 estesse,
1342 4518 1398 4563 ut
1430 4508 1472 4561 si
1504 4508 1623 4577 quis
1651 4506 1812 4567 dicat,
1842 4502 2026 4556 Omnis

2110 3310 2165 3353 et
2194 3299 2293 3353 hoc
2321 3296 2511 3365 aliquis
2542 3301 2695 3365 neget
2727 3293 2947 3347 dicens:
2972 3291 3274 3347 Alexander
3301 3289 3554 3345 Helenam
3587 3304 3691 3342 non

2110 3390 2308 3459 rapuit,
2342 3387 2591 3459 quoniam
2638 3382 2947 3443 Alexander
2987 3383 3315 3451 mquivocum
3359 3394 3550 3433 nomen
3591 3387 3690 3441 est,

2112 3490 2285 3552 potest
2339 3491 2619 3547 utrumque
2673 3490 2793 3534 esse
2855 3489 3069 3541 verum,
3128 3484 3182 3529 et
3232 3470 3471 3547 negatio,
3530 3470 3574 3525 si
3628 3469 3695 3525 de

2112 3572 2421 3631 Alexandro
2442 3572 2630 3642 Magno
2662 3569 2995 3639 quuatur,et
3014 3568 3315 3632 affirmatio,
3330 3567 3371 3619 si
3390 3565 3455 3619 de
3468 3565 3695 3618 Alexan-

2115 3666 2214 3721 dro
2239 3665 2470 3736 Trojano
2501 3670 2782 3734 proponat.
2808 3663 2982 3729 Quare
3011 3675 3116 3714 non
3149 3669 3272 3714 sunt
3302 3658 3385 3711 lite
3412 3655 3694 3726 oppositae.

2112 3758 2239 3843 illas
2261 3768 2437 3813 autem
2465 3768 2585 3811 esse
2618 3753 2749 3809 dicit
2787 3752 3077 3823 oppositas,
3106 3763 3431 3821 quaecunque
3460 3745 3697 3817 ejusdem

2117 3840 2386 3919 praediciti
2419 3846 2615 3900 habent
2640 3844 3028 3912 appositionem
3056 3842 3123 3897 de
3144 3842 3329 3896 eodem
3354 3840 3617 3909 subjecto,
3643 3846 3697 3890 ut

2120 3938 2188 3992 ibi
2223 3938 2363 3991 nulla
2393 3937 2738 4005 :cquivocatio
2760 3930 3083 3987 diversitatis
3124 3946 3279 3984 causa
3307 3931 3404 3996 sit;
3431 3930 3532 3985 hoc
3562 3927 3699 3983 enim

2120 4039 2203 4085 est
2227 4028 2368 4097 quod
2403 4028 2471 4079 ait
2501 4044 2513 4080 :
2550 4028 2673 4079 Dico
2713 4034 2887 4077 autem
2916 4022 3107 4091 apponi
3140 4020 3374 4089 ejusdem
3400 4021 3467 4073 de
3488 4020 3697 4097 eodem.

2122 4118 2238 4173 Non
2264 4129 2437 4171 autem
2472 4116 2763 4183 :equivocc,
2796 4124 2853 4168 ut
2883 4112 3119 4181 ejusdem
3150 4110 3413 4181 prtedit-ati
3447 4096 3516 4161 sit
3540 4125 3701 4177 nppo~
3740 4138 3747 4145 -

2125 4205 2330 4267 sitio'in
2371 4208 2670 4280 negatione,
2704 4208 2791 4278 qui
2834 4206 2930 4261 fuit
2970 4207 3021 4259 in
3054 4203 3437 4268 affirmatione,
3464 4211 3517 4255 et
3542 4203 3609 4254 de
3636 4217 3702 4255 eo

2125 4307 2365 4376 subjecto
2394 4305 2483 4358 ﬁat
2517 4306 2745 4373 negatio,
2770 4302 2834 4355 de
2862 4314 2966 4371 quo
2994 4309 3115 4354 ante
3144 4297 3277 4352 facta
3302 4306 3382 4350 est
3404 4295 3702 4350 affirmatio.

2127 4396 2231 4451 Sed
2274 4393 2575 4464 diligentius
2620 4393 2735 4447 inec
2776 4393 2829 4467 in,
2869 4390 3005 4446 libro
3053 4405 3208 4459 quem
3251 4390 3365 4463 Περὶ
3408 4392 3705 4460 σοφιστικῶν

2131 4488 2351 4561 ἐλέγχων
2396 4484 2636 4538 inscribit
2681 4482 2963 4546 edisserit;
3008 4481 3114 4534 illic
3141 4480 3282 4533 enim
3326 4477 3705 4545 sepltislarum,

445 4610 607 4665 homo
634 4609 826 4663 animal
864 4567 963 4660 eS'L
994 4606 1143 4672 Qum]
1181 4567 1320 4659 εηίπέ,
1363 4611 1463 4666 ρει,
1496 4567 1614 4654 ρξεε
1644 4598 1943 4662 conﬁrmat,
1974 4603 2027 4649 ει
2054 4607 2110 4667 D
2130 4592 2265 4647 quos
2287 4577 2498 4629 fallaces
2520 4570 3184 4641 argnntentatoresLatine
3204 4581 3484 4637 possumus
3506 4567 3705 4631 dicere,

443 4701 560 4757 hinc
583 4710 663 4755 est
694 4699 979 4753 affirmatio
1014 4713 1161 4750 vera.
1198 4695 1263 4748 Et
1303 4692 1442 4763 quod
1482 4707 1586 4745 non
1615 4698 1715 4755 est,
1746 4703 1850 4741 non
1882 4700 2021 4752 esse,

443 4800 501 4847 ut
530 4792 572 4846 si
599 4792 718 4861 quis
744 4790 906 4853 dicat,
948 4787 1133 4842 Nullus
1163 4786 1296 4856 lapis
1331 4781 1526 4837 animai
1570 4790 1671 4836 est.
1702 4777 1851 4846 Quod
1883 4777 2023 4830 enim

444 4898 548 4937 non
575 4890 677 4947 est,
713 4897 816 4934 non
846 4894 965 4933 esse
993 4876 1286 4948 proposuit,
1312 4884 1366 4929 et
1393 4872 1505 4927 haec
1528 4862 1611 4926 εει
1640 4885 1760 4923 vera
1793 4866 2021 4937 negatio.

446 4974 509 5030 Et
542 4991 645 5029 non
676 4973 846 5028 solum
882 4971 981 5025 hoc
1011 4970 1064 5025 in
1098 4967 1345 5038 prmsenti
1375 4978 1633 5032 tempore,
1664 4960 1756 5016 sed
1794 4960 1934 5012 circa
1963 4971 2025 5011 ea

445 5082 655 5136 quoque
696 5081 813 5134 quae
852 5074 1044 5133 praeter
1081 5075 1317 5132 praesens
1346 5066 1471 5112 sunt
1509 5066 1765 5123 tempora.
1799 5051 1910 5104 iioc
1935 5063 2030 5101 au-

447 5167 552 5213 tem
586 5167 787 5211 tantum
843 5156 985 5209 valet
1027 5168 1089 5207 ac
1133 5153 1179 5206 si
1219 5152 1439 5216 diceret,
1485 5148 1584 5200 hoc
1628 5159 1733 5200 non
1772 5140 1930 5197 modo
1977 5139 2029 5192 in

447 5248 695 5319 praesenti
748 5258 986 5315 tempore
1033 5246 1102 5299 ita
1142 5240 1409 5299 enuntiari
1460 5247 1654 5309 potest,
1697 5246 1752 5290 ut
1797 5235 1865 5290 sit
1906 5246 2030 5287 vera
2059 5275 2083 5307 ,

444 5343 687 5410 falsaque
718 5342 948 5409 negatio,
979 5348 1033 5393 et
1073 5352 1256 5391 rursus
1286 5349 1415 5388 vera
1457 5331 1694 5399 falsaque
1724 5325 2028 5390 afﬁrmatio,

444 5439 540 5492 sed
570 5437 730 5489 etiam
762 5434 812 5485 in
846 5432 1168 5501 prreteritum
1199 5441 1251 5483 et
1284 5429 1539 5489 futurum,
1576 5437 1691 5491 qua:
1723 5430 1869 5474 extra
1899 5432 2032 5485 prat-

446 5540 575 5581 sens
618 5534 859 5589 tempora
901 5533 1045 5575 sunt.
1076 5521 1334 5575 Similiter
1364 5518 1559 5573 etenim
1597 5527 1755 5567 omne
1810 5510 2029 5579 contigit

444 5620 589 5690 quod
641 5616 933 5669 affirmatur
980 5626 1199 5678 negare,
1244 5620 1297 5664 et
1336 5606 1474 5677 quod
1526 5613 1747 5674 negatur
1788 5600 1854 5655 ab
1902 5600 2022 5666 alio,

444 5713 609 5769 alium
649 5722 837 5763 rursus
876 5704 1169 5759 affirmare.
1218 5701 1368 5769 Quod
1400 5700 1443 5754 si
1472 5699 1614 5755 omni
1646 5694 1853 5750 veritati
1887 5692 2028 5747 falsi-

417 5789 527 5865 "tas
547 5798 856 5874 opponitur,
886 5796 1031 5871 omni
1062 5794 1220 5851 etiam
1255 5792 1462 5850 falsitati
1490 5791 1711 5852 veritas;
1732 5778 1827 5843 est
1852 5792 2026 5841 autem

2134 4667 2219 4736 qui
2250 4682 2341 4735 per
2369 4661 2667 4733 hujusmodi
2707 4662 3097 4731 propositiones
3125 4674 3242 4729 qua:
3274 4673 3453 4711 verum
3487 4659 3624 4709 inter
3650 4668 3708 4711 se

2132 4758 2427 4829 falsumque
2454 4772 2557 4810 non
2586 4754 2848 4820 dividunt,
2884 4751 3168 4806 mendaces
3191 4749 3446 4818 colligunt
3470 4748 3710 4820 syIIOgis-

2133 4869 2269 4918 mus,
2305 4857 2612 4921 argumenta
2648 4846 2908 4907 distinxit,
2939 4844 3130 4914 quibus
3158 4858 3347 4911 capere
3388 4841 3710 4911 responden-

2136 4954 2240 4999 tem
2282 4953 2440 5012 atque
2490 4942 2761 4995 innectere
2802 4946 3213 4992 consueverunt.
3262 4936 3397 5002 Ergo
3440 4948 3578 4987 nunc
3616 4933 3712 4987 hoc

2141 5036 2268 5091 dicit
2290 5035 2449 5090 etiam
2474 5033 2561 5088 illa
2584 5044 2701 5087 esse
2727 5028 3057 5085 observanda
3085 5043 3202 5095 ιμιεε
3224 5035 3407 5080 contra
3432 5036 3713 5091 argumen-

2141 5140 2316 5186 torum
2369 5125 2817 5195 importunitatem
2865 5120 3211 5175 determinata
3254 5124 3392 5168 sunt.
3424 5114 3552 5178 Qua:
3589 5127 3712 5166 vero

2138 5225 2245 5275 sint
2276 5219 2386 5281 illa,
2415 5215 2634 5269 dicenda
2664 5228 2691 5265 a
2722 5228 2805 5266 tne
2836 5210 3084 5266 secundae
3126 5204 3373 5264 editionis
3412 5211 3585 5257 textus
3616 5216 3704 5257 ex-

2137 5322 2359 5385 spectet.

2170 5474 2173 5475 ν
2212 5414 2466 5481 Quoniam
2496 5419 2663 5462 autem
2692 5411 2807 5460 sunt
2834 5404 2937 5457 lure
2966 5402 3163 5472 quidem
3188 5411 3357 5452 rerum
3380 5394 3713 5463 universalia,

2136 5506 2226 5559 illa
2266 5520 2378 5557 vero
2419 5499 2722 5570 singularia.
2774 5496 2901 5549 Dico
2942 5500 3111 5546 autem
3153 5487 3453 5552 universale,
3486 5487 3617 5555 quod
3654 5486 3715 5540 de

2134 5598 2366 5670 pluribus
2394 5605 2564 5645 natum
2587 5600 2658 5642 εει
2689 5584 2975 5656 praedicari,
3007 5581 3265 5652 singulare
3292 5595 3406 5634 vtro
3427 5577 3564 5651 quod
3592 5592 3711 5640 non,
3734 5618 3737 5621 γ

2136 5702 2211 5755 ut,
2242 5691 2390 5742 homo
2417 5685 2617 5755 quidem
2660 5679 2939 5733 universale
2957 5683 3050 5745 est,
3080 5672 3234 5730 Plato
3263 5689 3377 5728 vero
3406 5689 3575 5728 eorum
3604 5684 3716 5744 qua

2136 5783 2416 5853 singularia
2448 5786 2579 5832 sunt.
