4280 6268
422 378 519 436 Ml

1169 376 1231 432 IN
1271 371 1524 432 LIBRUM
1566 371 1652 428 DE
1692 361 2338 429 INTERPBETATIONE
2376 369 2605 432 EDITIO
2644 375 2876 432 PRIMA.

3591 370 3693 430 δίε

424 499 568 566 Ergo
604 508 778 566 neque
803 492 1101 564 superiores
1130 491 1482 556 universales,
1518 503 1689 558 neque
1728 487 2012 544 inferiores
2039 494 2092 553 Α
2115 491 2255 561 quod
2278 492 2479 547 addidit
2499 493 2702 555 omnis;
2727 493 2865 562 quod
2887 492 2931 548 si
2956 506 3137 547 rursus
3158 488 3319 558 dicat,
3336 492 3514 548 nullus
3532 493 3694 549 homo

424 586 775 657 particulares
817 583 1075 653 opposita:
1117 589 1259 649 sunt,
1304 581 1501 635 idcirco
1541 577 1680 649 quod
1722 576 2001 634 inferiores

426 656 643 749 quidem
688 684 925 744 utrmque
975 688 1137 738 verae,
1187 674 1492 740 superiores
1538 678 1715 724 autem
1766 656 2003 737 utraeque

428 772 578 826 falsa:
600 784 718 825 esse
743 775 981 838 possunt.
1009 766 1146 821 Sunt
1170 774 1345 820 autem
1371 762 1627 834 opposita:
1647 762 2005 817 contradicto-

427 862 521 916 ria:
545 866 622 929 (ut
643 862 751 929 ipse
775 858 868 925 ait)
902 857 947 911 si
973 856 1091 925 quis
1114 855 1335 924 aspiciat
1358 852 1662 923 angulares,
1690 862 1747 905 ut
1774 850 2008 905 afﬁrma-

428 954 625 1006 tionem
644 950 993 1004 universalem
1010 946 1313 1017 particulari
1335 952 1611 1014 comparet
1634 942 1926 1012 negatioui,
1950 949 2010 995 ut

425 1056 508 1103 est
562 1045 744 1100 Oumis
775 1045 935 1097 homo
957 1041 1134 1111 justus
1161 1052 1267 1107 est,
1298 1039 1515 1109 quidam
1542 1039 1702 1092 homo
1712 1037 2007 1105 justusnon

420 1148 531 1199 est;
565 1138 647 1192 ha:
694 1137 837 1191 enim
874 1149 1045 1203 neque
1089 1148 1229 1187 vera:
1275 1139 1497 1201 possunt
1542 1128 1796 1191 inveniri,
1836 1141 2009 1196 neque

418 1231 591 1292 falsae,
620 1228 713 1283 sed
756 1228 809 1282 in
840 1226 1089 1281 omnibus
1125 1241 1228 1278 una
1264 1239 1391 1279 vera
1425 1231 1529 1286 est,
1563 1222 1728 1275 altera
1760 1218 1907 1273 falsa.
1940 1216 2011 1271 Et

418 1335 608 1375 rursus
648 1319 692 1373 si
732 1318 1050 1373 universalis
1081 1315 1289 1384 negatio
1329 1311 1634 1383 particulari
1666 1307 2007 1363 alﬁrtnationi

418 1421 783 1482 comparetur,
806 1409 1145 1478 reperiuntur
1165 1407 1423 1476 opposita:
1451 1421 1463 1456 :
1490 1414 1547 1458 ut
1574 1413 1676 1466 est,
1704 1400 1888 1454 Nullus
1912 1399 2004 1452 ho-

420 1520 511 1559 mo
530 1506 705 1573 justus
727 1512 841 1567 est,
864 1499 1079 1570 quidam
1106 1498 1267 1552 homo
1284 1496 1459 1565 justus
1481 1506 1585 1550 est.
1615 1494 1840 1560 Semper
1862 1491 2003 1545 enim

424 1613 529 1651 una
564 1611 689 1650 vera
721 1604 821 1656 est,
852 1593 1018 1646 altera
1052 1590 1206 1644 falsa.
1243 1591 1303 1642 Et
1336 1590 1435 1641 hoc
1465 1588 1515 1640 in
1546 1582 1872 1654 quibuslibet
1900 1592 2005 1636 ter-

424 1686 585 1740 minis
632 1685 678 1739 si
705 1685 964 1752 despexer
985 1696 1033 1748 ε,
1071 1680 1242 1734 oratio
1279 1689 1460 1731 nostra
1514 1692 1618 1728 non
1654 1672 1999 1741 discrepabit.

428 1780 505 1834 Sit
534 1789 709 1835 autem
734 1777 1040 1847 plenissima
1066 1774 1165 1827 hoc
1194 1771 1352 1825 modo
1381 1768 1691 1837 descriptio.

1295 1956 1502 2019 Negatiu
1527 1952 1790 2001 universali

608 1968 868 2018 Allirmatio
886 1960 1171 2014 universalis

704 2313 789 2384 ‘mo
808 2282 973 2389 tullus
1134 2304 1209 2353 ria
1415 2300 1497 2340 mo
1520 2266 1686 2376 ιιιίιικς

716 2383 799 2496 ψ,
1420 2374 1509 2438 cfl‘.

677 2078 781 3291 ἰ
946 2082 1709 3315 ἑο,
1283 2500 1356 2574 ἐφ

822 2712 857 2757 ⁸
1064 2715 1174 2779 ,κάν
1193 2695 1279 2774 ἦεν

1036 2775 1107 2833 ΩΟ
1261 2770 1360 2861 φλρ

736 3023 818 3061 me
837 2994 1004 3092 wﬂus
1113 3022 1271 3079 ωτι.
1429 3020 1509 3061 mo
1536 2992 1712 3090 «(tua

729 3095 815 3164 οέὶ
1416 3092 1625 3195 τιοῐιςιῖ
1765 3124 1769 3126 ·

500 3467 636 3523 Sunt
665 3478 792 3534 ergo
820 3459 1294 3518 determinationes
1316 3494 1331 3520 ,
1374 3451 1752 3508 universalium
1791 3450 2004 3518 quidem

433 3561 605 3618 omnis
630 3568 684 3615 et
708 3558 886 3612 nullus
911 3596 927 3615 ,
973 3550 1373 3625 particularium
1417 3561 1546 3601 vero
1571 3586 1586 3613 ,
1618 3542 1853 3614 quidam.
1901 3541 2007 3595 Illae

434 3666 609 3711 autem
655 3651 1046 3724 propositiones
1076 3661 1195 3715 qua:
1244 3656 1418 3711 neque
1459 3638 1763 3693 universale
1812 3633 2010 3688 habent

435 3745 702 3812 additum,
732 3756 902 3811 neque
940 3736 1261 3810 particulare
1281 3776 1297 3801 ,
1328 3729 1617 3786 indeﬁnita:
1647 3733 1927 3787 vocantur,
1956 3729 2012 3777 et

436 3835 838 3908 particularibus
866 3831 1070 3887 similes
1094 3835 1242 3892 sunt,
1274 3833 1334 3879 ut
1363 3830 1474 3887 est,
1510 3821 1681 3876 llomo
1703 3818 1877 3888 justus
1902 3824 2006 3882 est,

440 3933 601 3986 homo
638 3929 809 3998 justus
848 3940 952 3980 non
991 3930 1089 3978 est.
1147 3920 1380 3985 Possunt
1417 3916 1562 3970 enim
1605 3921 1846 3981 utraeque
1889 3922 2011 3964 esse

444 4031 606 4086 verte,
633 4018 761 4073 utin
784 4018 885 4072 hoc
903 4015 1018 4085 ipso
1045 4009 1290 4080 exemplo
1315 4005 1459 4079 quod
1484 4004 1731 4066 dicimus,
1757 4010 1814 4057 et
1836 4007 2014 4070 potest

441 4126 546 4167 una
584 4124 705 4166 esse
746 4122 895 4176 vera,
925 4106 1094 4161 altera
1136 4104 1264 4159 falsa
1288 4142 1305 4168 ,
1346 4109 1443 4165 ut,
1482 4097 1657 4153 Homo
1683 4092 1882 4150 animal
1905 4100 2010 4158 est,

437 4204 601 4259 homo
627 4200 825 4256 animal
855 4213 960 4255 non
994 4204 1117 4262 est;
1167 4207 1407 4264 utraeque
1445 4205 1574 4246 vero
1605 4197 1664 4243 ut
1693 4186 1836 4242 falsa:
1864 4194 2010 4250 sunt,

437 4311 542 4353 non
580 4301 756 4365 potest
783 4289 1040 4356 inveniri,
1074 4297 1128 4344 et
1163 4287 1246 4341 hae
1286 4286 1363 4357 (ut
1394 4284 1592 4339 dictum
1621 4279 1724 4349 est)
1756 4285 2016 4333 vocantur

436 4385 742 4443 indeﬁnitaa.
772 4382 975 4438 Praeter
1001 4381 1099 4435 has
1124 4387 1301 4433 autem
1333 4389 1520 4431 omnes
1543 4372 1841 4443 singulares
1865 4377 2013 4436 sunt,

440 4477 494 4535 in
521 4477 709 4548 quibus
735 4474 1091 4532 contradictio
1122 4479 1298 4542 potest
1326 4467 1584 4533 inveniri,
1612 4473 1669 4520 ut
1699 4465 1751 4519 in
1781 4478 1845 4519 eo
1872 4461 2015 4533 quod

439 4578 561 4638 est,
606 4570 857 4624 Socrates
892 4564 1090 4620 animal
1120 4572 1235 4632 est,
1266 4562 1515 4618 Socrates
1544 4557 1739 4613 animal
1770 4570 1873 4609 non
1909 4560 2014 4619 est,

2109 583 2307 638 animal
2336 593 2441 649 est,
2473 583 2663 638 eodem
2694 584 2855 637 modo
2886 585 3238 640 universalem
3274 585 3542 640 hominem
3573 587 3693 640 uni~

2107 674 2389 729 versaliter
2418 674 2662 729 enuntiat
2688 690 2781 743 per
2830 674 2880 728 id
2927 676 3068 744 quod
3115 676 3208 742 ait,
3245 676 3457 746 Nullus,
3491 688 3544 731 et
3572 689 3695 734 sunt

2112 766 2416 819 contrariae.
2448 766 2590 833 Quas
2612 775 2789 819 autem
2813 765 2954 819 dicat
2976 780 3096 821 esse
3117 769 3431 832 contrarias,
3454 768 3694 836 subjecto

2111 854 2350 910 declarat
2375 857 2651 926 exemplo.
2694 857 2819 912 Dico
2847 866 3025 911 autem
3058 857 3110 911 in
3140 858 3427 914 universali
3452 863 3694 916 enuntia-

2113 948 2311 1002 tionem
2330 947 2711 1012 universalem,
2731 957 2809 1013 ut,
2838 948 3023 1001 Omnis
3044 948 3370 1014 homoalhus
3393 961 3495 1019 est,
3516 952 3694 1007 nullus

2113 1037 2276 1092 homo
2304 1038 2456 1095 albus
2485 1051 2600 1106 est;
2636 1057 2739 1096 una
2773 1042 3035 1110 siquidem
3064 1051 3147 1096 est
3176 1041 3457 1096 afﬁrmatio
3486 1047 3692 1101 uniier-

2112 1130 2258 1195 salis,
2284 1132 2448 1186 altera
2474 1134 2684 1201 negatio
2708 1134 3047 1197 universalis,
3073 1147 3204 1203 quas
3230 1136 3525 1189 contrarias
3573 1153 3692 1193 esse

2112 1238 2273 1291 supra
2303 1226 2353 1279 in
2386 1225 2750 1296 descriptione
2798 1228 3100 1283 docuimus.
3150 1228 3376 1296 Quando
3419 1239 3596 1285 autem
3639 1231 3692 1286 iu

2112 1316 2505 1389 universalibus
2535 1332 2637 1373 non
2672 1320 3071 1383 universaliter,
3103 1335 3207 1374 non
3234 1329 3357 1375 sunt
3386 1322 3689 1377 contrariae.

2111 1408 2329 1474 Quoties
2360 1420 2556 1475 autem,
2588 1412 2780 1483 inquit,
2806 1412 3093 1467 indeﬁnite:
3123 1422 3248 1467 sunt
3277 1413 3688 1483 propositiones,

2107 1513 2163 1557 et
2192 1504 2565 1559 universaliter
2594 1504 2891 1561 universale
2920 1522 3022 1561 non
3051 1507 3380 1576 propellitur,
3410 1508 3692 1564 contrariae

2109 1610 2214 1649 non
2246 1605 2389 1659 sunt,
2422 1612 2482 1651 ea
2516 1596 2657 1651 enim
2688 1597 2974 1653 aflirmatio
3001 1615 3120 1673 qua:
3148 1599 3297 1663 dicit,
3330 1600 3489 1654 homo
3513 1599 3690 1668 justus

2104 1695 2209 1750 est,
2230 1695 2281 1739 et
2307 1702 2424 1755 qua:
2454 1687 2603 1752 dicit,
2631 1687 2789 1741 homo
2814 1689 2990 1756 justus
3022 1705 3126 1744 non
3160 1699 3263 1755 est,
3288 1690 3555 1744 contraria
3585 1706 3689 1747 non

2103 1787 2204 1832 est.
2240 1778 2467 1832 Possunt
2497 1781 2641 1833 enim
2673 1790 2913 1852 utraeque
2960 1783 3117 1837 simul
3167 1797 3286 1838 esse
3335 1799 3510 1848 verae.
3544 1793 3598 1838 et
3635 1778 3688 1839 in

2038 1881 2086 1940 Β
2112 1870 2330 1935 eodem,
2377 1872 2425 1924 id
2458 1882 2537 1925 est
2571 1872 2813 1939 homine,
2856 1874 2995 1943 quod
3035 1858 3414 1930 iit-contrariis
3447 1875 3557 1930 ﬁeri
3591 1875 3691 1931 im-

2116 1960 2364 2027 possible
2392 1972 2493 2018 est.
2534 1962 2685 2030 Quod
2717 1980 2844 2019 vero
2870 1966 3105 2031 addidit,
3136 1983 3255 2036 qua:
3283 1976 3458 2022 autem
3488 1968 3691 2038 signiti-

2112 2064 2300 2108 cantur
2329 2065 2412 2107 est
2440 2069 2559 2108 esse
2589 2057 2882 2121 contraria,
2909 2058 3010 2111 tale
3038 2058 3292 2127 estzipsa:
3322 2059 3535 2127 quidem
3568 2076 3691 2127 pro-

2113 2146 2407 2212 positiones
2459 2147 2743 2201 contrarize
2793 2162 2897 2201 non
2954 2159 3097 2215 sunt,
3160 2148 3460 2218 signiﬁcant
3515 2159 3691 2205 tamen

2113 2235 2397 2304 aliquando
2424 2236 2713 2290 contraria.
2755 2235 2810 2290 Si
2840 2239 2959 2305 quis
2986 2238 3130 2291 enim
3156 2236 3318 2301 dicat,
3353 2240 3512 2292 homo
3541 2238 3692 2294 albus

2112 2334 2217 2391 est,
2245 2334 2299 2380 et
2326 2327 2464 2381 alius
2492 2335 2670 2396 neget,
2696 2326 2855 2382 homo
2882 2328 3035 2382 albus
3068 2344 3170 2382 non
3200 2339 3302 2393 est,
3330 2330 3456 2399 ipsa:
3481 2332 3693 2399 quidem

2114 2416 2398 2471 contraria:
2427 2433 2534 2473 non
2565 2425 2707 2473 sunt.
2737 2417 2890 2486 Quod
2915 2428 3088 2473 autem
3120 2419 3333 2487 dicitur,
3359 2421 3516 2477 homo
3542 2422 3693 2480 albus

2113 2521 2220 2559 non
2249 2515 2353 2573 est,
2381 2518 2557 2576 potest
2585 2508 2833 2578 quiddam
2866 2508 3163 2579 signiﬁcare
3188 2512 3531 2567 contrarium.
3563 2511 3693 2570 Nam

2112 2595 2357 2665 designat
2386 2597 2488 2652 hoc
2512 2599 2653 2668 quod
2694 2598 2920 2668 dicitur,
2954 2600 3114 2655 homo
3158 2601 3308 2657 albus
3343 2618 3447 2657 non
3494 2614 3575 2659 est
3597 2646 3611 2669 ,
3644 2596 3695 2661 et

2113 2685 2263 2740 rubri
2291 2687 2487 2743 (oloris
2516 2704 2635 2744 esse
2665 2698 2717 2744 et
2748 2689 2959 2759 pallidi,
2992 2699 3046 2746 et
3076 2691 3229 2758 fusci,
3262 2694 3505 2763 designat
3532 2695 3694 2750 etiam

2114 2777 2270 2847 nigri,
2295 2778 2433 2848 quod
2462 2788 2543 2834 est
2561 2780 2683 2834 albo
2708 2784 3057 2835 contrarium.
3083 2780 3265 2837 Potest
3294 2782 3453 2852 igitur
3475 2784 3525 2838 id
3556 2784 3695 2855 quod

2113 2885 2223 2923 non
2268 2881 2351 2924 est
2396 2870 2573 2924 album
2615 2885 2735 2926 esse
2778 2872 3007 2940 nigrum.
3052 2872 3192 2942 Ergo
3221 2888 3522 2944 quanquam
3568 2876 3695 2944 ipsa:

2113 2961 2399 3016 contraria:
2436 2976 2541 3016 non
2587 2970 2751 3027 sunt,
2786 2970 2961 3018 tamen
3002 2972 3179 3033 potest
3220 2964 3506 3033 aliquando
3557 2965 3696 3035 quod

2114 3052 2252 3107 dixit
2279 3053 2604 3108 contrarium
2625 3054 2948 3128 signiﬁcare,
2980 3055 3141 3124 priori
3172 3054 3536 3125 afﬁrmationi,
3566 3066 3620 3111 ut
3646 3058 3697 3113 in

2112 3157 2179 3199 eo
2191 3143 2330 3213 quod
2349 3144 2601 3198 diximus.
2624 3144 2753 3199 Nam
2770 3145 2812 3198 si
2833 3144 2885 3199 id
2907 3146 3047 3215 quod
3065 3145 3282 3213 dicitur,
3303 3162 3407 3201 non
3430 3157 3511 3202 est
3539 3148 3698 3203 homo

2038 3278 2083 3334 (Δ
2113 3234 2287 3334 albus,
2310 3236 2517 3305 nigrum
2544 3250 2663 3291 esse
2690 3235 2955 3306 designet,
2978 3237 3227 3307 quoniam
3259 3238 3301 3291 is
3327 3240 3418 3308 qui
3447 3240 3596 3310 niger
3617 3249 3698 3297 est

2112 3327 2267 3381 albus
2295 3343 2398 3381 non
2430 3337 2514 3382 est
2539 3368 2553 3393 ,
2601 3328 2884 3382 contraria:
2913 3329 3127 3399 quidem
3166 3332 3560 3401 proposuiones
3592 3346 3698 3388 non

2109 3428 2269 3485 sunt,
2300 3423 2548 3489 quoniam
2579 3430 2798 3489 possunt
2826 3435 2945 3476 esse
2974 3432 3214 3492 utrmque
3245 3439 3403 3479 verre.
3447 3425 3576 3492 Quae
3605 3440 3700 3480 an-

2115 3524 2223 3568 tem
2255 3514 2653 3583 signiﬁcantur.
2703 3514 2973 3569 interdum
3021 3518 3287 3572 contraria
3338 3518 3699 3588 reperiuntur;

2112 3619 2233 3671 qua:
2255 3615 2434 3658 autem
2456 3604 2561 3658 sint
2584 3604 2887 3675 hujusmodi
2917 3608 3313 3687 propositiones
3334 3609 3701 3679 exemplorum

2115 3696 2450 3763 subjectioue
2480 3697 2816 3753 monstravit.

2186 3797 2318 3851 Dico
2353 3809 2519 3852 autem
2564 3815 2665 3852 non
2708 3800 3065 3854 universaliter
3094 3803 3359 3856 enuntiare
3394 3802 3456 3856 de
3483 3802 3563 3856 his
3591 3816 3702 3872 quia

2113 3900 2233 3943 sunt
2255 3893 2580 3959 universalia,
2607 3904 2661 3946 ut
2687 3906 2759 3947 est
2779 3894 2927 3947 albus
2947 3896 3120 3961 homo,
3145 3912 3245 3949 non
3267 3907 3338 3950 est
3365 3897 3509 3949 albus
3531 3899 3701 3950 homo.

2190 3983 2256 4036 Et
2289 3983 2429 4051 quod
2457 3985 2602 4038 dicat
2632 4000 2752 4038 esse
2792 3984 3095 4039 universale
3123 4026 3138 4048 ,
3184 4002 3288 4039 non
3334 3988 3703 4041 universaliter

2116 4075 2430 4143 praedicare,
2464 4076 2770 4143 planissime
2808 4076 3191 4129 demonstravit
3218 4075 3402 4130 dicens
3437 4095 3448 4128 :

2187 4167 2315 4222 Cum
2340 4170 2470 4221 enim
2500 4168 2782 4222 universale
2807 4169 2869 4221 sit
2898 4168 3070 4235 homo,
3100 4185 3202 4223 non
3231 4169 3582 4222 universaliter
3602 4172 3703 4223 uti-

2118 4271 2202 4315 tur
2228 4261 2604 4316 enuntiatione.
2641 4260 2819 4314 Omnis
2859 4276 3079 4332 namque
3105 4277 3205 4317 non
3238 4261 3519 4316 universale
3545 4260 3704 4332 signi-

2116 4356 2258 4422 ﬁcat,
2283 4354 2371 4407 sed
2394 4354 2634 4424 quoniam
2661 4353 3037 4407 universaliter.

2188 4453 2319 4507 Nam
2356 4454 2408 4507 id
2439 4453 2580 4524 quod
2612 4452 2806 4506 dicitur
2845 4453 3020 4506 omnis
3041 4494 3056 4517 ,
3091 4450 3219 4505 illud
3251 4449 3314 4503 ad
3344 4449 3484 4518 quod
3515 4447 3704 4519 prmdi~

2116 4554 2269 4599 eatur
2296 4545 2517 4614 colligit,
2548 4553 2710 4613 atque
2738 4543 2789 4597 in
2822 4560 2984 4597 unum
3016 4557 3211 4612 corpus
3234 4541 3470 4606 adducit,
3505 4551 3562 4595 ut
3586 4555 3705 4598 eum

440 4632 687 4718 Socrates
709 4660 885 4730 justus
909 4666 1022 4724 est,
1050 4656 1300 4713 Socrates
1324 4653 1501 4722 justus
1528 4658 1763 4705 non-est.
1807 4647 1939 4702 Nam
1969 4645 2015 4701 si
2044 4669 2099 4730 Ι)
2123 4636 2340 4701 dicitur,
2372 4637 2545 4689 omnis
2576 4635 2739 4690 homo
2773 4636 2948 4701 justus
2978 4644 3087 4700 est,
3128 4633 3327 4687 nullum
3370 4634 3571 4696 excipit
3614 4632 3707 4684 ho-

439 4757 583 4812 nulla
605 4770 697 4812 eas
724 4752 1075 4824 :equivoeatio
1102 4750 1186 4805 vel
1223 4745 1517 4818 pmdieati,
1542 4744 1627 4801 vel
1657 4741 1903 4812 subjecti,
1934 4740 2018 4795 vel

440 4847 657 4903 alterius
697 4846 981 4915 temporis,
1014 4842 1097 4898 vel
1141 4837 1338 4910 aliquid
1386 4852 1571 4894 eorum
1618 4851 1738 4907 qua:
1782 4833 2021 4901 singulas

440 4939 834 5003 determinant,
867 4934 1161 5006 impediat,
1188 4946 1403 5001 semper
1432 4945 1534 4985 una
1566 4943 1692 4986 vera
1720 4936 1823 4991 est,
1851 4925 2021 4982 altera

440 5033 592 5090 falsa.
620 5034 816 5102 Quare,
842 5029 1096 5101 quoniam
1125 5027 1203 5084 de
1224 5026 1475 5082 omnibus
1500 5025 1558 5079 in
1587 5035 1872 5079 commune
1899 5034 2024 5090 spe-

441 5126 600 5184 culati
634 5139 819 5180 sumus
843 5166 857 5191 ,
900 5130 956 5177 et
982 5119 1106 5191 quid
1146 5132 1371 5190 qumque
1409 5123 1586 5182 esset,
1619 5123 1871 5184 quantum
1903 5110 2025 5166 bre-

440 5217 577 5272 vitas
604 5216 925 5288 patiebatur,
949 5212 1342 5283 expressimus;
1374 5209 1439 5263 ad
1471 5215 1677 5262 textum
1704 5220 1864 5270 nunc,
1889 5216 2025 5273 quo-

440 5310 584 5365 niam
615 5320 824 5379 tempus
853 5316 971 5373 est,
1009 5314 1361 5377 revertamur.
1408 5300 1467 5356 Si
1492 5314 1650 5370 ergo,
1684 5298 1873 5367 inquit,
1904 5296 2024 5351 uni-

439 5400 722 5457 versaliter
763 5399 1006 5454 enuntiet
1041 5398 1096 5453 in
1139 5392 1465 5454 universali,
1507 5390 1757 5461 quoniam
1786 5397 1903 5455 est,
1933 5398 2026 5445 aut

443 5507 554 5548 non
578 5533 593 5555 ,
633 5500 793 5545 erunt
832 5491 1118 5545 contraria
1164 5484 1559 5543 enuntiationes
1583 5523 1599 5549 ,
1655 5480 2028 5537 universaliter

445 5581 593 5637 enim
623 5580 864 5635 enuntiat
891 5579 1083 5648 aliquis
1123 5579 1175 5631 in
1217 5574 1543 5640 universali,
1577 5573 1787 5643 quoties
1813 5574 2027 5628 univer-

445 5676 617 5733 salem
646 5672 1060 5729 afﬁrmationem
1083 5713 1097 5736 ,
1136 5680 1228 5727 aut
1255 5667 1611 5725 universalem
1644 5666 1830 5721 fecerit
1865 5680 2026 5736 nega-

446 5770 671 5825 tionem.
726 5765 857 5821 Cum
900 5763 1043 5818 enim
1085 5763 1257 5828 dicit,
1296 5759 1481 5816 Omnis
1507 5760 1669 5819 homo
1698 5758 1893 5813 animal
1924 5766 2027 5826 est,

450 5858 808 5919 universalem
839 5855 1108 5921 hominem
1133 5855 1498 5915 universaliter
1526 5852 1824 5915 enuntiavit
1852 5852 2026 5928 ρει-,ἰὰ

1900 6006 1905 6013 ι
1949 6006 1953 6011 .
1998 5995 2038 6011 νβ

2126 4729 2345 4783 minem.
2382 4726 2486 4781 Sed
2526 4734 2688 4780 totam
2720 4724 2923 4794 colligit
2953 4723 3360 4790 humanitatem,
3388 4734 3440 4777 et
3474 4724 3529 4777 ﬁt
3556 4724 3622 4777 de
3651 4736 3708 4779 re

2126 4820 2437 4887 universali,
2467 4819 2705 4884 homine,
2739 4816 3044 4889 prazdicatio
3071 4816 3410 4882 universalis,
3437 4832 3557 4872 eum
3579 4816 3709 4871 diei-

2129 4931 2267 4983 mus,
2308 4916 2485 4971 omnis
2520 4916 2702 4970 homo.
2747 4914 2878 4970 Nam
2918 4930 3040 4972 cum
3082 4918 3150 4969 sit
3190 4914 3487 4969 universale
3529 4914 3709 4977 homo,

2130 5011 2255 5067 huic
2279 5010 2567 5065 universali
2596 5009 3048 5067 universalilatem
3077 5010 3460 5080 consigniﬁeat;
3494 5005 3545 5060 id
3570 5005 3709 5073 quod

2131 5103 2343 5158 additur
2372 5102 2567 5172 omnis,
2599 5112 2653 5158 et
2683 5120 2765 5161 res
2799 5103 3115 5160 universalis
3136 5144 3152 5170 ,
3186 5099 3554 5157 universaliter
3580 5113 3710 5166 prae-

2129 5196 2353 5251 dicatur.

2200 5286 2268 5342 In
2299 5304 2356 5343 eo
2385 5305 2501 5344 vero
2528 5288 2667 5360 quod
2706 5288 2989 5343 universale
3027 5286 3351 5357 prwdicatur,
3391 5285 3445 5339 id
3480 5286 3614 5353 quod
3644 5297 3711 5340 est

2130 5380 2483 5436 universaliter
2512 5381 2807 5450 pradicare,
2837 5396 2937 5433 non
2968 5388 3041 5433 est
3070 5394 3264 5433 verum.

2205 5481 2314 5536 Hac
2342 5497 2439 5537 nos
2470 5481 2730 5536 sententia
2773 5494 2930 5549 quem
2972 5480 3036 5532 ad
3083 5479 3258 5532 locum
3304 5476 3714 5532 universalitatis

2134 5571 2633 5627 determinationem
2657 5579 2800 5625 recte
2826 5584 3103 5637 ponamus,
3124 5569 3374 5623 instituit.
3395 5568 3558 5622 Docet
3575 5568 3716 5625 etiim

2136 5681 2350 5736 semper
2379 5666 2532 5719 istam
2572 5663 3020 5717 universalitatem
3055 5704 3069 5727 ,
3112 5678 3269 5729 quam
3309 5662 3575 5716 determiu
3615 5662 3717 5717 tio-

2126 5742 2257 5812 nem
2286 5756 2499 5811 univers
2518 5756 2638 5809 ilem
2665 5769 2934 5821 vocamus,
2959 5754 3024 5808 ad
3053 5752 3352 5824 subjectum
3378 5753 3499 5823 poni
3521 5753 3719 5812 deber.

2139 5850 2421 5907 terminum
2453 5891 2465 5920 ,
2512 5862 2781 5919 nunquam
2822 5846 2888 5906 ad
2927 5845 3296 5920 pradicatum.
3338 5845 3394 5903 Si
3428 5846 3546 5915 quis
3574 5843 3716 5901 enim
