4280 6268
550 336 655 391 525

1747 336 1853 394 ΔΝ.
1893 336 2099 391 usus.
2138 317 2289 393 sev.
2331 335 2548 395 eoeru

3701 340 3806 394 ἴ)ὶό

548 452 628 505 sic
675 451 852 515 dicat,
894 449 1070 504 omnis
1118 447 1281 502 homo
1325 446 1517 503 animal
1549 457 1671 515 εει,
1724 460 1867 506 recte
1915 451 2126 516 dixerit,
2155 455 2213 519 Α
2236 467 2339 507 non
2369 454 2544 509 omnis
2582 452 2743 510 homo
2770 454 2921 511 albus
2955 465 3039 511 εει
3062 495 3091 529 ,ὶ
3125 466 3182 512 ει
3220 455 3434 527 quidam
3465 456 3623 513 homo
3653 457 3804 511 albus

550 548 725 600 omnis
745 545 809 598 ad
833 544 1152 621 subjectum,
1173 541 1223 597 id
1249 552 1332 597 est
1351 543 1414 596 ad
1441 543 1707 599 hominem
1729 562 1953 616 ponens.
1974 548 2127 615 Quod

561 636 602 688 si
642 635 718 687 sic
757 633 934 697 dicat,
969 633 1141 685 omnis
1173 630 1332 686 homo
1361 647 1521 687 omne
1554 635 1749 689 animal
1780 648 1860 690 est
1882 678 1895 702 ,
1935 638 2125 693 falsum

548 723 762 779 discrit.
800 724 937 792 Ergo
965 722 1065 779 hoc
1094 740 1197 778 non
1229 723 1377 791 dicit,
1414 725 1467 778 in
1497 740 1561 778 eo
1594 741 1719 779 vero
1746 729 1886 796 quod
1916 732 2130 785 univer-

548 818 658 869 sale
689 815 1036 883 prmdicatur,
1071 824 1127 868 ut
1153 814 1347 868 animal
1370 814 1443 879 de
1471 815 1711 871 homine.
1746 819 1958 873 Animal
1983 823 2126 875 enim

550 906 849 960 universale
870 918 971 960 est.
1000 906 1073 959 De
1094 908 1234 959 pruni
1257 906 1396 959 enim
1423 905 1635 961 homine
1666 910 2001 976 prmtlicatur,
2023 927 2127 966 non

549 1006 629 1051 est
660 1013 883 1061 verum,
919 996 1018 1051 hoc
1048 996 1220 1066 ipsum
1253 999 1549 1051 universale
1573 1036 1588 1061 ,
1629 1000 1768 1067 quod
1799 1009 1880 1055 est
1909 1004 2124 1069 animal,

554 1090 925 1145 universaliter
951 1089 1257 1159 praedicare.
1284 1098 1340 1143 ut
1360 1090 1585 1153 dicatur,
1614 1106 1774 1145 otnne
1793 1092 1987 1147 animal
2009 1108 2131 1149 esse

552 1186 820 1239 hominem
843 1226 857 1251 ,
890 1200 988 1238 nec
1016 1186 1187 1239 solum
1222 1184 1273 1236 in
1314 1183 1426 1246 his,
1459 1182 1552 1236 sed
1585 1182 1636 1236 in
1665 1184 1811 1239 nulla
1843 1195 1987 1240 recte
2016 1186 2131 1242 ﬁeri

552 1276 908 1330 afﬁrmatione
938 1275 1218 1338 concedit;
1250 1274 1321 1328 ait
1346 1278 1487 1329 enim
1525 1291 1538 1327 :

627 1367 791 1422 Nulla
823 1370 955 1420 enim
995 1368 1263 1437 afﬁrmatio
1302 1383 1417 1420 vera
1457 1370 1583 1435 erit,
1628 1368 1679 1420 in
1719 1364 2132 1438 qua‘uniuersale

552 1461 886 1529 praedicatum
931 1459 1276 1512 universaliter
1322 1450 1659 1527 prwdiretu'r,
1699 1470 1750 1514 ut
1789 1464 1952 1517 omnis
1981 1465 2133 1519 ltonto

553 1562 625 1609 est
653 1570 796 1608 omne
825 1551 1040 1606 animal.

621 1652 732 1706 lloc
761 1662 936 1705 autem
966 1668 1060 1705 cur
1092 1662 1302 1706 eveniat
1329 1693 1341 1713 ,
1368 1655 1563 1721 paucis
1588 1654 1890 1711 absolvam.
1933 1657 2133 1713 Praedi-

552 1757 730 1803 catum
746 1763 956 1814 semper
985 1746 1156 1814 majus
1187 1757 1268 1801 est
1292 1748 1533 1818 subjecto
1555 1748 1636 1803 vel
1662 1763 1895 1812 aequum,
1923 1749 2130 1815 majus:

2231 563 2337 602 non
2367 558 2465 601 εει.

2301 647 2561 701 Contrarie
2597 665 2712 703 vero
2741 652 3071 706 uniuersalem
3111 652 3492 722 a/jirmationem
3523 661 3567 705 et
3609 653 3808 704 univer-

2233 743 2391 795 salem
2421 744 2755 814 negationem,
2780 753 2854 807 ut,
2886 747 3049 797 omnis
3073 746 3222 798 homo
3243 754 3419 816 justus
3444 754 3536 799 est.
3556 744 3809 809 Quocirca

2231 834 2321 886 ltus
2349 836 2547 902 quidem
2588 836 2895 902 impossibile
2936 847 3006 889 est
3039 839 3192 891 simul
3224 854 3331 891 esse
3370 852 3526 890 veras.
3572 835 3667 889 llis
3696 851 3809 888 vero

2232 926 2511 991 oppositas,
2541 926 2783 996 contingit
2811 927 3087 995 aliquando
3110 926 3163 978 in
3184 927 3379 989 eodem,
3411 935 3486 993 ut,
3517 941 3617 979 non
3648 924 3811 978 omnis

2233 1013 2384 1068 homo
2400 1015 2545 1068 albus
2558 1026 2648 1077 est,
2678 1025 2746 1081 et,
2776 1017 2983 1086 quidam
3010 1016 3161 1081 horno
3186 1016 3332 1069 albus
3360 1023 3455 1069 est.

2304 1123 2620 1180 Plenissime
2659 1140 2845 1180 omnes
2884 1127 3193 1197 exsequitur
3241 1116 3473 1193 dicitque
3512 1126 3812 1181 contrarias

2235 1213 2587 1269 universalem
2631 1214 3037 1271 aflirmationem
3065 1260 3080 1285 ,
3110 1226 3164 1269 et
3194 1216 3546 1271 universalcm
3578 1217 3812 1285 negatio-

2237 1319 2378 1358 nem.
2425 1305 2531 1359 llas
2561 1305 2701 1358 enim
2734 1321 2830 1359 nus
2860 1320 3070 1376 quoque
3100 1321 3258 1375 supra
3285 1307 3688 1376 descripsimus.
3717 1306 3814 1360 llic

2236 1412 2365 1451 vero
2388 1412 2525 1450 nunc
2548 1397 2759 1452 easdem
2788 1397 3054 1451 contrarie
3078 1399 3407 1452 demensurat
3435 1398 3649 1467 apponi.
3678 1395 3810 1451 illud

2239 1502 2451 1555 quoque
2478 1487 2718 1552 addidit,
2764 1487 2903 1557 quod
2942 1503 3033 1543 cas
3070 1488 3398 1558 impossibile
3440 1489 3509 1543 sit
3541 1492 3589 1540 in
3628 1486 3818 1543 eodem

2240 1592 2393 1631 veras
2440 1578 2726 1648 aliquando
2763 1579 3033 1648 cognosci.
3081 1578 3211 1634 Nam
3257 1578 3392 1633 sicut
3430 1578 3819 1633 contrariorum

2240 1677 2425 1721 natura
2452 1669 2502 1722 in
2532 1669 2720 1724 eodem
2750 1684 2853 1723 non
2885 1678 3058 1736 potest
3082 1671 3328 1737 inveniri,
3355 1683 3527 1738 neque
3549 1669 3689 1722 enim
3715 1683 3819 1723 uno

2230 1761 2537 1831 eodemque
2570 1770 2808 1830 tempOre
2840 1760 3036 1830 aliquid
3069 1761 3277 1831 nigrum
3312 1769 3393 1814 est
3430 1770 3589 1829 atque
3619 1759 3817 1823 album,

555 1850 613 1893 ut
640 1854 758 1891 cum
788 1837 942 1899 dico,
986 1835 1143 1889 homo
1187 1836 1383 1890 animal
1413 1845 1523 1903 est,
1566 1836 2132 1904 anintal‘prwdicutur,
2166 1843 2183 1904 ]

2272 1854 2320 1907 ic
2343 1869 2553 1922 quoque
2580 1868 2679 1908 nec
2706 1854 2992 1918 cvntrarie,
3021 1862 3079 1906 ut
3105 1862 3341 1919 utrmque
3371 1853 3525 1906 simul
3549 1852 3653 1906 sint
3680 1865 3818 1907 verat

559 1926 717 1980 homo
748 1926 1044 1995 subjicitur.
1098 1925 1201 1978 Sed
1234 1926 1403 1993 majus
1434 1938 1513 1980 est
1545 1928 1744 1981 animal
1778 1928 2012 1982 homine.
2058 1927 2134 1981 De

558 2018 797 2087 pluribus
832 2017 972 2070 enim
1009 2033 1164 2085 quam
1205 2018 1316 2087 ipse
1346 2017 1506 2072 homo
1540 2018 1883 2085 praedicatur.
1932 2016 2135 2072 Rursus

559 2110 759 2179 aequale
781 2119 881 2172 est,
902 2124 1022 2163 cum
1052 2110 1127 2161 sic
1149 2108 1394 2175 d:cimus,
1422 2107 1579 2162 homo
1608 2108 1824 2161 risihilis
1846 2116 1947 2173 est,
1976 2108 2136 2162 homo

558 2200 852 2270 subjectum
883 2209 984 2266 est,
1018 2199 1217 2253 risibile
1252 2198 1614 2267 prtedicatum.
1656 2198 1764 2252 Sed
1794 2182 1959 2253 homo
1978 2205 2136 2265 atque

558 2291 763 2345 risihile
792 2290 1013 2356 mqualia
1043 2299 1184 2355 sunt,
1219 2289 1485 2358 praprium
1519 2304 1747 2359 namque
1772 2303 1853 2343 est
1882 2288 2133 2353 hominis,

557 2380 699 2451 quod
730 2388 811 2434 est
843 2381 1073 2443 risibile,
1103 2390 1161 2434 ut
1190 2388 1366 2435 autem
1402 2379 1579 2434 minus
1609 2380 1952 2450 praedicatum
1990 2379 2138 2431 inve-

561 2474 765 2536 niatur,
804 2488 960 2540 quam
1001 2470 1299 2540 subjectum
1332 2469 1448 2525 fieri
1483 2486 1587 2524 non
1622 2480 1814 2540 potest.
1856 2470 1986 2523 Sive
2012 2484 2140 2538 ergo

560 2564 730 2631 majus
762 2563 829 2616 sit
862 2563 1223 2631 pratdicatum,
1256 2561 1444 2615 falsum
1470 2570 1555 2616 est
1583 2562 1885 2615 universale
1909 2560 2140 2631 adjicere

563 2655 873 2725 praedicata,
898 2664 955 2707 ut
980 2654 1029 2706 in
1057 2669 1122 2707 eo
1147 2653 1283 2717 quod
1314 2653 1429 2721 ipse
1456 2654 1631 2721 posuit
1656 2654 1923 2720 exemplo,
1956 2652 2142 2706 Omnis

562 2744 722 2798 homo
750 2759 907 2797 omne
935 2742 1131 2797 animal
1161 2752 1264 2809 est,
1297 2742 1409 2801 sive
1449 2741 1653 2811 aequale
1687 2742 1777 2807 sit,
1810 2741 2138 2810 superﬂuum

561 2846 673 2902 εει,
704 2844 759 2888 ut
789 2835 830 2889 si
856 2835 974 2905 quis
1005 2833 1082 2888 sic
1111 2834 1284 2899 dicat,
1322 2834 1494 2889 omnis
1527 2834 1718 2903 homo,
1749 2847 1909 2887 omne
1938 2830 2142 2889 tisihile

561 2935 673 2992 est,
705 2941 869 2996 quare
899 2926 1200 2980 universale
1231 2925 1575 2996 prmdicatum
1606 2925 1902 2996 praedicare
1932 2924 2142 2978 univer-

563 3019 743 3072 saliter
776 3033 877 3072 non
910 3026 1113 3088 Opttrlcl
1128 3056 1141 3069 .

638 3140 845 3207 Opponi
872 3140 1041 3208 itaque
1078 3138 1190 3190 dico
1219 3110 1603 3206 aﬁ‘irmationrm
1637 3134 1894 3204 negationi
1934 3139 2141 3185 contra.

2244 1945 2357 1997 fieri
2394 1953 2586 2011 potest.
2619 1944 2769 2011 Quod
2796 1954 2970 1997 autem
3001 1942 3220 2013 adjecit,
3261 1942 3342 1995 his
3370 1956 3496 1995 vero
3524 1942 3819 2009 oppositas,

2241 2037 2499 2105 contingit
2525 2034 2812 2104 aliquando
2840 2036 2890 2089 in
2923 2035 3109 2090 eodem
3135 2076 3150 2101 ,
3183 2031 3558 2103 particularem
3590 2032 3822 2085 affirma-

2241 2128 2440 2183 tionem
2478 2140 2529 2182 et
2572 2128 2946 2199 particularem
2983 2128 3315 2196 negationem
3347 2126 3610 2192 designat.
3657 2123 3823 2179 Parti-

2242 2220 2437 2274 cularis
2465 2234 2691 2289 namque
2722 2220 3007 2273 afﬁrmatio
3038 2218 3330 2273 universali
3356 2217 3621 2288 negatioui
3652 2231 3822 2285 oppo-

2242 2314 2341 2366 sita
2400 2322 2483 2368 est
2534 2313 2949 2367 contradictorie
2980 2354 2995 2376 ,
3055 2311 3388 2381 particularis
3438 2326 3565 2364 vero
3614 2310 3823 2377 negatio

2245 2403 2527 2457 universali
2554 2401 2913 2457 aflirtnatioiti.
2956 2401 3358 2457 Contrariarum
3389 2401 3544 2469 igitur
3566 2398 3849 2467 oppositas

2244 2506 2467 2563 possunt
2512 2497 2563 2549 in
2606 2495 2794 2550 eodem
2827 2510 2967 2551 vene
3012 2494 3295 2564 aliquoties
3343 2492 3609 2558 inveniri,
3652 2491 3706 2546 id
3744 2500 3827 2546 est

2247 2588 2586 2656 particu'aris
2613 2587 2895 2641 affirmatio
2917 2594 2972 2640 et
2996 2584 3325 2654 partcttlaris
3355 2584 3584 2653 negatio,
3611 2598 3747 2638 verre
3771 2590 3827 2638 ut

2245 2678 2356 2732 sint
2375 2679 2657 2748 aliquoties
2685 2679 2798 2733 fieri
2827 2685 3021 2745 potest,
3050 2688 3106 2729 ut
3126 2685 3228 2741 est,
3255 2674 3471 2745 quidam
3500 2673 3657 2729 homo
3678 2673 3828 2727 albus

2246 2779 2351 2837 est,
2379 2770 2592 2842 quidam
2621 2771 2781 2825 homo
2808 2769 2959 2823 albus
2984 2782 3087 2822 non
3119 2776 3220 2832 est,
3245 2778 3485 2838 utraeque
3512 2775 3638 2821 sunt
3664 2780 3825 2821 verae.

2676 2942 2741 2979 os
2772 2938 2990 2979 BEGULIS
3018 2936 3400 2978 orrosrrouuu.
3437 2914 3443 2919 ’

2323 3037 2648 3104 Quaecunque
2673 3036 2829 3106 igitur
2859 3034 3277 3088 contradictiones
3314 3032 3675 3086 uniuersalium
3712 3039 3831 3084 sunt

2246 3128 2618 3196 universaliter,
2648 3145 2848 3185 necesse
2869 3138 2942 3183 est
2968 3128 3182 3181 alterunt
3204 3142 3310 3182 esse
3337 3143 3504 3181 verant
3528 3126 3603 3181 vel
3627 3125 3830 3197 falsam.

564 3231 795 3295 dictorie,
821 3244 936 3299 qua:
958 3229 1307 3282 universaliter
1332 3224 1583 3293 signiﬁcat
1609 3225 1654 3276 ei
1678 3238 1794 3291 qua:
1820 3237 1919 3273 non
1944 3220 2142 3274 unioer-
2172 3218 2219 3282 C
2255 3224 2320 3278 Et
2348 3239 2654 3295 quacunque
2684 3224 2737 3275 in
2775 3220 3119 3291 singularibus
3148 3229 3296 3287 sunt,
3328 3230 3384 3273 ut
3421 3219 3659 3276 Socrates
3688 3217 3832 3272 albus

562 3320 771 3381 saliter,
811 3327 864 3371 ut
908 3322 1070 3371 omnis
1111 3317 1259 3370 homo
1302 3314 1451 3368 albus
1488 3323 1562 3367 est
1586 3352 1603 3379 ,
1648 3329 1751 3365 non
1789 3313 1953 3365 omnis
1994 3311 2145 3364 homo

566 3412 707 3465 albus
735 3418 805 3463 est
826 3450 841 3475 ,
870 3408 1040 3463 nullus
1071 3407 1221 3461 homo
1251 3407 1398 3461 albus
1434 3414 1537 3472 est,
1565 3405 1773 3475 quidam
1806 3403 1957 3457 homo
1998 3402 2147 3457 albus

565 3518 637 3565 est
647 3545 665 3564 ο

638 3610 772 3677 Quid
806 3610 873 3663 sit
911 3608 1122 3677 proprie
1161 3605 1512 3661 contradictio
1546 3613 1944 3675 consequenter
1982 3618 2148 3673 expo-

569 3702 646 3757 nit
679 3718 691 3753 :
724 3700 797 3753 ait
834 3699 976 3752 enim
1028 3698 1223 3767 opponi
1272 3695 1687 3751 contradictorie
1736 3693 2145 3763 prapositiones,

564 3790 780 3862 quoties
800 3789 1156 3844 uuiversalem
1179 3788 1585 3842 afﬁrmationem
1612 3784 1947 3855 particularis
1965 3784 2151 3837 abnuit

570 3884 809 3953 negatio,
845 3890 900 3937 et
926 3883 1132 3951 quoties
1163 3880 1518 3951 universalem
1550 3878 1887 3949 negationem
1916 3877 2150 3946 particu-

570 3975 699 4035 lsris
727 3975 1016 4029 afﬁrmatio
1038 3972 1384 4028 destruxerit.
1408 3970 1540 4025 Cum
1562 3970 1705 4025 enim
1736 3968 1950 4036 dicitur,
1979 3967 2153 4022 omnis

571 4064 735 4121 homo
764 4065 919 4119 alitus
962 4072 1086 4129 est,
1118 4062 1209 4117 illa
1241 4062 1452 4131 negatio
1478 4074 1599 4130 quas
1626 4060 1796 4125 dicit,
1827 4075 1931 4114 non
1978 4058 2153 4113 omnis

571 4158 733 4215 homo
758 4158 912 4212 slhus
934 4165 1033 4220 est,
1056 4156 1122 4211 de
1143 4155 1329 4212 eodem
1354 4153 1575 4209 homine
1595 4153 1971 4208 universaliter
1992 4151 2148 4217 tollit,

572 4249 716 4319 quod
750 4247 1120 4303 universaliter
1150 4246 1437 4300 affirmatio
1470 4245 1835 4301 constituerat.
1884 4243 1975 4297 llla
2006 4243 2149 4296 enim

573 4356 786 4395 omnem
828 4340 1093 4393 hominem
1140 4352 1259 4393 esse
1305 4338 1483 4391 album
1527 4339 1693 4406 ponit.
1752 4337 1852 4390 lsta
1892 4336 2021 4389 dicit
2050 4350 2154 4388 non

573 4447 809 4494 omnem,
836 4439 1082 4498 tanquam
1106 4429 1150 4484 si
1173 4428 1435 4483 concedat
1463 4428 1716 4497 aliquem,
1744 4427 1838 4480 εεά
1868 4425 1915 4481 ei
1949 4434 2157 4479 tantum

575 4522 788 4575 auferat
821 4519 1298 4588 universalitatem.
1332 4518 1445 4573 lloc
1474 4518 1727 4573 estenim
1758 4516 1897 4584 quod
1923 4517 2017 4581 ait,
2041 4530 2159 4584 quae

2248 3328 2346 3383 est,
2376 3333 2475 3369 non
2503 3325 2576 3368 est
2608 3313 2841 3369 Socrates
2869 3314 3035 3367 albus.

2326 3429 2401 3483 De
2428 3425 2842 3482 contradictorie
2869 3424 3127 3495 oppositis
3156 3425 3423 3494 loquitur,
3454 3432 3510 3480 et
3548 3422 3617 3477 de
3644 3420 3828 3491 singu-

2252 3521 2455 3577 laribus
2482 3517 2933 3589 propositionibus
2956 3556 2970 3581 ,
3018 3515 3159 3587 quod
3198 3531 3358 3571 unam
3385 3526 3595 3584 semper
3622 3527 3827 3578 verum,

2254 3611 2443 3665 falsam
2465 3624 2676 3677 semper
2698 3608 2918 3663 alteram
2941 3621 3163 3663 necesse
3184 3616 3265 3662 est
3287 3606 3530 3661 inveniri.
3559 3604 3670 3658 lloe
3687 3603 3831 3658 enim

2253 3703 2385 3757 dicit
2412 3699 2861 3756 contradictiones
2884 3713 3071 3753 eorum
3098 3738 3112 3763 ,
3143 3712 3263 3768 quas
3290 3704 3415 3752 sunt
3454 3693 3832 3749 universalium

2256 3791 2630 3848 universaliter
2679 3790 3088 3860 prmdieatorum
3117 3831 3130 3851 ,
3170 3803 3273 3843 una
3320 3800 3532 3857 semper
3562 3800 3686 3841 vers
3728 3794 3830 3853 est,

2256 3888 2425 3941 altera
2457 3885 2607 3940 falso.
2658 3884 3051 3940 Uuiversalium
3090 3892 3268 3938 autem
3298 3882 3670 3938 universaliter
3698 3894 3834 3951 psm-

2257 3981 2556 4034 dieaturum
2584 3988 2707 4033 sunt
2732 3978 3182 4033 contradictiones
3202 3976 3581 4031 universalium
3613 3974 3831 4045 particm

2260 4073 2447 4127 iariter
2467 4071 2896 4141 medicatorum.
2928 4069 3060 4124 Nam
3086 4070 3373 4123 afﬁrmatio
3396 4068 3733 4129 universalis,
3760 4064 3837 4123 vel

2260 4165 2476 4234 negatio
2498 4164 2831 4239 universalis,
2858 4161 3227 4216 universaliter
3250 4160 3625 4226 prtedicantur,
3653 4158 3836 4210 harum

2261 4256 2689 4312 entttradietorize
2730 4254 3082 4326 particulares
3123 4252 3502 4305 affirmationes
3549 4249 3632 4301 vel
3680 4259 3837 4316 nega~

2267 4351 2444 4403 tiones
2474 4358 2625 4413 sunt,
2660 4350 2703 4402 si
2736 4350 2836 4403 sibi
2866 4348 3191 4417 angulariter
3215 4352 3608 4411 comparentur.
3644 4339 3838 4393 [larunt

2266 4443 2427 4510 igitur
2450 4441 2931 4496 contradictionum
2958 4481 2973 4506 ,
3007 4454 3126 4508 qua:
3154 4447 3278 4492 sunt
3316 4433 3697 4489 uuiversalimn
3730 4431 3841 4485 uni~

2267 4535 2547 4589 versaliter
2579 4534 2981 4602 przedicatorum
3005 4572 3020 4595 ,
3055 4543 3153 4584 una
3185 4541 3397 4596 semper
3424 4540 3546 4581 vera
3576 4533 3678 4589 est,
3708 4537 3843 4577 sem-

579 4614 876 4668 universale
923 4614 1185 4683 significat
1226 4611 1403 4668 cidem
1445 4612 1693 4680 quoniam
1735 4625 1844 4665 non
1884 4609 2157 4662 universa-
2186 4613 2242 4675 Β
2268 4642 2364 4698 ρει.
2410 4625 2580 4680 ³ιιοη
2619 4626 2747 4679 [διεδ
2797 4628 3079 4692 “pem”...
3132 4622 3186 4676 ιη
3231 4619 3589 4690 singularibus
3634 4626 3845 4685 quoque

575 4708 716 4764 liter.
743 4709 871 4763 Nam
901 4708 1039 4763 sicut
1061 4708 1358 4764 universale
1382 4704 1651 4775 signiﬁcat
1667 4704 1954 4759 afﬁrmatio
1976 4702 2158 4757 dicens

574 4798 887 4864 hominem,
930 4799 1001 4852 ita
1032 4813 1244 4867 quoque
1285 4797 1496 4865 negatio
1525 4795 1828 4851 universale
1872 4792 2157 4863 signiﬁcat,

579 4890 741 4944 habet
768 4892 910 4943 enim
954 4899 1008 4942 et
1038 4891 1146 4957 ipsa
1179 4889 1475 4943 holuinem.
1525 4890 1635 4943 Sed
1664 4888 1805 4942 idem
1835 4889 2007 4956 ipsum
2038 4887 2159 4939 uni-

578 4983 787 5038 versale
810 4968 1097 5037 docet‘non
1118 4995 1238 5036 esse
1262 4980 1658 5042 universaliter,
1683 4979 1734 5032 id
1763 4986 1845 5032 est
1869 4993 1975 5034 non
2002 4991 2161 5030 omne

579 5091 695 5132 esse
722 5076 922 5141 album,
949 5073 1090 5152 quod
1115 5073 1398 5127 affirmatio
1419 5070 1801 5127 universaliter
1819 5084 1939 5124 esse
1969 5082 2159 5131 posue-

578 5176 679 5229 rat,
708 5181 918 5222 omnem
946 5166 1211 5218 hominem
1242 5177 1362 5218 esse
1386 5163 1562 5217 album
1592 5176 1915 5231 proponens.
1950 5159 2155 5215 Eodem

582 5259 744 5314 modo
785 5260 944 5313 etiam
977 5258 1027 5312 in
1059 5256 1341 5327 negatiOne
1360 5296 1377 5322 ,
1407 5270 1539 5326 quas
1566 5270 1663 5311 nos
1691 5268 1850 5322 supra
1878 5254 2161 5324 angulares

580 5351 895 5419 posuimus,
945 5359 997 5406 et
1045 5349 1489 5406 contradictorias
1536 5349 1590 5404 in
1632 5348 2012 5417 descriptione.
2064 5346 2159 5402 Hic

582 5458 723 5497 nunc
750 5444 961 5497 easdem
1008 5445 1281 5513 oppositas
1328 5439 1740 5497 contradictorie
1782 5446 1955 5494 vocat.
2005 5436 2157 5505 Quod

583 5545 758 5590 autem
791 5537 1072 5590 universali
1107 5534 1465 5601 afﬁrmatiuui,
1506 5549 1623 5605 qua:
1653 5543 1757 5598 est,
1790 5532 1969 5585 omnis
1999 5531 2161 5585 homo

523 5620 533 5628 ’
586 5627 735 5681 albus
764 5637 883 5693 est,
917 5628 1285 5697 particularem
1331 5626 1665 5695 negationem
1715 5625 1999 5695 opposuit,
2042 5638 2163 5694 qua:

587 5726 691 5781 est,
720 5734 824 5772 non
851 5724 1021 5773 omnis
1057 5719 1213 5773 homo
1240 5718 1391 5775 albus
1421 5729 1501 5773 est
1520 5754 1538 5786 ,
1573 5715 1903 5772 tantumdem
1934 5723 2017 5772 est
2044 5723 2162 5769 tan-

593 5819 751 5879 quam
779 5808 820 5862 si
848 5807 1068 5874 diceret,
1090 5810 1300 5879 quidam
1333 5810 1490 5864 homo
1516 5806 1668 5863 albus
1693 5821 1800 5863 non
1826 5812 1927 5863 est.
1954 5800 2090 5862 Nam
2118 5802 2165 5860 sl
2202 5820 2203 5823 ‘

2268 4719 2410 4775 idem
2434 4726 2535 4773 est.
2562 4717 2693 4772 Nam
2717 4718 2761 4770 si
2788 4716 2954 4779 nulla,
2979 4725 3038 4769 ut
3067 4716 3265 4768 dictum
3294 4725 3397 4777 est,
3418 4711 3649 4765 varietas
3679 4708 3843 4776 tequi-

2267 4812 2565 4867 vocatiouis
2592 4810 2882 4879 impediat,
2916 4807 3163 4877 idemque
3187 4806 3256 4861 sit
3287 4806 3649 4875 praedicatum,
3679 4801 3849 4854 idcm-
3932 4796 3937 4801 ’

2267 4923 2377 4978 que
2403 4907 2729 4975 subjectum,
2759 4903 2825 4957 ad
2857 4918 3020 4956 unum
3052 4903 3297 4970 idemque
3325 4908 3566 4967 tempus,
3599 4897 3663 4949 ad
3693 4908 3849 4949 unam

2272 4998 2629 5067 earndemque
2659 5004 2887 5063 partem,
2916 4994 2981 5047 ad
3017 5006 3178 5045 unum
3207 4991 3456 5059 idemque
3486 4988 3730 5048 relatum,
3750 4997 3850 5035 uno

2272 5100 2433 5159 atque
2454 5089 2642 5143 eodem
2668 5088 2848 5151 modo,
2869 5101 2972 5140 una
2994 5098 3204 5153 semper
3230 5097 3354 5135 vera
3374 5091 3479 5145 est,
3503 5080 3667 5137 altera
3696 5075 3852 5143 falsa,

2268 5198 2331 5241 et
2358 5184 2596 5240 veritatis
2622 5186 2760 5240 inter
2786 5198 2845 5239 se
2876 5191 3116 5238 naturam
3167 5189 3222 5236 ει
3245 5176 3507 5233 mendacii
3536 5176 3850 5243 partiuntur.

2349 5321 2670 5389 Quwcunque
2702 5329 2875 5374 autem
2924 5315 3286 5371 universalium
3330 5330 3431 5368 non
3481 5309 3851 5377 universaliter,

2272 5428 2376 5466 non
2399 5428 2592 5479 semper
2616 5409 2724 5465 ltaac
2745 5411 2949 5481 quidem
2974 5424 3090 5462 vera
3113 5415 3205 5472 est,
3229 5405 3323 5460 illa
3345 5420 3461 5458 vero
3488 5403 3641 5473 falsa.

2323 5526 2450 5591 Qua:
2463 5539 2589 5579 vero
2605 5532 2749 5585 sunt,
2766 5521 2953 5591 inquit,
2971 5519 3231 5600 deﬁnitus,
3244 5528 3305 5574 ut
3320 5532 3490 5586 neque
3502 5513 3855 5571 universalem

2275 5618 2533 5686 habeant,
2564 5630 2735 5687 neque
2772 5615 3148 5686 particularem
3172 5611 3693 5673 determinationem,
3720 5603 3854 5675 quod

2278 5710 2444 5764 tacuit
2468 5750 2484 5773 ,
2531 5723 2634 5761 non
2669 5720 2884 5775 semper
2922 5721 3024 5761 una
3073 5719 3200 5759 vera
3229 5711 3338 5766 est,
3370 5701 3540 5757 altera
3571 5697 3733 5762 falsa,
3764 5690 3857 5748 Sed

2280 5813 2522 5870 utrmque
2548 5782 2815 5856 interdum
2837 5796 3188 5857 inveniuntur
3209 5808 3372 5854 vero.
3395 5790 3455 5880 ιη
3478 5780 3860 5855 naturalibus
