  <div class='ocr_page' id='page_1' title='image "/cluster/home/n/w/nwhite01/storage/ocr_20150623/64/hvd.32044073505265/168.png"; bbox 0 0 4280 6268; ppageno 0'>
   <div class='ocr_carea' id='block_1_1' title="bbox 1146 293 2859 375">
    <p class='ocr_par' dir='ltr' id='par_1_1' title="bbox 1146 293 2859 375">
     <span class='ocr_line' id='line_1_1' title="bbox 1146 293 2859 375; baseline 0.004 -19"><span class='ocrx_word' id='word_1_1' title='bbox 1146 293 1212 357; x_wconf 80' lang='grc' dir='ltr'><strong>ΙΝ</strong></span> <span class='ocrx_word' id='word_1_2' title='bbox 1249 301 1501 375; x_wconf 51' lang='grc' dir='ltr'>ιειειιυιι</span> <span class='ocrx_word' id='word_1_3' title='bbox 1545 302 1633 361; x_wconf 77' lang='lat' dir='ltr'><strong>DE</strong></span> <span class='ocrx_word' id='word_1_4' title='bbox 1672 305 2323 367; x_wconf 66' lang='lat' dir='ltr'><strong>INTERPIETATIONB</strong></span> <span class='ocrx_word' id='word_1_5' title='bbox 2360 306 2587 366; x_wconf 78' lang='lat' dir='ltr'><strong>EDITIO</strong></span> <span class='ocrx_word' id='word_1_6' title='bbox 2625 309 2859 366; x_wconf 70' lang='lat' dir='ltr'><strong>PRIMA.</strong></span> 
     </span>
    </p>
   </div>
   <div class='ocr_carea' id='block_1_2' title="bbox 3502 288 3636 368">
    <p class='ocr_par' dir='ltr' id='par_1_2' title="bbox 3502 288 3636 368">
     <span class='ocr_line' id='line_1_2' title="bbox 3502 288 3636 368; baseline 0.022 -3"><span class='ocrx_word' id='word_1_7' title='bbox 3502 288 3636 368; x_wconf 75' lang='lat' dir='ltr'><strong>sse</strong></span> 
     </span>
    </p>
   </div>
   <div class='ocr_carea' id='block_1_3' title="bbox 367 412 3638 509">
    <p class='ocr_par' dir='ltr' id='par_1_3' title="bbox 367 412 3638 509">
     <span class='ocr_line' id='line_1_3' title="bbox 367 412 3638 509; baseline 0.007 -46"><span class='ocrx_word' id='word_1_8' title='bbox 367 418 541 465; x_wconf 83' lang='lat' dir='ltr'><strong>autem</strong></span> <span class='ocrx_word' id='word_1_9' title='bbox 564 425 671 465; x_wconf 89' lang='lat' dir='ltr'><strong>non</strong></span> <span class='ocrx_word' id='word_1_10' title='bbox 694 412 1065 468; x_wconf 84' lang='lat' dir='ltr'><strong>universaliter</strong></span> <span class='ocrx_word' id='word_1_11' title='bbox 1088 417 1404 483; x_wconf 74' lang='lat' dir='ltr'><strong>przedicatur</strong></span> <span class='ocrx_word' id='word_1_12' title='bbox 1417 418 1619 490; x_wconf 81' lang='lat' dir='ltr'><strong>aliquid</strong></span> <span class='ocrx_word' id='word_1_13' title='bbox 1640 420 1740 476; x_wconf 89' lang='lat' dir='ltr'><strong>hoc</strong></span> <span class='ocrx_word' id='word_1_14' title='bbox 1762 423 1942 487; x_wconf 89' lang='lat' dir='ltr'><strong>modo,</strong></span> <span class='ocrx_word' id='word_1_15' title='bbox 1972 425 2026 491; x_wconf 70' lang='grc' dir='ltr'><strong>Α</strong></span> <span class='ocrx_word' id='word_1_16' title='bbox 2051 424 2192 477; x_wconf 84' lang='lat' dir='ltr'><strong>cnim</strong></span> <span class='ocrx_word' id='word_1_17' title='bbox 2218 437 2430 491; x_wconf 83' lang='lat' dir='ltr'><strong>semper</strong></span> <span class='ocrx_word' id='word_1_18' title='bbox 2458 425 2614 480; x_wconf 81' lang='lat' dir='ltr'><strong>simul</strong></span> <span class='ocrx_word' id='word_1_19' title='bbox 2636 435 2738 489; x_wconf 84' lang='lat' dir='ltr'><strong>est,</strong></span> <span class='ocrx_word' id='word_1_20' title='bbox 2762 442 2867 479; x_wconf 89' lang='lat' dir='ltr'><strong>non</strong></span> <span class='ocrx_word' id='word_1_21' title='bbox 2893 433 2977 481; x_wconf 88' lang='grc' dir='ltr'><strong>εει</strong></span> <span class='ocrx_word' id='word_1_22' title='bbox 3004 423 3165 481; x_wconf 75' lang='lat' dir='ltr'><strong>homo</strong></span> <span class='ocrx_word' id='word_1_23' title='bbox 3183 424 3358 491; x_wconf 81' lang='lat' dir='ltr'><strong>sibus,</strong></span> <span class='ocrx_word' id='word_1_24' title='bbox 3380 434 3434 482; x_wconf 85' lang='lat' dir='ltr'><strong>et</strong></span> <span class='ocrx_word' id='word_1_25' title='bbox 3457 418 3638 509; x_wconf 75' lang='lat' dir='ltr'><strong>nullus</strong></span> 
     </span>
    </p>
   </div>
   <div class='ocr_carea' id='block_1_4' title="bbox 366 498 1949 582">
    <p class='ocr_par' dir='ltr' id='par_1_4' title="bbox 366 498 1949 582">
     <span class='ocr_line' id='line_1_4' title="bbox 366 498 1949 582; baseline 0.008 -27"><span class='ocrx_word' id='word_1_26' title='bbox 366 498 538 556; x_wconf 81' lang='lat' dir='ltr'><strong>Homo</strong></span> <span class='ocrx_word' id='word_1_27' title='bbox 577 502 730 557; x_wconf 87' lang='lat' dir='ltr'><strong>albus</strong></span> <span class='ocrx_word' id='word_1_28' title='bbox 772 511 896 570; x_wconf 86' lang='lat' dir='ltr'><strong>est,</strong></span> <span class='ocrx_word' id='word_1_29' title='bbox 938 504 1095 561; x_wconf 86' lang='lat' dir='ltr'><strong>homo</strong></span> <span class='ocrx_word' id='word_1_30' title='bbox 1132 506 1286 563; x_wconf 83' lang='lat' dir='ltr'><strong>albus</strong></span> <span class='ocrx_word' id='word_1_31' title='bbox 1323 525 1431 564; x_wconf 91' lang='lat' dir='ltr'><strong>non</strong></span> <span class='ocrx_word' id='word_1_32' title='bbox 1464 522 1577 576; x_wconf 90' lang='lat' dir='ltr'><strong>est,</strong></span> <span class='ocrx_word' id='word_1_33' title='bbox 1612 513 1661 566; x_wconf 92' lang='lat' dir='ltr'><strong>in</strong></span> <span class='ocrx_word' id='word_1_34' title='bbox 1699 527 1804 582; x_wconf 88' lang='lat' dir='ltr'><strong>quo</strong></span> <span class='ocrx_word' id='word_1_35' title='bbox 1842 527 1949 568; x_wconf 89' lang='lat' dir='ltr'><strong>uno</strong></span> 
     </span>
    </p>
   </div>
   <div class='ocr_carea' id='block_1_5' title="bbox 365 591 1949 674">
    <p class='ocr_par' dir='ltr' id='par_1_5' title="bbox 365 591 1949 674">
     <span class='ocr_line' id='line_1_5' title="bbox 365 591 1949 674; baseline 0.009 -26"><span class='ocrx_word' id='word_1_36' title='bbox 365 591 665 665; x_wconf 87' lang='lat' dir='ltr'><strong>eodemque</strong></span> <span class='ocrx_word' id='word_1_37' title='bbox 688 607 928 665; x_wconf 90' lang='lat' dir='ltr'><strong>tempore</strong></span> <span class='ocrx_word' id='word_1_38' title='bbox 952 610 1203 668; x_wconf 88' lang='lat' dir='ltr'><strong>utrasque</strong></span> <span class='ocrx_word' id='word_1_39' title='bbox 1229 615 1384 656; x_wconf 85' lang='lat' dir='ltr'><strong>veras</strong></span> <span class='ocrx_word' id='word_1_40' title='bbox 1403 618 1524 658; x_wconf 88' lang='lat' dir='ltr'><strong>esse</strong></span> <span class='ocrx_word' id='word_1_41' title='bbox 1546 605 1826 674; x_wconf 83' lang='lat' dir='ltr'><strong>contingit.</strong></span> <span class='ocrx_word' id='word_1_42' title='bbox 1854 604 1949 662; x_wconf 85' lang='lat' dir='ltr'><strong>Hic</strong></span> 
     </span>
    </p>
   </div>
   <div class='ocr_carea' id='block_1_6' title="bbox 366 682 1947 757">
    <p class='ocr_par' dir='ltr' id='par_1_6' title="bbox 366 682 1947 757">
     <span class='ocr_line' id='line_1_6' title="bbox 366 682 1947 757; baseline 0.009 -17"><span class='ocrx_word' id='word_1_43' title='bbox 366 684 510 740; x_wconf 86' lang='lat' dir='ltr'><strong>enim</strong></span> <span class='ocrx_word' id='word_1_44' title='bbox 559 700 676 739; x_wconf 90' lang='lat' dir='ltr'><strong>cum</strong></span> <span class='ocrx_word' id='word_1_45' title='bbox 706 682 1023 744; x_wconf 73' lang='lat' dir='ltr'><strong>universale</strong></span> <span class='ocrx_word' id='word_1_46' title='bbox 1066 692 1131 745; x_wconf 89' lang='lat' dir='ltr'><strong>sit</strong></span> <span class='ocrx_word' id='word_1_47' title='bbox 1176 691 1337 747; x_wconf 89' lang='lat' dir='ltr'><strong>homo</strong></span> <span class='ocrx_word' id='word_1_48' title='bbox 1363 734 1379 757; x_wconf 91' lang='lat'><strong>,</strong></span> <span class='ocrx_word' id='word_1_49' title='bbox 1420 711 1525 749; x_wconf 89' lang='lat' dir='ltr'><strong>non</strong></span> <span class='ocrx_word' id='word_1_50' title='bbox 1578 698 1947 754; x_wconf 79' lang='lat' dir='ltr'><strong>universalitet&#39;</strong></span> 
     </span>
    </p>
   </div>
   <div class='ocr_carea' id='block_1_7' title="bbox 367 773 1941 853">
    <p class='ocr_par' dir='ltr' id='par_1_7' title="bbox 367 773 1941 853">
     <span class='ocr_line' id='line_1_7' title="bbox 367 773 1941 853; baseline 0.012 -28"><span class='ocrx_word' id='word_1_51' title='bbox 367 773 711 841; x_wconf 75' lang='lat' dir='ltr'><strong>praulicatum</strong></span> <span class='ocrx_word' id='word_1_52' title='bbox 741 785 823 830; x_wconf 91' lang='lat' dir='ltr'><strong>est</strong></span> <span class='ocrx_word' id='word_1_53' title='bbox 866 792 1080 833; x_wconf 88' lang='lat' dir='ltr'><strong>nomen.</strong></span> <span class='ocrx_word' id='word_1_54' title='bbox 1122 781 1191 834; x_wconf 83' lang='lat' dir='ltr'><strong>At</strong></span> <span class='ocrx_word' id='word_1_55' title='bbox 1218 797 1346 836; x_wconf 90' lang='lat' dir='ltr'><strong>vero</strong></span> <span class='ocrx_word' id='word_1_56' title='bbox 1387 799 1485 839; x_wconf 89' lang='lat' dir='ltr'><strong>nec</strong></span> <span class='ocrx_word' id='word_1_57' title='bbox 1530 787 1941 853; x_wconf 82' lang='lat' dir='ltr'><strong>particulariter.</strong></span> 
     </span>
    </p>
   </div>
   <div class='ocr_carea' id='block_1_8' title="bbox 366 863 1942 949">
    <p class='ocr_par' dir='ltr' id='par_1_8' title="bbox 366 863 1942 949">
     <span class='ocr_line' id='line_1_8' title="bbox 366 863 1942 949; baseline 0.011 -31"><span class='ocrx_word' id='word_1_58' title='bbox 366 863 549 936; x_wconf 84' lang='lat' dir='ltr'><strong>Neque</strong></span> <span class='ocrx_word' id='word_1_59' title='bbox 574 868 712 920; x_wconf 90' lang='lat' dir='ltr'><strong>enim</strong></span> <span class='ocrx_word' id='word_1_60' title='bbox 736 868 974 938; x_wconf 85' lang='lat' dir='ltr'><strong>quidam,</strong></span> <span class='ocrx_word' id='word_1_61' title='bbox 1006 878 1097 924; x_wconf 87' lang='lat' dir='ltr'><strong>aut</strong></span> <span class='ocrx_word' id='word_1_62' title='bbox 1120 872 1320 941; x_wconf 88' lang='lat' dir='ltr'><strong>nullus,</strong></span> <span class='ocrx_word' id='word_1_63' title='bbox 1354 886 1444 930; x_wconf 89' lang='lat' dir='ltr'><strong>aut</strong></span> <span class='ocrx_word' id='word_1_64' title='bbox 1470 881 1645 932; x_wconf 88' lang='lat' dir='ltr'><strong>omnis</strong></span> <span class='ocrx_word' id='word_1_65' title='bbox 1674 880 1942 949; x_wconf 88' lang='lat' dir='ltr'><strong>adjectum</strong></span> 
     </span>
    </p>
   </div>
   <div class='ocr_carea' id='block_1_9' title="bbox 366 955 1943 1037">
    <p class='ocr_par' dir='ltr' id='par_1_9' title="bbox 366 955 1943 1037">
     <span class='ocr_line' id='line_1_9' title="bbox 366 955 1943 1037; baseline 0.012 -28"><span class='ocrx_word' id='word_1_66' title='bbox 366 964 467 1009; x_wconf 89' lang='lat' dir='ltr'><strong>est.</strong></span> <span class='ocrx_word' id='word_1_67' title='bbox 540 955 697 1011; x_wconf 86' lang='lat' dir='ltr'><strong>Docet</strong></span> <span class='ocrx_word' id='word_1_68' title='bbox 766 968 940 1013; x_wconf 86' lang='lat' dir='ltr'><strong>autem</strong></span> <span class='ocrx_word' id='word_1_69' title='bbox 1009 959 1312 1031; x_wconf 81' lang='lat' dir='ltr'><strong>hujusmodi</strong></span> <span class='ocrx_word' id='word_1_70' title='bbox 1376 969 1765 1037; x_wconf 86' lang='lat' dir='ltr'><strong>prOpositiones</strong></span> <span class='ocrx_word' id='word_1_71' title='bbox 1837 987 1943 1028; x_wconf 90' lang='lat' dir='ltr'><strong>non</strong></span> 
     </span>
    </p>
   </div>
   <div class='ocr_carea' id='block_1_10' title="bbox 365 1044 1942 1129">
    <p class='ocr_par' dir='ltr' id='par_1_10' title="bbox 365 1044 1942 1129">
     <span class='ocr_line' id='line_1_10' title="bbox 365 1044 1942 1129; baseline 0.013 -29"><span class='ocrx_word' id='word_1_72' title='bbox 365 1044 504 1102; x_wconf 86' lang='lat' dir='ltr'><strong>inter</strong></span> <span class='ocrx_word' id='word_1_73' title='bbox 529 1061 587 1103; x_wconf 86' lang='lat' dir='ltr'><strong>se</strong></span> <span class='ocrx_word' id='word_1_74' title='bbox 623 1047 864 1107; x_wconf 76' lang='lat' dir='ltr'><strong>dividere</strong></span> <span class='ocrx_word' id='word_1_75' title='bbox 908 1051 1187 1110; x_wconf 73' lang='lat' dir='ltr'><strong>veritatem</strong></span> <span class='ocrx_word' id='word_1_76' title='bbox 1232 1068 1393 1129; x_wconf 83' lang='lat' dir='ltr'><strong>atque</strong></span> <span class='ocrx_word' id='word_1_77' title='bbox 1437 1060 1808 1129; x_wconf 86' lang='lat' dir='ltr'><strong>mendacium,</strong></span> <span class='ocrx_word' id='word_1_78' title='bbox 1841 1063 1942 1119; x_wconf 87' lang='lat' dir='ltr'><strong>hoc</strong></span> 
     </span>
    </p>
   </div>
   <div class='ocr_carea' id='block_1_11' title="bbox 362 1138 564 1194">
    <p class='ocr_par' dir='ltr' id='par_1_11' title="bbox 362 1138 564 1194">
     <span class='ocr_line' id='line_1_11' title="bbox 362 1138 564 1194; baseline -0.01 -1"><span class='ocrx_word' id='word_1_79' title='bbox 362 1138 517 1194; x_wconf 87' lang='lat' dir='ltr'><strong>modo</strong></span> <span class='ocrx_word' id='word_1_80' title='bbox 549 1155 564 1191; x_wconf 89' lang='lat'><strong>:</strong></span> 
     </span>
    </p>
   </div>
   <div class='ocr_carea' id='block_1_12' title="bbox 429 1249 1941 1334">
    <p class='ocr_par' dir='ltr' id='par_1_12' title="bbox 429 1249 1941 1334">
     <span class='ocr_line' id='line_1_12' title="bbox 429 1249 1941 1334; baseline 0.012 -32"><span class='ocrx_word' id='word_1_81' title='bbox 429 1249 598 1304; x_wconf 75' lang='lat' dir='ltr'><strong>Simul</strong></span> <span class='ocrx_word' id='word_1_82' title='bbox 614 1252 747 1305; x_wconf 81' lang='lat' dir='ltr'><strong>enim</strong></span> <span class='ocrx_word' id='word_1_83' title='bbox 769 1267 940 1308; x_wconf 79' lang='lat' dir='ltr'><strong>verum</strong></span> <span class='ocrx_word' id='word_1_84' title='bbox 960 1265 1035 1309; x_wconf 79' lang='lat' dir='ltr'><strong>est</strong></span> <span class='ocrx_word' id='word_1_85' title='bbox 1058 1256 1225 1311; x_wconf 79' lang='lat' dir='ltr'><strong>dicere</strong></span> <span class='ocrx_word' id='word_1_86' title='bbox 1245 1260 1481 1328; x_wconf 80' lang='lat' dir='ltr'><strong>quoniam</strong></span> <span class='ocrx_word' id='word_1_87' title='bbox 1505 1269 1580 1317; x_wconf 77' lang='lat' dir='ltr'><strong>est</strong></span> <span class='ocrx_word' id='word_1_88' title='bbox 1599 1262 1750 1317; x_wconf 74' lang='lat' dir='ltr'><strong>homo</strong></span> <span class='ocrx_word' id='word_1_89' title='bbox 1768 1265 1941 1334; x_wconf 82' lang='lat' dir='ltr'><strong>albus,</strong></span> 
     </span>
    </p>
   </div>
   <div class='ocr_carea' id='block_1_13' title="bbox 358 1346 1943 1425">
    <p class='ocr_par' dir='ltr' id='par_1_13' title="bbox 358 1346 1943 1425">
     <span class='ocr_line' id='line_1_13' title="bbox 358 1346 1943 1425; baseline 0.009 -26"><span class='ocrx_word' id='word_1_90' title='bbox 358 1352 405 1399; x_wconf 78' lang='lat' dir='ltr'><strong>st</strong></span> <span class='ocrx_word' id='word_1_91' title='bbox 427 1360 531 1399; x_wconf 83' lang='lat' dir='ltr'><strong>non</strong></span> <span class='ocrx_word' id='word_1_92' title='bbox 558 1356 633 1401; x_wconf 88' lang='lat' dir='ltr'><strong>est</strong></span> <span class='ocrx_word' id='word_1_93' title='bbox 662 1346 815 1402; x_wconf 73' lang='lat' dir='ltr'><strong>homo</strong></span> <span class='ocrx_word' id='word_1_94' title='bbox 847 1348 994 1403; x_wconf 86' lang='lat' dir='ltr'><strong>albus</strong></span> <span class='ocrx_word' id='word_1_95' title='bbox 1018 1367 1035 1415; x_wconf 87' lang='lat'><strong><em>;</em></strong></span> <span class='ocrx_word' id='word_1_96' title='bbox 1077 1361 1125 1405; x_wconf 83' lang='lat' dir='ltr'><strong>et</strong></span> <span class='ocrx_word' id='word_1_97' title='bbox 1153 1355 1394 1420; x_wconf 82' lang='lat' dir='ltr'><strong>quoniam</strong></span> <span class='ocrx_word' id='word_1_98' title='bbox 1422 1366 1496 1410; x_wconf 80' lang='lat' dir='ltr'><strong>est</strong></span> <span class='ocrx_word' id='word_1_99' title='bbox 1530 1356 1679 1410; x_wconf 75' lang='lat' dir='ltr'><strong>homo</strong></span> <span class='ocrx_word' id='word_1_100' title='bbox 1708 1358 1943 1425; x_wconf 79' lang='lat' dir='ltr'><strong>pulcher,</strong></span> 
     </span>
    </p>
   </div>
   <div class='ocr_carea' id='block_1_14' title="bbox 357 1439 1940 1520">
    <p class='ocr_par' dir='ltr' id='par_1_14' title="bbox 357 1439 1940 1520">
     <span class='ocr_line' id='line_1_14' title="bbox 357 1439 1940 1520; baseline 0.009 -29"><span class='ocrx_word' id='word_1_101' title='bbox 357 1443 405 1491; x_wconf 74' lang='lat' dir='ltr'><strong>et</strong></span> <span class='ocrx_word' id='word_1_102' title='bbox 425 1452 529 1491; x_wconf 86' lang='lat' dir='ltr'><strong>non</strong></span> <span class='ocrx_word' id='word_1_103' title='bbox 552 1449 625 1492; x_wconf 86' lang='lat' dir='ltr'><strong>est</strong></span> <span class='ocrx_word' id='word_1_104' title='bbox 646 1439 797 1493; x_wconf 84' lang='lat' dir='ltr'><strong>homo</strong></span> <span class='ocrx_word' id='word_1_105' title='bbox 817 1439 1048 1507; x_wconf 79' lang='lat' dir='ltr'><strong>pulcher.</strong></span> <span class='ocrx_word' id='word_1_106' title='bbox 1073 1442 1132 1497; x_wconf 85' lang='lat' dir='ltr'><strong>Si</strong></span> <span class='ocrx_word' id='word_1_107' title='bbox 1151 1445 1287 1499; x_wconf 84' lang='lat' dir='ltr'><strong>enim</strong></span> <span class='ocrx_word' id='word_1_108' title='bbox 1310 1446 1497 1513; x_wconf 63' lang='lat' dir='ltr'><strong>ludus,</strong></span> <span class='ocrx_word' id='word_1_109' title='bbox 1520 1458 1689 1503; x_wconf 76' lang='lat' dir='ltr'><strong>etnon</strong></span> <span class='ocrx_word' id='word_1_110' title='bbox 1709 1450 1940 1520; x_wconf 76' lang='lat' dir='ltr'><strong>pulcher,</strong></span> 
     </span>
    </p>
   </div>
   <div class='ocr_carea' id='block_1_15' title="bbox 357 1530 1201 1600">
    <p class='ocr_par' dir='ltr' id='par_1_15' title="bbox 357 1530 1201 1600">
     <span class='ocr_line' id='line_1_15' title="bbox 357 1530 1201 1600; baseline 0.012 -20"><span class='ocrx_word' id='word_1_111' title='bbox 357 1536 405 1593; x_wconf 76' lang='grc' dir='ltr'><strong>ει</strong></span> <span class='ocrx_word' id='word_1_112' title='bbox 427 1532 470 1582; x_wconf 96' lang='lat' dir='ltr'><strong>si</strong></span> <span class='ocrx_word' id='word_1_113' title='bbox 500 1531 559 1597; x_wconf 81' lang='lat' dir='ltr'><strong>[it</strong></span> <span class='ocrx_word' id='word_1_114' title='bbox 586 1530 786 1600; x_wconf 81' lang='lat' dir='ltr'><strong>aliquid</strong></span> <span class='ocrx_word' id='word_1_115' title='bbox 804 1574 818 1599; x_wconf 94' lang='lat'><strong>,</strong></span> <span class='ocrx_word' id='word_1_116' title='bbox 850 1534 1079 1587; x_wconf 82' lang='lat' dir='ltr'><strong>nondum</strong></span> <span class='ocrx_word' id='word_1_117' title='bbox 1106 1546 1201 1590; x_wconf 78' lang='lat' dir='ltr'><strong>est.</strong></span> 
     </span>
    </p>
   </div>
   <div class='ocr_carea' id='block_1_16' title="bbox 429 1664 1941 1740">
    <p class='ocr_par' dir='ltr' id='par_1_16' title="bbox 429 1664 1941 1740">
     <span class='ocr_line' id='line_1_16' title="bbox 429 1664 1941 1740; baseline 0.007 -20"><span class='ocrx_word' id='word_1_118' title='bbox 429 1664 819 1720; x_wconf 74' lang='lat' dir='ltr'><strong>Documentum</strong></span> <span class='ocrx_word' id='word_1_119' title='bbox 847 1674 1024 1723; x_wconf 86' lang='lat' dir='ltr'><strong>autem</strong></span> <span class='ocrx_word' id='word_1_120' title='bbox 1055 1677 1136 1722; x_wconf 90' lang='lat' dir='ltr'><strong>est</strong></span> <span class='ocrx_word' id='word_1_121' title='bbox 1167 1667 1468 1738; x_wconf 72' lang='lat' dir='ltr'><strong>huiusmodi</strong></span> <span class='ocrx_word' id='word_1_122' title='bbox 1497 1671 1718 1740; x_wconf 85' lang='lat' dir='ltr'><strong>dictum,</strong></span> <span class='ocrx_word' id='word_1_123' title='bbox 1751 1672 1941 1730; x_wconf 80' lang='lat' dir='ltr'><strong>indeﬁ-</strong></span> 
     </span>
    </p>
   </div>
   <div class='ocr_carea' id='block_1_17' title="bbox 356 1756 1935 1837">
    <p class='ocr_par' dir='ltr' id='par_1_17' title="bbox 356 1756 1935 1837">
     <span class='ocr_line' id='line_1_17' title="bbox 356 1756 1935 1837; baseline 0.008 -27"><span class='ocrx_word' id='word_1_124' title='bbox 356 1757 521 1810; x_wconf 84' lang='lat' dir='ltr'><strong>nitam</strong></span> <span class='ocrx_word' id='word_1_125' title='bbox 565 1756 975 1814; x_wconf 83' lang='lat' dir='ltr'><strong>alﬁrmationem</strong></span> <span class='ocrx_word' id='word_1_126' title='bbox 1025 1761 1462 1834; x_wconf 76' lang='lat' dir='ltr'><strong>negationemque</strong></span> <span class='ocrx_word' id='word_1_127' title='bbox 1498 1780 1651 1821; x_wconf 84' lang='lat' dir='ltr'><strong>veras</strong></span> <span class='ocrx_word' id='word_1_128' title='bbox 1683 1777 1935 1837; x_wconf 88' lang='lat' dir='ltr'><strong>utrasque</strong></span> 
     </span>
    </p>
   </div>
   <div class='ocr_carea' id='block_1_18' title="bbox 356 1848 1937 1924">
    <p class='ocr_par' dir='ltr' id='par_1_18' title="bbox 356 1848 1937 1924">
     <span class='ocr_line' id='line_1_18' title="bbox 356 1848 1937 1924; baseline 0.009 -25"><span class='ocrx_word' id='word_1_129' title='bbox 356 1861 512 1917; x_wconf 92' lang='lat' dir='ltr'><strong>posse</strong></span> <span class='ocrx_word' id='word_1_130' title='bbox 557 1848 823 1913; x_wconf 81' lang='lat' dir='ltr'><strong>inveniri;</strong></span> <span class='ocrx_word' id='word_1_131' title='bbox 876 1864 1058 1904; x_wconf 85' lang='lat' dir='ltr'><strong>verum</strong></span> <span class='ocrx_word' id='word_1_132' title='bbox 1110 1854 1250 1907; x_wconf 91' lang='lat' dir='ltr'><strong>enim</strong></span> <span class='ocrx_word' id='word_1_133' title='bbox 1293 1853 1474 1910; x_wconf 79' lang='lat' dir='ltr'><strong>dicere</strong></span> <span class='ocrx_word' id='word_1_134' title='bbox 1510 1866 1597 1911; x_wconf 90' lang='lat' dir='ltr'><strong>est</strong></span> <span class='ocrx_word' id='word_1_135' title='bbox 1623 1903 1635 1924; x_wconf 90' lang='lat'><strong>,</strong></span> <span class='ocrx_word' id='word_1_136' title='bbox 1666 1867 1747 1912; x_wconf 82' lang='lat' dir='ltr'><strong>est</strong></span> <span class='ocrx_word' id='word_1_137' title='bbox 1778 1860 1937 1914; x_wconf 85' lang='lat' dir='ltr'><strong>homo</strong></span> 
     </span>
    </p>
   </div>
   <div class='ocr_carea' id='block_1_19' title="bbox 357 1940 1933 2021">
    <p class='ocr_par' dir='ltr' id='par_1_19' title="bbox 357 1940 1933 2021">
     <span class='ocr_line' id='line_1_19' title="bbox 357 1940 1933 2021; baseline 0.008 -28"><span class='ocrx_word' id='word_1_138' title='bbox 357 1940 509 1994; x_wconf 81' lang='lat' dir='ltr'><strong>albus</strong></span> <span class='ocrx_word' id='word_1_139' title='bbox 530 1985 546 2010; x_wconf 84' lang='grc'><strong>,</strong></span> <span class='ocrx_word' id='word_1_140' title='bbox 576 1950 628 1997; x_wconf 88' lang='grc' dir='ltr'><strong>ει</strong></span> <span class='ocrx_word' id='word_1_141' title='bbox 657 1956 762 1997; x_wconf 87' lang='lat' dir='ltr'><strong>non</strong></span> <span class='ocrx_word' id='word_1_142' title='bbox 794 1950 876 1997; x_wconf 87' lang='lat' dir='ltr'><strong>est</strong></span> <span class='ocrx_word' id='word_1_143' title='bbox 900 1942 1061 2017; x_wconf 86' lang='lat' dir='ltr'><strong>homo</strong></span> <span class='ocrx_word' id='word_1_144' title='bbox 1090 1944 1271 2009; x_wconf 86' lang='lat' dir='ltr'><strong>albus,</strong></span> <span class='ocrx_word' id='word_1_145' title='bbox 1308 1946 1462 2016; x_wconf 83' lang='lat' dir='ltr'><strong>hujus</strong></span> <span class='ocrx_word' id='word_1_146' title='bbox 1492 1960 1667 2004; x_wconf 89' lang='lat' dir='ltr'><strong>autem</strong></span> <span class='ocrx_word' id='word_1_147' title='bbox 1702 1951 1776 2005; x_wconf 90' lang='lat' dir='ltr'><strong>rei</strong></span> <span class='ocrx_word' id='word_1_148' title='bbox 1810 1967 1933 2021; x_wconf 87' lang='lat' dir='ltr'><strong>pro-</strong></span> 
     </span>
    </p>
   </div>
   <div class='ocr_carea' id='block_1_20' title="bbox 357 2030 1932 2114">
    <p class='ocr_par' dir='ltr' id='par_1_20' title="bbox 357 2030 1932 2114">
     <span class='ocr_line' id='line_1_20' title="bbox 357 2030 1932 2114; baseline 0.009 -31"><span class='ocrx_word' id='word_1_149' title='bbox 357 2030 503 2085; x_wconf 63' lang='lat' dir='ltr'><strong>batio</strong></span> <span class='ocrx_word' id='word_1_150' title='bbox 531 2042 612 2086; x_wconf 88' lang='lat' dir='ltr'><strong>est</strong></span> <span class='ocrx_word' id='word_1_151' title='bbox 646 2050 660 2084; x_wconf 90' lang='lat'><strong>:</strong></span> <span class='ocrx_word' id='word_1_152' title='bbox 692 2048 811 2087; x_wconf 89' lang='lat' dir='ltr'><strong>nam</strong></span> <span class='ocrx_word' id='word_1_153' title='bbox 842 2035 884 2087; x_wconf 89' lang='lat' dir='ltr'><strong>si</strong></span> <span class='ocrx_word' id='word_1_154' title='bbox 916 2049 1095 2089; x_wconf 86' lang='lat' dir='ltr'><strong>verum</strong></span> <span class='ocrx_word' id='word_1_155' title='bbox 1126 2049 1207 2090; x_wconf 90' lang='lat' dir='ltr'><strong>est</strong></span> <span class='ocrx_word' id='word_1_156' title='bbox 1232 2036 1433 2103; x_wconf 87' lang='lat' dir='ltr'><strong>dicere,</strong></span> <span class='ocrx_word' id='word_1_157' title='bbox 1463 2051 1545 2095; x_wconf 85' lang='lat' dir='ltr'><strong>est</strong></span> <span class='ocrx_word' id='word_1_158' title='bbox 1575 2042 1733 2096; x_wconf 85' lang='lat' dir='ltr'><strong>homo</strong></span> <span class='ocrx_word' id='word_1_159' title='bbox 1764 2047 1932 2114; x_wconf 85' lang='lat' dir='ltr'><strong>niger,</strong></span> 
     </span>
    </p>
   </div>
   <div class='ocr_carea' id='block_1_21' title="bbox 358 2123 1935 2204">
    <p class='ocr_par' dir='ltr' id='par_1_21' title="bbox 358 2123 1935 2204">
     <span class='ocr_line' id='line_1_21' title="bbox 358 2123 1935 2204; baseline 0.006 -24"><span class='ocrx_word' id='word_1_160' title='bbox 358 2134 411 2180; x_wconf 87' lang='grc' dir='ltr'><strong>ει</strong></span> <span class='ocrx_word' id='word_1_161' title='bbox 431 2136 511 2178; x_wconf 81' lang='grc' dir='ltr'><strong>εει</strong></span> <span class='ocrx_word' id='word_1_162' title='bbox 536 2123 694 2179; x_wconf 84' lang='lat' dir='ltr'><strong>homo</strong></span> <span class='ocrx_word' id='word_1_163' title='bbox 719 2126 889 2191; x_wconf 89' lang='lat' dir='ltr'><strong>albus,</strong></span> <span class='ocrx_word' id='word_1_164' title='bbox 912 2141 1017 2181; x_wconf 92' lang='lat' dir='ltr'><strong>uno</strong></span> <span class='ocrx_word' id='word_1_165' title='bbox 1038 2128 1332 2199; x_wconf 85' lang='lat' dir='ltr'><strong>eodemque</strong></span> <span class='ocrx_word' id='word_1_166' title='bbox 1357 2140 1623 2201; x_wconf 86' lang='lat' dir='ltr'><strong>tempore;</strong></span> <span class='ocrx_word' id='word_1_167' title='bbox 1649 2135 1736 2204; x_wconf 89' lang='lat' dir='ltr'><strong>qui</strong></span> <span class='ocrx_word' id='word_1_168' title='bbox 1758 2146 1935 2189; x_wconf 85' lang='lat' dir='ltr'><strong>autem</strong></span> 
     </span>
    </p>
   </div>
   <div class='ocr_carea' id='block_1_22' title="bbox 356 2219 1936 2290">
    <p class='ocr_par' dir='ltr' id='par_1_22' title="bbox 356 2219 1936 2290">
     <span class='ocr_line' id='line_1_22' title="bbox 356 2219 1936 2290; baseline 0.008 -18"><span class='ocrx_word' id='word_1_169' title='bbox 356 2219 505 2288; x_wconf 83' lang='lat' dir='ltr'><strong>niger</strong></span> <span class='ocrx_word' id='word_1_170' title='bbox 524 2230 627 2287; x_wconf 85' lang='lat' dir='ltr'><strong>est,</strong></span> <span class='ocrx_word' id='word_1_171' title='bbox 654 2221 804 2277; x_wconf 90' lang='lat' dir='ltr'><strong>albus</strong></span> <span class='ocrx_word' id='word_1_172' title='bbox 827 2237 927 2277; x_wconf 92' lang='lat' dir='ltr'><strong>non</strong></span> <span class='ocrx_word' id='word_1_173' title='bbox 951 2233 1052 2290; x_wconf 90' lang='lat' dir='ltr'><strong>est,</strong></span> <span class='ocrx_word' id='word_1_174' title='bbox 1078 2240 1259 2279; x_wconf 75' lang='lat' dir='ltr'><strong>Verum</strong></span> <span class='ocrx_word' id='word_1_175' title='bbox 1284 2237 1365 2280; x_wconf 88' lang='lat' dir='ltr'><strong>est</strong></span> <span class='ocrx_word' id='word_1_176' title='bbox 1391 2228 1567 2282; x_wconf 87' lang='lat' dir='ltr'><strong>dicere</strong></span> <span class='ocrx_word' id='word_1_177' title='bbox 1590 2246 1697 2283; x_wconf 90' lang='lat' dir='ltr'><strong>uno</strong></span> <span class='ocrx_word' id='word_1_178' title='bbox 1717 2230 1936 2285; x_wconf 89' lang='lat' dir='ltr'><strong>eodem-</strong></span> 
     </span>
    </p>
   </div>
   <div class='ocr_carea' id='block_1_23' title="bbox 354 2316 1936 2385">
    <p class='ocr_par' dir='ltr' id='par_1_23' title="bbox 354 2316 1936 2385">
     <span class='ocr_line' id='line_1_23' title="bbox 354 2316 1936 2385; baseline 0.008 -21"><span class='ocrx_word' id='word_1_179' title='bbox 354 2326 456 2382; x_wconf 80' lang='lat' dir='ltr'><strong>que</strong></span> <span class='ocrx_word' id='word_1_180' title='bbox 494 2321 735 2382; x_wconf 87' lang='lat' dir='ltr'><strong>tempore</strong></span> <span class='ocrx_word' id='word_1_181' title='bbox 776 2316 1027 2385; x_wconf 86' lang='lat' dir='ltr'><strong>quoniam</strong></span> <span class='ocrx_word' id='word_1_182' title='bbox 1074 2327 1155 2371; x_wconf 89' lang='lat' dir='ltr'><strong>est</strong></span> <span class='ocrx_word' id='word_1_183' title='bbox 1195 2317 1355 2372; x_wconf 87' lang='lat' dir='ltr'><strong>homo</strong></span> <span class='ocrx_word' id='word_1_184' title='bbox 1390 2320 1575 2384; x_wconf 90' lang='lat' dir='ltr'><strong>albus,</strong></span> <span class='ocrx_word' id='word_1_185' title='bbox 1608 2329 1662 2376; x_wconf 90' lang='lat' dir='ltr'><strong>et</strong></span> <span class='ocrx_word' id='word_1_186' title='bbox 1707 2337 1810 2376; x_wconf 92' lang='lat' dir='ltr'><strong>non</strong></span> <span class='ocrx_word' id='word_1_187' title='bbox 1851 2328 1936 2378; x_wconf 86' lang='lat' dir='ltr'><strong>est</strong></span> 
     </span>
    </p>
   </div>
   <div class='ocr_carea' id='block_1_24' title="bbox 356 2403 1936 2483">
    <p class='ocr_par' dir='ltr' id='par_1_24' title="bbox 356 2403 1936 2483">
     <span class='ocr_line' id='line_1_24' title="bbox 356 2403 1936 2483; baseline 0.008 -26"><span class='ocrx_word' id='word_1_188' title='bbox 356 2403 517 2459; x_wconf 88' lang='lat' dir='ltr'><strong>homo</strong></span> <span class='ocrx_word' id='word_1_189' title='bbox 539 2405 712 2461; x_wconf 89' lang='lat' dir='ltr'><strong>albus.</strong></span> <span class='ocrx_word' id='word_1_190' title='bbox 745 2407 946 2462; x_wconf 77' lang='lat' dir='ltr'><strong>Rursus</strong></span> <span class='ocrx_word' id='word_1_191' title='bbox 975 2410 1019 2464; x_wconf 90' lang='lat' dir='ltr'><strong>si</strong></span> <span class='ocrx_word' id='word_1_192' title='bbox 1048 2426 1230 2464; x_wconf 89' lang='lat' dir='ltr'><strong>verum</strong></span> <span class='ocrx_word' id='word_1_193' title='bbox 1264 2419 1346 2465; x_wconf 91' lang='lat' dir='ltr'><strong>est</strong></span> <span class='ocrx_word' id='word_1_194' title='bbox 1373 2412 1550 2468; x_wconf 82' lang='lat' dir='ltr'><strong>dicere</strong></span> <span class='ocrx_word' id='word_1_195' title='bbox 1577 2416 1824 2483; x_wconf 67' lang='lat' dir='ltr'><strong>qurniam</strong></span> <span class='ocrx_word' id='word_1_196' title='bbox 1852 2421 1936 2469; x_wconf 91' lang='lat' dir='ltr'><strong>est</strong></span> 
     </span>
    </p>
   </div>
   <div class='ocr_carea' id='block_1_25' title="bbox 355 2491 1934 2574">
    <p class='ocr_par' dir='ltr' id='par_1_25' title="bbox 355 2491 1934 2574">
     <span class='ocr_line' id='line_1_25' title="bbox 355 2491 1934 2574; baseline 0.007 -26"><span class='ocrx_word' id='word_1_197' title='bbox 355 2491 517 2550; x_wconf 85' lang='lat' dir='ltr'><strong>homo</strong></span> <span class='ocrx_word' id='word_1_198' title='bbox 560 2495 818 2565; x_wconf 84' lang='lat' dir='ltr'><strong>pulcher,</strong></span> <span class='ocrx_word' id='word_1_199' title='bbox 860 2507 914 2552; x_wconf 86' lang='lat' dir='ltr'><strong>ct</strong></span> <span class='ocrx_word' id='word_1_200' title='bbox 955 2505 1036 2553; x_wconf 84' lang='lat' dir='ltr'><strong>est</strong></span> <span class='ocrx_word' id='word_1_201' title='bbox 1078 2500 1237 2554; x_wconf 90' lang='lat' dir='ltr'><strong>homo</strong></span> <span class='ocrx_word' id='word_1_202' title='bbox 1279 2501 1450 2556; x_wconf 71' lang='lat' dir='ltr'><strong>imitus</strong></span> <span class='ocrx_word' id='word_1_203' title='bbox 1489 2517 1595 2556; x_wconf 87' lang='lat' dir='ltr'><strong>uno</strong></span> <span class='ocrx_word' id='word_1_204' title='bbox 1637 2504 1934 2574; x_wconf 82' lang='lat' dir='ltr'><strong>eodemque</strong></span> 
     </span>
    </p>
   </div>
   <div class='ocr_carea' id='block_1_26' title="bbox 355 2589 1936 2662">
    <p class='ocr_par' dir='ltr' id='par_1_26' title="bbox 355 2589 1936 2662">
     <span class='ocr_line' id='line_1_26' title="bbox 355 2589 1936 2662; baseline 0.006 -22"><span class='ocrx_word' id='word_1_205' title='bbox 355 2594 621 2654; x_wconf 86' lang='lat' dir='ltr'><strong>tempore,</strong></span> <span class='ocrx_word' id='word_1_206' title='bbox 654 2590 741 2657; x_wconf 81' lang='lat' dir='ltr'><strong>qui</strong></span> <span class='ocrx_word' id='word_1_207' title='bbox 767 2598 943 2644; x_wconf 82' lang='lat' dir='ltr'><strong>autem</strong></span> <span class='ocrx_word' id='word_1_208' title='bbox 975 2589 1149 2645; x_wconf 70' lang='lat' dir='ltr'><strong>[cedes</strong></span> <span class='ocrx_word' id='word_1_209' title='bbox 1177 2602 1291 2658; x_wconf 86' lang='lat' dir='ltr'><strong>est,</strong></span> <span class='ocrx_word' id='word_1_210' title='bbox 1327 2592 1547 2662; x_wconf 85' lang='lat' dir='ltr'><strong>pulcher</strong></span> <span class='ocrx_word' id='word_1_211' title='bbox 1578 2608 1682 2648; x_wconf 86' lang='lat' dir='ltr'><strong>non</strong></span> <span class='ocrx_word' id='word_1_212' title='bbox 1713 2603 1817 2659; x_wconf 85' lang='lat' dir='ltr'><strong>est,</strong></span> <span class='ocrx_word' id='word_1_213' title='bbox 1845 2608 1936 2649; x_wconf 86' lang='lat' dir='ltr'><strong>ve-</strong></span> 
     </span>
    </p>
   </div>
   <div class='ocr_carea' id='block_1_27' title="bbox 356 2680 1933 2754">
    <p class='ocr_par' dir='ltr' id='par_1_27' title="bbox 356 2680 1933 2754">
     <span class='ocr_line' id='line_1_27' title="bbox 356 2680 1933 2754; baseline 0.006 -21"><span class='ocrx_word' id='word_1_214' title='bbox 356 2691 470 2733; x_wconf 88' lang='lat' dir='ltr'><strong>rum</strong></span> <span class='ocrx_word' id='word_1_215' title='bbox 497 2692 579 2733; x_wconf 86' lang='lat' dir='ltr'><strong>est</strong></span> <span class='ocrx_word' id='word_1_216' title='bbox 613 2680 795 2736; x_wconf 87' lang='lat' dir='ltr'><strong>dicere</strong></span> <span class='ocrx_word' id='word_1_217' title='bbox 825 2682 1095 2738; x_wconf 88' lang='lat' dir='ltr'><strong>hominem</strong></span> <span class='ocrx_word' id='word_1_218' title='bbox 1124 2698 1247 2739; x_wconf 85' lang='lat' dir='ltr'><strong>esse</strong></span> <span class='ocrx_word' id='word_1_219' title='bbox 1277 2686 1554 2754; x_wconf 85' lang='lat' dir='ltr'><strong>pulchrum</strong></span> <span class='ocrx_word' id='word_1_220' title='bbox 1584 2698 1635 2740; x_wconf 85' lang='lat' dir='ltr'><strong>et</strong></span> <span class='ocrx_word' id='word_1_221' title='bbox 1664 2686 1933 2742; x_wconf 71' lang='lat' dir='ltr'><strong>hominem</strong></span> 
     </span>
    </p>
   </div>
   <div class='ocr_carea' id='block_1_28' title="bbox 355 2772 1933 2848">
    <p class='ocr_par' dir='ltr' id='par_1_28' title="bbox 355 2772 1933 2848">
     <span class='ocr_line' id='line_1_28' title="bbox 355 2772 1933 2848; baseline 0.006 -22"><span class='ocrx_word' id='word_1_222' title='bbox 355 2785 474 2826; x_wconf 83' lang='lat' dir='ltr'><strong>esse</strong></span> <span class='ocrx_word' id='word_1_223' title='bbox 519 2772 716 2828; x_wconf 54' lang='lat' dir='ltr'><strong>lardum</strong></span> <span class='ocrx_word' id='word_1_224' title='bbox 743 2815 757 2840; x_wconf 92' lang='lat'><strong>,</strong></span> <span class='ocrx_word' id='word_1_225' title='bbox 808 2790 914 2829; x_wconf 91' lang='lat' dir='ltr'><strong>uno</strong></span> <span class='ocrx_word' id='word_1_226' title='bbox 957 2776 1252 2848; x_wconf 85' lang='lat' dir='ltr'><strong>eodemque</strong></span> <span class='ocrx_word' id='word_1_227' title='bbox 1303 2790 1562 2848; x_wconf 87' lang='lat' dir='ltr'><strong>tempore.</strong></span> <span class='ocrx_word' id='word_1_228' title='bbox 1606 2779 1738 2835; x_wconf 91' lang='lat' dir='ltr'><strong>Cum</strong></span> <span class='ocrx_word' id='word_1_229' title='bbox 1789 2781 1933 2835; x_wconf 91' lang='lat' dir='ltr'><strong>enim</strong></span> 
     </span>
    </p>
   </div>
   <div class='ocr_carea' id='block_1_29' title="bbox 354 2861 1929 2934">
    <p class='ocr_par' dir='ltr' id='par_1_29' title="bbox 354 2861 1929 2934">
     <span class='ocr_line' id='line_1_29' title="bbox 354 2861 1929 2934; baseline 0.004 -18"><span class='ocrx_word' id='word_1_230' title='bbox 354 2861 587 2918; x_wconf 78' lang='lat' dir='ltr'><strong>Achilles</strong></span> <span class='ocrx_word' id='word_1_231' title='bbox 612 2874 756 2919; x_wconf 86' lang='lat' dir='ltr'><strong>esset</strong></span> <span class='ocrx_word' id='word_1_232' title='bbox 782 2864 1020 2934; x_wconf 83' lang='lat' dir='ltr'><strong>pulcher,</strong></span> <span class='ocrx_word' id='word_1_233' title='bbox 1048 2869 1268 2921; x_wconf 87' lang='lat' dir='ltr'><strong>claudus</strong></span> <span class='ocrx_word' id='word_1_234' title='bbox 1294 2868 1569 2925; x_wconf 74' lang='lat' dir='ltr'><strong>Thersites</strong></span> <span class='ocrx_word' id='word_1_235' title='bbox 1593 2879 1709 2925; x_wconf 87' lang='lat' dir='ltr'><strong>crat</strong></span> <span class='ocrx_word' id='word_1_236' title='bbox 1738 2870 1929 2925; x_wconf 64' lang='lat' dir='ltr'><strong>nudus.</strong></span> 
     </span>
    </p>
   </div>
   <div class='ocr_carea' id='block_1_30' title="bbox 354 2950 1934 3026">
    <p class='ocr_par' dir='ltr' id='par_1_30' title="bbox 354 2950 1934 3026">
     <span class='ocr_line' id='line_1_30' title="bbox 354 2950 1934 3026; baseline 0.006 -19"><span class='ocrx_word' id='word_1_237' title='bbox 354 2950 557 3010; x_wconf 74' lang='lat' dir='ltr'><strong>Rursus</strong></span> <span class='ocrx_word' id='word_1_238' title='bbox 584 2956 629 3009; x_wconf 90' lang='lat' dir='ltr'><strong>si</strong></span> <span class='ocrx_word' id='word_1_239' title='bbox 657 2971 845 3011; x_wconf 84' lang='lat' dir='ltr'><strong>verum</strong></span> <span class='ocrx_word' id='word_1_240' title='bbox 872 2968 956 3012; x_wconf 88' lang='lat' dir='ltr'><strong>est</strong></span> <span class='ocrx_word' id='word_1_241' title='bbox 980 2958 1156 3013; x_wconf 68' lang='lat' dir='ltr'><strong>dicere</strong></span> <span class='ocrx_word' id='word_1_242' title='bbox 1186 2974 1307 3014; x_wconf 85' lang='lat' dir='ltr'><strong>esse</strong></span> <span class='ocrx_word' id='word_1_243' title='bbox 1336 2960 1607 3015; x_wconf 84' lang='lat' dir='ltr'><strong>hominem</strong></span> <span class='ocrx_word' id='word_1_244' title='bbox 1637 2962 1812 3016; x_wconf 90' lang='lat' dir='ltr'><strong>album</strong></span> <span class='ocrx_word' id='word_1_245' title='bbox 1832 3001 1848 3026; x_wconf 95' lang='lat'><strong>,</strong></span> <span class='ocrx_word' id='word_1_246' title='bbox 1878 2973 1934 3016; x_wconf 91' lang='lat' dir='ltr'><strong>et</strong></span> 
     </span>
    </p>
   </div>
   <div class='ocr_carea' id='block_1_31' title="bbox 353 3047 1944 3119">
    <p class='ocr_par' dir='ltr' id='par_1_31' title="bbox 353 3047 1944 3119">
     <span class='ocr_line' id='line_1_31' title="bbox 353 3047 1944 3119; baseline 0.004 -19"><span class='ocrx_word' id='word_1_247' title='bbox 353 3057 541 3100; x_wconf 83' lang='lat' dir='ltr'><strong>rursus</strong></span> <span class='ocrx_word' id='word_1_248' title='bbox 568 3063 674 3101; x_wconf 90' lang='lat' dir='ltr'><strong>uno</strong></span> <span class='ocrx_word' id='word_1_249' title='bbox 703 3047 1000 3119; x_wconf 85' lang='lat' dir='ltr'><strong>eodemque</strong></span> <span class='ocrx_word' id='word_1_250' title='bbox 1029 3060 1266 3117; x_wconf 87' lang='lat' dir='ltr'><strong>tempore</strong></span> <span class='ocrx_word' id='word_1_251' title='bbox 1297 3051 1408 3105; x_wconf 90' lang='lat' dir='ltr'><strong>ﬁeri</strong></span> <span class='ocrx_word' id='word_1_252' title='bbox 1437 3052 1705 3108; x_wconf 84' lang='lat' dir='ltr'><strong>hominem</strong></span> <span class='ocrx_word' id='word_1_253' title='bbox 1727 3053 1944 3117; x_wconf 74' lang='lat' dir='ltr'><strong>album,</strong></span> 
     </span>
    </p>
   </div>
   <div class='ocr_carea' id='block_1_32' title="bbox 354 3137 1937 3210">
    <p class='ocr_par' dir='ltr' id='par_1_32' title="bbox 354 3137 1937 3210">
     <span class='ocr_line' id='line_1_32' title="bbox 354 3137 1937 3210; baseline 0.005 -21"><span class='ocrx_word' id='word_1_254' title='bbox 354 3150 458 3191; x_wconf 89' lang='lat' dir='ltr'><strong>nec</strong></span> <span class='ocrx_word' id='word_1_255' title='bbox 481 3137 583 3192; x_wconf 89' lang='lat' dir='ltr'><strong>hoc</strong></span> <span class='ocrx_word' id='word_1_256' title='bbox 608 3138 708 3192; x_wconf 86' lang='lat' dir='ltr'><strong>ulla</strong></span> <span class='ocrx_word' id='word_1_257' title='bbox 736 3141 1089 3196; x_wconf 71' lang='lat' dir='ltr'><strong>contrarietas</strong></span> <span class='ocrx_word' id='word_1_258' title='bbox 1117 3152 1259 3196; x_wconf 85' lang='lat' dir='ltr'><strong>vetat</strong></span> <span class='ocrx_word' id='word_1_259' title='bbox 1307 3152 1362 3197; x_wconf 91' lang='lat' dir='ltr'><strong>ut</strong></span> <span class='ocrx_word' id='word_1_260' title='bbox 1388 3145 1457 3197; x_wconf 83' lang='lat' dir='ltr'><strong>sit</strong></span> <span class='ocrx_word' id='word_1_261' title='bbox 1489 3142 1650 3198; x_wconf 85' lang='lat' dir='ltr'><strong>homo</strong></span> <span class='ocrx_word' id='word_1_262' title='bbox 1678 3144 1852 3210; x_wconf 79' lang='lat' dir='ltr'><strong>albus,</strong></span> <span class='ocrx_word' id='word_1_263' title='bbox 1879 3154 1937 3199; x_wconf 84' lang='lat' dir='ltr'><strong>et</strong></span> 
     </span>
    </p>
   </div>
   <div class='ocr_carea' id='block_1_33' title="bbox 352 3239 1932 3313">
    <p class='ocr_par' dir='ltr' id='par_1_33' title="bbox 352 3239 1932 3313">
     <span class='ocr_line' id='line_1_33' title="bbox 352 3239 1932 3313; baseline 0.003 -20"><span class='ocrx_word' id='word_1_264' title='bbox 352 3252 547 3293; x_wconf 85' lang='lat' dir='ltr'><strong>rursus</strong></span> <span class='ocrx_word' id='word_1_265' title='bbox 592 3239 683 3294; x_wconf 84' lang='lat' dir='ltr'><strong>ﬁat</strong></span> <span class='ocrx_word' id='word_1_266' title='bbox 723 3241 880 3295; x_wconf 88' lang='lat' dir='ltr'><strong>homo</strong></span> <span class='ocrx_word' id='word_1_267' title='bbox 923 3243 1114 3307; x_wconf 85' lang='lat' dir='ltr'><strong>albus,</strong></span> <span class='ocrx_word' id='word_1_268' title='bbox 1154 3241 1251 3297; x_wconf 86' lang='lat' dir='ltr'><strong>sed</strong></span> <span class='ocrx_word' id='word_1_269' title='bbox 1282 3242 1374 3313; x_wconf 88' lang='lat' dir='ltr'><strong>qui</strong></span> <span class='ocrx_word' id='word_1_270' title='bbox 1405 3243 1465 3297; x_wconf 90' lang='lat' dir='ltr'><strong>ﬁt</strong></span> <span class='ocrx_word' id='word_1_271' title='bbox 1499 3243 1653 3298; x_wconf 86' lang='lat' dir='ltr'><strong>albus</strong></span> <span class='ocrx_word' id='word_1_272' title='bbox 1700 3244 1932 3299; x_wconf 89' lang='lat' dir='ltr'><strong>nondum</strong></span> 
     </span>
    </p>
   </div>
   <div class='ocr_carea' id='block_1_34' title="bbox 353 3338 1935 3413">
    <p class='ocr_par' dir='ltr' id='par_1_34' title="bbox 353 3338 1935 3413">
     <span class='ocr_line' id='line_1_34' title="bbox 353 3338 1935 3413; baseline 0.003 -20"><span class='ocrx_word' id='word_1_273' title='bbox 353 3338 507 3395; x_wconf 83' lang='lat' dir='ltr'><strong>sibus</strong></span> <span class='ocrx_word' id='word_1_274' title='bbox 535 3348 638 3404; x_wconf 83' lang='lat' dir='ltr'><strong>est,</strong></span> <span class='ocrx_word' id='word_1_275' title='bbox 671 3354 854 3395; x_wconf 87' lang='lat' dir='ltr'><strong>verum</strong></span> <span class='ocrx_word' id='word_1_276' title='bbox 881 3350 966 3395; x_wconf 85' lang='lat' dir='ltr'><strong>est</strong></span> <span class='ocrx_word' id='word_1_277' title='bbox 994 3340 1154 3411; x_wconf 81' lang='lat' dir='ltr'><strong>igitur</strong></span> <span class='ocrx_word' id='word_1_278' title='bbox 1181 3341 1363 3398; x_wconf 81' lang='lat' dir='ltr'><strong>dicere</strong></span> <span class='ocrx_word' id='word_1_279' title='bbox 1390 3343 1641 3413; x_wconf 85' lang='lat' dir='ltr'><strong>quoniam</strong></span> <span class='ocrx_word' id='word_1_280' title='bbox 1667 3352 1749 3398; x_wconf 87' lang='lat' dir='ltr'><strong>est</strong></span> <span class='ocrx_word' id='word_1_281' title='bbox 1774 3346 1935 3398; x_wconf 80' lang='lat' dir='ltr'><strong>homo</strong></span> 
     </span>
    </p>
   </div>
   <div class='ocr_carea' id='block_1_35' title="bbox 354 3431 1929 3506">
    <p class='ocr_par' dir='ltr' id='par_1_35' title="bbox 354 3431 1929 3506">
     <span class='ocr_line' id='line_1_35' title="bbox 354 3431 1929 3506; baseline 0.005 -23"><span class='ocrx_word' id='word_1_282' title='bbox 354 3431 525 3496; x_wconf 78' lang='lat' dir='ltr'><strong>albus,</strong></span> <span class='ocrx_word' id='word_1_283' title='bbox 547 3442 603 3487; x_wconf 92' lang='lat' dir='ltr'><strong>et</strong></span> <span class='ocrx_word' id='word_1_284' title='bbox 630 3448 733 3487; x_wconf 90' lang='lat' dir='ltr'><strong>non</strong></span> <span class='ocrx_word' id='word_1_285' title='bbox 758 3442 843 3488; x_wconf 81' lang='lat' dir='ltr'><strong>est</strong></span> <span class='ocrx_word' id='word_1_286' title='bbox 872 3434 1032 3489; x_wconf 86' lang='lat' dir='ltr'><strong>homo</strong></span> <span class='ocrx_word' id='word_1_287' title='bbox 1054 3434 1227 3489; x_wconf 86' lang='lat' dir='ltr'><strong>albus.</strong></span> <span class='ocrx_word' id='word_1_288' title='bbox 1257 3435 1368 3489; x_wconf 88' lang='lat' dir='ltr'><strong>Hoc</strong></span> <span class='ocrx_word' id='word_1_289' title='bbox 1396 3445 1479 3490; x_wconf 91' lang='lat' dir='ltr'><strong>est</strong></span> <span class='ocrx_word' id='word_1_290' title='bbox 1503 3437 1645 3490; x_wconf 85' lang='lat' dir='ltr'><strong>enim</strong></span> <span class='ocrx_word' id='word_1_291' title='bbox 1668 3437 1806 3506; x_wconf 88' lang='lat' dir='ltr'><strong>quod</strong></span> <span class='ocrx_word' id='word_1_292' title='bbox 1836 3438 1929 3503; x_wconf 82' lang='lat' dir='ltr'><strong>sit,</strong></span> 
     </span>
    </p>
   </div>
   <div class='ocr_carea' id='block_1_36' title="bbox 352 3526 1930 3597">
    <p class='ocr_par' dir='ltr' id='par_1_36' title="bbox 352 3526 1930 3597">
     <span class='ocr_line' id='line_1_36' title="bbox 352 3526 1930 3597; baseline 0.003 -18"><span class='ocrx_word' id='word_1_293' title='bbox 352 3533 407 3579; x_wconf 81' lang='lat' dir='ltr'><strong>et</strong></span> <span class='ocrx_word' id='word_1_294' title='bbox 431 3526 477 3580; x_wconf 85' lang='lat' dir='ltr'><strong>si</strong></span> <span class='ocrx_word' id='word_1_295' title='bbox 513 3527 567 3581; x_wconf 86' lang='lat' dir='ltr'><strong>ﬁt</strong></span> <span class='ocrx_word' id='word_1_296' title='bbox 596 3526 827 3595; x_wconf 80' lang='lat' dir='ltr'><strong>aliquid,</strong></span> <span class='ocrx_word' id='word_1_297' title='bbox 858 3537 913 3581; x_wconf 89' lang='lat' dir='ltr'><strong>et</strong></span> <span class='ocrx_word' id='word_1_298' title='bbox 959 3543 1064 3582; x_wconf 90' lang='lat' dir='ltr'><strong>non</strong></span> <span class='ocrx_word' id='word_1_299' title='bbox 1096 3540 1209 3583; x_wconf 85' lang='lat' dir='ltr'><strong>est:</strong></span> <span class='ocrx_word' id='word_1_300' title='bbox 1243 3544 1363 3584; x_wconf 90' lang='lat' dir='ltr'><strong>cum</strong></span> <span class='ocrx_word' id='word_1_301' title='bbox 1401 3528 1541 3584; x_wconf 87' lang='lat' dir='ltr'><strong>enim</strong></span> <span class='ocrx_word' id='word_1_302' title='bbox 1575 3530 1652 3595; x_wconf 87' lang='lat' dir='ltr'><strong>lit,</strong></span> <span class='ocrx_word' id='word_1_303' title='bbox 1690 3545 1796 3584; x_wconf 89' lang='lat' dir='ltr'><strong>non</strong></span> <span class='ocrx_word' id='word_1_304' title='bbox 1822 3540 1930 3597; x_wconf 82' lang='lat' dir='ltr'><strong>est,</strong></span> 
     </span>
    </p>
   </div>
   <div class='ocr_carea' id='block_1_37' title="bbox 355 3614 1933 3687">
    <p class='ocr_par' dir='ltr' id='par_1_37' title="bbox 355 3614 1933 3687">
     <span class='ocr_line' id='line_1_37' title="bbox 355 3614 1933 3687; baseline 0.002 -16"><span class='ocrx_word' id='word_1_305' title='bbox 355 3614 448 3671; x_wconf 86' lang='lat' dir='ltr'><strong>sed</strong></span> <span class='ocrx_word' id='word_1_306' title='bbox 481 3627 653 3685; x_wconf 86' lang='lat' dir='ltr'><strong>potest</strong></span> <span class='ocrx_word' id='word_1_307' title='bbox 683 3618 789 3673; x_wconf 89' lang='lat' dir='ltr'><strong>dici</strong></span> <span class='ocrx_word' id='word_1_308' title='bbox 818 3620 1070 3687; x_wconf 88' lang='lat' dir='ltr'><strong>quoniam</strong></span> <span class='ocrx_word' id='word_1_309' title='bbox 1100 3628 1181 3674; x_wconf 75' lang='lat' dir='ltr'><strong>est</strong></span> <span class='ocrx_word' id='word_1_310' title='bbox 1213 3618 1374 3674; x_wconf 88' lang='lat' dir='ltr'><strong>homo</strong></span> <span class='ocrx_word' id='word_1_311' title='bbox 1399 3619 1572 3685; x_wconf 84' lang='lat' dir='ltr'><strong>albus,</strong></span> <span class='ocrx_word' id='word_1_312' title='bbox 1604 3631 1659 3675; x_wconf 91' lang='lat' dir='ltr'><strong>et</strong></span> <span class='ocrx_word' id='word_1_313' title='bbox 1686 3620 1742 3675; x_wconf 91' lang='lat' dir='ltr'><strong>ﬁt</strong></span> <span class='ocrx_word' id='word_1_314' title='bbox 1772 3620 1933 3674; x_wconf 86' lang='lat' dir='ltr'><strong>homo</strong></span> 
     </span>
    </p>
   </div>
   <div class='ocr_carea' id='block_1_38' title="bbox 352 3706 1932 3783">
    <p class='ocr_par' dir='ltr' id='par_1_38' title="bbox 352 3706 1932 3783">
     <span class='ocr_line' id='line_1_38' title="bbox 352 3706 1932 3783; baseline 0.004 -22"><span class='ocrx_word' id='word_1_315' title='bbox 352 3706 524 3773; x_wconf 69' lang='lat' dir='ltr'><strong>albus,</strong></span> <span class='ocrx_word' id='word_1_316' title='bbox 556 3719 612 3763; x_wconf 84' lang='lat' dir='ltr'><strong>ut</strong></span> <span class='ocrx_word' id='word_1_317' title='bbox 649 3719 932 3780; x_wconf 81' lang='lat' dir='ltr'><strong>utrumque</strong></span> <span class='ocrx_word' id='word_1_318' title='bbox 961 3724 1086 3765; x_wconf 88' lang='lat' dir='ltr'><strong>vere</strong></span> <span class='ocrx_word' id='word_1_319' title='bbox 1128 3711 1352 3766; x_wconf 85' lang='lat' dir='ltr'><strong>dicatur.</strong></span> <span class='ocrx_word' id='word_1_320' title='bbox 1402 3712 1583 3767; x_wconf 87' lang='lat' dir='ltr'><strong>Potest</strong></span> <span class='ocrx_word' id='word_1_321' title='bbox 1614 3712 1777 3783; x_wconf 86' lang='lat' dir='ltr'><strong>igitur</strong></span> <span class='ocrx_word' id='word_1_322' title='bbox 1805 3727 1932 3768; x_wconf 83' lang='lat' dir='ltr'><strong>vere</strong></span> 
     </span>
    </p>
   </div>
   <div class='ocr_carea' id='block_1_39' title="bbox 354 3801 1934 3870">
    <p class='ocr_par' dir='ltr' id='par_1_39' title="bbox 354 3801 1934 3870">
     <span class='ocr_line' id='line_1_39' title="bbox 354 3801 1934 3870; baseline 0.004 -19"><span class='ocrx_word' id='word_1_323' title='bbox 354 3810 635 3870; x_wconf 88' lang='lat' dir='ltr'><strong>utrumque</strong></span> <span class='ocrx_word' id='word_1_324' title='bbox 674 3801 802 3868; x_wconf 83' lang='lat' dir='ltr'><strong>diei,</strong></span> <span class='ocrx_word' id='word_1_325' title='bbox 850 3801 916 3856; x_wconf 82' lang='lat' dir='ltr'><strong>Et</strong></span> <span class='ocrx_word' id='word_1_326' title='bbox 946 3811 1028 3858; x_wconf 88' lang='grc' dir='ltr'><strong>εει</strong></span> <span class='ocrx_word' id='word_1_327' title='bbox 1056 3802 1216 3858; x_wconf 89' lang='lat' dir='ltr'><strong>homo</strong></span> <span class='ocrx_word' id='word_1_328' title='bbox 1243 3803 1417 3870; x_wconf 86' lang='lat' dir='ltr'><strong>albus,</strong></span> <span class='ocrx_word' id='word_1_329' title='bbox 1444 3812 1498 3859; x_wconf 90' lang='lat' dir='ltr'><strong>et</strong></span> <span class='ocrx_word' id='word_1_330' title='bbox 1527 3818 1633 3859; x_wconf 90' lang='lat' dir='ltr'><strong>non</strong></span> <span class='ocrx_word' id='word_1_331' title='bbox 1658 3812 1741 3858; x_wconf 86' lang='lat' dir='ltr'><strong>est</strong></span> <span class='ocrx_word' id='word_1_332' title='bbox 1770 3804 1934 3859; x_wconf 75' lang='lat' dir='ltr'><strong>homo</strong></span> 
     </span>
    </p>
   </div>
   <div class='ocr_carea' id='block_1_40' title="bbox 355 3889 529 3945">
    <p class='ocr_par' dir='ltr' id='par_1_40' title="bbox 355 3889 529 3945">
     <span class='ocr_line' id='line_1_40' title="bbox 355 3889 529 3945; baseline 0 -2"><span class='ocrx_word' id='word_1_333' title='bbox 355 3889 529 3945; x_wconf 68' lang='lat' dir='ltr'><strong>albus.</strong></span> 
     </span>
    </p>
   </div>
   <div class='ocr_carea' id='block_1_41' title="bbox 437 4001 1932 4085">
    <p class='ocr_par' dir='ltr' id='par_1_41' title="bbox 437 4001 1932 4085">
     <span class='ocr_line' id='line_1_41' title="bbox 437 4001 1932 4085; baseline 0.003 -29"><span class='ocrx_word' id='word_1_334' title='bbox 437 4001 704 4058; x_wconf 81' lang='lat' dir='ltr'><strong>Videbitur</strong></span> <span class='ocrx_word' id='word_1_335' title='bbox 744 4013 914 4085; x_wconf 72' lang='lat' dir='ltr'><strong>autent</strong></span> <span class='ocrx_word' id='word_1_336' title='bbox 959 4009 1119 4062; x_wconf 82' lang='lat' dir='ltr'><strong>subito</strong></span> <span class='ocrx_word' id='word_1_337' title='bbox 1160 4009 1512 4063; x_wconf 80' lang='lat' dir='ltr'><strong>inconveniens</strong></span> <span class='ocrx_word' id='word_1_338' title='bbox 1554 4023 1678 4061; x_wconf 82' lang='lat' dir='ltr'><strong>esse.</strong></span> <span class='ocrx_word' id='word_1_339' title='bbox 1732 4006 1932 4061; x_wconf 83' lang='lat' dir='ltr'><strong>Idcirco</strong></span> 
     </span>
    </p>
   </div>
   <div class='ocr_carea' id='block_1_42' title="bbox 353 4092 1931 4169">
    <p class='ocr_par' dir='ltr' id='par_1_42' title="bbox 353 4092 1931 4169">
     <span class='ocr_line' id='line_1_42' title="bbox 353 4092 1931 4169; baseline 0.001 -19"><span class='ocrx_word' id='word_1_340' title='bbox 353 4099 594 4168; x_wconf 78' lang='lat' dir='ltr'><strong>quoniam</strong></span> <span class='ocrx_word' id='word_1_341' title='bbox 620 4099 815 4152; x_wconf 80' lang='lat' dir='ltr'><strong>videtur</strong></span> <span class='ocrx_word' id='word_1_342' title='bbox 840 4100 1141 4169; x_wconf 80' lang='lat' dir='ltr'><strong>signiﬁcare,</strong></span> <span class='ocrx_word' id='word_1_343' title='bbox 1172 4117 1272 4154; x_wconf 86' lang='lat' dir='ltr'><strong>non</strong></span> <span class='ocrx_word' id='word_1_344' title='bbox 1300 4111 1372 4155; x_wconf 80' lang='lat' dir='ltr'><strong>est</strong></span> <span class='ocrx_word' id='word_1_345' title='bbox 1403 4100 1555 4153; x_wconf 88' lang='lat' dir='ltr'><strong>homo</strong></span> <span class='ocrx_word' id='word_1_346' title='bbox 1584 4092 1752 4163; x_wconf 83' lang='lat' dir='ltr'><strong>albus,</strong></span> <span class='ocrx_word' id='word_1_347' title='bbox 1780 4099 1931 4152; x_wconf 86' lang='lat' dir='ltr'><strong>simul</strong></span> 
     </span>
    </p>
   </div>
   <div class='ocr_carea' id='block_1_43' title="bbox 354 4191 1933 4262">
    <p class='ocr_par' dir='ltr' id='par_1_43' title="bbox 354 4191 1933 4262">
     <span class='ocr_line' id='line_1_43' title="bbox 354 4191 1933 4262; baseline 0.002 -19"><span class='ocrx_word' id='word_1_348' title='bbox 354 4191 507 4243; x_wconf 81' lang='lat' dir='ltr'><strong>etiam</strong></span> <span class='ocrx_word' id='word_1_349' title='bbox 544 4192 784 4260; x_wconf 83' lang='lat' dir='ltr'><strong>quoniam</strong></span> <span class='ocrx_word' id='word_1_350' title='bbox 822 4209 968 4247; x_wconf 82' lang='lat' dir='ltr'><strong>nemo</strong></span> <span class='ocrx_word' id='word_1_351' title='bbox 1006 4194 1155 4248; x_wconf 83' lang='lat' dir='ltr'><strong>homo</strong></span> <span class='ocrx_word' id='word_1_352' title='bbox 1195 4192 1359 4248; x_wconf 86' lang='lat' dir='ltr'><strong>albus.</strong></span> <span class='ocrx_word' id='word_1_353' title='bbox 1405 4192 1521 4248; x_wconf 85' lang='lat' dir='ltr'><strong>Hoc</strong></span> <span class='ocrx_word' id='word_1_354' title='bbox 1562 4202 1729 4245; x_wconf 85' lang='lat' dir='ltr'><strong>autem</strong></span> <span class='ocrx_word' id='word_1_355' title='bbox 1773 4208 1933 4262; x_wconf 84' lang='lat' dir='ltr'><strong>neque</strong></span> 
     </span>
    </p>
   </div>
   <div class='ocr_carea' id='block_1_44' title="bbox 355 4282 1525 4357">
    <p class='ocr_par' dir='ltr' id='par_1_44' title="bbox 355 4282 1525 4357">
     <span class='ocr_line' id='line_1_44' title="bbox 355 4282 1525 4357; baseline 0.003 -22"><span class='ocrx_word' id='word_1_356' title='bbox 355 4282 489 4339; x_wconf 72' lang='lat' dir='ltr'><strong>idem</strong></span> <span class='ocrx_word' id='word_1_357' title='bbox 523 4285 810 4357; x_wconf 78' lang='lat' dir='ltr'><strong>signiﬁcat,</strong></span> <span class='ocrx_word' id='word_1_358' title='bbox 850 4304 1008 4355; x_wconf 85' lang='lat' dir='ltr'><strong>neque</strong></span> <span class='ocrx_word' id='word_1_359' title='bbox 1042 4289 1197 4341; x_wconf 83' lang='lat' dir='ltr'><strong>simul</strong></span> <span class='ocrx_word' id='word_1_360' title='bbox 1224 4290 1525 4342; x_wconf 82' lang='lat' dir='ltr'><strong>necessario.</strong></span> 
     </span>
    </p>
   </div>
   <div class='ocr_carea' id='block_1_45' title="bbox 420 4396 1933 4468">
    <p class='ocr_par' dir='ltr' id='par_1_45' title="bbox 420 4396 1933 4468">
     <span class='ocr_line' id='line_1_45' title="bbox 420 4396 1933 4468; baseline 0.002 -18"><span class='ocrx_word' id='word_1_361' title='bbox 420 4396 617 4450; x_wconf 76' lang='lat' dir='ltr'><strong>Tacita:</strong></span> <span class='ocrx_word' id='word_1_362' title='bbox 640 4398 911 4453; x_wconf 90' lang='lat' dir='ltr'><strong>hominum</strong></span> <span class='ocrx_word' id='word_1_363' title='bbox 941 4399 1259 4455; x_wconf 87' lang='lat' dir='ltr'><strong>dubitationi</strong></span> <span class='ocrx_word' id='word_1_364' title='bbox 1281 4401 1586 4468; x_wconf 87' lang='lat' dir='ltr'><strong>respondet.</strong></span> <span class='ocrx_word' id='word_1_365' title='bbox 1613 4398 1762 4466; x_wconf 85' lang='lat' dir='ltr'><strong>Quod</strong></span> <span class='ocrx_word' id='word_1_366' title='bbox 1786 4399 1933 4454; x_wconf 90' lang='lat' dir='ltr'><strong>enim</strong></span> 
     </span>
    </p>
   </div>
   <div class='ocr_carea' id='block_1_46' title="bbox 356 4480 1927 4556">
    <p class='ocr_par' dir='ltr' id='par_1_46' title="bbox 356 4480 1927 4556">
     <span class='ocr_line' id='line_1_46' title="bbox 356 4480 1927 4556; baseline 0 -13"><span class='ocrx_word' id='word_1_367' title='bbox 356 4480 616 4554; x_wconf 80' lang='lat' dir='ltr'><strong>dicimus,</strong></span> <span class='ocrx_word' id='word_1_368' title='bbox 647 4498 730 4544; x_wconf 89' lang='lat' dir='ltr'><strong>est</strong></span> <span class='ocrx_word' id='word_1_369' title='bbox 757 4490 907 4545; x_wconf 80' lang='lat' dir='ltr'><strong>albus</strong></span> <span class='ocrx_word' id='word_1_370' title='bbox 954 4491 1114 4546; x_wconf 84' lang='lat' dir='ltr'><strong>homo</strong></span> <span class='ocrx_word' id='word_1_371' title='bbox 1138 4531 1153 4556; x_wconf 90' lang='lat'><strong>,</strong></span> <span class='ocrx_word' id='word_1_372' title='bbox 1194 4502 1249 4546; x_wconf 90' lang='lat' dir='ltr'><strong>et</strong></span> <span class='ocrx_word' id='word_1_373' title='bbox 1291 4506 1397 4546; x_wconf 91' lang='lat' dir='ltr'><strong>non</strong></span> <span class='ocrx_word' id='word_1_374' title='bbox 1440 4500 1521 4545; x_wconf 88' lang='lat' dir='ltr'><strong>est</strong></span> <span class='ocrx_word' id='word_1_375' title='bbox 1560 4491 1708 4545; x_wconf 88' lang='lat' dir='ltr'><strong>albus</strong></span> <span class='ocrx_word' id='word_1_376' title='bbox 1747 4493 1927 4556; x_wconf 85' lang='lat' dir='ltr'><strong>homo,</strong></span> 
     </span>
    </p>
   </div>
   <div class='ocr_carea' id='block_1_47' title="bbox 2000 514 3638 592">
    <p class='ocr_par' dir='ltr' id='par_1_47' title="bbox 2000 514 3638 592">
     <span class='ocr_line' id='line_1_47' title="bbox 2000 514 3638 592; baseline 0.004 -14"><span class='ocrx_word' id='word_1_377' title='bbox 2000 514 2003 515; x_wconf 39' lang='grc'><strong><em>⁷</em></strong></span> <span class='ocrx_word' id='word_1_378' title='bbox 2051 524 2213 578; x_wconf 89' lang='lat' dir='ltr'><strong>homo</strong></span> <span class='ocrx_word' id='word_1_379' title='bbox 2256 524 2409 577; x_wconf 86' lang='lat' dir='ltr'><strong>sibus</strong></span> <span class='ocrx_word' id='word_1_380' title='bbox 2448 533 2552 577; x_wconf 87' lang='lat' dir='ltr'><strong>est.</strong></span> <span class='ocrx_word' id='word_1_381' title='bbox 2596 523 2727 577; x_wconf 83' lang='lat' dir='ltr'><strong>Nam</strong></span> <span class='ocrx_word' id='word_1_382' title='bbox 2769 525 3049 592; x_wconf 76' lang='lat' dir='ltr'><strong>aliquoties</strong></span> <span class='ocrx_word' id='word_1_383' title='bbox 3095 525 3252 580; x_wconf 83' lang='lat' dir='ltr'><strong>simul</strong></span> <span class='ocrx_word' id='word_1_384' title='bbox 3282 534 3404 591; x_wconf 85' lang='lat' dir='ltr'><strong>est,</strong></span> <span class='ocrx_word' id='word_1_385' title='bbox 3434 528 3638 589; x_wconf 75' lang='lat' dir='ltr'><strong>scilicet</strong></span> 
     </span>
    </p>
   </div>
   <div class='ocr_carea' id='block_1_48' title="bbox 2052 615 3637 686">
    <p class='ocr_par' dir='ltr' id='par_1_48' title="bbox 2052 615 3637 686">
     <span class='ocr_line' id='line_1_48' title="bbox 2052 615 3637 686; baseline 0.004 -17"><span class='ocrx_word' id='word_1_386' title='bbox 2052 630 2171 669; x_wconf 90' lang='lat' dir='ltr'><strong>cum</strong></span> <span class='ocrx_word' id='word_1_387' title='bbox 2219 615 2365 683; x_wconf 89' lang='lat' dir='ltr'><strong>prius</strong></span> <span class='ocrx_word' id='word_1_388' title='bbox 2396 615 2590 669; x_wconf 86' lang='lat' dir='ltr'><strong>dicitur</strong></span> <span class='ocrx_word' id='word_1_389' title='bbox 2623 617 2938 670; x_wconf 71' lang='lat' dir='ltr'><strong>universalis</strong></span> <span class='ocrx_word' id='word_1_390' title='bbox 2975 618 3202 686; x_wconf 80' lang='lat' dir='ltr'><strong>negatio.</strong></span> <span class='ocrx_word' id='word_1_391' title='bbox 3242 617 3377 673; x_wconf 88' lang='lat' dir='ltr'><strong>Cum</strong></span> <span class='ocrx_word' id='word_1_392' title='bbox 3404 634 3530 673; x_wconf 84' lang='lat' dir='ltr'><strong>vero</strong></span> <span class='ocrx_word' id='word_1_393' title='bbox 3556 621 3637 675; x_wconf 83' lang='lat' dir='ltr'><strong>in-</strong></span> 
     </span>
    </p>
   </div>
   <div class='ocr_carea' id='block_1_49' title="bbox 2047 706 3636 779">
    <p class='ocr_par' dir='ltr' id='par_1_49' title="bbox 2047 706 3636 779">
     <span class='ocr_line' id='line_1_49' title="bbox 2047 706 3636 779; baseline 0.001 -15"><span class='ocrx_word' id='word_1_394' title='bbox 2047 707 2264 763; x_wconf 81' lang='lat' dir='ltr'><strong>deﬁnita</strong></span> <span class='ocrx_word' id='word_1_395' title='bbox 2292 706 2488 763; x_wconf 90' lang='lat' dir='ltr'><strong>dicitur</strong></span> <span class='ocrx_word' id='word_1_396' title='bbox 2522 708 2696 773; x_wconf 90' lang='lat' dir='ltr'><strong>prius,</strong></span> <span class='ocrx_word' id='word_1_397' title='bbox 2729 722 2836 762; x_wconf 90' lang='lat' dir='ltr'><strong>non</strong></span> <span class='ocrx_word' id='word_1_398' title='bbox 2872 716 2956 761; x_wconf 83' lang='grc' dir='ltr'><strong>εει</strong></span> <span class='ocrx_word' id='word_1_399' title='bbox 2986 709 3143 762; x_wconf 85' lang='lat' dir='ltr'><strong>simul</strong></span> <span class='ocrx_word' id='word_1_400' title='bbox 3180 712 3392 779; x_wconf 82' lang='lat' dir='ltr'><strong>negatio</strong></span> <span class='ocrx_word' id='word_1_401' title='bbox 3423 710 3636 765; x_wconf 67' lang='lat' dir='ltr'><strong>univero</strong></span> 
     </span>
    </p>
   </div>
   <div class='ocr_carea' id='block_1_50' title="bbox 2048 801 3631 872">
    <p class='ocr_par' dir='ltr' id='par_1_50' title="bbox 2048 801 3631 872">
     <span class='ocr_line' id='line_1_50' title="bbox 2048 801 3631 872; baseline 0 -14"><span class='ocrx_word' id='word_1_402' title='bbox 2048 804 2176 858; x_wconf 85' lang='lat' dir='ltr'><strong>salis</strong></span> <span class='ocrx_word' id='word_1_403' title='bbox 2202 803 2485 871; x_wconf 78' lang='lat' dir='ltr'><strong>conjuncta</strong></span> <span class='ocrx_word' id='word_1_404' title='bbox 2525 802 2796 871; x_wconf 82' lang='lat' dir='ltr'><strong>negationi</strong></span> <span class='ocrx_word' id='word_1_405' title='bbox 2842 802 3150 856; x_wconf 64' lang='lat' dir='ltr'><strong>indeﬁnite.</strong></span> <span class='ocrx_word' id='word_1_406' title='bbox 3196 801 3324 856; x_wconf 81' lang='lat' dir='ltr'><strong>Nam</strong></span> <span class='ocrx_word' id='word_1_407' title='bbox 3359 806 3403 858; x_wconf 90' lang='lat' dir='ltr'><strong>si</strong></span> <span class='ocrx_word' id='word_1_408' title='bbox 3435 806 3631 872; x_wconf 82' lang='lat' dir='ltr'><strong>dicam,</strong></span> 
     </span>
    </p>
   </div>
   <div class='ocr_carea' id='block_1_51' title="bbox 2049 893 3635 961">
    <p class='ocr_par' dir='ltr' id='par_1_51' title="bbox 2049 893 3635 961">
     <span class='ocr_line' id='line_1_51' title="bbox 2049 893 3635 961; baseline 0.002 -14"><span class='ocrx_word' id='word_1_409' title='bbox 2049 894 2225 947; x_wconf 88' lang='lat' dir='ltr'><strong>nullus</strong></span> <span class='ocrx_word' id='word_1_410' title='bbox 2268 894 2430 947; x_wconf 87' lang='lat' dir='ltr'><strong>homo</strong></span> <span class='ocrx_word' id='word_1_411' title='bbox 2474 893 2623 946; x_wconf 83' lang='lat' dir='ltr'><strong>albus</strong></span> <span class='ocrx_word' id='word_1_412' title='bbox 2651 900 2770 957; x_wconf 85' lang='lat' dir='ltr'><strong>est,</strong></span> <span class='ocrx_word' id='word_1_413' title='bbox 2813 893 2973 945; x_wconf 87' lang='lat' dir='ltr'><strong>simul</strong></span> <span class='ocrx_word' id='word_1_414' title='bbox 3009 893 3156 957; x_wconf 79' lang='lat' dir='ltr'><strong>disi,</strong></span> <span class='ocrx_word' id='word_1_415' title='bbox 3190 898 3441 961; x_wconf 76' lang='lat' dir='ltr'><strong>quoniam</strong></span> <span class='ocrx_word' id='word_1_416' title='bbox 3476 897 3635 951; x_wconf 83' lang='lat' dir='ltr'><strong>homo</strong></span> 
     </span>
    </p>
   </div>
   <div class='ocr_carea' id='block_1_52' title="bbox 2046 983 3632 1053">
    <p class='ocr_par' dir='ltr' id='par_1_52' title="bbox 2046 983 3632 1053">
     <span class='ocr_line' id='line_1_52' title="bbox 2046 983 3632 1053; baseline 0.003 -17"><span class='ocrx_word' id='word_1_417' title='bbox 2046 985 2199 1039; x_wconf 86' lang='lat' dir='ltr'><strong>albus</strong></span> <span class='ocrx_word' id='word_1_418' title='bbox 2230 1000 2335 1038; x_wconf 90' lang='lat' dir='ltr'><strong>non</strong></span> <span class='ocrx_word' id='word_1_419' title='bbox 2370 993 2475 1038; x_wconf 87' lang='lat' dir='ltr'><strong>est.</strong></span> <span class='ocrx_word' id='word_1_420' title='bbox 2517 984 2670 1050; x_wconf 80' lang='lat' dir='ltr'><strong>Quod</strong></span> <span class='ocrx_word' id='word_1_421' title='bbox 2697 984 2738 1037; x_wconf 90' lang='lat' dir='ltr'><strong>si</strong></span> <span class='ocrx_word' id='word_1_422' title='bbox 2770 984 2944 1038; x_wconf 83' lang='lat' dir='ltr'><strong>dicam</strong></span> <span class='ocrx_word' id='word_1_423' title='bbox 2968 1020 2984 1047; x_wconf 93' lang='lat'><strong>,</strong></span> <span class='ocrx_word' id='word_1_424' title='bbox 3028 983 3187 1037; x_wconf 88' lang='lat' dir='ltr'><strong>homo</strong></span> <span class='ocrx_word' id='word_1_425' title='bbox 3214 984 3365 1038; x_wconf 85' lang='lat' dir='ltr'><strong>albus</strong></span> <span class='ocrx_word' id='word_1_426' title='bbox 3392 1002 3496 1040; x_wconf 86' lang='lat' dir='ltr'><strong>non</strong></span> <span class='ocrx_word' id='word_1_427' title='bbox 3528 1002 3632 1053; x_wconf 65' lang='lat' dir='ltr'><strong>est,</strong></span> 
     </span>
    </p>
   </div>
   <div class='ocr_carea' id='block_1_53' title="bbox 2046 1073 3632 1141">
    <p class='ocr_par' dir='ltr' id='par_1_53' title="bbox 2046 1073 3632 1141">
     <span class='ocr_line' id='line_1_53' title="bbox 2046 1073 3632 1141; baseline 0.001 -13"><span class='ocrx_word' id='word_1_428' title='bbox 2046 1089 2155 1128; x_wconf 87' lang='lat' dir='ltr'><strong>non</strong></span> <span class='ocrx_word' id='word_1_429' title='bbox 2203 1084 2287 1128; x_wconf 87' lang='lat' dir='ltr'><strong>est</strong></span> <span class='ocrx_word' id='word_1_430' title='bbox 2328 1074 2488 1128; x_wconf 86' lang='lat' dir='ltr'><strong>simul</strong></span> <span class='ocrx_word' id='word_1_431' title='bbox 2533 1073 2674 1127; x_wconf 88' lang='lat' dir='ltr'><strong>dicta</strong></span> <span class='ocrx_word' id='word_1_432' title='bbox 2722 1073 2936 1141; x_wconf 84' lang='lat' dir='ltr'><strong>negatio</strong></span> <span class='ocrx_word' id='word_1_433' title='bbox 2983 1074 3329 1139; x_wconf 74' lang='lat' dir='ltr'><strong>universalis,</strong></span> <span class='ocrx_word' id='word_1_434' title='bbox 3370 1089 3488 1141; x_wconf 73' lang='lat' dir='ltr'><strong>quae</strong></span> <span class='ocrx_word' id='word_1_435' title='bbox 3526 1087 3632 1141; x_wconf 73' lang='lat' dir='ltr'><strong>est,</strong></span> 
     </span>
    </p>
   </div>
   <div class='ocr_carea' id='block_1_54' title="bbox 2046 1165 3634 1235">
    <p class='ocr_par' dir='ltr' id='par_1_54' title="bbox 2046 1165 3634 1235">
     <span class='ocr_line' id='line_1_54' title="bbox 2046 1165 3634 1235; baseline 0.001 -15"><span class='ocrx_word' id='word_1_436' title='bbox 2046 1166 2225 1220; x_wconf 90' lang='lat' dir='ltr'><strong>nullus</strong></span> <span class='ocrx_word' id='word_1_437' title='bbox 2256 1167 2415 1219; x_wconf 81' lang='lat' dir='ltr'><strong>homo</strong></span> <span class='ocrx_word' id='word_1_438' title='bbox 2456 1166 2609 1229; x_wconf 80' lang='lat' dir='ltr'><strong>sibus</strong></span> <span class='ocrx_word' id='word_1_439' title='bbox 2636 1174 2719 1220; x_wconf 86' lang='lat' dir='ltr'><strong>est</strong></span> <span class='ocrx_word' id='word_1_440' title='bbox 2740 1204 2758 1228; x_wconf 93' lang='lat'><strong>,</strong></span> <span class='ocrx_word' id='word_1_441' title='bbox 2786 1165 3038 1235; x_wconf 83' lang='lat' dir='ltr'><strong>quoniam</strong></span> <span class='ocrx_word' id='word_1_442' title='bbox 3071 1172 3246 1233; x_wconf 87' lang='lat' dir='ltr'><strong>potest</strong></span> <span class='ocrx_word' id='word_1_443' title='bbox 3268 1166 3482 1233; x_wconf 87' lang='lat' dir='ltr'><strong>quidam</strong></span> <span class='ocrx_word' id='word_1_444' title='bbox 3511 1181 3634 1221; x_wconf 80' lang='lat' dir='ltr'><strong>esse</strong></span> 
     </span>
    </p>
   </div>
   <div class='ocr_carea' id='block_1_55' title="bbox 2046 1257 3632 1327">
    <p class='ocr_par' dir='ltr' id='par_1_55' title="bbox 2046 1257 3632 1327">
     <span class='ocr_line' id='line_1_55' title="bbox 2046 1257 3632 1327; baseline 0.002 -17"><span class='ocrx_word' id='word_1_445' title='bbox 2046 1272 2154 1310; x_wconf 91' lang='lat' dir='ltr'><strong>non</strong></span> <span class='ocrx_word' id='word_1_446' title='bbox 2178 1257 2327 1311; x_wconf 89' lang='lat' dir='ltr'><strong>albus</strong></span> <span class='ocrx_word' id='word_1_447' title='bbox 2352 1258 2420 1312; x_wconf 91' lang='lat' dir='ltr'><strong>de</strong></span> <span class='ocrx_word' id='word_1_448' title='bbox 2443 1272 2550 1327; x_wconf 88' lang='lat' dir='ltr'><strong>quo</strong></span> <span class='ocrx_word' id='word_1_449' title='bbox 2576 1261 2802 1322; x_wconf 85' lang='lat' dir='ltr'><strong>dicatur,</strong></span> <span class='ocrx_word' id='word_1_450' title='bbox 2829 1259 2988 1312; x_wconf 80' lang='lat' dir='ltr'><strong>homo</strong></span> <span class='ocrx_word' id='word_1_451' title='bbox 3018 1257 3171 1311; x_wconf 86' lang='lat' dir='ltr'><strong>albus</strong></span> <span class='ocrx_word' id='word_1_452' title='bbox 3197 1273 3300 1310; x_wconf 90' lang='lat' dir='ltr'><strong>non</strong></span> <span class='ocrx_word' id='word_1_453' title='bbox 3330 1266 3434 1324; x_wconf 77' lang='lat' dir='ltr'><strong>est,</strong></span> <span class='ocrx_word' id='word_1_454' title='bbox 3460 1271 3632 1327; x_wconf 79' lang='lat' dir='ltr'><strong>neque</strong></span> 
     </span>
    </p>
   </div>
   <div class='ocr_carea' id='block_1_56' title="bbox 2048 1348 3633 1419">
    <p class='ocr_par' dir='ltr' id='par_1_56' title="bbox 2048 1348 3633 1419">
     <span class='ocr_line' id='line_1_56' title="bbox 2048 1348 3633 1419; baseline 0.003 -18"><span class='ocrx_word' id='word_1_455' title='bbox 2048 1357 2224 1407; x_wconf 87' lang='lat' dir='ltr'><strong>tamen</strong></span> <span class='ocrx_word' id='word_1_456' title='bbox 2254 1363 2440 1404; x_wconf 84' lang='lat' dir='ltr'><strong>omnes</strong></span> <span class='ocrx_word' id='word_1_457' title='bbox 2469 1364 2589 1404; x_wconf 88' lang='lat' dir='ltr'><strong>esse</strong></span> <span class='ocrx_word' id='word_1_458' title='bbox 2618 1365 2721 1403; x_wconf 93' lang='lat' dir='ltr'><strong>non</strong></span> <span class='ocrx_word' id='word_1_459' title='bbox 2747 1350 2874 1404; x_wconf 83' lang='lat' dir='ltr'><strong>albi.</strong></span> <span class='ocrx_word' id='word_1_460' title='bbox 2922 1348 3036 1404; x_wconf 81' lang='lat' dir='ltr'><strong>Non</strong></span> <span class='ocrx_word' id='word_1_461' title='bbox 3070 1350 3229 1419; x_wconf 80' lang='lat' dir='ltr'><strong>igitur</strong></span> <span class='ocrx_word' id='word_1_462' title='bbox 3254 1350 3407 1403; x_wconf 84' lang='lat' dir='ltr'><strong>simul</strong></span> <span class='ocrx_word' id='word_1_463' title='bbox 3443 1364 3633 1405; x_wconf 84' lang='lat' dir='ltr'><strong>neces-</strong></span> 
     </span>
    </p>
   </div>
   <div class='ocr_carea' id='block_1_57' title="bbox 2045 1441 3635 1511">
    <p class='ocr_par' dir='ltr' id='par_1_57' title="bbox 2045 1441 3635 1511">
     <span class='ocr_line' id='line_1_57' title="bbox 2045 1441 3635 1511; baseline 0.004 -17"><span class='ocrx_word' id='word_1_464' title='bbox 2045 1442 2189 1494; x_wconf 90' lang='lat' dir='ltr'><strong>sario</strong></span> <span class='ocrx_word' id='word_1_465' title='bbox 2235 1450 2400 1511; x_wconf 89' lang='lat' dir='ltr'><strong>sunt,</strong></span> <span class='ocrx_word' id='word_1_466' title='bbox 2450 1457 2557 1496; x_wconf 90' lang='lat' dir='ltr'><strong>non</strong></span> <span class='ocrx_word' id='word_1_467' title='bbox 2603 1451 2688 1497; x_wconf 87' lang='lat' dir='ltr'><strong>est</strong></span> <span class='ocrx_word' id='word_1_468' title='bbox 2733 1441 2894 1497; x_wconf 89' lang='lat' dir='ltr'><strong>homo</strong></span> <span class='ocrx_word' id='word_1_469' title='bbox 2928 1442 3084 1497; x_wconf 85' lang='lat' dir='ltr'><strong>albus</strong></span> <span class='ocrx_word' id='word_1_470' title='bbox 3109 1481 3124 1506; x_wconf 90' lang='lat'><strong>,</strong></span> <span class='ocrx_word' id='word_1_471' title='bbox 3163 1454 3216 1497; x_wconf 89' lang='grc' dir='ltr'><strong>ει</strong></span> <span class='ocrx_word' id='word_1_472' title='bbox 3258 1441 3434 1497; x_wconf 89' lang='lat' dir='ltr'><strong>nullus</strong></span> <span class='ocrx_word' id='word_1_473' title='bbox 3472 1443 3635 1501; x_wconf 81' lang='lat' dir='ltr'><strong>homo</strong></span> 
     </span>
    </p>
   </div>
   <div class='ocr_carea' id='block_1_58' title="bbox 2044 1532 2329 1589">
    <p class='ocr_par' dir='ltr' id='par_1_58' title="bbox 2044 1532 2329 1589">
     <span class='ocr_line' id='line_1_58' title="bbox 2044 1532 2329 1589; baseline 0.007 -4"><span class='ocrx_word' id='word_1_474' title='bbox 2044 1532 2198 1588; x_wconf 88' lang='lat' dir='ltr'><strong>albus</strong></span> <span class='ocrx_word' id='word_1_475' title='bbox 2228 1544 2329 1589; x_wconf 60' lang='lat' dir='ltr'><strong>est.</strong></span> 
     </span>
    </p>
   </div>
   <div class='ocr_carea' id='block_1_59' title="bbox 2120 1647 3632 1719">
    <p class='ocr_par' dir='ltr' id='par_1_59' title="bbox 2120 1647 3632 1719">
     <span class='ocr_line' id='line_1_59' title="bbox 2120 1647 3632 1719; baseline 0.003 -21"><span class='ocrx_word' id='word_1_476' title='bbox 2120 1647 2452 1716; x_wconf 80' lang='lat' dir='ltr'><strong>Manifestum</strong></span> <span class='ocrx_word' id='word_1_477' title='bbox 2501 1656 2573 1699; x_wconf 78' lang='lat' dir='ltr'><strong>est</strong></span> <span class='ocrx_word' id='word_1_478' title='bbox 2618 1656 2785 1700; x_wconf 78' lang='lat' dir='ltr'><strong>autem</strong></span> <span class='ocrx_word' id='word_1_479' title='bbox 2822 1648 3062 1716; x_wconf 81' lang='lat' dir='ltr'><strong>quoniam</strong></span> <span class='ocrx_word' id='word_1_480' title='bbox 3099 1663 3201 1700; x_wconf 75' lang='lat' dir='ltr'><strong>una</strong></span> <span class='ocrx_word' id='word_1_481' title='bbox 3237 1648 3437 1719; x_wconf 77' lang='lat' dir='ltr'><strong>negatio</strong></span> <span class='ocrx_word' id='word_1_482' title='bbox 3480 1651 3632 1703; x_wconf 71' lang='lat' dir='ltr'><strong>unm</strong></span> 
     </span>
    </p>
   </div>
   <div class='ocr_carea' id='block_1_60' title="bbox 2045 1740 3627 1812">
    <p class='ocr_par' dir='ltr' id='par_1_60' title="bbox 2045 1740 3627 1812">
     <span class='ocr_line' id='line_1_60' title="bbox 2045 1740 3627 1812; baseline -0.001 -18"><span class='ocrx_word' id='word_1_483' title='bbox 2045 1740 2394 1812; x_wconf 74' lang='lat' dir='ltr'><strong>aﬁirniationis</strong></span> <span class='ocrx_word' id='word_1_484' title='bbox 2422 1748 2516 1805; x_wconf 81' lang='lat' dir='ltr'><strong>est,</strong></span> <span class='ocrx_word' id='word_1_485' title='bbox 2539 1741 2669 1792; x_wconf 83' lang='lat' dir='ltr'><strong>idem</strong></span> <span class='ocrx_word' id='word_1_486' title='bbox 2697 1740 2833 1793; x_wconf 81' lang='lat' dir='ltr'><strong>enim</strong></span> <span class='ocrx_word' id='word_1_487' title='bbox 2859 1746 3052 1807; x_wconf 80' lang='lat' dir='ltr'><strong>oportet</strong></span> <span class='ocrx_word' id='word_1_488' title='bbox 3082 1755 3267 1810; x_wconf 73' lang='lat' dir='ltr'><strong>negare</strong></span> <span class='ocrx_word' id='word_1_489' title='bbox 3293 1741 3627 1808; x_wconf 73' lang='lat' dir='ltr'><strong>negationem,</strong></span> 
     </span>
    </p>
   </div>
   <div class='ocr_carea' id='block_1_61' title="bbox 1969 1820 3626 1901">
    <p class='ocr_par' dir='ltr' id='par_1_61' title="bbox 1969 1820 3626 1901">
     <span class='ocr_line' id='line_1_61' title="bbox 1969 1820 3626 1901; baseline 0.002 -20"><span class='ocrx_word' id='word_1_490' title='bbox 1969 1820 2018 1881; x_wconf 73' lang='grc' dir='ltr'><strong>Β</strong></span> <span class='ocrx_word' id='word_1_491' title='bbox 2043 1830 2181 1899; x_wconf 80' lang='lat' dir='ltr'><strong>quod</strong></span> <span class='ocrx_word' id='word_1_492' title='bbox 2219 1831 2485 1899; x_wconf 58' lang='lat' dir='ltr'><strong>aﬁrmasit</strong></span> <span class='ocrx_word' id='word_1_493' title='bbox 2523 1831 2792 1900; x_wconf 72' lang='lat' dir='ltr'><strong>affirmatio</strong></span> <span class='ocrx_word' id='word_1_494' title='bbox 2812 1871 2827 1895; x_wconf 92' lang='lat'><strong>,</strong></span> <span class='ocrx_word' id='word_1_495' title='bbox 2857 1842 2903 1884; x_wconf 78' lang='lat' dir='ltr'><strong>et</strong></span> <span class='ocrx_word' id='word_1_496' title='bbox 2932 1831 2998 1883; x_wconf 77' lang='lat' dir='ltr'><strong>de</strong></span> <span class='ocrx_word' id='word_1_497' title='bbox 3019 1832 3223 1897; x_wconf 78' lang='lat' dir='ltr'><strong>eodem,</strong></span> <span class='ocrx_word' id='word_1_498' title='bbox 3258 1830 3337 1884; x_wconf 80' lang='lat' dir='ltr'><strong>rel</strong></span> <span class='ocrx_word' id='word_1_499' title='bbox 3364 1830 3427 1885; x_wconf 80' lang='lat' dir='ltr'><strong>tle</strong></span> <span class='ocrx_word' id='word_1_500' title='bbox 3458 1831 3626 1901; x_wconf 82' lang='lat' dir='ltr'><strong>aliqua</strong></span> 
     </span>
    </p>
   </div>
   <div class='ocr_carea' id='block_1_62' title="bbox 2040 1921 3631 1991">
    <p class='ocr_par' dir='ltr' id='par_1_62' title="bbox 2040 1921 3631 1991">
     <span class='ocr_line' id='line_1_62' title="bbox 2040 1921 3631 1991; baseline 0.001 -15"><span class='ocrx_word' id='word_1_501' title='bbox 2040 1923 2378 1991; x_wconf 82' lang='lat' dir='ltr'><strong>singularium</strong></span> <span class='ocrx_word' id='word_1_502' title='bbox 2397 1960 2412 1985; x_wconf 91' lang='lat'><strong>,</strong></span> <span class='ocrx_word' id='word_1_503' title='bbox 2443 1921 2519 1975; x_wconf 81' lang='lat' dir='ltr'><strong>uel</strong></span> <span class='ocrx_word' id='word_1_504' title='bbox 2547 1923 2612 1975; x_wconf 84' lang='lat' dir='ltr'><strong>de</strong></span> <span class='ocrx_word' id='word_1_505' title='bbox 2634 1923 2809 1991; x_wconf 83' lang='lat' dir='ltr'><strong>aliqua</strong></span> <span class='ocrx_word' id='word_1_506' title='bbox 2845 1921 3237 1987; x_wconf 73' lang='lat' dir='ltr'><strong>unleersslium,</strong></span> <span class='ocrx_word' id='word_1_507' title='bbox 3264 1923 3342 1977; x_wconf 80' lang='lat' dir='ltr'><strong>vel</strong></span> <span class='ocrx_word' id='word_1_508' title='bbox 3371 1925 3631 1977; x_wconf 61' lang='lat' dir='ltr'><strong>animuin</strong></span> 
     </span>
    </p>
   </div>
   <div class='ocr_carea' id='block_1_63' title="bbox 2041 2013 3619 2092">
    <p class='ocr_par' dir='ltr' id='par_1_63' title="bbox 2041 2013 3619 2092">
     <span class='ocr_line' id='line_1_63' title="bbox 2041 2013 3619 2092; baseline 0.001 -26"><span class='ocrx_word' id='word_1_509' title='bbox 2041 2013 2178 2076; x_wconf 76' lang='lat' dir='ltr'><strong>liter,</strong></span> <span class='ocrx_word' id='word_1_510' title='bbox 2206 2013 2283 2066; x_wconf 77' lang='lat' dir='ltr'><strong>uel</strong></span> <span class='ocrx_word' id='word_1_511' title='bbox 2309 2029 2410 2067; x_wconf 86' lang='lat' dir='ltr'><strong>non</strong></span> <span class='ocrx_word' id='word_1_512' title='bbox 2437 2014 2807 2067; x_wconf 79' lang='lat' dir='ltr'><strong>universaliler.</strong></span> <span class='ocrx_word' id='word_1_513' title='bbox 3614 2087 3619 2092; x_wconf 13' lang='grc' dir='ltr'>ἢ</span> 
     </span>
    </p>
   </div>
   <div class='ocr_carea' id='block_1_64' title="bbox 2112 2102 3631 2174">
    <p class='ocr_par' dir='ltr' id='par_1_64' title="bbox 2112 2102 3631 2174">
     <span class='ocr_line' id='line_1_64' title="bbox 2112 2102 3631 2174; baseline 0.003 -17"><span class='ocrx_word' id='word_1_514' title='bbox 2112 2102 2225 2157; x_wconf 84' lang='grc' dir='ltr'>ιιυε</span> <span class='ocrx_word' id='word_1_515' title='bbox 2268 2118 2479 2171; x_wconf 86' lang='lat' dir='ltr'><strong>quoque</strong></span> <span class='ocrx_word' id='word_1_516' title='bbox 2522 2112 2891 2173; x_wconf 79' lang='lat' dir='ltr'><strong>argumentum</strong></span> <span class='ocrx_word' id='word_1_517' title='bbox 2944 2113 3024 2159; x_wconf 86' lang='lat' dir='ltr'><strong>est</strong></span> <span class='ocrx_word' id='word_1_518' title='bbox 3060 2105 3401 2174; x_wconf 72' lang='lat' dir='ltr'><strong>negationem</strong></span> <span class='ocrx_word' id='word_1_519' title='bbox 3441 2106 3631 2161; x_wconf 65' lang='lat' dir='ltr'><strong>indeﬂo</strong></span> 
     </span>
    </p>
   </div>
   <div class='ocr_carea' id='block_1_65' title="bbox 2039 2195 3631 2263">
    <p class='ocr_par' dir='ltr' id='par_1_65' title="bbox 2039 2195 3631 2263">
     <span class='ocr_line' id='line_1_65' title="bbox 2039 2195 3631 2263; baseline 0.003 -14"><span class='ocrx_word' id='word_1_520' title='bbox 2039 2195 2202 2249; x_wconf 86' lang='lat' dir='ltr'><strong>uitam</strong></span> <span class='ocrx_word' id='word_1_521' title='bbox 2235 2204 2287 2248; x_wconf 90' lang='lat' dir='ltr'><strong>et</strong></span> <span class='ocrx_word' id='word_1_522' title='bbox 2315 2195 2666 2248; x_wconf 86' lang='lat' dir='ltr'><strong>universalem</strong></span> <span class='ocrx_word' id='word_1_523' title='bbox 2701 2195 2839 2249; x_wconf 85' lang='lat' dir='ltr'><strong>idem</strong></span> <span class='ocrx_word' id='word_1_524' title='bbox 2877 2210 2978 2248; x_wconf 89' lang='lat' dir='ltr'><strong>non</strong></span> <span class='ocrx_word' id='word_1_525' title='bbox 3019 2196 3356 2263; x_wconf 70' lang='lat' dir='ltr'><strong>signiﬁcare,</strong></span> <span class='ocrx_word' id='word_1_526' title='bbox 3391 2207 3445 2250; x_wconf 87' lang='grc' dir='ltr'><strong>ει</strong></span> <span class='ocrx_word' id='word_1_527' title='bbox 3477 2212 3572 2253; x_wconf 82' lang='lat' dir='ltr'><strong>eae</strong></span> <span class='ocrx_word' id='word_1_528' title='bbox 3598 2212 3631 2257; x_wconf 72' lang='grc' dir='ltr'><strong><em>ι</em></strong></span> 
     </span>
    </p>
   </div>
   <div class='ocr_carea' id='block_1_66' title="bbox 2039 2284 3624 2341">
    <p class='ocr_par' dir='ltr' id='par_1_66' title="bbox 2039 2284 3624 2341">
     <span class='ocr_line' id='line_1_66' title="bbox 2039 2284 3624 2341; baseline 0 0"><span class='ocrx_word' id='word_1_529' title='bbox 2039 2301 2099 2341; x_wconf 90' lang='lat' dir='ltr'><strong>se</strong></span> <span class='ocrx_word' id='word_1_530' title='bbox 2124 2300 2245 2340; x_wconf 89' lang='lat' dir='ltr'><strong>esse</strong></span> <span class='ocrx_word' id='word_1_531' title='bbox 2268 2286 2529 2341; x_wconf 84' lang='lat' dir='ltr'><strong>diversas.</strong></span> <span class='ocrx_word' id='word_1_532' title='bbox 2571 2284 2701 2340; x_wconf 83' lang='lat' dir='ltr'><strong>Nam</strong></span> <span class='ocrx_word' id='word_1_533' title='bbox 2732 2286 2775 2339; x_wconf 88' lang='lat' dir='ltr'><strong>si</strong></span> <span class='ocrx_word' id='word_1_534' title='bbox 2808 2284 2963 2340; x_wconf 81' lang='lat' dir='ltr'><strong>unius</strong></span> <span class='ocrx_word' id='word_1_535' title='bbox 2992 2285 3364 2341; x_wconf 64' lang='lat' dir='ltr'><strong>aliirmationis</strong></span> <span class='ocrx_word' id='word_1_536' title='bbox 3395 2302 3497 2341; x_wconf 76' lang='lat' dir='ltr'><strong>una</strong></span> <span class='ocrx_word' id='word_1_537' title='bbox 3529 2305 3624 2341; x_wconf 81' lang='lat' dir='ltr'><strong>ne-</strong></span> 
     </span>
    </p>
   </div>
   <div class='ocr_carea' id='block_1_67' title="bbox 2038 2378 3627 2447">
    <p class='ocr_par' dir='ltr' id='par_1_67' title="bbox 2038 2378 3627 2447">
     <span class='ocr_line' id='line_1_67' title="bbox 2038 2378 3627 2447; baseline 0.001 -16"><span class='ocrx_word' id='word_1_538' title='bbox 2038 2379 2180 2447; x_wconf 85' lang='lat' dir='ltr'><strong>gatio</strong></span> <span class='ocrx_word' id='word_1_539' title='bbox 2210 2390 2310 2441; x_wconf 87' lang='lat' dir='ltr'><strong>est,</strong></span> <span class='ocrx_word' id='word_1_540' title='bbox 2341 2389 2524 2434; x_wconf 81' lang='lat' dir='ltr'><strong>contra</strong></span> <span class='ocrx_word' id='word_1_541' title='bbox 2554 2393 2672 2433; x_wconf 88' lang='lat' dir='ltr'><strong>eam</strong></span> <span class='ocrx_word' id='word_1_542' title='bbox 2701 2392 2820 2447; x_wconf 78' lang='lat' dir='ltr'><strong>qua:</strong></span> <span class='ocrx_word' id='word_1_543' title='bbox 2842 2378 2991 2441; x_wconf 69' lang='lat' dir='ltr'><strong>dicit,</strong></span> <span class='ocrx_word' id='word_1_544' title='bbox 3026 2392 3132 2432; x_wconf 88' lang='lat' dir='ltr'><strong>non</strong></span> <span class='ocrx_word' id='word_1_545' title='bbox 3153 2389 3238 2433; x_wconf 81' lang='lat' dir='ltr'><strong>est</strong></span> <span class='ocrx_word' id='word_1_546' title='bbox 3265 2378 3427 2433; x_wconf 84' lang='lat' dir='ltr'><strong>homo</strong></span> <span class='ocrx_word' id='word_1_547' title='bbox 3452 2379 3627 2445; x_wconf 82' lang='lat' dir='ltr'><strong>albus,</strong></span> 
     </span>
    </p>
   </div>
   <div class='ocr_carea' id='block_1_68' title="bbox 2039 2470 3627 2541">
    <p class='ocr_par' dir='ltr' id='par_1_68' title="bbox 2039 2470 3627 2541">
     <span class='ocr_line' id='line_1_68' title="bbox 2039 2470 3627 2541; baseline 0.004 -18"><span class='ocrx_word' id='word_1_548' title='bbox 2039 2470 2131 2525; x_wconf 85' lang='lat' dir='ltr'><strong>illa</strong></span> <span class='ocrx_word' id='word_1_549' title='bbox 2188 2480 2272 2525; x_wconf 87' lang='lat' dir='ltr'><strong>est</strong></span> <span class='ocrx_word' id='word_1_550' title='bbox 2312 2470 2600 2525; x_wconf 79' lang='lat' dir='ltr'><strong>afﬁrmatio</strong></span> <span class='ocrx_word' id='word_1_551' title='bbox 2661 2485 2782 2541; x_wconf 71' lang='lat' dir='ltr'><strong>qua:</strong></span> <span class='ocrx_word' id='word_1_552' title='bbox 2826 2470 3001 2534; x_wconf 85' lang='lat' dir='ltr'><strong>dicit,</strong></span> <span class='ocrx_word' id='word_1_553' title='bbox 3032 2481 3114 2526; x_wconf 84' lang='lat' dir='ltr'><strong>est</strong></span> <span class='ocrx_word' id='word_1_554' title='bbox 3146 2470 3306 2524; x_wconf 86' lang='lat' dir='ltr'><strong>homo</strong></span> <span class='ocrx_word' id='word_1_555' title='bbox 3335 2473 3506 2527; x_wconf 83' lang='lat' dir='ltr'><strong>sibus.</strong></span> <span class='ocrx_word' id='word_1_556' title='bbox 3563 2472 3627 2529; x_wconf 77' lang='grc' dir='ltr'>Ει</span> 
     </span>
    </p>
   </div>
   <div class='ocr_carea' id='block_1_69' title="bbox 2039 2560 3629 2631">
    <p class='ocr_par' dir='ltr' id='par_1_69' title="bbox 2039 2560 3629 2631">
     <span class='ocr_line' id='line_1_69' title="bbox 2039 2560 3629 2631; baseline 0.003 -17"><span class='ocrx_word' id='word_1_557' title='bbox 2039 2569 2226 2615; x_wconf 80' lang='lat' dir='ltr'><strong>contra</strong></span> <span class='ocrx_word' id='word_1_558' title='bbox 2251 2575 2369 2616; x_wconf 86' lang='lat' dir='ltr'><strong>eam</strong></span> <span class='ocrx_word' id='word_1_559' title='bbox 2405 2576 2524 2631; x_wconf 75' lang='lat' dir='ltr'><strong>qua:</strong></span> <span class='ocrx_word' id='word_1_560' title='bbox 2552 2562 2699 2626; x_wconf 87' lang='lat' dir='ltr'><strong>dicit,</strong></span> <span class='ocrx_word' id='word_1_561' title='bbox 2732 2560 2908 2615; x_wconf 87' lang='lat' dir='ltr'><strong>nullus</strong></span> <span class='ocrx_word' id='word_1_562' title='bbox 2935 2560 3096 2615; x_wconf 90' lang='lat' dir='ltr'><strong>homo</strong></span> <span class='ocrx_word' id='word_1_563' title='bbox 3123 2563 3276 2617; x_wconf 86' lang='lat' dir='ltr'><strong>albus</strong></span> <span class='ocrx_word' id='word_1_564' title='bbox 3297 2572 3398 2625; x_wconf 87' lang='lat' dir='ltr'><strong>est,</strong></span> <span class='ocrx_word' id='word_1_565' title='bbox 3426 2563 3518 2617; x_wconf 90' lang='lat' dir='ltr'><strong>illa</strong></span> <span class='ocrx_word' id='word_1_566' title='bbox 3543 2572 3629 2619; x_wconf 76' lang='lat' dir='ltr'><strong>est</strong></span> 
     </span>
    </p>
   </div>
   <div class='ocr_carea' id='block_1_70' title="bbox 2038 2650 3627 2720">
    <p class='ocr_par' dir='ltr' id='par_1_70' title="bbox 2038 2650 3627 2720">
     <span class='ocr_line' id='line_1_70' title="bbox 2038 2650 3627 2720; baseline 0.001 -14"><span class='ocrx_word' id='word_1_567' title='bbox 2038 2650 2321 2707; x_wconf 81' lang='lat' dir='ltr'><strong>afﬁrmatio</strong></span> <span class='ocrx_word' id='word_1_568' title='bbox 2348 2667 2467 2720; x_wconf 69' lang='lat' dir='ltr'><strong>quze</strong></span> <span class='ocrx_word' id='word_1_569' title='bbox 2494 2654 2638 2715; x_wconf 88' lang='lat' dir='ltr'><strong>dicit,</strong></span> <span class='ocrx_word' id='word_1_570' title='bbox 2672 2652 2885 2720; x_wconf 79' lang='lat' dir='ltr'><strong>quidam</strong></span> <span class='ocrx_word' id='word_1_571' title='bbox 2916 2652 3075 2705; x_wconf 88' lang='lat' dir='ltr'><strong>homo</strong></span> <span class='ocrx_word' id='word_1_572' title='bbox 3103 2651 3258 2707; x_wconf 79' lang='lat' dir='ltr'><strong>albus</strong></span> <span class='ocrx_word' id='word_1_573' title='bbox 3283 2664 3389 2717; x_wconf 88' lang='lat' dir='ltr'><strong>est;</strong></span> <span class='ocrx_word' id='word_1_574' title='bbox 3421 2654 3514 2709; x_wconf 83' lang='lat' dir='ltr'><strong>sed</strong></span> <span class='ocrx_word' id='word_1_575' title='bbox 3539 2653 3627 2707; x_wconf 69' lang='lat' dir='ltr'><strong>lla</strong></span> 
     </span>
    </p>
   </div>
   <div class='ocr_carea' id='block_1_71' title="bbox 2040 2742 3624 2810">
    <p class='ocr_par' dir='ltr' id='par_1_71' title="bbox 2040 2742 3624 2810">
     <span class='ocr_line' id='line_1_71' title="bbox 2040 2742 3624 2810; baseline 0.004 -14"><span class='ocrx_word' id='word_1_576' title='bbox 2040 2742 2427 2798; x_wconf 79' lang='lat' dir='ltr'><strong>alﬁrmationes</strong></span> <span class='ocrx_word' id='word_1_577' title='bbox 2455 2743 2685 2799; x_wconf 70' lang='lat' dir='ltr'><strong>diversae</strong></span> <span class='ocrx_word' id='word_1_578' title='bbox 2711 2752 2855 2807; x_wconf 90' lang='lat' dir='ltr'><strong>sunt,</strong></span> <span class='ocrx_word' id='word_1_579' title='bbox 2884 2744 2933 2797; x_wconf 96' lang='lat' dir='ltr'><strong>id</strong></span> <span class='ocrx_word' id='word_1_580' title='bbox 2960 2752 3061 2805; x_wconf 88' lang='lat' dir='ltr'><strong>est,</strong></span> <span class='ocrx_word' id='word_1_581' title='bbox 3085 2753 3166 2799; x_wconf 86' lang='lat' dir='ltr'><strong>est</strong></span> <span class='ocrx_word' id='word_1_582' title='bbox 3191 2745 3350 2799; x_wconf 81' lang='lat' dir='ltr'><strong>homo</strong></span> <span class='ocrx_word' id='word_1_583' title='bbox 3374 2744 3549 2810; x_wconf 85' lang='lat' dir='ltr'><strong>albus,</strong></span> <span class='ocrx_word' id='word_1_584' title='bbox 3570 2754 3624 2803; x_wconf 84' lang='lat' dir='ltr'><strong>et</strong></span> 
     </span>
    </p>
   </div>
   <div class='ocr_carea' id='block_1_72' title="bbox 2037 2833 3625 2905">
    <p class='ocr_par' dir='ltr' id='par_1_72' title="bbox 2037 2833 3625 2905">
     <span class='ocr_line' id='line_1_72' title="bbox 2037 2833 3625 2905; baseline 0.003 -18"><span class='ocrx_word' id='word_1_585' title='bbox 2037 2834 2255 2903; x_wconf 88' lang='lat' dir='ltr'><strong>quidam</strong></span> <span class='ocrx_word' id='word_1_586' title='bbox 2298 2835 2459 2889; x_wconf 83' lang='lat' dir='ltr'><strong>homo</strong></span> <span class='ocrx_word' id='word_1_587' title='bbox 2497 2834 2648 2888; x_wconf 84' lang='lat' dir='ltr'><strong>albus</strong></span> <span class='ocrx_word' id='word_1_588' title='bbox 2675 2846 2793 2897; x_wconf 86' lang='lat' dir='ltr'><strong>est;</strong></span> <span class='ocrx_word' id='word_1_589' title='bbox 2826 2833 3249 2901; x_wconf 60' lang='lat' dir='ltr'><strong>diversaigitur</strong></span> <span class='ocrx_word' id='word_1_590' title='bbox 3281 2835 3387 2891; x_wconf 67' lang='lat' dir='ltr'><strong>illa</strong></span> <span class='ocrx_word' id='word_1_591' title='bbox 3417 2851 3625 2905; x_wconf 71' lang='lat' dir='ltr'><strong>quoque</strong></span> 
     </span>
    </p>
   </div>
   <div class='ocr_carea' id='block_1_73' title="bbox 2039 2924 3618 2994">
    <p class='ocr_par' dir='ltr' id='par_1_73' title="bbox 2039 2924 3618 2994">
     <span class='ocr_line' id='line_1_73' title="bbox 2039 2924 3618 2994; baseline 0.002 -17"><span class='ocrx_word' id='word_1_592' title='bbox 2039 2934 2164 2978; x_wconf 91' lang='lat' dir='ltr'><strong>sunt</strong></span> <span class='ocrx_word' id='word_1_593' title='bbox 2204 2940 2322 2994; x_wconf 64' lang='lat' dir='ltr'><strong>quas</strong></span> <span class='ocrx_word' id='word_1_594' title='bbox 2373 2925 2455 2978; x_wconf 89' lang='lat' dir='ltr'><strong>his</strong></span> <span class='ocrx_word' id='word_1_595' title='bbox 2486 2924 2956 2994; x_wconf 87' lang='lat' dir='ltr'><strong>proportionaliter</strong></span> <span class='ocrx_word' id='word_1_596' title='bbox 2983 2932 3347 2991; x_wconf 83' lang='lat' dir='ltr'><strong>Opponuntur.</strong></span> <span class='ocrx_word' id='word_1_597' title='bbox 3401 2926 3618 2980; x_wconf 75' lang='lat' dir='ltr'><strong>Diversa</strong></span> 
     </span>
    </p>
   </div>
   <div class='ocr_carea' id='block_1_74' title="bbox 2042 3014 3622 3086">
    <p class='ocr_par' dir='ltr' id='par_1_74' title="bbox 2042 3014 3622 3086">
     <span class='ocr_line' id='line_1_74' title="bbox 2042 3014 3622 3086; baseline 0 -15"><span class='ocrx_word' id='word_1_598' title='bbox 2042 3016 2206 3086; x_wconf 84' lang='lat' dir='ltr'><strong>igitur</strong></span> <span class='ocrx_word' id='word_1_599' title='bbox 2238 3024 2322 3071; x_wconf 86' lang='lat' dir='ltr'><strong>est</strong></span> <span class='ocrx_word' id='word_1_600' title='bbox 2350 3017 2564 3085; x_wconf 83' lang='lat' dir='ltr'><strong>negatio</strong></span> <span class='ocrx_word' id='word_1_601' title='bbox 2602 3031 2721 3084; x_wconf 72' lang='lat' dir='ltr'><strong>qua:</strong></span> <span class='ocrx_word' id='word_1_602' title='bbox 2764 3014 2918 3079; x_wconf 89' lang='lat' dir='ltr'><strong>dicit,</strong></span> <span class='ocrx_word' id='word_1_603' title='bbox 2949 3016 3124 3070; x_wconf 86' lang='lat' dir='ltr'><strong>nullus</strong></span> <span class='ocrx_word' id='word_1_604' title='bbox 3153 3014 3311 3070; x_wconf 80' lang='lat' dir='ltr'><strong>homo</strong></span> <span class='ocrx_word' id='word_1_605' title='bbox 3344 3017 3494 3073; x_wconf 80' lang='lat' dir='ltr'><strong>albus</strong></span> <span class='ocrx_word' id='word_1_606' title='bbox 3521 3025 3622 3083; x_wconf 81' lang='lat' dir='ltr'><strong>est,</strong></span> 
     </span>
    </p>
   </div>
   <div class='ocr_carea' id='block_1_75' title="bbox 2043 3106 3622 3178">
    <p class='ocr_par' dir='ltr' id='par_1_75' title="bbox 2043 3106 3622 3178">
     <span class='ocr_line' id='line_1_75' title="bbox 2043 3106 3622 3178; baseline 0.001 -16"><span class='ocrx_word' id='word_1_607' title='bbox 2043 3118 2098 3162; x_wconf 91' lang='lat' dir='ltr'><strong>et</strong></span> <span class='ocrx_word' id='word_1_608' title='bbox 2124 3123 2184 3163; x_wconf 88' lang='lat' dir='ltr'><strong>ea</strong></span> <span class='ocrx_word' id='word_1_609' title='bbox 2212 3124 2331 3178; x_wconf 77' lang='lat' dir='ltr'><strong>qua:</strong></span> <span class='ocrx_word' id='word_1_610' title='bbox 2354 3108 2501 3173; x_wconf 86' lang='lat' dir='ltr'><strong>dicit,</strong></span> <span class='ocrx_word' id='word_1_611' title='bbox 2526 3121 2631 3162; x_wconf 91' lang='lat' dir='ltr'><strong>non</strong></span> <span class='ocrx_word' id='word_1_612' title='bbox 2651 3116 2735 3163; x_wconf 87' lang='lat' dir='ltr'><strong>est</strong></span> <span class='ocrx_word' id='word_1_613' title='bbox 2754 3106 2914 3161; x_wconf 86' lang='lat' dir='ltr'><strong>homo</strong></span> <span class='ocrx_word' id='word_1_614' title='bbox 2935 3106 3109 3161; x_wconf 82' lang='lat' dir='ltr'><strong>albus.</strong></span> <span class='ocrx_word' id='word_1_615' title='bbox 3143 3106 3302 3162; x_wconf 88' lang='lat' dir='ltr'><strong>Docet</strong></span> <span class='ocrx_word' id='word_1_616' title='bbox 3326 3116 3501 3162; x_wconf 87' lang='lat' dir='ltr'><strong>autem</strong></span> <span class='ocrx_word' id='word_1_617' title='bbox 3529 3123 3622 3167; x_wconf 85' lang='lat' dir='ltr'><strong>nos</strong></span> 
     </span>
    </p>
   </div>
   <div class='ocr_carea' id='block_1_76' title="bbox 1962 3198 3625 3276">
    <p class='ocr_par' dir='ltr' id='par_1_76' title="bbox 1962 3198 3625 3276">
     <span class='ocr_line' id='line_1_76' title="bbox 1962 3198 3625 3276; baseline 0.001 -23"><span class='ocrx_word' id='word_1_618' title='bbox 1962 3206 2015 3276; x_wconf 71' lang='grc' dir='ltr'>ο</span> <span class='ocrx_word' id='word_1_619' title='bbox 2044 3199 2202 3253; x_wconf 83' lang='lat' dir='ltr'><strong>unius</strong></span> <span class='ocrx_word' id='word_1_620' title='bbox 2230 3199 2601 3254; x_wconf 76' lang='lat' dir='ltr'><strong>afﬁrmatinnis</strong></span> <span class='ocrx_word' id='word_1_621' title='bbox 2621 3214 2778 3253; x_wconf 82' lang='lat' dir='ltr'><strong>Unam</strong></span> <span class='ocrx_word' id='word_1_622' title='bbox 2809 3213 2931 3256; x_wconf 86' lang='lat' dir='ltr'><strong>esse</strong></span> <span class='ocrx_word' id='word_1_623' title='bbox 2959 3198 3314 3269; x_wconf 79' lang='lat' dir='ltr'><strong>negationem,</strong></span> <span class='ocrx_word' id='word_1_624' title='bbox 3342 3200 3498 3270; x_wconf 86' lang='lat' dir='ltr'><strong>idque</strong></span> <span class='ocrx_word' id='word_1_625' title='bbox 3528 3199 3625 3260; x_wconf 79' lang='lat' dir='ltr'><strong>hac</strong></span> 
     </span>
    </p>
   </div>
   <div class='ocr_carea' id='block_1_77' title="bbox 2040 3290 3625 3360">
    <p class='ocr_par' dir='ltr' id='par_1_77' title="bbox 2040 3290 3625 3360">
     <span class='ocr_line' id='line_1_77' title="bbox 2040 3290 3625 3360; baseline 0.005 -17"><span class='ocrx_word' id='word_1_626' title='bbox 2040 3290 2248 3344; x_wconf 86' lang='lat' dir='ltr'><strong>ratione</strong></span> <span class='ocrx_word' id='word_1_627' title='bbox 2277 3290 2875 3359; x_wconf 83' lang='lat' dir='ltr'><strong>dcmonstrat;0portet</strong></span> <span class='ocrx_word' id='word_1_628' title='bbox 2903 3291 3044 3347; x_wconf 90' lang='lat' dir='ltr'><strong>enim</strong></span> <span class='ocrx_word' id='word_1_629' title='bbox 3074 3293 3125 3346; x_wconf 89' lang='lat' dir='ltr'><strong>id</strong></span> <span class='ocrx_word' id='word_1_630' title='bbox 3154 3291 3497 3360; x_wconf 73' lang='lat' dir='ltr'><strong>pra-dicatum</strong></span> <span class='ocrx_word' id='word_1_631' title='bbox 3528 3309 3625 3350; x_wconf 87' lang='lat' dir='ltr'><strong>ne-</strong></span> 
     </span>
    </p>
   </div>
   <div class='ocr_carea' id='block_1_78' title="bbox 2038 3382 3623 3453">
    <p class='ocr_par' dir='ltr' id='par_1_78' title="bbox 2038 3382 3623 3453">
     <span class='ocr_line' id='line_1_78' title="bbox 2038 3382 3623 3453; baseline 0.007 -20"><span class='ocrx_word' id='word_1_632' title='bbox 2038 3397 2164 3451; x_wconf 85' lang='lat' dir='ltr'><strong>gare</strong></span> <span class='ocrx_word' id='word_1_633' title='bbox 2210 3382 2580 3449; x_wconf 80' lang='lat' dir='ltr'><strong>negationem,</strong></span> <span class='ocrx_word' id='word_1_634' title='bbox 2623 3385 2762 3453; x_wconf 65' lang='lat' dir='ltr'><strong>quod</strong></span> <span class='ocrx_word' id='word_1_635' title='bbox 2804 3383 3175 3452; x_wconf 59' lang='lat' dir='ltr'><strong>pradicaverit</strong></span> <span class='ocrx_word' id='word_1_636' title='bbox 3208 3382 3496 3440; x_wconf 75' lang='lat' dir='ltr'><strong>afﬁrmatio</strong></span> <span class='ocrx_word' id='word_1_637' title='bbox 3520 3428 3537 3452; x_wconf 91' lang='lat'><strong>,</strong></span> <span class='ocrx_word' id='word_1_638' title='bbox 3575 3394 3623 3445; x_wconf 83' lang='lat' dir='ltr'><strong>et</strong></span> 
     </span>
    </p>
   </div>
   <div class='ocr_carea' id='block_1_79' title="bbox 2036 3473 3624 3549">
    <p class='ocr_par' dir='ltr' id='par_1_79' title="bbox 2036 3473 3624 3549">
     <span class='ocr_line' id='line_1_79' title="bbox 2036 3473 3624 3549; baseline 0.004 -23"><span class='ocrx_word' id='word_1_639' title='bbox 2036 3486 2224 3526; x_wconf 86' lang='lat' dir='ltr'><strong>rursus</strong></span> <span class='ocrx_word' id='word_1_640' title='bbox 2255 3475 2322 3528; x_wconf 78' lang='lat' dir='ltr'><strong>de</strong></span> <span class='ocrx_word' id='word_1_641' title='bbox 2350 3473 2538 3528; x_wconf 88' lang='lat' dir='ltr'><strong>eodem</strong></span> <span class='ocrx_word' id='word_1_642' title='bbox 2565 3473 2808 3543; x_wconf 77' lang='lat' dir='ltr'><strong>subjecto</strong></span> <span class='ocrx_word' id='word_1_643' title='bbox 2842 3474 3052 3531; x_wconf 77' lang='lat' dir='ltr'><strong>auferre</strong></span> <span class='ocrx_word' id='word_1_644' title='bbox 3094 3476 3437 3545; x_wconf 70' lang='lat' dir='ltr'><strong>prwdicatum</strong></span> <span class='ocrx_word' id='word_1_645' title='bbox 3470 3494 3624 3549; x_wconf 79' lang='lat' dir='ltr'><strong>nega-</strong></span> 
     </span>
    </p>
   </div>
   <div class='ocr_carea' id='block_1_80' title="bbox 2036 3562 3621 3637">
    <p class='ocr_par' dir='ltr' id='par_1_80' title="bbox 2036 3562 3621 3637">
     <span class='ocr_line' id='line_1_80' title="bbox 2036 3562 3621 3637; baseline 0.005 -20"><span class='ocrx_word' id='word_1_646' title='bbox 2036 3562 2235 3617; x_wconf 89' lang='lat' dir='ltr'><strong>tionem</strong></span> <span class='ocrx_word' id='word_1_647' title='bbox 2282 3574 2488 3633; x_wconf 84' lang='lat' dir='ltr'><strong>oportet</strong></span> <span class='ocrx_word' id='word_1_648' title='bbox 2522 3565 2569 3618; x_wconf 91' lang='lat' dir='ltr'><strong>id</strong></span> <span class='ocrx_word' id='word_1_649' title='bbox 2604 3567 2743 3635; x_wconf 87' lang='lat' dir='ltr'><strong>quod</strong></span> <span class='ocrx_word' id='word_1_650' title='bbox 2776 3565 3061 3621; x_wconf 79' lang='lat' dir='ltr'><strong>afﬁrmatio</strong></span> <span class='ocrx_word' id='word_1_651' title='bbox 3099 3577 3223 3622; x_wconf 86' lang='lat' dir='ltr'><strong>ante</strong></span> <span class='ocrx_word' id='word_1_652' title='bbox 3250 3569 3621 3637; x_wconf 67' lang='lat' dir='ltr'><strong>conjunxrrat.</strong></span> 
     </span>
    </p>
   </div>
   <div class='ocr_carea' id='block_1_81' title="bbox 2035 3656 3625 3725">
    <p class='ocr_par' dir='ltr' id='par_1_81' title="bbox 2035 3656 3625 3725">
     <span class='ocr_line' id='line_1_81' title="bbox 2035 3656 3625 3725; baseline 0.004 -18"><span class='ocrx_word' id='word_1_653' title='bbox 2035 3656 2185 3725; x_wconf 87' lang='lat' dir='ltr'><strong>Quod</strong></span> <span class='ocrx_word' id='word_1_654' title='bbox 2218 3658 2259 3710; x_wconf 89' lang='lat' dir='ltr'><strong>si</strong></span> <span class='ocrx_word' id='word_1_655' title='bbox 2294 3657 2379 3721; x_wconf 89' lang='lat' dir='ltr'><strong>ﬁt,</strong></span> <span class='ocrx_word' id='word_1_656' title='bbox 2422 3658 2639 3712; x_wconf 88' lang='lat' dir='ltr'><strong>dubium</strong></span> <span class='ocrx_word' id='word_1_657' title='bbox 2672 3674 2775 3713; x_wconf 91' lang='lat' dir='ltr'><strong>non</strong></span> <span class='ocrx_word' id='word_1_658' title='bbox 2802 3669 2883 3719; x_wconf 87' lang='lat' dir='ltr'><strong>est</strong></span> <span class='ocrx_word' id='word_1_659' title='bbox 2915 3658 3071 3714; x_wconf 89' lang='lat' dir='ltr'><strong>unius</strong></span> <span class='ocrx_word' id='word_1_660' title='bbox 3101 3674 3220 3715; x_wconf 86' lang='lat' dir='ltr'><strong>esse</strong></span> <span class='ocrx_word' id='word_1_661' title='bbox 3255 3660 3625 3725; x_wconf 77' lang='lat' dir='ltr'><strong>alﬁrmatiouis</strong></span> 
     </span>
    </p>
   </div>
   <div class='ocr_carea' id='block_1_82' title="bbox 2037 3750 3624 3819">
    <p class='ocr_par' dir='ltr' id='par_1_82' title="bbox 2037 3750 3624 3819">
     <span class='ocr_line' id='line_1_82' title="bbox 2037 3750 3624 3819; baseline 0.006 -18"><span class='ocrx_word' id='word_1_662' title='bbox 2037 3764 2195 3803; x_wconf 90' lang='lat' dir='ltr'><strong>unam</strong></span> <span class='ocrx_word' id='word_1_663' title='bbox 2238 3752 2573 3819; x_wconf 73' lang='lat' dir='ltr'><strong>negationem</strong></span> <span class='ocrx_word' id='word_1_664' title='bbox 2600 3790 2615 3813; x_wconf 92' lang='lat'><strong>,</strong></span> <span class='ocrx_word' id='word_1_665' title='bbox 2649 3750 2764 3805; x_wconf 87' lang='lat' dir='ltr'><strong>sive</strong></span> <span class='ocrx_word' id='word_1_666' title='bbox 2793 3759 2969 3806; x_wconf 89' lang='lat' dir='ltr'><strong>autem</strong></span> <span class='ocrx_word' id='word_1_667' title='bbox 3020 3750 3072 3806; x_wconf 91' lang='lat' dir='ltr'><strong>in</strong></span> <span class='ocrx_word' id='word_1_668' title='bbox 3106 3754 3495 3810; x_wconf 80' lang='lat' dir='ltr'><strong>universalibus</strong></span> <span class='ocrx_word' id='word_1_669' title='bbox 3526 3756 3624 3815; x_wconf 79' lang='lat' dir='ltr'><strong>hoc</strong></span> 
     </span>
    </p>
   </div>
   <div class='ocr_carea' id='block_1_83' title="bbox 2036 3839 3625 3911">
    <p class='ocr_par' dir='ltr' id='par_1_83' title="bbox 2036 3839 3625 3911">
     <span class='ocr_line' id='line_1_83' title="bbox 2036 3839 3625 3911; baseline 0.005 -18"><span class='ocrx_word' id='word_1_670' title='bbox 2036 3839 2131 3893; x_wconf 90' lang='lat' dir='ltr'><strong>ﬁat</strong></span> <span class='ocrx_word' id='word_1_671' title='bbox 2160 3840 2529 3895; x_wconf 82' lang='lat' dir='ltr'><strong>univeisaliter</strong></span> <span class='ocrx_word' id='word_1_672' title='bbox 2561 3841 2860 3909; x_wconf 64' lang='lat' dir='ltr'><strong>pratdieatis</strong></span> <span class='ocrx_word' id='word_1_673' title='bbox 2885 3882 2899 3907; x_wconf 91' lang='lat'><strong>,</strong></span> <span class='ocrx_word' id='word_1_674' title='bbox 2940 3842 3051 3896; x_wconf 84' lang='lat' dir='ltr'><strong>sive</strong></span> <span class='ocrx_word' id='word_1_675' title='bbox 3088 3841 3365 3899; x_wconf 88' lang='lat' dir='ltr'><strong>indeﬁnite</strong></span> <span class='ocrx_word' id='word_1_676' title='bbox 3386 3885 3402 3911; x_wconf 91' lang='lat'><strong>,</strong></span> <span class='ocrx_word' id='word_1_677' title='bbox 3441 3856 3494 3900; x_wconf 89' lang='lat' dir='ltr'><strong>et</strong></span> <span class='ocrx_word' id='word_1_678' title='bbox 3520 3861 3625 3907; x_wconf 89' lang='lat' dir='ltr'><strong>non</strong></span> 
     </span>
    </p>
   </div>
   <div class='ocr_carea' id='block_1_84' title="bbox 2039 3930 3626 4005">
    <p class='ocr_par' dir='ltr' id='par_1_84' title="bbox 2039 3930 3626 4005">
     <span class='ocr_line' id='line_1_84' title="bbox 2039 3930 3626 4005; baseline 0.006 -24"><span class='ocrx_word' id='word_1_679' title='bbox 2039 3930 2455 3997; x_wconf 79' lang='lat' dir='ltr'><strong>universaliter,</strong></span> <span class='ocrx_word' id='word_1_680' title='bbox 2497 3930 2613 3983; x_wconf 85' lang='lat' dir='ltr'><strong>sive</strong></span> <span class='ocrx_word' id='word_1_681' title='bbox 2656 3931 2705 3983; x_wconf 92' lang='lat' dir='ltr'><strong>in</strong></span> <span class='ocrx_word' id='word_1_682' title='bbox 2752 3930 3108 3999; x_wconf 80' lang='lat' dir='ltr'><strong>singularibus</strong></span> <span class='ocrx_word' id='word_1_683' title='bbox 3134 3971 3148 3996; x_wconf 90' lang='lat'><strong>,</strong></span> <span class='ocrx_word' id='word_1_684' title='bbox 3192 3948 3296 3986; x_wconf 91' lang='lat' dir='ltr'><strong>una</strong></span> <span class='ocrx_word' id='word_1_685' title='bbox 3335 3937 3626 4005; x_wconf 83' lang='lat' dir='ltr'><strong>eademun</strong></span> 
     </span>
    </p>
   </div>
   <div class='ocr_carea' id='block_1_85' title="bbox 2035 4024 3622 4092">
    <p class='ocr_par' dir='ltr' id='par_1_85' title="bbox 2035 4024 3622 4092">
     <span class='ocr_line' id='line_1_85' title="bbox 2035 4024 3622 4092; baseline 0.004 -16"><span class='ocrx_word' id='word_1_686' title='bbox 2035 4024 2456 4092; x_wconf 76' lang='lat' dir='ltr'><strong>propositionum</strong></span> <span class='ocrx_word' id='word_1_687' title='bbox 2502 4033 2687 4077; x_wconf 88' lang='lat' dir='ltr'><strong>natura</strong></span> <span class='ocrx_word' id='word_1_688' title='bbox 2726 4031 2843 4087; x_wconf 88' lang='lat' dir='ltr'><strong>est,</strong></span> <span class='ocrx_word' id='word_1_689' title='bbox 2875 4031 2931 4076; x_wconf 92' lang='lat' dir='ltr'><strong>ut</strong></span> <span class='ocrx_word' id='word_1_690' title='bbox 2960 4024 3119 4076; x_wconf 87' lang='lat' dir='ltr'><strong>unius</strong></span> <span class='ocrx_word' id='word_1_691' title='bbox 3147 4024 3524 4087; x_wconf 75' lang='lat' dir='ltr'><strong>afﬁrmationis</strong></span> <span class='ocrx_word' id='word_1_692' title='bbox 3555 4028 3622 4082; x_wconf 87' lang='lat' dir='ltr'><strong>sit</strong></span> 
     </span>
    </p>
   </div>
   <div class='ocr_carea' id='block_1_86' title="bbox 2036 4115 3625 4187">
    <p class='ocr_par' dir='ltr' id='par_1_86' title="bbox 2036 4115 3625 4187">
     <span class='ocr_line' id='line_1_86' title="bbox 2036 4115 3625 4187; baseline 0.003 -18"><span class='ocrx_word' id='word_1_693' title='bbox 2036 4125 2242 4171; x_wconf 84' lang='lat' dir='ltr'><strong>tantum</strong></span> <span class='ocrx_word' id='word_1_694' title='bbox 2268 4115 2581 4171; x_wconf 86' lang='lat' dir='ltr'><strong>naturaliter</strong></span> <span class='ocrx_word' id='word_1_695' title='bbox 2603 4130 2708 4171; x_wconf 89' lang='lat' dir='ltr'><strong>una</strong></span> <span class='ocrx_word' id='word_1_696' title='bbox 2732 4118 2962 4187; x_wconf 77' lang='lat' dir='ltr'><strong>negatio.</strong></span> <span class='ocrx_word' id='word_1_697' title='bbox 2986 4116 3097 4171; x_wconf 90' lang='lat' dir='ltr'><strong>lloc</strong></span> <span class='ocrx_word' id='word_1_698' title='bbox 3118 4126 3293 4173; x_wconf 87' lang='lat' dir='ltr'><strong>autem</strong></span> <span class='ocrx_word' id='word_1_699' title='bbox 3320 4120 3625 4185; x_wconf 69' lang='lat' dir='ltr'><strong>inductione</strong></span> 
     </span>
    </p>
   </div>
   <div class='ocr_carea' id='block_1_87' title="bbox 2038 4209 2251 4279">
    <p class='ocr_par' dir='ltr' id='par_1_87' title="bbox 2038 4209 2251 4279">
     <span class='ocr_line' id='line_1_87' title="bbox 2038 4209 2251 4279; baseline -0.005 -18"><span class='ocrx_word' id='word_1_700' title='bbox 2038 4209 2251 4279; x_wconf 84' lang='lat' dir='ltr'><strong>probat.</strong></span> 
     </span>
    </p>
   </div>
   <div class='ocr_carea' id='block_1_88' title="bbox 2112 4299 3622 4371">
    <p class='ocr_par' dir='ltr' id='par_1_88' title="bbox 2112 4299 3622 4371">
     <span class='ocr_line' id='line_1_88' title="bbox 2112 4299 3622 4371; baseline 0.005 -19"><span class='ocrx_word' id='word_1_701' title='bbox 2112 4299 2242 4354; x_wconf 80' lang='lat' dir='ltr'><strong>Dico</strong></span> <span class='ocrx_word' id='word_1_702' title='bbox 2261 4309 2462 4367; x_wconf 84' lang='lat' dir='ltr'><strong>autem,</strong></span> <span class='ocrx_word' id='word_1_703' title='bbox 2492 4309 2547 4354; x_wconf 87' lang='lat' dir='ltr'><strong>ut</strong></span> <span class='ocrx_word' id='word_1_704' title='bbox 2585 4309 2656 4355; x_wconf 83' lang='lat' dir='ltr'><strong>est</strong></span> <span class='ocrx_word' id='word_1_705' title='bbox 2688 4299 2925 4357; x_wconf 66' lang='lat' dir='ltr'><strong>sicrntes</strong></span> <span class='ocrx_word' id='word_1_706' title='bbox 2956 4302 3103 4357; x_wconf 87' lang='lat' dir='ltr'><strong>albus</strong></span> <span class='ocrx_word' id='word_1_707' title='bbox 3124 4343 3141 4371; x_wconf 89' lang='lat'><strong>,</strong></span> <span class='ocrx_word' id='word_1_708' title='bbox 3168 4318 3268 4358; x_wconf 86' lang='lat' dir='ltr'><strong>non</strong></span> <span class='ocrx_word' id='word_1_709' title='bbox 3290 4313 3363 4358; x_wconf 81' lang='lat' dir='ltr'><strong>est</strong></span> <span class='ocrx_word' id='word_1_710' title='bbox 3386 4303 3622 4360; x_wconf 78' lang='lat' dir='ltr'><strong>Socrates</strong></span> 
     </span>
    </p>
   </div>
   <div class='ocr_carea' id='block_1_89' title="bbox 2036 4395 2202 4451">
    <p class='ocr_par' dir='ltr' id='par_1_89' title="bbox 2036 4395 2202 4451">
     <span class='ocr_line' id='line_1_89' title="bbox 2036 4395 2202 4451; baseline 0.012 -2"><span class='ocrx_word' id='word_1_711' title='bbox 2036 4395 2202 4451; x_wconf 84' lang='lat' dir='ltr'><strong>albus.</strong></span> 
     </span>
    </p>
   </div>
   <div class='ocr_carea' id='block_1_90' title="bbox 2111 4488 3621 4562">
    <p class='ocr_par' dir='ltr' id='par_1_90' title="bbox 2111 4488 3621 4562">
     <span class='ocr_line' id='line_1_90' title="bbox 2111 4488 3621 4562; baseline 0.004 -21"><span class='ocrx_word' id='word_1_712' title='bbox 2111 4488 2165 4541; x_wconf 93' lang='lat' dir='ltr'><strong>ln</strong></span> <span class='ocrx_word' id='word_1_713' title='bbox 2213 4489 2311 4542; x_wconf 86' lang='lat' dir='ltr'><strong>hac</strong></span> <span class='ocrx_word' id='word_1_714' title='bbox 2361 4488 2502 4542; x_wconf 89' lang='lat' dir='ltr'><strong>enim</strong></span> <span class='ocrx_word' id='word_1_715' title='bbox 2555 4491 2918 4557; x_wconf 88' lang='lat' dir='ltr'><strong>propositione</strong></span> <span class='ocrx_word' id='word_1_716' title='bbox 2976 4491 3116 4547; x_wconf 80' lang='lat' dir='ltr'><strong>idem</strong></span> <span class='ocrx_word' id='word_1_717' title='bbox 3167 4492 3467 4561; x_wconf 86' lang='lat' dir='ltr'><strong>subjectum</strong></span> <span class='ocrx_word' id='word_1_718' title='bbox 3514 4504 3621 4562; x_wconf 83' lang='grc' dir='ltr'>εει,</span> 
     </span>
    </p>
   </div>
   <div class='ocr_carea' id='block_1_91' title="bbox 355 4574 3617 4654">
    <p class='ocr_par' dir='ltr' id='par_1_91' title="bbox 355 4574 3617 4654">
     <span class='ocr_line' id='line_1_91' title="bbox 355 4574 3617 4654; baseline 0.002 -21"><span class='ocrx_word' id='word_1_719' title='bbox 355 4589 641 4650; x_wconf 89' lang='lat' dir='ltr'><strong>utrumque</strong></span> <span class='ocrx_word' id='word_1_720' title='bbox 677 4596 861 4636; x_wconf 84' lang='lat' dir='ltr'><strong>verum</strong></span> <span class='ocrx_word' id='word_1_721' title='bbox 895 4597 1015 4638; x_wconf 91' lang='lat' dir='ltr'><strong>esse</strong></span> <span class='ocrx_word' id='word_1_722' title='bbox 1043 4584 1286 4648; x_wconf 87' lang='lat' dir='ltr'><strong>videtur,</strong></span> <span class='ocrx_word' id='word_1_723' title='bbox 1316 4583 1409 4638; x_wconf 90' lang='lat' dir='ltr'><strong>sed</strong></span> <span class='ocrx_word' id='word_1_724' title='bbox 1443 4583 1721 4651; x_wconf 80' lang='lat' dir='ltr'><strong>aliquoties</strong></span> <span class='ocrx_word' id='word_1_725' title='bbox 1750 4583 1934 4636; x_wconf 87' lang='lat' dir='ltr'><strong>iucon-</strong></span> <span class='ocrx_word' id='word_1_726' title='bbox 1960 4580 2019 4643; x_wconf 81' lang='lat' dir='ltr'><strong><em>D</em></strong></span> <span class='ocrx_word' id='word_1_727' title='bbox 2040 4574 2178 4631; x_wconf 87' lang='lat' dir='ltr'><strong>idem</strong></span> <span class='ocrx_word' id='word_1_728' title='bbox 2212 4577 2579 4643; x_wconf 69' lang='lat' dir='ltr'><strong>praedicatum,</strong></span> <span class='ocrx_word' id='word_1_729' title='bbox 2614 4588 2667 4633; x_wconf 90' lang='grc' dir='ltr'><strong>ει</strong></span> <span class='ocrx_word' id='word_1_730' title='bbox 2698 4580 2748 4633; x_wconf 91' lang='lat' dir='ltr'><strong>in</strong></span> <span class='ocrx_word' id='word_1_731' title='bbox 2779 4582 2954 4637; x_wconf 90' lang='lat' dir='ltr'><strong>medio</strong></span> <span class='ocrx_word' id='word_1_732' title='bbox 2977 4584 3345 4651; x_wconf 82' lang='lat' dir='ltr'><strong>exemplorum</strong></span> <span class='ocrx_word' id='word_1_733' title='bbox 3375 4586 3617 4654; x_wconf 70' lang='lat' dir='ltr'><strong>subjecit,</strong></span> 
     </span>
    </p>
   </div>
   <div class='ocr_carea' id='block_1_92' title="bbox 355 4672 1936 4737">
    <p class='ocr_par' dir='ltr' id='par_1_92' title="bbox 355 4672 1936 4737">
     <span class='ocr_line' id='line_1_92' title="bbox 355 4672 1936 4737; baseline 0.002 -15"><span class='ocrx_word' id='word_1_734' title='bbox 355 4672 570 4726; x_wconf 85' lang='lat' dir='ltr'><strong>veniens</strong></span> <span class='ocrx_word' id='word_1_735' title='bbox 602 4687 760 4729; x_wconf 23' lang='lat' dir='ltr'><strong>esse.‘</strong></span> <span class='ocrx_word' id='word_1_736' title='bbox 791 4676 843 4727; x_wconf 77' lang='lat' dir='ltr'><strong>Si</strong></span> <span class='ocrx_word' id='word_1_737' title='bbox 888 4675 1028 4728; x_wconf 93' lang='lat' dir='ltr'><strong>enim</strong></span> <span class='ocrx_word' id='word_1_738' title='bbox 1065 4689 1251 4728; x_wconf 87' lang='lat' dir='ltr'><strong>verum</strong></span> <span class='ocrx_word' id='word_1_739' title='bbox 1291 4686 1373 4729; x_wconf 91' lang='lat' dir='ltr'><strong>est</strong></span> <span class='ocrx_word' id='word_1_740' title='bbox 1409 4673 1590 4729; x_wconf 89' lang='lat' dir='ltr'><strong>dicere</strong></span> <span class='ocrx_word' id='word_1_741' title='bbox 1615 4714 1629 4737; x_wconf 89' lang='lat'><strong>,</strong></span> <span class='ocrx_word' id='word_1_742' title='bbox 1674 4681 1755 4726; x_wconf 85' lang='lat' dir='ltr'><strong>est</strong></span> <span class='ocrx_word' id='word_1_743' title='bbox 1783 4672 1936 4726; x_wconf 88' lang='lat' dir='ltr'><strong>albus</strong></span> 
     </span>
    </p>
   </div>
   <div class='ocr_carea' id='block_1_93' title="bbox 354 4762 1931 4834">
    <p class='ocr_par' dir='ltr' id='par_1_93' title="bbox 354 4762 1931 4834">
     <span class='ocr_line' id='line_1_93' title="bbox 354 4762 1931 4834; baseline 0.001 -19"><span class='ocrx_word' id='word_1_744' title='bbox 354 4762 533 4827; x_wconf 87' lang='lat' dir='ltr'><strong>homo,</strong></span> <span class='ocrx_word' id='word_1_745' title='bbox 558 4762 1002 4834; x_wconf 85' lang='lat' dir='ltr'><strong>quemadmodum</strong></span> <span class='ocrx_word' id='word_1_746' title='bbox 1028 4764 1141 4819; x_wconf 86' lang='lat' dir='ltr'><strong>ﬁeri</strong></span> <span class='ocrx_word' id='word_1_747' title='bbox 1168 4774 1340 4834; x_wconf 88' lang='lat' dir='ltr'><strong>potest</strong></span> <span class='ocrx_word' id='word_1_748' title='bbox 1364 4773 1421 4820; x_wconf 94' lang='lat' dir='ltr'><strong>ut</strong></span> <span class='ocrx_word' id='word_1_749' title='bbox 1440 4780 1623 4819; x_wconf 88' lang='lat' dir='ltr'><strong>verum</strong></span> <span class='ocrx_word' id='word_1_750' title='bbox 1646 4767 1711 4818; x_wconf 89' lang='lat' dir='ltr'><strong>sit</strong></span> <span class='ocrx_word' id='word_1_751' title='bbox 1733 4764 1931 4829; x_wconf 88' lang='lat' dir='ltr'><strong>dicere,</strong></span> 
     </span>
    </p>
   </div>
   <div class='ocr_carea' id='block_1_94' title="bbox 356 4854 1932 4924">
    <p class='ocr_par' dir='ltr' id='par_1_94' title="bbox 356 4854 1932 4924">
     <span class='ocr_line' id='line_1_94' title="bbox 356 4854 1932 4924; baseline -0.002 -17"><span class='ocrx_word' id='word_1_752' title='bbox 356 4854 465 4907; x_wconf 85' lang='lat' dir='ltr'><strong>non</strong></span> <span class='ocrx_word' id='word_1_753' title='bbox 493 4865 575 4909; x_wconf 87' lang='grc' dir='ltr'><strong>εει</strong></span> <span class='ocrx_word' id='word_1_754' title='bbox 603 4856 754 4911; x_wconf 88' lang='lat' dir='ltr'><strong>albus</strong></span> <span class='ocrx_word' id='word_1_755' title='bbox 786 4855 965 4909; x_wconf 86' lang='lat' dir='ltr'><strong>homo.</strong></span> <span class='ocrx_word' id='word_1_756' title='bbox 1018 4854 1129 4909; x_wconf 85' lang='lat' dir='ltr'><strong>Hoc</strong></span> <span class='ocrx_word' id='word_1_757' title='bbox 1159 4865 1334 4912; x_wconf 88' lang='lat' dir='ltr'><strong>autem</strong></span> <span class='ocrx_word' id='word_1_758' title='bbox 1379 4855 1589 4910; x_wconf 86' lang='lat' dir='ltr'><strong>videtur</strong></span> <span class='ocrx_word' id='word_1_759' title='bbox 1618 4854 1932 4924; x_wconf 88' lang='lat' dir='ltr'><strong>quibusdam</strong></span> 
     </span>
    </p>
   </div>
   <div class='ocr_carea' id='block_1_95' title="bbox 354 4943 1934 5018">
    <p class='ocr_par' dir='ltr' id='par_1_95' title="bbox 354 4943 1934 5018">
     <span class='ocr_line' id='line_1_95' title="bbox 354 4943 1934 5018; baseline 0 -21"><span class='ocrx_word' id='word_1_760' title='bbox 354 4943 758 5011; x_wconf 84' lang='lat' dir='ltr'><strong>inconveniens,</strong></span> <span class='ocrx_word' id='word_1_761' title='bbox 791 4945 989 5001; x_wconf 90' lang='lat' dir='ltr'><strong>idcirco</strong></span> <span class='ocrx_word' id='word_1_762' title='bbox 1019 4946 1266 5017; x_wconf 87' lang='lat' dir='ltr'><strong>quoniam</strong></span> <span class='ocrx_word' id='word_1_763' title='bbox 1298 4956 1516 5017; x_wconf 86' lang='lat' dir='ltr'><strong>apparet</strong></span> <span class='ocrx_word' id='word_1_764' title='bbox 1544 4947 1859 5018; x_wconf 79' lang='lat' dir='ltr'><strong>quibusdam</strong></span> <span class='ocrx_word' id='word_1_765' title='bbox 1886 4944 1934 4997; x_wconf 89' lang='lat' dir='ltr'><strong>id</strong></span> 
     </span>
    </p>
   </div>
   <div class='ocr_carea' id='block_1_96' title="bbox 352 5038 1931 5110">
    <p class='ocr_par' dir='ltr' id='par_1_96' title="bbox 352 5038 1931 5110">
     <span class='ocr_line' id='line_1_96' title="bbox 352 5038 1931 5110; baseline 0.001 -18"><span class='ocrx_word' id='word_1_766' title='bbox 352 5039 493 5109; x_wconf 88' lang='lat' dir='ltr'><strong>quod</strong></span> <span class='ocrx_word' id='word_1_767' title='bbox 526 5040 771 5102; x_wconf 87' lang='lat' dir='ltr'><strong>dicimus,</strong></span> <span class='ocrx_word' id='word_1_768' title='bbox 810 5056 914 5094; x_wconf 92' lang='lat' dir='ltr'><strong>non</strong></span> <span class='ocrx_word' id='word_1_769' title='bbox 946 5049 1028 5095; x_wconf 92' lang='lat' dir='ltr'><strong>est</strong></span> <span class='ocrx_word' id='word_1_770' title='bbox 1052 5040 1211 5095; x_wconf 90' lang='lat' dir='ltr'><strong>homo</strong></span> <span class='ocrx_word' id='word_1_771' title='bbox 1253 5041 1403 5096; x_wconf 81' lang='lat' dir='ltr'><strong>albus</strong></span> <span class='ocrx_word' id='word_1_772' title='bbox 1429 5082 1443 5107; x_wconf 91' lang='lat'><strong>,</strong></span> <span class='ocrx_word' id='word_1_773' title='bbox 1479 5038 1577 5095; x_wconf 86' lang='lat' dir='ltr'><strong>hoc</strong></span> <span class='ocrx_word' id='word_1_774' title='bbox 1607 5038 1931 5110; x_wconf 86' lang='lat' dir='ltr'><strong>signiﬁcare,</strong></span> 
     </span>
    </p>
   </div>
   <div class='ocr_carea' id='block_1_97' title="bbox 352 5133 1933 5202">
    <p class='ocr_par' dir='ltr' id='par_1_97' title="bbox 352 5133 1933 5202">
     <span class='ocr_line' id='line_1_97' title="bbox 352 5133 1933 5202; baseline 0.001 -16"><span class='ocrx_word' id='word_1_775' title='bbox 352 5141 602 5202; x_wconf 83' lang='lat' dir='ltr'><strong>tanquam</strong></span> <span class='ocrx_word' id='word_1_776' title='bbox 631 5134 672 5188; x_wconf 88' lang='lat' dir='ltr'><strong>si</strong></span> <span class='ocrx_word' id='word_1_777' title='bbox 703 5133 965 5196; x_wconf 87' lang='lat' dir='ltr'><strong>dicamus,</strong></span> <span class='ocrx_word' id='word_1_778' title='bbox 1002 5135 1177 5188; x_wconf 88' lang='lat' dir='ltr'><strong>nullus</strong></span> <span class='ocrx_word' id='word_1_779' title='bbox 1204 5134 1363 5189; x_wconf 83' lang='lat' dir='ltr'><strong>homo</strong></span> <span class='ocrx_word' id='word_1_780' title='bbox 1393 5136 1545 5189; x_wconf 85' lang='lat' dir='ltr'><strong>albus</strong></span> <span class='ocrx_word' id='word_1_781' title='bbox 1575 5145 1677 5197; x_wconf 83' lang='lat' dir='ltr'><strong>est,</strong></span> <span class='ocrx_word' id='word_1_782' title='bbox 1708 5136 1800 5189; x_wconf 86' lang='lat' dir='ltr'><strong>sed</strong></span> <span class='ocrx_word' id='word_1_783' title='bbox 1834 5134 1933 5187; x_wconf 86' lang='lat' dir='ltr'><strong>hoc</strong></span> 
     </span>
    </p>
   </div>
   <div class='ocr_carea' id='block_1_98' title="bbox 351 5226 1932 5296">
    <p class='ocr_par' dir='ltr' id='par_1_98' title="bbox 351 5226 1932 5296">
     <span class='ocr_line' id='line_1_98' title="bbox 351 5226 1932 5296; baseline 0.004 -19"><span class='ocrx_word' id='word_1_784' title='bbox 351 5239 537 5280; x_wconf 88' lang='lat' dir='ltr'><strong>verum</strong></span> <span class='ocrx_word' id='word_1_785' title='bbox 570 5240 672 5280; x_wconf 85' lang='lat' dir='ltr'><strong>non</strong></span> <span class='ocrx_word' id='word_1_786' title='bbox 704 5233 806 5280; x_wconf 90' lang='lat' dir='ltr'><strong>est.</strong></span> <span class='ocrx_word' id='word_1_787' title='bbox 834 5226 1016 5296; x_wconf 87' lang='lat' dir='ltr'><strong>Neque</strong></span> <span class='ocrx_word' id='word_1_788' title='bbox 1048 5229 1188 5282; x_wconf 90' lang='lat' dir='ltr'><strong>enim</strong></span> <span class='ocrx_word' id='word_1_789' title='bbox 1214 5230 1350 5283; x_wconf 91' lang='lat' dir='ltr'><strong>idem</strong></span> <span class='ocrx_word' id='word_1_790' title='bbox 1378 5236 1461 5283; x_wconf 91' lang='lat' dir='ltr'><strong>est</strong></span> <span class='ocrx_word' id='word_1_791' title='bbox 1484 5226 1686 5293; x_wconf 78' lang='lat' dir='ltr'><strong>dicere,</strong></span> <span class='ocrx_word' id='word_1_792' title='bbox 1715 5244 1819 5282; x_wconf 90' lang='lat' dir='ltr'><strong>non</strong></span> <span class='ocrx_word' id='word_1_793' title='bbox 1849 5238 1932 5283; x_wconf 88' lang='lat' dir='ltr'><strong>est</strong></span> 
     </span>
    </p>
   </div>
   <div class='ocr_carea' id='block_1_99' title="bbox 350 5314 1932 5389">
    <p class='ocr_par' dir='ltr' id='par_1_99' title="bbox 350 5314 1932 5389">
     <span class='ocr_line' id='line_1_99' title="bbox 350 5314 1932 5389; baseline 0.001 -17"><span class='ocrx_word' id='word_1_794' title='bbox 350 5314 502 5373; x_wconf 79' lang='lat' dir='ltr'><strong>albus</strong></span> <span class='ocrx_word' id='word_1_795' title='bbox 534 5319 715 5385; x_wconf 89' lang='lat' dir='ltr'><strong>homo,</strong></span> <span class='ocrx_word' id='word_1_796' title='bbox 744 5328 796 5373; x_wconf 92' lang='lat' dir='ltr'><strong>et</strong></span> <span class='ocrx_word' id='word_1_797' title='bbox 826 5319 999 5373; x_wconf 89' lang='lat' dir='ltr'><strong>nullus</strong></span> <span class='ocrx_word' id='word_1_798' title='bbox 1035 5320 1194 5374; x_wconf 85' lang='lat' dir='ltr'><strong>homo</strong></span> <span class='ocrx_word' id='word_1_799' title='bbox 1224 5322 1377 5373; x_wconf 85' lang='lat' dir='ltr'><strong>albus</strong></span> <span class='ocrx_word' id='word_1_800' title='bbox 1404 5329 1506 5373; x_wconf 90' lang='lat' dir='ltr'><strong>est.</strong></span> <span class='ocrx_word' id='word_1_801' title='bbox 1537 5318 1600 5373; x_wconf 86' lang='lat' dir='ltr'><strong>Et</strong></span> <span class='ocrx_word' id='word_1_802' title='bbox 1630 5334 1932 5389; x_wconf 88' lang='lat' dir='ltr'><strong>quanquam</strong></span> 
     </span>
    </p>
   </div>
   <div class='ocr_carea' id='block_1_100' title="bbox 349 5408 1935 5480">
    <p class='ocr_par' dir='ltr' id='par_1_100' title="bbox 349 5408 1935 5480">
     <span class='ocr_line' id='line_1_100' title="bbox 349 5408 1935 5480; baseline 0.001 -16"><span class='ocrx_word' id='word_1_803' title='bbox 349 5425 471 5465; x_wconf 88' lang='lat' dir='ltr'><strong>cum</strong></span> <span class='ocrx_word' id='word_1_804' title='bbox 500 5410 751 5473; x_wconf 88' lang='lat' dir='ltr'><strong>dicimus,</strong></span> <span class='ocrx_word' id='word_1_805' title='bbox 780 5410 953 5464; x_wconf 89' lang='lat' dir='ltr'><strong>nullus</strong></span> <span class='ocrx_word' id='word_1_806' title='bbox 983 5411 1142 5467; x_wconf 85' lang='lat' dir='ltr'><strong>homo</strong></span> <span class='ocrx_word' id='word_1_807' title='bbox 1172 5412 1323 5466; x_wconf 87' lang='lat' dir='ltr'><strong>albus</strong></span> <span class='ocrx_word' id='word_1_808' title='bbox 1347 5422 1451 5477; x_wconf 86' lang='lat' dir='ltr'><strong>est,</strong></span> <span class='ocrx_word' id='word_1_809' title='bbox 1483 5408 1639 5464; x_wconf 88' lang='lat' dir='ltr'><strong>simul</strong></span> <span class='ocrx_word' id='word_1_810' title='bbox 1669 5412 1935 5480; x_wconf 83' lang='lat' dir='ltr'><strong>signiﬁca-</strong></span> 
     </span>
    </p>
   </div>
   <div class='ocr_carea' id='block_1_101' title="bbox 347 5500 1935 5567">
    <p class='ocr_par' dir='ltr' id='par_1_101' title="bbox 347 5500 1935 5567">
     <span class='ocr_line' id='line_1_101' title="bbox 347 5500 1935 5567; baseline 0.003 -12"><span class='ocrx_word' id='word_1_811' title='bbox 347 5514 475 5555; x_wconf 86' lang='lat' dir='ltr'><strong>mus</strong></span> <span class='ocrx_word' id='word_1_812' title='bbox 518 5500 768 5567; x_wconf 86' lang='lat' dir='ltr'><strong>quoniam</strong></span> <span class='ocrx_word' id='word_1_813' title='bbox 810 5517 913 5554; x_wconf 88' lang='lat' dir='ltr'><strong>non</strong></span> <span class='ocrx_word' id='word_1_814' title='bbox 953 5512 1038 5556; x_wconf 90' lang='lat' dir='ltr'><strong>est</strong></span> <span class='ocrx_word' id='word_1_815' title='bbox 1080 5504 1241 5558; x_wconf 82' lang='lat' dir='ltr'><strong>homo</strong></span> <span class='ocrx_word' id='word_1_816' title='bbox 1298 5503 1483 5565; x_wconf 89' lang='lat' dir='ltr'><strong>albus,</strong></span> <span class='ocrx_word' id='word_1_817' title='bbox 1530 5519 1634 5557; x_wconf 91' lang='lat' dir='ltr'><strong>non</strong></span> <span class='ocrx_word' id='word_1_818' title='bbox 1669 5514 1841 5557; x_wconf 84' lang='lat' dir='ltr'><strong>tamen</strong></span> <span class='ocrx_word' id='word_1_819' title='bbox 1868 5519 1935 5559; x_wconf 81' lang='lat' dir='ltr'><strong>ex</strong></span> 
     </span>
    </p>
   </div>
   <div class='ocr_carea' id='block_1_102' title="bbox 347 5590 1937 5662">
    <p class='ocr_par' dir='ltr' id='par_1_102' title="bbox 347 5590 1937 5662">
     <span class='ocr_line' id='line_1_102' title="bbox 347 5590 1937 5662; baseline 0 -14"><span class='ocrx_word' id='word_1_820' title='bbox 347 5592 679 5648; x_wconf 83' lang='lat' dir='ltr'><strong>necessitate</strong></span> <span class='ocrx_word' id='word_1_821' title='bbox 713 5590 852 5645; x_wconf 87' lang='lat' dir='ltr'><strong>idem</strong></span> <span class='ocrx_word' id='word_1_822' title='bbox 888 5594 1111 5662; x_wconf 85' lang='lat' dir='ltr'><strong>utraque</strong></span> <span class='ocrx_word' id='word_1_823' title='bbox 1139 5594 1425 5662; x_wconf 84' lang='lat' dir='ltr'><strong>signiﬁcat.</strong></span> <span class='ocrx_word' id='word_1_824' title='bbox 1467 5594 1600 5648; x_wconf 85' lang='lat' dir='ltr'><strong>Cum</strong></span> <span class='ocrx_word' id='word_1_825' title='bbox 1628 5593 1769 5649; x_wconf 88' lang='lat' dir='ltr'><strong>enim</strong></span> <span class='ocrx_word' id='word_1_826' title='bbox 1800 5595 1937 5649; x_wconf 79' lang='lat' dir='ltr'><strong>dici-</strong></span> 
     </span>
    </p>
   </div>
   <div class='ocr_carea' id='block_1_103' title="bbox 350 5682 1934 5756">
    <p class='ocr_par' dir='ltr' id='par_1_103' title="bbox 350 5682 1934 5756">
     <span class='ocr_line' id='line_1_103' title="bbox 350 5682 1934 5756; baseline 0.001 -17"><span class='ocrx_word' id='word_1_827' title='bbox 350 5700 495 5751; x_wconf 89' lang='lat' dir='ltr'><strong>mus,</strong></span> <span class='ocrx_word' id='word_1_828' title='bbox 520 5698 629 5738; x_wconf 89' lang='lat' dir='ltr'><strong>non</strong></span> <span class='ocrx_word' id='word_1_829' title='bbox 662 5692 743 5737; x_wconf 89' lang='lat' dir='ltr'><strong>est</strong></span> <span class='ocrx_word' id='word_1_830' title='bbox 773 5682 932 5737; x_wconf 90' lang='lat' dir='ltr'><strong>homo</strong></span> <span class='ocrx_word' id='word_1_831' title='bbox 954 5683 1124 5751; x_wconf 84' lang='lat' dir='ltr'><strong>albus,</strong></span> <span class='ocrx_word' id='word_1_832' title='bbox 1148 5684 1307 5739; x_wconf 85' lang='lat' dir='ltr'><strong>simul</strong></span> <span class='ocrx_word' id='word_1_833' title='bbox 1336 5701 1431 5740; x_wconf 88' lang='lat' dir='ltr'><strong>nos</strong></span> <span class='ocrx_word' id='word_1_834' title='bbox 1456 5687 1657 5749; x_wconf 89' lang='lat' dir='ltr'><strong>dicere,</strong></span> <span class='ocrx_word' id='word_1_835' title='bbox 1684 5686 1934 5756; x_wconf 89' lang='lat' dir='ltr'><strong>quoniam</strong></span> 
     </span>
    </p>
   </div>
   <div class='ocr_carea' id='block_1_104' title="bbox 354 5775 1937 5850">
    <p class='ocr_par' dir='ltr' id='par_1_104' title="bbox 354 5775 1937 5850">
     <span class='ocr_line' id='line_1_104' title="bbox 354 5775 1937 5850; baseline 0.001 -16"><span class='ocrx_word' id='word_1_836' title='bbox 354 5778 533 5834; x_wconf 82' lang='lat' dir='ltr'><strong>uultus</strong></span> <span class='ocrx_word' id='word_1_837' title='bbox 561 5777 725 5833; x_wconf 89' lang='lat' dir='ltr'><strong>homo</strong></span> <span class='ocrx_word' id='word_1_838' title='bbox 761 5775 912 5833; x_wconf 83' lang='lat' dir='ltr'><strong>albus</strong></span> <span class='ocrx_word' id='word_1_839' title='bbox 941 5784 1025 5834; x_wconf 86' lang='lat' dir='ltr'><strong>est</strong></span> <span class='ocrx_word' id='word_1_840' title='bbox 1049 5816 1063 5843; x_wconf 88' lang='lat'><strong>,</strong></span> <span class='ocrx_word' id='word_1_841' title='bbox 1106 5790 1213 5834; x_wconf 91' lang='lat' dir='ltr'><strong>non</strong></span> <span class='ocrx_word' id='word_1_842' title='bbox 1241 5786 1446 5849; x_wconf 85' lang='lat' dir='ltr'><strong>oportet</strong></span> <span class='ocrx_word' id='word_1_843' title='bbox 1476 5779 1738 5850; x_wconf 80' lang='lat' dir='ltr'><strong>intelligi,</strong></span> <span class='ocrx_word' id='word_1_844' title='bbox 1768 5792 1937 5848; x_wconf 71' lang='lat' dir='ltr'><strong>neque</strong></span> 
     </span>
    </p>
   </div>
   <div class='ocr_carea' id='block_1_105' title="bbox 2114 4662 3620 4744">
    <p class='ocr_par' dir='ltr' id='par_1_105' title="bbox 2114 4662 3620 4744">
     <span class='ocr_line' id='line_1_105' title="bbox 2114 4662 3620 4744; baseline 0.006 -20"><span class='ocrx_word' id='word_1_845' title='bbox 2114 4670 2173 4724; x_wconf 81' lang='lat' dir='ltr'><strong>Si</strong></span> <span class='ocrx_word' id='word_1_846' title='bbox 2217 4662 2385 4724; x_wconf 80' lang='lat' dir='ltr'><strong>autem</strong></span> <span class='ocrx_word' id='word_1_847' title='bbox 2429 4671 2570 4723; x_wconf 77' lang='lat' dir='ltr'><strong>aliud</strong></span> <span class='ocrx_word' id='word_1_848' title='bbox 2600 4672 2796 4741; x_wconf 84' lang='lat' dir='ltr'><strong>aliquid</strong></span> <span class='ocrx_word' id='word_1_849' title='bbox 2825 4674 2889 4727; x_wconf 82' lang='lat' dir='ltr'><strong>de</strong></span> <span class='ocrx_word' id='word_1_850' title='bbox 2926 4676 3103 4728; x_wconf 82' lang='lat' dir='ltr'><strong>eodem</strong></span> <span class='ocrx_word' id='word_1_851' title='bbox 3130 4678 3205 4731; x_wconf 76' lang='lat' dir='ltr'><strong>vel</strong></span> <span class='ocrx_word' id='word_1_852' title='bbox 3227 4678 3289 4732; x_wconf 82' lang='lat' dir='ltr'><strong>de</strong></span> <span class='ocrx_word' id='word_1_853' title='bbox 3313 4678 3433 4743; x_wconf 89' lang='lat' dir='ltr'><strong>alio,</strong></span> <span class='ocrx_word' id='word_1_854' title='bbox 3463 4679 3620 4744; x_wconf 76' lang='lat' dir='ltr'><strong>idem,</strong></span> 
     </span>
    </p>
   </div>
   <div class='ocr_carea' id='block_1_106' title="bbox 2040 4765 3099 4835">
    <p class='ocr_par' dir='ltr' id='par_1_106' title="bbox 2040 4765 3099 4835">
     <span class='ocr_line' id='line_1_106' title="bbox 2040 4765 3099 4835; baseline 0.004 -16"><span class='ocrx_word' id='word_1_855' title='bbox 2040 4782 2141 4820; x_wconf 85' lang='lat' dir='ltr'><strong>non</strong></span> <span class='ocrx_word' id='word_1_856' title='bbox 2170 4765 2401 4835; x_wconf 85' lang='lat' dir='ltr'><strong>opposita</strong></span> <span class='ocrx_word' id='word_1_857' title='bbox 2444 4768 2558 4829; x_wconf 58' lang='lat' dir='ltr'><strong>erit,</strong></span> <span class='ocrx_word' id='word_1_858' title='bbox 2592 4768 2677 4819; x_wconf 83' lang='lat' dir='ltr'><strong>sed</strong></span> <span class='ocrx_word' id='word_1_859' title='bbox 2699 4768 2763 4820; x_wconf 88' lang='lat' dir='ltr'><strong>ab</strong></span> <span class='ocrx_word' id='word_1_860' title='bbox 2790 4786 2850 4822; x_wconf 86' lang='lat' dir='ltr'><strong>ea</strong></span> <span class='ocrx_word' id='word_1_861' title='bbox 2875 4770 3099 4824; x_wconf 74' lang='lat' dir='ltr'><strong>diversa.</strong></span> 
     </span>
    </p>
   </div>
   <div class='ocr_carea' id='block_1_107' title="bbox 2111 4856 3619 4933">
    <p class='ocr_par' dir='ltr' id='par_1_107' title="bbox 2111 4856 3619 4933">
     <span class='ocr_line' id='line_1_107' title="bbox 2111 4856 3619 4933; baseline 0.005 -21"><span class='ocrx_word' id='word_1_862' title='bbox 2111 4857 2309 4912; x_wconf 81' lang='lat' dir='ltr'><strong>Sensus</strong></span> <span class='ocrx_word' id='word_1_863' title='bbox 2340 4856 2643 4924; x_wconf 88' lang='lat' dir='ltr'><strong>Imjusmodi</strong></span> <span class='ocrx_word' id='word_1_864' title='bbox 2669 4866 2771 4921; x_wconf 89' lang='lat' dir='ltr'><strong>est,</strong></span> <span class='ocrx_word' id='word_1_865' title='bbox 2804 4861 2846 4913; x_wconf 88' lang='lat' dir='ltr'><strong>si</strong></span> <span class='ocrx_word' id='word_1_866' title='bbox 2878 4871 3053 4916; x_wconf 88' lang='lat' dir='ltr'><strong>autem</strong></span> <span class='ocrx_word' id='word_1_867' title='bbox 3085 4861 3225 4915; x_wconf 88' lang='lat' dir='ltr'><strong>aliud</strong></span> <span class='ocrx_word' id='word_1_868' title='bbox 3256 4861 3455 4932; x_wconf 88' lang='lat' dir='ltr'><strong>aliquid</strong></span> <span class='ocrx_word' id='word_1_869' title='bbox 3478 4878 3619 4933; x_wconf 66' lang='lat' dir='ltr'><strong>prte-</strong></span> 
     </span>
    </p>
   </div>
   <div class='ocr_carea' id='block_1_108' title="bbox 2040 4948 3618 5024">
    <p class='ocr_par' dir='ltr' id='par_1_108' title="bbox 2040 4948 3618 5024">
     <span class='ocr_line' id='line_1_108' title="bbox 2040 4948 3618 5024; baseline 0.003 -20"><span class='ocrx_word' id='word_1_870' title='bbox 2040 4948 2296 5005; x_wconf 82' lang='lat' dir='ltr'><strong>dicaverit</strong></span> <span class='ocrx_word' id='word_1_871' title='bbox 2337 4950 2546 5018; x_wconf 71' lang='lat' dir='ltr'><strong>negatio</strong></span> <span class='ocrx_word' id='word_1_872' title='bbox 2581 4966 2739 5019; x_wconf 78' lang='lat' dir='ltr'><strong>quam</strong></span> <span class='ocrx_word' id='word_1_873' title='bbox 2772 4953 3055 5008; x_wconf 81' lang='lat' dir='ltr'><strong>alﬁrmatio</strong></span> <span class='ocrx_word' id='word_1_874' title='bbox 3085 4955 3416 5024; x_wconf 70' lang='lat' dir='ltr'><strong>pimilicavit,</strong></span> <span class='ocrx_word' id='word_1_875' title='bbox 3450 4955 3538 5009; x_wconf 88' lang='lat' dir='ltr'><strong>vel</strong></span> <span class='ocrx_word' id='word_1_876' title='bbox 3569 4954 3618 5009; x_wconf 89' lang='lat' dir='ltr'><strong>si</strong></span> 
     </span>
    </p>
   </div>
   <div class='ocr_carea' id='block_1_109' title="bbox 2042 5042 3620 5116">
    <p class='ocr_par' dir='ltr' id='par_1_109' title="bbox 2042 5042 3620 5116">
     <span class='ocr_line' id='line_1_109' title="bbox 2042 5042 3620 5116; baseline 0 -18"><span class='ocrx_word' id='word_1_877' title='bbox 2042 5044 2109 5098; x_wconf 89' lang='lat' dir='ltr'><strong>de</strong></span> <span class='ocrx_word' id='word_1_878' title='bbox 2148 5043 2253 5096; x_wconf 86' lang='lat' dir='ltr'><strong>alio</strong></span> <span class='ocrx_word' id='word_1_879' title='bbox 2294 5042 2533 5112; x_wconf 85' lang='lat' dir='ltr'><strong>subjecto</strong></span> <span class='ocrx_word' id='word_1_880' title='bbox 2565 5042 2702 5097; x_wconf 88' lang='lat' dir='ltr'><strong>idem</strong></span> <span class='ocrx_word' id='word_1_881' title='bbox 2734 5045 2942 5116; x_wconf 79' lang='lat' dir='ltr'><strong>negatio</strong></span> <span class='ocrx_word' id='word_1_882' title='bbox 2973 5047 3345 5115; x_wconf 72' lang='lat' dir='ltr'><strong>pra-dicaverit</strong></span> <span class='ocrx_word' id='word_1_883' title='bbox 3388 5045 3528 5116; x_wconf 90' lang='lat' dir='ltr'><strong>quod</strong></span> <span class='ocrx_word' id='word_1_884' title='bbox 3568 5044 3620 5098; x_wconf 83' lang='lat' dir='ltr'><strong>in</strong></span> 
     </span>
    </p>
   </div>
   <div class='ocr_carea' id='block_1_110' title="bbox 2044 5134 3619 5208">
    <p class='ocr_par' dir='ltr' id='par_1_110' title="bbox 2044 5134 3619 5208">
     <span class='ocr_line' id='line_1_110' title="bbox 2044 5134 3619 5208; baseline 0.004 -18"><span class='ocrx_word' id='word_1_885' title='bbox 2044 5137 2402 5207; x_wconf 76' lang='lat' dir='ltr'><strong>afﬁrmatione</strong></span> <span class='ocrx_word' id='word_1_886' title='bbox 2444 5134 2601 5190; x_wconf 80' lang='lat' dir='ltr'><strong>fuert</strong></span> <span class='ocrx_word' id='word_1_887' title='bbox 2635 5137 3003 5204; x_wconf 64' lang='lat' dir='ltr'><strong>praedicatum,</strong></span> <span class='ocrx_word' id='word_1_888' title='bbox 3038 5157 3141 5194; x_wconf 89' lang='lat' dir='ltr'><strong>non</strong></span> <span class='ocrx_word' id='word_1_889' title='bbox 3184 5149 3308 5194; x_wconf 86' lang='lat' dir='ltr'><strong>sunt</strong></span> <span class='ocrx_word' id='word_1_890' title='bbox 3333 5140 3432 5194; x_wconf 86' lang='lat' dir='ltr'><strong>sibi</strong></span> <span class='ocrx_word' id='word_1_891' title='bbox 3461 5152 3619 5208; x_wconf 76' lang='grc' dir='ltr'>οιψο-</span> 
     </span>
    </p>
   </div>
   <div class='ocr_carea' id='block_1_111' title="bbox 2043 5225 3621 5297">
    <p class='ocr_par' dir='ltr' id='par_1_111' title="bbox 2043 5225 3621 5297">
     <span class='ocr_line' id='line_1_111' title="bbox 2043 5225 3621 5297; baseline 0.002 -16"><span class='ocrx_word' id='word_1_892' title='bbox 2043 5225 2182 5289; x_wconf 66' lang='lat' dir='ltr'><strong>sitm,</strong></span> <span class='ocrx_word' id='word_1_893' title='bbox 2215 5226 2309 5281; x_wconf 87' lang='lat' dir='ltr'><strong>sed</strong></span> <span class='ocrx_word' id='word_1_894' title='bbox 2344 5241 2371 5280; x_wconf 86' lang='lat' dir='ltr'><strong>a</strong></span> <span class='ocrx_word' id='word_1_895' title='bbox 2409 5241 2466 5281; x_wconf 90' lang='lat' dir='ltr'><strong>se</strong></span> <span class='ocrx_word' id='word_1_896' title='bbox 2490 5234 2692 5281; x_wconf 89' lang='lat' dir='ltr'><strong>tantum</strong></span> <span class='ocrx_word' id='word_1_897' title='bbox 2719 5228 2943 5283; x_wconf 64' lang='lat' dir='ltr'><strong>diversae</strong></span> <span class='ocrx_word' id='word_1_898' title='bbox 2971 5240 3115 5284; x_wconf 89' lang='lat' dir='ltr'><strong>sunt.</strong></span> <span class='ocrx_word' id='word_1_899' title='bbox 3145 5229 3197 5283; x_wconf 91' lang='lat' dir='ltr'><strong>Si</strong></span> <span class='ocrx_word' id='word_1_900' title='bbox 3230 5230 3349 5297; x_wconf 86' lang='lat' dir='ltr'><strong>quis</strong></span> <span class='ocrx_word' id='word_1_901' title='bbox 3376 5230 3516 5283; x_wconf 89' lang='lat' dir='ltr'><strong>enim</strong></span> <span class='ocrx_word' id='word_1_902' title='bbox 3545 5229 3621 5284; x_wconf 70' lang='grc' dir='ltr'><strong>(Ιί-</strong></span> 
     </span>
    </p>
   </div>
   <div class='ocr_carea' id='block_1_112' title="bbox 2043 5316 3622 5386">
    <p class='ocr_par' dir='ltr' id='par_1_112' title="bbox 2043 5316 3622 5386">
     <span class='ocr_line' id='line_1_112' title="bbox 2043 5316 3622 5386; baseline 0.003 -14"><span class='ocrx_word' id='word_1_903' title='bbox 2043 5326 2149 5383; x_wconf 88' lang='lat' dir='ltr'><strong>cat,</strong></span> <span class='ocrx_word' id='word_1_904' title='bbox 2176 5316 2424 5373; x_wconf 88' lang='lat' dir='ltr'><strong>Socrates</strong></span> <span class='ocrx_word' id='word_1_905' title='bbox 2452 5317 2702 5386; x_wconf 85' lang='lat' dir='ltr'><strong>disputat,</strong></span> <span class='ocrx_word' id='word_1_906' title='bbox 2737 5328 2792 5373; x_wconf 81' lang='grc' dir='ltr'><strong>ει</strong></span> <span class='ocrx_word' id='word_1_907' title='bbox 2817 5319 2952 5372; x_wconf 88' lang='lat' dir='ltr'><strong>alius</strong></span> <span class='ocrx_word' id='word_1_908' title='bbox 2997 5319 3339 5386; x_wconf 78' lang='lat' dir='ltr'><strong>respondeat,</strong></span> <span class='ocrx_word' id='word_1_909' title='bbox 3374 5320 3622 5377; x_wconf 81' lang='lat' dir='ltr'><strong>Socrates</strong></span> 
     </span>
    </p>
   </div>
   <div class='ocr_carea' id='block_1_113' title="bbox 2042 5408 3622 5479">
    <p class='ocr_par' dir='ltr' id='par_1_113' title="bbox 2042 5408 3622 5479">
     <span class='ocr_line' id='line_1_113' title="bbox 2042 5408 3622 5479; baseline 0.003 -16"><span class='ocrx_word' id='word_1_910' title='bbox 2042 5423 2148 5463; x_wconf 83' lang='lat' dir='ltr'><strong>nou</strong></span> <span class='ocrx_word' id='word_1_911' title='bbox 2195 5408 2452 5471; x_wconf 87' lang='lat' dir='ltr'><strong>ambulat,</strong></span> <span class='ocrx_word' id='word_1_912' title='bbox 2485 5408 2755 5463; x_wconf 87' lang='lat' dir='ltr'><strong>diversum</strong></span> <span class='ocrx_word' id='word_1_913' title='bbox 2788 5410 3135 5478; x_wconf 72' lang='lat' dir='ltr'><strong>pra‘dicatnm</strong></span> <span class='ocrx_word' id='word_1_914' title='bbox 3178 5422 3284 5479; x_wconf 88' lang='lat' dir='ltr'><strong>est,</strong></span> <span class='ocrx_word' id='word_1_915' title='bbox 3312 5420 3366 5467; x_wconf 89' lang='lat' dir='ltr'><strong>et</strong></span> <span class='ocrx_word' id='word_1_916' title='bbox 3393 5412 3622 5467; x_wconf 73' lang='lat' dir='ltr'><strong>diversa:</strong></span> 
     </span>
    </p>
   </div>
   <div class='ocr_carea' id='block_1_114' title="bbox 2044 5499 3622 5571">
    <p class='ocr_par' dir='ltr' id='par_1_114' title="bbox 2044 5499 3622 5571">
     <span class='ocr_line' id='line_1_114' title="bbox 2044 5499 3622 5571; baseline 0.002 -17"><span class='ocrx_word' id='word_1_917' title='bbox 2044 5508 2167 5555; x_wconf 83' lang='lat' dir='ltr'><strong>sunt</strong></span> <span class='ocrx_word' id='word_1_918' title='bbox 2201 5499 2612 5568; x_wconf 79' lang='lat' dir='ltr'><strong>prepositioues,</strong></span> <span class='ocrx_word' id='word_1_919' title='bbox 2638 5512 2687 5551; x_wconf 90' lang='lat' dir='ltr'><strong>et</strong></span> <span class='ocrx_word' id='word_1_920' title='bbox 2718 5514 2821 5551; x_wconf 85' lang='lat' dir='ltr'><strong>non</strong></span> <span class='ocrx_word' id='word_1_921' title='bbox 2852 5499 3134 5568; x_wconf 70' lang='lat' dir='ltr'><strong>oppositae,</strong></span> <span class='ocrx_word' id='word_1_922' title='bbox 3166 5510 3220 5554; x_wconf 89' lang='lat' dir='ltr'><strong>et</strong></span> <span class='ocrx_word' id='word_1_923' title='bbox 3253 5500 3351 5556; x_wconf 84' lang='lat' dir='ltr'><strong>lioc</strong></span> <span class='ocrx_word' id='word_1_924' title='bbox 3374 5513 3451 5557; x_wconf 85' lang='lat' dir='ltr'><strong>est</strong></span> <span class='ocrx_word' id='word_1_925' title='bbox 3482 5501 3622 5571; x_wconf 84' lang='lat' dir='ltr'><strong>quod</strong></span> 
     </span>
    </p>
   </div>
   <div class='ocr_carea' id='block_1_115' title="bbox 2042 5589 3625 5663">
    <p class='ocr_par' dir='ltr' id='par_1_115' title="bbox 2042 5589 3625 5663">
     <span class='ocr_line' id='line_1_115' title="bbox 2042 5589 3625 5663; baseline 0.002 -19"><span class='ocrx_word' id='word_1_926' title='bbox 2042 5591 2179 5644; x_wconf 83' lang='lat' dir='ltr'><strong>dixit</strong></span> <span class='ocrx_word' id='word_1_927' title='bbox 2223 5591 2277 5645; x_wconf 90' lang='lat' dir='ltr'><strong>Si</strong></span> <span class='ocrx_word' id='word_1_928' title='bbox 2312 5601 2488 5644; x_wconf 86' lang='lat' dir='ltr'><strong>autem</strong></span> <span class='ocrx_word' id='word_1_929' title='bbox 2520 5589 2660 5642; x_wconf 89' lang='lat' dir='ltr'><strong>aliud</strong></span> <span class='ocrx_word' id='word_1_930' title='bbox 2690 5589 2911 5658; x_wconf 88' lang='lat' dir='ltr'><strong>aliquid,</strong></span> <span class='ocrx_word' id='word_1_931' title='bbox 2944 5589 3089 5645; x_wconf 84' lang='lat' dir='ltr'><strong>aliud</strong></span> <span class='ocrx_word' id='word_1_932' title='bbox 3121 5592 3263 5646; x_wconf 86' lang='lat' dir='ltr'><strong>enim</strong></span> <span class='ocrx_word' id='word_1_933' title='bbox 3318 5593 3625 5663; x_wconf 60' lang='lat' dir='ltr'><strong>priedicavit</strong></span> 
     </span>
    </p>
   </div>
   <div class='ocr_carea' id='block_1_116' title="bbox 2041 5680 3624 5758">
    <p class='ocr_par' dir='ltr' id='par_1_116' title="bbox 2041 5680 3624 5758">
     <span class='ocr_line' id='line_1_116' title="bbox 2041 5680 3624 5758; baseline 0.002 -18"><span class='ocrx_word' id='word_1_934' title='bbox 2041 5685 2256 5755; x_wconf 84' lang='lat' dir='ltr'><strong>negatio</strong></span> <span class='ocrx_word' id='word_1_935' title='bbox 2285 5696 2441 5752; x_wconf 87' lang='lat' dir='ltr'><strong>quam</strong></span> <span class='ocrx_word' id='word_1_936' title='bbox 2478 5680 2764 5736; x_wconf 81' lang='lat' dir='ltr'><strong>afﬁrmatio</strong></span> <span class='ocrx_word' id='word_1_937' title='bbox 2797 5681 3199 5752; x_wconf 66' lang='lat' dir='ltr'><strong>predicaverst.</strong></span> <span class='ocrx_word' id='word_1_938' title='bbox 3225 5684 3375 5752; x_wconf 81' lang='lat' dir='ltr'><strong>Quod</strong></span> <span class='ocrx_word' id='word_1_939' title='bbox 3418 5684 3463 5741; x_wconf 87' lang='lat' dir='ltr'><strong>si</strong></span> <span class='ocrx_word' id='word_1_940' title='bbox 3506 5688 3624 5758; x_wconf 83' lang='lat' dir='ltr'><strong>quis</strong></span> 
     </span>
    </p>
   </div>
   <div class='ocr_carea' id='block_1_117' title="bbox 2042 5770 3621 5851">
    <p class='ocr_par' dir='ltr' id='par_1_117' title="bbox 2042 5770 3621 5851">
     <span class='ocr_line' id='line_1_117' title="bbox 2042 5770 3621 5851; baseline 0.001 -17"><span class='ocrx_word' id='word_1_941' title='bbox 2042 5779 2122 5834; x_wconf 84' lang='lat' dir='ltr'><strong>sic</strong></span> <span class='ocrx_word' id='word_1_942' title='bbox 2160 5774 2320 5839; x_wconf 85' lang='lat' dir='ltr'><strong>dicat,</strong></span> <span class='ocrx_word' id='word_1_943' title='bbox 2363 5771 2610 5830; x_wconf 78' lang='lat' dir='ltr'><strong>Socrates</strong></span> <span class='ocrx_word' id='word_1_944' title='bbox 2659 5770 2931 5847; x_wconf 77' lang='lat' dir='ltr'><strong>disputat,</strong></span> <span class='ocrx_word' id='word_1_945' title='bbox 2984 5771 3228 5849; x_wconf 73' lang='lat' dir='ltr'><strong>aliusque</strong></span> <span class='ocrx_word' id='word_1_946' title='bbox 3273 5775 3621 5851; x_wconf 67' lang='lat' dir='ltr'><strong>respondent.</strong></span> 
     </span>
    </p>
   </div>
   <div class='ocr_carea' id='block_1_118' title="bbox 3688 616 3706 687">
    <p class='ocr_par' dir='ltr' id='par_1_118' title="bbox 3688 616 3706 687">
     <span class='ocr_line' id='line_1_118' title="bbox 3688 616 3706 687; baseline 0 0"><span class='ocrx_word' id='word_1_947' title='bbox 3688 616 3706 687; x_wconf 57' lang='grc' dir='ltr'>ὃ</span> 
     </span>
    </p>
   </div>
   <div class='ocr_carea' id='block_1_119' title="bbox 3714 5560 3733 5592">
    <p class='ocr_par' dir='ltr' id='par_1_119' title="bbox 3714 5560 3733 5592">
     <span class='ocr_line' id='line_1_119' title="bbox 3714 5560 3733 5592; baseline 0 0"><span class='ocrx_word' id='word_1_948' title='bbox 3714 5560 3733 5592; x_wconf 86' lang='grc' dir='ltr'><strong>ι</strong></span> 
     </span>
    </p>
   </div>
  </div>
