4280 6268
616 357 715 417 3‘27

610 580 662 625 et
693 577 815 624 sunt
837 583 865 621 a
893 582 951 621 se
981 564 1205 621 diversae
1234 563 1651 635 propositiones,
1682 574 1736 620 et
1768 580 1874 619 non
1906 567 2186 635 oppositae.

611 661 675 716 Et
702 660 804 714 erit
833 656 883 712 id
909 655 1052 726 quod
1081 654 1155 710 ait
1182 655 1400 725 aliquis,
1438 656 1523 711 vel
1550 656 1618 711 de
1640 656 1744 711 alio
1772 654 1933 710 idem.
1966 657 2117 722 Quod
2144 655 2189 710 si

610 760 833 817 utraque
892 748 999 803 sint
1050 748 1286 814 diversa,
1344 748 1513 803 multo
1568 748 1736 820 magis
1795 748 2191 819 propositiones

612 841 838 897 diversae
880 841 1034 904 fiunt,
1075 839 1268 910 quibus
1317 840 1505 911 positis
1560 840 1627 894 ad
1676 842 1947 911 proposita
2005 853 2192 895 rursus

611 932 861 1003 exempla
891 932 1187 1001 contendit,
1224 941 1280 987 et
1319 933 1408 987 uni
1457 932 1802 987 afllrmatinni
1833 948 1991 988 unam
2021 948 2192 987 enun-

614 1025 887 1082 tiationem
918 1026 1217 1097 negationis
1242 1025 1483 1094 opponit,
1512 1024 1858 1094 angularibus
1890 1025 2189 1094 angulares,

608 1115 941 1170 afﬁrmativis
971 1117 1260 1185 negativas,
1292 1114 1696 1183 particularibus
1732 1114 2084 1179 universales,
2112 1113 2195 1167 in-

611 1207 847 1263 deﬁnitis
869 1189 1171 1262 indeﬁnitas
1199 1221 1476 1275 opponens
1499 1214 1554 1261 et
1578 1220 1917 1275 comparans.

687 1321 733 1374 11
742 1321 821 1374 uic
845 1329 1015 1374 autem
1046 1334 1159 1388 quis
1187 1327 1281 1385 est,
1310 1319 1473 1372 omnis
1502 1317 1654 1371 homo
1682 1317 1828 1371 albus
1857 1326 1950 1381 est,
1982 1324 2189 1370 contra-

613 1413 736 1466 dicit
778 1411 869 1464 illa
911 1426 1025 1480 qua:
1048 1420 1141 1476 cst,
1174 1425 1274 1462 non
1304 1406 1469 1461 omnis
1498 1408 1647 1461 homo
1677 1407 1826 1460 albus
1852 1417 1944 1461 est.
1980 1406 2072 1460 Illi
2099 1423 2195 1459 au-

609 1512 706 1559 tem
727 1512 841 1572 qua:
862 1513 953 1571 est,
983 1503 1169 1571 aliquis
1195 1502 1345 1555 homo
1366 1502 1512 1556 albus
1538 1511 1631 1566 εει,
1655 1501 1745 1554 illa
1766 1516 1879 1569 qua:
1900 1510 1992 1564 est,
2020 1500 2195 1554 nullus

610 1593 757 1647 homo
804 1593 950 1647 albus
994 1604 1086 1647 cst.
1130 1591 1218 1646 Illi
1252 1601 1420 1646 autem
1467 1608 1582 1663 qua:
1624 1602 1717 1658 est,
1741 1591 1893 1645 homo
1922 1591 2067 1646 albus
2097 1599 2190 1657 est,

609 1683 704 1737 illa
726 1700 839 1753 qua:
860 1692 956 1748 est,
978 1684 1133 1737 homo
1158 1684 1303 1737 albus
1327 1700 1428 1737 non
1455 1694 1547 1737 est.

683 1775 745 1829 Et
776 1783 893 1843 post
914 1776 1028 1829 haec
1053 1775 1324 1830 concludit
1344 1774 1661 1830 sententiam
1685 1772 1869 1829 dicens
1894 1792 1907 1826 :

1849 356 1956 414 ΔΝ.
1997 354 2205 415 IANL.
2243 353 2399 415 SEY.
2441 356 2665 414 BOETII

612 478 763 535 Plato
792 491 897 533 non
919 476 1176 544 disputat,
1200 472 1270 529 de
1292 472 1398 528 alio
1417 471 1660 542 subjecto
1691 472 1832 528 idem
1862 472 2189 543 praedicavit,
2222 476 2275 535 Α
2297 484 2473 531 autem
2504 485 2557 530 et
2594 475 2646 529 in
2678 474 2925 544 subjecto
2970 474 3221 529 convenit
3250 470 3547 540 custodire,
3576 470 3782 529 scilicet
3821 486 3875 530 ut
3960 534 3963 537 ,

3772 326 3878 413 ιιι

2301 566 2528 635 subjecti
2576 581 2789 637 quoque
2839 566 3065 635 simplex
3112 564 3432 634 signiﬁcatio
3478 573 3669 619 servet.
3716 565 3876 620 Docet

2300 671 2477 717 autem
2505 677 2607 715 non
2637 676 2757 717 esse
2780 677 2938 715 unam
2963 661 3417 731 propositionem,
3449 660 3493 713 si
3523 658 3866 728 praedicatum

2292 754 2375 808 vel
2403 753 2676 823 quodlibet
2707 754 2757 807 in
2791 752 3155 823 pronositione
3182 752 3401 807 verbum
3427 751 3590 806 multa
3620 750 3877 821 signiticet

2294 846 2395 900 hoc
2426 845 2605 899 modo.

2366 946 2463 1000 Sin
2484 962 2596 999 vero
2623 945 2820 998 duobus
2852 962 3009 998 unum
3041 961 3218 999 nomen
3246 951 3318 998 est
3348 945 3567 1015 positum
3596 960 3659 997 ca:
3695 943 3879 1013 quibus

2294 1053 2395 1091 non
2436 1049 2509 1092 cst
2542 1055 2722 1099 unum,
2766 1054 2869 1091 non
2898 1047 2967 1092 est
3004 1056 3108 1091 una
3138 1038 3438 1107 affirmatio,
3470 1054 3631 1107 neque
3656 1037 3876 1107 negatio.

2365 1129 2500 1184 Sunt
2520 1129 2764 1199 quaedam
2781 1144 2867 1183 res
2890 1145 3009 1198 qua.
3041 1131 3187 1197 plura
3212 1130 3429 1199 quidem
3459 1130 3780 1198 significent.
3806 1142 3877 1181 ex

2293 1219 2489 1288 quibus
2519 1218 2766 1272 omnibus
2788 1218 2989 1287 junctis
3019 1234 3181 1272 unum
3204 1219 3450 1288 quiddam
3485 1221 3657 1273 valeat
3694 1218 3831 1273 efﬁci
3858 1256 3877 1282 ,

2294 1310 2526 1364 hominis
2552 1310 2765 1380 quidem
2809 1325 3002 1365 nomen
3032 1310 3292 1380 signiﬁcat
3338 1310 3565 1377 animal,
3616 1309 3878 1379 signiﬁcat

2296 1401 2558 1467 mortale,
2594 1402 2852 1456 rationale
2899 1417 3109 1471 quoque
3148 1402 3408 1465 des‘gnal,
3436 1402 3529 1455 sed
3552 1403 3666 1455 haec
3692 1403 3873 1471 juncta

2298 1508 2462 1547 unum
2491 1492 2740 1562 quiddam
2789 1492 3047 1558 efﬁciunt,
3091 1492 3231 1561 quod
3273 1502 3356 1547 est
3382 1493 3575 1547 animal
3618 1493 3878 1548 rationale

2297 1585 2543 1638 mortale.
2576 1584 2702 1639 Hzec
2731 1599 2960 1660 namque
2997 1586 3173 1638 onmia
3222 1600 3386 1639 unum
3418 1586 3685 1639 hominem
3730 1600 3877 1639 cum-

2297 1672 2463 1741 plent.
2508 1672 2645 1727 Suut
2691 1688 2902 1743 quoque
2929 1675 3034 1728 alia
3054 1690 3172 1745 qua:
3200 1676 3331 1729 duas
3356 1674 3440 1729 vel
3483 1675 3663 1743 plures
3691 1674 3875 1745 hujus—

2297 1764 2444 1818 modi
2476 1779 2561 1819 res
2600 1765 2907 1834 designant,
2936 1782 3003 1821 ex
3033 1766 3225 1837 quibus
3248 1767 3453 1837 junctis
3476 1783 3639 1822 unum
3671 1767 3876 1836 aliquid

682 1865 831 1930 Quod
859 1867 1014 1936 igitur
1043 1882 1145 1919 una
1172 1866 1437 1935 afﬁrmatio
1486 1867 1573 1918 uni
1618 1866 1876 1937 negationi
1920 1866 2194 1937 apponitur
2224 1857 2273 1917 B
2299 1870 2419 1911 esse
2444 1871 2547 1911 non
2591 1858 2776 1926 possit,
2809 1866 2866 1911 ut
2894 1858 3050 1914 liber.
3084 1858 3287 1914 Dicitur
3326 1875 3553 1928 namque
3582 1870 3635 1914 et
3679 1860 3876 1929 Diony-

610 1959 1018 2025 contradictoris,
1038 1970 1084 2014 et
1103 1975 1216 2029 quae
1236 1968 1356 2012 sunt
1376 1960 1476 2023 lue,
1497 1960 1689 2014 dictum
1708 1972 1802 2015 est.
1833 1958 1902 2013 Et
1920 1960 2057 2031 quod
2075 1970 2195 2015 sunt

610 2054 726 2106 alia
754 2054 1042 2119 contrarias,
1066 2063 1111 2107 et
1132 2070 1247 2123 qua:
1269 2055 1369 2107 sint
1398 2052 1498 2116 lite,
1528 2053 1719 2106 dictum
1749 2062 1844 2117 est,
1866 2064 1911 2107 ει
1932 2055 2071 2123 quod
2093 2069 2196 2107 non

610 2144 768 2199 omnis
792 2147 1020 2207 ocrasel
1055 2147 1191 2215 falsa
1229 2144 1583 2209 contradictio,
1609 2154 1656 2197 et
1684 2161 1862 2216 quare,
1899 2155 1945 2199 ει
1989 2146 2194 2215 quando

611 2252 746 2303 vera,
775 2239 853 2291 vel
881 2236 1037 2309 falsa.

626 2366 629 2369 ι
681 2331 931 2387 Devolvit
952 2345 1164 2402 quoque
1190 2330 1447 2398 breviter,
1481 2331 1734 2401 quoniam
1763 2330 1881 2385 alia:
1910 2339 2036 2385 sunt
2064 2344 2194 2387 con-

610 2423 809 2489 trariae,
835 2422 953 2476 aliae
980 2423 1431 2487 contradictoriae,
1461 2422 1696 2491 dicitque
1725 2436 1782 2477 se
1811 2438 1930 2493 qua:
1969 2422 2077 2476 sint
2111 2422 2195 2477 hae

610 2511 920 2581 diligentius
992 2512 1044 2567 in
1105 2512 1369 2581 superiori
1426 2511 1788 2582 disputatione
1837 2521 2188 2567 monstrasse.

610 2598 748 2655 Illud
778 2615 989 2671 quoque
1011 2611 1155 2671 patet
1176 2617 1283 2655 nun
1309 2616 1521 2656 omnem
1548 2616 1667 2657 esse
1694 2617 1873 2658 veram
1902 2604 1983 2658 vel
2006 2602 2194 2657 falsam

610 2690 983 2747 afﬁrmationis
1003 2702 1058 2747 et
1087 2692 1387 2763 negationis
1410 2693 1821 2763 oppositionem,
1864 2708 2022 2762 quam
2055 2707 2194 2748 nunc

610 2785 960 2842 communiter
986 2795 1041 2843 et
1070 2785 1361 2856 improprie
1404 2786 1889 2841 contradictionem
1915 2794 2090 2840 vocat.
2130 2787 2196 2840 Et

610 2877 819 2949 quando
857 2893 961 2933 non
1004 2878 1113 2934 sint
1155 2893 1295 2934 vera:
1332 2878 1434 2947 vel,
1464 2876 1636 2944 falsae,
1680 2877 1763 2932 vel
1797 2891 1913 2947 cur,
1944 2892 2005 2934 se
2031 2890 2195 2947 expo-

609 2969 779 3025 Suisse
798 2977 1205 3025 commemorat.

871 3099 938 3138 DE
963 3096 1353 3139 AFHRIATIONB
1383 3098 1448 3137 ET
1477 3092 1775 3138 NEGATIONB
1807 3094 1931 3136 UHA.

680 3180 797 3238 Una
824 3192 995 3237 autem
1034 3183 1310 3252 a/ﬁrmatio
1350 3191 1396 3236 et
1422 3182 1626 3253 negatio
1656 3192 1752 3245 est,
1792 3195 1907 3249 qua:
1947 3193 2104 3233 unum
2132 3176 2195 3231 de

610 3288 708 3328 ttno
739 3274 1017 3345 signiﬁcat,
1050 3272 1127 3328 vel
1156 3290 1269 3328 cum
1298 3274 1365 3327 sit
1397 3270 1685 3327 universale
1713 3267 2088 3339 univcrsalitcr,
2117 3267 2195 3323 vel

609 3378 712 3417 non
730 3365 989 3419 similiter.

678 3454 815 3521 Quid
854 3455 924 3509 sit
967 3470 1070 3509 una
1101 3453 1388 3509 afﬁrmatio
1418 3463 1474 3510 et
1498 3468 1659 3525 supra
1699 3454 1808 3523 jam
1858 3452 2111 3517 diximus,
2140 3460 2197 3507 et

614 3559 757 3601 nunc
785 3560 996 3617 quoque
1028 3546 1167 3602 idem
1199 3546 1394 3603 docere
1416 3562 1521 3601 non
1552 3546 1715 3618 piget.
1746 3545 1879 3601 Cum
1908 3544 2046 3601 idem
2077 3544 2198 3601 Ari-

612 3637 831 3693 stoteles
880 3637 1189 3705 revolverit,
1240 3651 1346 3692 una
1396 3637 1537 3693 enim
1585 3637 1867 3693 afﬁrmatio
1923 3646 2028 3703 est,
2077 3650 2197 3706 quae

611 3740 769 3783 unam
798 3742 910 3783 rem
933 3728 1000 3784 de
1031 3743 1136 3784 uno
1156 3728 1439 3800 signiﬁcat,
1490 3729 1541 3784 id
1588 3738 1673 3783 est
1723 3744 1843 3798 qua:
1886 3728 2194 3797 huiusmodi

612 3819 775 3875 habet
799 3822 1164 3890 praedicatum,
1186 3831 1239 3876 et
1255 3820 1559 3891 hujnsmodi
1580 3820 1898 3891 subjectum,
1914 3830 1971 3874 ut
1992 3830 2199 3874 utrum-

612 3924 713 3981 que
734 3911 940 3980 siugula
963 3910 1248 3982 signiﬁcet.
1277 3912 1409 3967 Nam
1438 3913 1482 3967 si
1513 3928 1678 3967 unum
1705 3911 1902 3982 aliquid
1936 3910 2200 3982 signiﬁcet

612 3998 982 4070 praedicatum,
1006 4002 1234 4072 simplex
1263 4012 1423 4073 atque
1445 4019 1608 4058 unum
1640 4012 1743 4059 est.
1768 4002 1920 4069 Quod
1946 4004 1989 4057 si
2014 4016 2198 4058 rursus

594 4109 784 4151 .nnum
838 4094 1038 4165 aliquid
1095 4096 1357 4165 signiticet
1404 4096 1724 4165 subjectum,
1768 4103 1823 4150 et
1868 4110 1972 4149 non
2023 4093 2194 4162 plura,

516 4250 521 4261 Ἴ
612 4184 841 4254 simplex
874 4201 1061 4241 rursus
1089 4196 1172 4241 est
1214 4196 1370 4257 atque
1418 4204 1605 4243 unum.
1654 4188 1911 4256 Quocirca
1948 4187 1993 4242 si
2032 4202 2196 4243 unum

611 4275 956 4345 pratdicatum
1003 4276 1070 4331 de
1112 4292 1221 4331 uno
1264 4279 1368 4332 erit
1420 4278 1686 4347 subjecto,
1720 4288 1945 4348 utraque
1984 4279 2193 4347 singula

612 4366 987 4437 Iigniﬁcabunt
1016 4378 1068 4422 et
1100 4384 1205 4423 nun
1232 4369 1401 4438 plura.
1440 4370 1620 4439 quue
1646 4370 1720 4436 fit,
1756 4379 1812 4425 ttt
1839 4386 1943 4425 non
1978 4370 2049 4424 sit
2070 4371 2199 4426 sim-

611 4456 736 4525 plex
792 4458 1189 4543 propositionis.
1216 4460 1558 4529 signiﬁcatio,
1594 4470 1649 4516 et
1676 4477 1796 4531 quae
1824 4477 1985 4517 unum
2028 4462 2196 4533 signi-

615 4548 759 4613 ﬁcet,
801 4565 902 4603 una
952 4550 1039 4606 sit.
1083 4549 1227 4607 Idem
1278 4564 1455 4607 autem
1510 4563 1726 4624 oportet
1763 4569 1884 4610 esse
1927 4556 2088 4610 etiam
2143 4556 2197 4611 in

614 4640 1010 4696 universalibus
1046 4644 1417 4699 nnivcrsaliler
1450 4646 1773 4715 prmdicatis,
1801 4647 1933 4704 etin
1964 4650 2199 4717 particu-

611 4729 833 4800 laribus,
868 4748 1001 4804 quas
1036 4736 1428 4792 universalibus
1461 4739 1655 4809 opponi
1688 4753 1912 4796 necesse
1940 4750 2197 4813 est,quo-

614 4837 730 4877 rum
760 4826 918 4880 etiam
950 4828 1128 4882 subdit
1151 4831 1420 4901 exempla.
1459 4826 1482 4849 '

640 4918 643 4921 λ
681 4921 749 4977 Ut
777 4925 939 4978 omnis
967 4926 1115 4981 homo
1146 4928 1292 4983 albus
1328 4940 1437 4995 εει,
1476 4948 1577 4985 non
1636 4934 1802 4986 omnis
1858 4934 2006 4986 homo
2038 4934 2185 4989 albus

610 5024 701 5083 est,
732 5025 803 5071 est
836 5018 983 5071 homo
1022 5018 1189 5085 albus,
1222 5036 1323 5073 non
1364 5029 1435 5073 est
1457 5023 1606 5075 homo
1639 5024 1806 5091 albus,
1840 5024 2013 5078 nullus
2043 5023 2196 5079 homo

610 5112 754 5167 albus
782 5121 889 5179 εει,
915 5114 1121 5183 quidam
1136 5114 1298 5168 ‘Itomo
1322 5114 1467 5168 albus
1488 5126 1582 5169 est.

679 5206 820 5261 Dicit
843 5206 987 5262 enim
1015 5221 1173 5262 unam
1195 5222 1315 5263 esse
1341 5209 1785 5278 propositionem.
1820 5209 2008 5266 Omnis
2038 5211 2200 5267 homo

610 5294 763 5351 albus
789 5306 890 5361 est,
914 5305 968 5351 et
987 5310 1171 5353 rursus
1199 5297 1248 5353 ei
1274 5298 1572 5370 oppositam
1602 5316 1765 5356 unam
1797 5314 1943 5370 esse,
1979 5318 2084 5358 non
2116 5313 2200 5358 est

610 5388 785 5443 omnis
807 5389 968 5445 homo
989 5391 1166 5447 albus.

678 5478 740 5535 Si
770 5481 938 5536 album
973 5499 1129 5538 unum
1168 5483 1443 5556 signiﬁcat.
1480 5483 1577 5540 Sin
1607 5495 1780 5540 autem
1812 5487 2008 5543 duobus
2038 5505 2198 5544 unum

611 5583 790 5625 nomen
832 5573 1051 5644 positum
1077 5584 1172 5642 est,
1218 5591 1280 5629 ea:
1315 5576 1496 5647 quibus
1536 5592 1636 5631 non
1677 5585 1749 5632 cst
1786 5594 1965 5647 unum,
1994 5596 2095 5636 non
2123 5587 2199 5637 cst

611 5678 713 5717 una
738 5668 1023 5737 a/ﬁrmatio,
1050 5688 1210 5742 neque
1234 5689 1337 5726 una
1367 5672 1589 5745 negatio.

684 5755 740 5809 Si
764 5759 961 5825 album,
979 5761 1172 5831 inquit,
1199 5779 1359 5818 unum
1390 5766 1673 5835 significat,
1693 5764 1833 5839 quod
1864 5767 1906 5821 si
1932 5765 2083 5837 plura
2104 5767 2202 5821 de-

610 5844 782 5919 signat
820 5863 922 5903 nun
949 5864 1023 5906 cst
1050 5868 1149 5908 uua
1173 5853 1493 5927 affirmatio,
1534 5873 1631 5915 nec
1671 5873 1777 5916 una
1817 5856 2050 5929 negatio.
2086 5856 2198 5917 lloc

2227 5955 2257 5969 κ

2297 1948 2410 2003 sius
2439 1948 2572 2004 liber
2596 1992 2611 2015 ,
2645 1958 2699 2003 et
2742 1948 3001 2018 ingenuus
3021 1990 3036 2014 ,
3071 1949 3165 2005 sed
3216 1950 3477 2018 ingenuus
3503 1961 3557 2005 et
3588 1951 3876 2021 Dionysius

2293 2038 2495 2108 juncti,
2521 2039 2653 2094 nihil
2683 2039 2942 2095 efﬁciunt.
2976 2040 3151 2108 Quare
3180 2041 3223 2095 si
3255 2041 3381 2110 quid
3413 2042 3517 2096 tale
3554 2042 3645 2107 sit,
3674 2042 3876 2110 inquit,

2297 2140 2389 2185 aut
2415 2130 2710 2200 subjectum
2742 2141 2833 2186 aut
2864 2132 3206 2202 praedicatum
3235 2132 3376 2203 quod
3408 2133 3561 2203 plura
3591 2134 3878 2203 s'gniﬁcet,

2296 2235 2363 2276 ex
2394 2221 2586 2293 quibus
2614 2239 2778 2277 unum
2803 2223 3007 2291 aliquid
3039 2238 3159 2278 esse
3191 2238 3295 2277 non
3327 2224 3516 2292 possit,
3552 2239 3656 2279 non
3685 2237 3762 2279 εει
3784 2225 3877 2279 illa

2296 2332 2398 2371 una
2443 2318 2768 2388 afﬁrmatio,
2824 2334 2999 2389 neque
3048 2334 3153 2374 una
3184 2320 3415 2389 negatio.
3459 2320 3523 2374 Et
3574 2319 3675 2374 hoc
3706 2318 3889 2399 ﬁctitii'

2296 2407 2531 2476 exempli
2553 2408 2761 2462 ratione
2792 2406 3095 2461 conﬁrmat.

2372 2516 2440 2571 Ut
2466 2517 2510 2571 si
2533 2518 2647 2585 quis
2674 2526 2828 2588 ponat
2863 2517 2959 2571 Itoc
2990 2534 3171 2571 nomen
3202 2518 3391 2584 tunica,
3425 2518 3618 2572 homini
3648 2528 3694 2572 ει
3723 2535 3875 2586 equo,

2300 2615 2347 2662 et
2391 2608 2527 2661 dicat
2572 2608 2745 2661 tunica
2778 2618 2851 2663 est
2879 2609 3027 2675 alba,
3057 2609 3166 2663 ltwc
3203 2625 3306 2663 non
3346 2618 3419 2663 est
3459 2621 3572 2664 una
3592 2610 3877 2679 afﬁrmatio,

2298 2713 2390 2752 nec
2418 2714 2522 2752 una
2546 2700 2765 2768 negatio.
2810 2698 2961 2753 Nihil
2990 2701 3124 2752 enim
3155 2699 3329 2767 di/fvrt
3359 2701 3453 2753 Itoc
3482 2717 3635 2769 quant
3675 2704 3839 2756 dicere
3861 2742 3878 2770 ,

2299 2799 2372 2843 est
2400 2788 2549 2843 horno
2576 2805 2732 2859 equus
2773 2788 2945 2844 albus.
2998 2789 3112 2844 Hoc
3142 2799 3313 2843 autem
3352 2790 3479 2846 nihil
3521 2792 3694 2859 di/Iert
3731 2809 3879 2863 quam

2298 2881 2490 2949 dicere,
2517 2891 2590 2936 εει
2618 2881 2770 2936 homo
2796 2882 2959 2947 albus,
2992 2890 3037 2936 ει
3052 2891 3128 2937 εει
3158 2898 3315 2951 equus
3344 2881 3518 2937 albus.
3597 2891 3601 2895 '

2371 2994 2591 3048 Dicatur
2612 2994 2787 3062 enim,
2844 2994 3049 3063 inquit,
3098 3005 3267 3063 equus
3296 3002 3351 3048 et
3381 2993 3542 3049 homo
3587 2996 3784 3051 tunica.
3815 2994 3879 3051 Et

2298 3087 2565 3153 habeant,
2595 3088 2741 3142 verbi
2768 3086 2934 3156 gratia
2963 3127 2978 3153 ,
3010 3087 3112 3141 hoc
3141 3101 3360 3152 nomen,
3390 3087 3437 3142 si
3478 3088 3595 3159 quis
3626 3089 3767 3143 enim
3797 3088 3879 3143 di-

2298 3188 2416 3244 cat,
2447 3189 2501 3233 ει
2523 3177 2703 3233 tunica
2719 3177 2839 3232 alba
2871 3178 3122 3248 quoniam
3148 3181 3322 3233 tunica
3362 3194 3557 3248 equum
3602 3189 3759 3250 atque
3788 3180 3881 3234 ho-

2302 3274 2499 3329 minem
2530 3271 2795 3343 designat,
2828 3270 3037 3328 videtur
3059 3271 3239 3329 dicere
3261 3273 3511 3343 quoniam
3534 3282 3618 3329 est
3638 3289 3802 3345 equus
3830 3282 3882 3331 et

2303 3366 2465 3421 homo
2502 3365 2692 3431 albus,
2735 3364 2830 3420 sed
2884 3364 2986 3418 hoc
3029 3366 3135 3419 tate
3176 3374 3285 3429 est,
3321 3366 3568 3433 tanquam
3598 3365 3764 3431 dicat,
3798 3373 3881 3423 εει

2301 3470 2472 3527 equus
2500 3456 2676 3520 albus,
2710 3464 2765 3511 et
2798 3463 2880 3510 est
2908 3454 3069 3509 homo
3093 3455 3264 3511 albus.
3294 3450 3399 3511 Sed
3429 3454 3509 3509 ha:
3536 3456 3655 3509 dua:
3684 3468 3881 3524 propo-

2300 3548 2525 3605 sitiones
2554 3559 2699 3613 sunt,
2729 3557 2783 3603 et
2816 3561 2919 3601 non
2963 3562 3098 3613 una;
3139 3546 3335 3615 duplex
3367 3546 3523 3614 igitur
3553 3545 3644 3599 illa
3670 3559 3882 3616 quoque

2300 3637 2600 3708 propositio
2629 3644 2741 3700 est,
2771 3643 2854 3690 est
2881 3636 3041 3689 homo
3073 3644 3127 3691 et
3153 3651 3320 3705 equus
3352 3634 3543 3699 albus;
3590 3649 3756 3705 quare
3784 3634 3881 3689 du-

2300 3727 2423 3796 plex
2456 3726 2539 3779 illa
2570 3740 2779 3797 quoquc
2806 3740 2925 3795 qua:
2953 3724 3103 3791 dicit,
3135 3734 3218 3780 est
3273 3726 3443 3779 tunica
3481 3724 3620 3779 alba.
3666 3725 3874 3781 Etenim

2304 3815 2529 3884 subjecti
2555 3815 2728 3884 hujus,
2754 3814 2803 3868 id
2833 3824 2916 3869 est
2946 3816 3158 3879 tunicae,
3187 3815 3381 3883 duplex
3404 3814 3720 3884 signiﬁcatio
3760 3831 3883 3886 pro-

2304 3906 2596 3975 positiones
2628 3904 2752 3959 fecit
2802 3919 2922 3959 esse
2968 3905 3232 3974 duplices.
3282 3905 3433 3973 Quod
3480 3906 3524 3959 si
3572 3905 3691 3976 quis
3741 3905 3885 3963 dicat

2304 4012 2465 4051 unum
2499 3995 2749 4066 quiddam
2781 3994 3102 4066 signiﬁcare,
3130 3996 3432 4051 est'tunica
3463 3997 3608 4063 alba,
3657 3998 3780 4067 quia
3803 3998 3881 4053 si-

2300 4088 2546 4157 gnificat,
2596 4098 2678 4143 est
2705 4087 2864 4140 homo
2888 4095 2945 4141 et
2972 4102 3141 4157 equus
3180 4088 3339 4143 albus
3363 4099 3393 4154 ς’
3420 4089 3752 4158 impossibile
3781 4096 3882 4143 est.

2302 4180 2483 4251 Neque
2510 4182 2651 4235 enim
2687 4196 2751 4234 ex
2783 4179 2997 4234 homine
3041 4190 3094 4234 et
3132 4195 3270 4250 equo
3299 4180 3550 4249 quiddam
3579 4196 3739 4235 unum
3780 4183 3838 4234 fit
3861 4221 3877 4246 ,

2302 4283 2360 4329 ut
2384 4275 2496 4328 haec
2530 4272 2823 4343 prapositio
2848 4289 3007 4327 unum
3039 4273 3239 4343 aliquid
3284 4274 3550 4343 designet;
3582 4290 3745 4345 quare
3790 4283 3883 4334 aut

2302 4368 2415 4421 ha-c
2454 4367 2747 4437 propositio
2796 4368 2955 4420 multa
2987 4366 3277 4437 signiﬁcat,
3330 4376 3423 4421 aut
3475 4368 3519 4421 si
3553 4382 3656 4421 non
3691 4368 3879 4433 multa,

2303 4458 2435 4513 nihil
2459 4457 2679 4512 omnino
2706 4457 2966 4529 designat.
3020 4458 3158 4521 Nihil
3202 4460 3344 4513 enim
3373 4470 3455 4514 est
3486 4459 3647 4515 homo
3675 4474 3842 4531 equus
3864 4501 3880 4527 ,

2304 4559 2362 4605 ut
2402 4551 2562 4605 simul
2592 4551 2798 4606 dicatur
2837 4562 2999 4621 atque
3050 4550 3417 4621 intelligatur,
3471 4551 3573 4607 hoc
3613 4562 3697 4608 est
3740 4554 3883 4612 enim

2303 4642 2443 4713 quod
2472 4642 2576 4696 ait:

2376 4744 2434 4797 Si
2454 4758 2572 4815 ergo
2599 4742 2679 4798 Ita:
2708 4742 2870 4797 multa
2894 4743 3205 4813 signiﬁcant,
3239 4755 3419 4799 etsunt
3441 4746 3627 4817 plures,
3667 4746 3883 4816 manife-

2304 4845 2436 4890 stum
2473 4844 2545 4889 εει
2572 4836 2809 4903 quoniam
2850 4843 2894 4888 et
2922 4836 3087 4905 prima
3117 4838 3275 4889 multa
3305 4839 3379 4891 vel
3425 4838 3554 4893 nihil
3593 4839 3875 4910 signiﬁcat,

2304 4942 2463 4989 neque
2485 4926 2621 4979 enim
2648 4936 2721 4980 est
2748 4926 2934 4996 aliquis
2956 4926 3109 4979 homo
3139 4944 3315 4998 equus.

2378 5026 2431 5082 Si
2456 5040 2584 5097 ergo
2616 5026 2696 5080 ha:
2727 5027 2889 5081 multa
2918 5026 3223 5098 signﬁcant
3247 5040 3300 5084 et
3322 5039 3447 5085 sunt
3475 5031 3674 5102 plures,
3710 5032 3881 5087 maui-

2306 5118 2497 5171 festum
2522 5117 2761 5186 estquod
2786 5130 2839 5173 et
2866 5120 3059 5188 prima,
3087 5121 3137 5176 id
3168 5133 3249 5177 est
3270 5138 3332 5179 ea
3367 5140 3488 5194 qua:
3518 5125 3667 5189 dicit,
3698 5135 3781 5179 est
3808 5136 3886 5179 ιιι·
3925 5183 3947 5194 _

2306 5205 2421 5261 nica
2446 5207 2588 5273 alba,
2619 5208 2784 5264 multa
2816 5211 2899 5268 vel
2930 5213 3061 5267 nihil
3103 5214 3390 5283 significat.
3424 5216 3563 5270 Nihil
3589 5227 3768 5272 autem
3794 5220 3856 5272 id

2305 5299 2448 5355 circo
2467 5300 2718 5372 quoniam
2744 5305 2911 5361 sinon
2941 5307 3106 5361 multa
3129 5308 3373 5377 designet
3404 5310 3704 5379 propositio
3733 5312 3888 5381 cujus

2307 5391 2530 5461 quilibet
2561 5394 2819 5452 terminus
2850 5398 3158 5468 :cquivocus
3207 5410 3312 5466 est,
3363 5417 3485 5456 cunt
3519 5402 3606 5457 illa
3639 5419 3757 5473 qua:
3789 5422 3887 5458 no-

2310 5485 2453 5541 mine
2474 5487 2747 5558 :cquivoco
2777 5490 3145 5562 signiﬁcantur
3167 5493 3352 5563 juncta
3381 5493 3598 5560 fuerint,
3639 5511 3810 5564 neque
3836 5497 3887 5550 in

2310 5592 2466 5632 unam
2500 5580 2853 5637 substantiam
2884 5585 3265 5652 convenerint,
3308 5586 3433 5642 talis
3457 5588 3724 5657 junctum
3768 5603 3887 5659 qua:
3938 5584 3945 5589 ’

2307 5686 2395 5725 res
2424 5672 2639 5729 sibimet
2682 5676 3014 5731 incontestas
3044 5678 3316 5748 copulant,
3362 5696 3469 5733 non
3503 5682 3604 5735 erit
3631 5682 3771 5735 ullus
3801 5681 3883 5733 in-

2309 5766 2591 5823 tellrctus:
2627 5770 2759 5824 utin
2784 5786 2844 5825 ea
2867 5786 2982 5842 qua:
3004 5783 3104 5837 est,
3141 5774 3319 5827 tunica
3340 5774 3458 5829 alba
3485 5786 3587 5842 est,
3605 5776 3754 5829 aliter
3772 5786 3891 5850 esse

2312 5874 2414 5915 una
2444 5876 2548 5917 non
2600 5872 2805 5935 potest,
2849 5865 2896 5920 si
2947 5866 3124 5923 tunica
3162 5880 3358 5947 equum
3407 5848 3887 5935 hominemque‘Si-
