4280 6268
378 331 481 392 529

1154 327 1221 386 ΙΝ
1258 328 1521 388 LIBRUM
1561 327 1650 386 DE
1689 322 2350 391 INTERPREJ'ATIONE
2387 322 2615 383 EDITIO
2651 324 2884 383 PRIMA.

3559 332 3665 382 5w

372 452 624 524 gniﬁcat,
657 449 759 507 nisi
790 461 959 520 equus
982 454 1139 521 atque
1170 449 1335 506 homo
1367 449 1539 522 juncti
1569 465 1732 506 unum
1763 449 1967 521 aliquid
1996 450 2049 511 Α
2072 445 2295 501 deﬁnite
2321 459 2445 500 vera
2476 455 2599 512 εει,
2650 460 2866 513 semper
2892 444 3060 502 altera
3078 442 3211 500 falsa
3236 441 3455 499 deﬁnite
3480 481 3496 508 ,
3546 443 3665 499 sive

378 545 651 608 efﬁciant;
668 543 761 599 sed
780 543 829 598 hi
852 543 1060 599 termini
1083 544 1216 599 tales
1239 552 1384 609 sunt,
1415 553 1472 599 ut
1491 558 1716 599 necesse
1736 546 1807 599 sit
1830 543 1965 600 hanc

374 636 799 707 propositionem
843 635 930 691 vel
968 637 1314 706 multiplicem
1340 651 1493 702 esse,
1524 637 1611 693 vel
1644 638 1770 693 nihil
1803 637 1968 708 'signi-

380 729 579 786 ﬁcare:
630 744 750 783 nam
798 730 841 783 si
890 727 1183 799 jungantur
1212 710 1371 787 Ιιόιιιο
1400 740 1452 784 ει
1481 745 1680 801 equus,
1721 730 1778 784 ﬁt
1805 730 1959 787 nihil.

375 820 518 876 Nihil
541 820 681 875 enim
720 828 801 874 est
822 819 979 874 homo
1006 835 1208 891 equus,
1236 820 1377 892 quod
1407 835 1502 891 per
1545 823 1646 876 hoc
1691 832 1961 877 monstra-

377 914 475 983 vit,
507 912 646 984 quod
672 911 785 966 ait:
812 910 995 981 Neque
1036 914 1177 967 enim
1208 920 1294 968 est
1332 913 1721 984 aliquid;homo
1746 929 1916 985 equus
1939 954 1958 982 ,

377 1006 481 1061 hoc
506 1013 681 1060 autem
720 1018 815 1059 cur
836 1019 978 1060 nunc
1016 1004 1085 1060 ab
1106 1006 1220 1076 ipso
1245 996 1583 1076 propositum
1611 1007 1702 1076 sit,
1735 1007 1958 1071 lucidis-

371 1098 506 1155 sime
533 1099 943 1165 demonstravit;
968 1113 1090 1155 cum
1115 1101 1255 1155 enim
1289 1100 1358 1156 de
1389 1101 1473 1156 his
1506 1100 1961 1172 propositionibus

369 1193 675 1260 laquei-etur
706 1206 824 1260 qua:
844 1206 1033 1246 verum
1065 1192 1203 1248 inter
1224 1207 1284 1247 se
1309 1192 1607 1265 falsumque
1628 1194 1955 1261 dividerent,

369 1285 469 1339 hoc
488 1282 689 1338 addidit
713 1323 729 1350 ,
762 1283 905 1353 quod
930 1284 1092 1338 etiam
1120 1283 1203 1338 hce
1229 1299 1348 1354 qua:
1370 1284 1569 1340 habent
1592 1286 1675 1341 vel
1700 1286 1958 1356 praedica-

365 1386 476 1435 tum
529 1380 886 1449 tequivocum,
919 1376 1004 1431 vel
1050 1375 1375 1445 subjectum,
1422 1393 1609 1433 verum
1662 1378 1958 1449 falsumque

365 1458 470 1526 non
501 1469 783 1532 dividunt,
813 1476 1055 1538 utraeque
1098 1467 1241 1522 enim
1274 1483 1397 1533 esse
1437 1485 1579 1526 verae
1602 1480 1827 1540 possunt
1853 1514 1871 1537 ,
1902 1480 1957 1527 ut

365 1561 483 1617 hmo
509 1576 630 1631 qua:
673 1560 859 1615 dicunt
885 1600 900 1623 ,
938 1567 1020 1614 est
1062 1558 1198 1614 liber
1229 1559 1387 1614 homo
1406 1560 1452 1615 si
1481 1561 1546 1615 ad
1572 1562 1955 1631 ingenuitatem

363 1654 607 1718 referas,
650 1661 703 1707 et
752 1667 857 1707 non
888 1658 974 1707 est
1019 1649 1156 1705 liber
1202 1650 1394 1717 homo,
1436 1652 1484 1706 si
1519 1651 1584 1707 ad
1618 1654 1952 1725 Dionysium.

363 1744 530 1800 Recte
546 1742 701 1811 igitur
729 1744 929 1798 dictum
956 1752 1039 1799 est
1069 1760 1086 1797 :

2072 537 2392 593 universalis
2418 537 2486 591 sit
2508 553 2634 601 una,
2665 538 2834 593 altera
2859 537 3213 607 particularis.
3252 536 3403 604 Quod
3433 551 3527 605 per
3557 535 3663 592 hoc

2071 634 2421 697 monstratur,
2453 632 2592 701 quod
2622 631 2727 686 ait:
2771 630 2828 685 In
2861 632 3251 689 universalibus
3283 632 3497 701 quidem
3540 630 3660 686 uni-

2070 708 2375 790 versaliter,
2400 738 2614 794 semper
2656 724 2793 779 hanc
2815 739 2936 780 esse
2963 742 3171 790 veram,
3212 726 3357 779 illam
3405 740 3534 779 vero
3563 724 3661 780 fal-

2067 832 2206 885 sam,
2251 816 2364 872 sive
2390 816 2443 871 in
2483 815 2850 887 singularibus
2880 826 3041 887 atque
3072 818 3361 873 individuis
3401 818 3661 885 prmdvca-

2066 911 2283 966 mentis.
2331 909 2483 978 Quod
2510 927 2606 981 per
2634 910 2736 965 hoc
2762 909 3008 980 designat
3037 910 3180 981 quod
3210 909 3415 965 addidit
3448 927 3460 964 :
3496 912 3561 966 Et
3603 911 3657 964 in

2068 1004 2152 1060 bis
2181 1020 2301 1075 quae
2326 1014 2450 1059 sunt
2479 1004 2768 1078 singularia
2790 1046 2806 1073 ,
2836 1020 2939 1062 una
2970 1022 3095 1062 vera
3138 1015 3240 1073 est,
3283 1009 3449 1063 altera
3481 1011 3611 1064 falsa
3639 1026 3656 1075 ;

2066 1104 2160 1162 sed
2192 1114 2469 1175 postquam
2501 1106 2637 1161 dixit
2663 1105 2733 1162 de
2759 1105 3212 1169 contradictoriis,
3243 1106 3464 1175 adjecit,
3496 1109 3548 1163 in
3576 1110 3658 1163 his

2066 1205 2244 1250 autem
2292 1212 2415 1267 qua:
2453 1196 2741 1254 indefinitze
2767 1208 2913 1266 sunt,
2948 1214 3052 1253 non
3081 1213 3301 1255 necesse
3325 1209 3412 1255 est
3433 1214 3652 1268 semper

2017 1348 2029 1360 ι
2065 1285 2204 1341 hanc
2225 1286 2441 1358 quidem
2472 1304 2680 1356 veram,
2711 1289 2852 1345 illam
2884 1303 3014 1346 vero
3034 1304 3157 1346 esse
3180 1292 3515 1345 mendacem.
3542 1291 3654 1345 Hoc

2062 1377 2271 1434 scilicet
2300 1378 2587 1449 designans
2616 1379 2758 1450 quod
2788 1382 2891 1436 ait:
2927 1380 2982 1434 In
3015 1381 3101 1435 his
3128 1396 3256 1436 vero
3302 1397 3420 1452 qua:
3450 1383 3502 1435 in
3536 1381 3657 1437 uni-

2062 1472 2361 1527 versalibus‘
2403 1488 2507 1528 non
2540 1472 2917 1530 universaliter
2944 1475 3235 1540 dicuntur,
3280 1492 3384 1531 non
3431 1486 3514 1532 est
3560 1494 3657 1535 ηιμ

2060 1576 2214 1618 cesse
2239 1566 2290 1618 in
2338 1564 2421 1619 bis
2470 1580 2629 1621 unam
2655 1581 2862 1634 veram,
2892 1566 3119 1622 alteram
3170 1568 3355 1622 falsam
3407 1570 3652 1639 proponi,

2062 1664 2239 1725 potest
2274 1657 2417 1712 enim
2448 1658 2560 1713 fieri
2606 1666 2666 1714 ut
2706 1668 2949 1730 utraeque
2974 1660 3083 1715 sint
3124 1675 3267 1716 verat
3310 1676 3429 1733 qua:
3454 1662 3653 1719 fuerint

2060 1746 2369 1803 indeﬁnitze.

436 1834 608 1900 Quare
628 1850 718 1889 nec
746 1836 799 1889 in
833 1837 914 1890 his
957 1853 1156 1892 necesse
1181 1845 1256 1891 est
1284 1838 1415 1892 hanc
1443 1840 1649 1917 quidem
1692 1842 1953 1897 contradi-
1980 1838 2032 1901 B
2133 1837 2199 1917 [η
2222 1839 2569 1917 δὶηθιιζανῦὺω
2594 1857 2714 1917 vero
2737 1881 2752 1907 ,
2789 1850 2838 1896 ει
2862 1841 3053 1911 futuris
3086 1860 3186 1917 non
3216 1845 3469 1901 similiter.

363 1929 580 1984 ctionem
602 1944 772 1981 veram
800 1944 927 1995 esse,
955 1929 1105 1983 illam
1134 1946 1252 1985 vero
1283 1930 1492 2002 falsam.

430 2020 565 2076 Cum
602 2021 744 2077 enim
773 2020 937 2077 multa
967 2022 1268 2094 signiﬁcat,
1323 2025 1598 2097 multiplex
1639 2028 1959 2100 signiﬁcatio

360 2116 417 2173 in
446 2115 732 2187 negatione
758 2125 916 2185 atque
945 2115 1308 2174 afﬁrmatione
1329 2133 1390 2175 se
1419 2119 1648 2176 invicem
1680 2136 1784 2175 non
1814 2123 1960 2192 peri-

361 2206 481 2273 mit,
523 2204 663 2275 quod
691 2206 734 2259 si
760 2221 862 2267 una
915 2207 984 2262 sit
1020 2208 1305 2265 affirmatio
1331 2221 1385 2266 et
1413 2227 1515 2266 una
1546 2216 1757 2284 negatio
1779 2253 1793 2277 ,
1828 2228 1952 2285 quo-

360 2296 502 2353 niam
530 2306 765 2365 utrmque
802 2298 853 2351 in
893 2297 1083 2355 eodem
1113 2315 1231 2356 esse
1254 2317 1361 2357 non
1392 2314 1633 2373 possunt,
1666 2321 1825 2360 unam
1866 2323 1960 2364 ve-

359 2400 470 2445 ram
492 2399 725 2458 semper,
761 2388 948 2444 falsam
978 2393 1199 2447 alteram
1237 2408 1358 2450 esse
1385 2411 1603 2452 necesse
1635 2407 1741 2452 est.

609 2503 700 2560 DE
738 2502 1038 2563 FUTURIS
1082 2505 1699 2568 CONTINGENTIBUS.

428 2617 497 2672 In
516 2618 597 2673 Itis
628 2634 750 2691 ergo
780 2633 895 2689 qua!
913 2628 1052 2685 sunt,
1074 2630 1123 2677 et
1149 2624 1285 2693 facta
1305 2631 1424 2677 sunt
1440 2665 1453 2687 ,
1496 2640 1697 2679 necesse
1723 2633 1795 2679 est
1817 2625 1961 2694 aﬂ'ir-

358 2711 629 2764 nationem
660 2710 739 2765 vel
761 2713 1103 2782 negationem,
1128 2728 1297 2767 rerum
1329 2730 1434 2768 esse
1462 2716 1540 2769 vel
1568 2714 1775 2784 falsam.
1812 2716 1961 2771 Acin

361 2802 721 2858 micet-salibus
744 2804 950 2874 quidem
980 2806 1337 2861 universaliter
1362 2824 1561 2875 semper
1598 2809 1730 2862 hanc
1751 2824 1919 2863 veram
1938 2832 1956 2859 υ

356 2893 502 2949 illam
530 2910 646 2949 vero
674 2895 863 2965 falsam
905 2912 1031 2963 esse,
1064 2906 1111 2951 et
1143 2897 1197 2951 in
1225 2899 1304 2952 his
1349 2914 1466 2966 qua:
1506 2908 1623 2952 sunt
1647 2898 1955 2970 singularia.

359 2986 793 3057 quemadmodum
822 2987 1016 3041 dictum
1045 2997 1137 3043 est.
1167 2987 1233 3042 In
1265 2988 1343 3043 his
1373 3006 1489 3044 vero
1521 3007 1639 3061 qua:
1679 2993 1732 3044 in
1759 2994 1956 3047 univer-

356 3077 546 3133 salibtts
576 3093 679 3131 non
700 3077 1059 3133 uniaersaliter
1085 3078 1350 3149 dicuntur,
1381 3096 1486 3135 non
1507 3090 1583 3135 est
1612 3099 1817 3139 necesse
1836 3124 1852 3151 ,
1875 3084 1956 3139 di-

358 3176 496 3222 ctum
526 3178 599 3221 est
627 3175 796 3223 autem
825 3177 873 3223 et
914 3169 977 3224 de
1001 3169 1106 3226 Itis.

431 3257 491 3313 In
522 3261 866 3328 praesentibus
890 3263 1051 3318 rebus
1070 3271 1123 3318 ει
1152 3263 1205 3317 in
1236 3265 1525 3333 praeteritis
1554 3265 1723 3323 factas
1744 3278 1955 3326 contra-

357 3348 611 3404 dictorias
662 3352 1053 3409 enuntiationes
1098 3354 1230 3410 dicit
1278 3356 1517 3426 deﬁnite,
1545 3374 1703 3415 unam
1742 3376 1956 3433 semper

340 3454 567 3507 .veratu,
609 3442 830 3498 alteram
857 3444 1075 3501 deﬁnite
1105 3462 1319 3518 semper
1355 3465 1477 3507 esse
1513 3453 1855 3525 mendacem,
1898 3467 1956 3513 ut

357 3531 401 3586 si
432 3533 554 3601 quis
582 3532 750 3588 dicat:
777 3535 978 3592 Omnes
1007 3536 1157 3594 Fabii
1184 3542 1488 3609 perierunt,
1519 3546 1608 3614 qui
1630 3546 1695 3600 ad
1721 3562 1952 3618 pugnam

357 3633 544 3680 contra
566 3624 814 3683 Veientes
847 3628 1053 3696 privata
1081 3634 1775 3711 conspirationeprogressi
1805 3650 1949 3696 sunt.

358 3715 472 3772 Hoc
498 3719 544 3773 si
573 3729 796 3792 negetur
823 3721 924 3788 sic,
957 3739 1064 3779 non
1111 3740 1299 3782 omnes
1328 3729 1474 3784 Fabii
1520 3734 1827 3802 perierunt,
1858 3738 1949 3808 qui

357 3806 422 3862 ad
449 3824 681 3879 pugnam
709 3824 896 3868 contra
912 3813 1162 3872 Veientes
1184 3819 1389 3887 privata
1410 3823 1804 3892 conspiratione
1832 3806 1952 3895 pro-

356 3904 529 3975 gressi
544 3915 668 3958 sunt
686 3944 701 3968 ,
727 3922 948 3964 necesse
968 3911 1280 3981 estquidem
1315 3930 1472 3969 unam
1496 3932 1699 3986 veram,
1726 3920 1947 3976 alteram

357 4008 485 4050 esse
512 3995 715 4062 falsam,
750 4000 845 4054 sed
866 4002 1083 4059 deﬁnite
1103 4021 1225 4060 vera
1250 4006 1537 4063 afﬁrmatio
1565 4018 1671 4077 est,
1730 4012 1949 4071 deﬁnite

358 4085 522 4153 falsa,
552 4090 787 4159 negatio.
814 4092 947 4147 Cum
970 4097 1109 4151 enim
1139 4098 1192 4152 id
1224 4100 1364 4169 quod
1396 4101 1592 4156 factum
1624 4114 1706 4159 est
1754 4107 1949 4163 dicitur

356 4176 578 4255 factum,
609 4181 830 4238 definite
857 4199 1036 4240 verum
1084 4198 1194 4258 est,
1243 4192 1385 4261 quod
1425 4193 1470 4248 si
1504 4194 1553 4248 id
1602 4194 1797 4251 factum
1828 4212 1948 4254 esse

356 4270 670 4344 denegetur,
703 4274 893 4332 falsum
918 4287 1002 4334 est
1022 4278 1263 4348 definite;
1293 4283 1406 4339 sive
1431 4300 1559 4356 ergo
1589 4288 1641 4342 in
1669 4288 1947 4344 universa-

357 4362 498 4420 libus
542 4368 917 4426 universaliter
948 4374 1250 4441 prrrdicatis
1280 4379 1630 4434 contradictio
1660 4396 1753 4450 per
1778 4396 1947 4452 oppo-

355 4456 609 4512 sitionem
634 4462 1067 4529 particularitatis
1097 4466 1219 4533 ﬁat,
1261 4469 1374 4523 sive
1400 4468 1454 4525 in
1484 4470 1862 4541 singularibus,
1887 4482 1947 4529 ut

357 4546 413 4602 in
457 4550 674 4608 Socrate
693 4563 750 4609 et
776 4556 828 4609 in
852 4559 1062 4614 caeteris
1085 4559 1391 4629 individuis,
1416 4563 1468 4617 in
1492 4565 1573 4620 bis
1592 4582 1803 4638 quoque
1823 4584 1943 4639 quae

357 4649 482 4696 sunt
531 4648 796 4713 prteterita
822 4691 836 4715 ,
887 4664 1102 4718 semper
1132 4667 1235 4707 una
1266 4669 1395 4709 vera
1424 4667 1543 4725 est,
1574 4659 1739 4714 altera
1770 4660 1899 4716 falsa
1922 4705 1936 4730 ,

354 4742 417 4786 ut
454 4734 508 4786 in
538 4748 603 4789 eo
642 4738 782 4806 quod
830 4749 943 4805 est,
976 4743 1225 4800 Socrates
1258 4762 1467 4802 veneno
1498 4761 1804 4823 peremptus
1835 4762 1938 4811 est.

356 4824 606 4882 Socrates
632 4844 835 4885 veneno
888 4847 1194 4905 peremptus
1223 4853 1330 4893 non
1357 4847 1468 4905 est,
1501 4856 1625 4897 vera
1668 4854 1748 4898 est
1796 4844 1941 4901 afﬁr-

354 4917 519 4971 matio
539 4917 778 4988 deﬁnite,
808 4934 863 4981 et
893 4924 963 4979 ita
992 4942 1177 4983 rursus
1204 4929 1334 4985 falsa
1366 4935 1575 5003 negatio
1602 4944 1683 4990 est
1712 4936 1765 4992 in
1798 4953 1936 5008 pra:-

353 5011 593 5066 sentibus
618 5029 831 5086 quoque
860 5016 1001 5075 idem
1030 5036 1153 5078 esse
1183 5039 1405 5083 necesse
1435 5037 1535 5083 est.
1569 5028 1624 5086 Si
1639 5032 1937 5100 enim,dis~

352 5109 576 5169 putante
603 5103 844 5176 Socrate,
866 5110 1010 5168 dicat
1033 5113 1261 5186 aliquis:
1294 5117 1546 5177 Socrates
1581 5123 1848 5193 disputat,
1885 5137 1940 5183 et

350 5194 459 5248 hoc
483 5195 617 5251 alius
658 5210 837 5272 neget,
869 5205 1006 5261 sicut
1034 5206 1307 5275 disputare
1352 5211 1628 5270 Socratem
1662 5218 1940 5286 praesentis

353 5286 609 5376 temporis
640 5290 848 5347 ratione
888 5294 1167 5354 deﬁnitum
1196 5307 1319 5367 est,
1366 5302 1439 5357 ita
1484 5318 1696 5376 quoque
1721 5306 1940 5365 definite

350 5371 640 5430 afﬁrmatio
670 5380 862 5437 retinet
889 5392 945 5439 et
970 5388 1269 5455 veritatem,
1302 5371 1513 5461 negatio
1541 5371 1758 5452 deﬁnite
1785 5413 1940 5453 men-

346 5464 587 5522 dacium.
622 5469 685 5524 Et
706 5470 759 5526 in
785 5475 1173 5537 universalibus
1218 5483 1436 5552 quidem
1480 5486 1567 5541 vel
1609 5488 1939 5549 afﬁrmativis

348 5558 436 5652 vel
470 5559 757 5652 negativis,
788 5562 841 5617 in
868 5568 1062 5635 quibus
1104 5572 1190 5627 vel
1238 5572 1523 5631 afﬁrmatio
1567 5579 1937 5652 particularis,

347 5649 436 5704 vel
467 5647 683 5717 negatio
726 5656 1063 5721 particularis
1085 5664 1376 5731 opponitur
1413 5668 1553 5725 idem
1582 5680 1686 5727 est.
1719 5673 1829 5729 Hoc
1857 5647 1940 5734 est

347 5742 493 5797 enim
524 5742 664 5813 quod
683 5745 791 5799 ait:
824 5747 880 5803 In
906 5750 987 5805 bis
1009 5769 1127 5822 quae
1155 5766 1310 5824 sunt,
1340 5768 1393 5816 et
1413 5765 1679 5834 quaefacta
1709 5777 1853 5839 sunt,
1884 5771 1939 5828 id

350 5843 432 5888 est
463 5835 514 5889 in
564 5840 917 5939 pimsentibus
944 5854 1106 5915 atque
1136 5848 1188 5906 in
1234 5857 1543 5931 prateritis,
1578 5875 1683 5920 una
1725 5835 1939 5939 semper

593 5926 867 5994 Panos.
913 5935 1132 6000 LXIV.

2137 1910 2569 1980 Propositionuttt
2603 1913 2721 1967 alite
2741 1910 2869 1968 sunt
2898 1923 3103 1967 tantum
3138 1915 3317 1971 inesse
3343 1918 3650 1989 significan-

2061 2008 2165 2065 tes,
2197 2011 2255 2055 ut
2284 2001 2329 2055 si
2358 2005 2477 2072 quis
2504 2002 2731 2060 Socrate
2752 2007 2874 2060 vivo
2901 2006 3159 2062 dixisset:
3192 2008 3441 2065 Socrates
3467 2013 3651 2067 calvus

2062 2100 2167 2158 est,
2200 2093 2334 2146 alius
2367 2102 2611 2164 negaret,
2634 2094 2885 2151 Socrates
2906 2096 3087 2151 calvus
3114 2112 3219 2152 non
3251 2109 3356 2154 est.
3392 2100 3482 2154 Illa
3506 2102 3650 2156 enim

2065 2180 2242 2236 inesse
2285 2184 2462 2251 posuit
2490 2183 2697 2239 Socrati
2723 2186 3028 2253 c:dvitiem,
3062 2188 3147 2242 illa
3188 2190 3453 2245 calvitiem
3489 2208 3515 2243 a
3549 2194 3652 2247 So-

2063 2280 2210 2327 crate
2230 2271 2508 2342 disjunxit.
2536 2274 2671 2330 Alite
2699 2289 2826 2330 vero
2851 2286 2977 2331 sunt
3004 2281 3344 2346 necessariae,
3381 2289 3440 2336 ut
3466 2281 3511 2337 si
3535 2285 3654 2351 quis

2063 2360 2223 2427 dicat,
2248 2362 2479 2418 Necesse
2511 2373 2594 2419 est
2638 2365 2806 2420 solem
2841 2368 2997 2421 annis
3028 2369 3278 2425 omnibus
3307 2371 3362 2424 in
3412 2373 3653 2429 Arietem

2062 2468 2248 2509 rursus
2281 2455 2479 2509 redire.
2522 2455 2654 2510 Rem
2690 2473 2919 2526 namque
2966 2462 3327 2516 necessariam
3368 2473 3423 2518 et
3456 2479 3519 2519 ex
3553 2482 3652 2521 nc-

2062 2547 2315 2602 cessitale
2358 2548 2693 2604 evenientem
2754 2551 3086 2619 praedicans,
3150 2561 3314 2607 totam
3386 2554 3512 2610 fecit
3554 2572 3655 2613 ne-

2063 2639 2350 2694 cessariam
2405 2640 2846 2710 propositionem.
2901 2642 3033 2696 Aliae
3089 2652 3265 2699 autem
3337 2657 3460 2701 sunt
3526 2663 3652 2705 conc

2065 2730 2374 2800 tingentes,
2425 2747 2544 2802 qua:
2574 2748 2695 2787 cum
2752 2748 2857 2788 non
2907 2734 3037 2804 sint,
3087 2749 3180 2791 cas
3240 2744 3416 2792 tamen
3470 2740 3521 2793 in
3575 2740 3652 2797 lit-

2064 2833 2240 2879 turum
2292 2826 2513 2881 evenire
2544 2827 2795 2896 possibile
2825 2836 2924 2893 est,
2951 2838 3005 2881 ut
3036 2828 3079 2883 si
3110 2829 3229 2899 quis
3257 2830 3431 2886 dicat:
3484 2833 3652 2891 Hodie

2064 2920 2369 2976 Alexander
2410 2937 2704 2991 pransurus
2735 2930 2858 2987 est,
2914 2922 3073 2978 hodie
3135 2924 3441 2982 Alexander
3493 2943 3651 2997 pran-

2059 3024 2220 3066 surus
2258 3024 2365 3065 non
2415 3020 2517 3067 est.
2581 3013 2793 3068 Etenim
2847 3028 2967 3068 cum
3015 3017 3119 3069 ista
3167 3016 3453 3085 dicantur,
3513 3036 3650 3089 quo-

2062 3103 2205 3156 niam
2260 3102 2336 3157 illi
2392 3104 2566 3159 adhuc
2618 3104 2879 3173 prandere
2906 3120 3010 3160 non
3057 3107 3217 3173 inest,
3245 3109 3419 3165 inesse
3469 3120 3649 3167 tamen

1979 3214 2029 3277 ς
2061 3196 2349 3266 contingit,
2395 3208 2449 3250 et
2491 3207 2667 3267 potest
2698 3197 2813 3253 ﬁeri
2852 3207 2909 3254 ut
2948 3200 3106 3256 hodie
3134 3203 3414 3271 prandeat,
3447 3204 3649 3262 idcirco

2059 3287 2287 3343 dicimus
2312 3304 2404 3344 eas
2455 3289 2846 3360 contingentes,
2872 3294 3129 3364 contingit
3157 3295 3300 3350 enim
3333 3295 3468 3363 ﬁeri,
3508 3314 3648 3369 quo-

2058 3378 2203 3432 niam
2226 3378 2397 3434 adbuc
2421 3379 2657 3434 nondum
2682 3379 2934 3437 laetaest.
2959 3384 3064 3439 Sed
3096 3385 3177 3440 bre
3191 3401 3296 3442 non
3326 3388 3504 3444 insunt
3524 3390 3648 3461 qui-

2057 3468 2201 3535 dem,
2226 3478 2285 3522 ut
2308 3469 2508 3524 dictum
2536 3481 2640 3526 est.
2671 3471 2808 3527 Sunt
2830 3474 2972 3529 enim
3003 3474 3164 3530 futuri
3193 3483 3469 3548 temporis.
3514 3481 3648 3549 Qute

2054 3568 2234 3615 autem
2270 3575 2376 3615 non
2408 3562 2612 3631 insunt,
2662 3564 2759 3619 sed
2815 3566 2990 3622 inesse
3044 3577 3288 3639 possunt,
3324 3575 3642 3630 necessariae

2055 3667 2164 3707 non
2190 3662 2332 3718 sunt,
2369 3654 2621 3722 quoniam
2655 3654 2963 3724 hujusmodi
2990 3660 3223 3714 retinent
3271 3672 3512 3717 naturam
3541 3704 3555 3730 ,
3588 3674 3646 3719 ut

2052 3760 2146 3800 eas
2175 3754 2391 3813 etesse,
2421 3756 2474 3801 et
2520 3761 2624 3802 non
2653 3763 2775 3804 esse
2828 3751 3082 3819 possibile
3112 3753 3219 3822 sit,
3273 3765 3449 3824 potest
3495 3758 3639 3812 enim

2054 3836 2171 3891 fieri
2220 3847 2276 3891 ut
2305 3837 2465 3893 hodie
2489 3839 2795 3894 Alexander
2824 3842 3104 3910 prandeat,
3136 3853 3191 3899 et
3220 3861 3405 3903 rursus
3436 3848 3553 3904 fieri
3586 3857 3645 3905 ut

2053 3928 2211 3983 hodie
2235 3944 2339 3982 non
2373 3929 2655 3998 prandeat.
2694 3932 2758 3983 Et
2787 3930 2925 3987 hanc
2953 3934 3234 3989 eveniendi
3262 3939 3345 3991 vel
3374 3955 3477 3993 non
3515 3956 3643 3997 eve-

2050 4020 2233 4075 niendi
2260 4020 2687 4089 possibilitatem,
2722 4023 3036 4078 utrumlibet
3066 4039 3342 4081 vocamus.
3370 4030 3423 4082 In
3450 4031 3639 4096 hujus-

2048 4113 2191 4167 modi
2225 4113 2368 4167 enim
2412 4112 2575 4167 rebus
2614 4114 2928 4169 utrumlibet
2967 4116 3247 4186 contingit,
3281 4129 3371 4172 aut
3402 4121 3634 4174 afﬁrma-

2051 4202 2149 4269 tio,
2180 4210 2271 4256 aut
2301 4202 2537 4272 negatio,
2570 4212 2626 4259 et
2655 4219 2761 4258 non
2810 4211 2897 4259 est
2928 4221 3152 4262 necesse
3192 4217 3283 4262 aut
3314 4209 3635 4264 afﬁrmatio-

2050 4310 2173 4350 nem
2208 4296 2342 4360 fieri,
2386 4305 2479 4350 aut
2522 4299 2885 4367 negationem.
2918 4300 3050 4355 Nam
3076 4316 3197 4356 cum
3237 4319 3339 4357 non
3381 4306 3449 4359 sit
3478 4303 3625 4359 afﬁr-

2048 4386 2213 4440 matio
2252 4387 2586 4455 necessaria,
2623 4404 2728 4443 non
2784 4390 3133 4448 interclusum
3184 4402 3265 4448 est
3315 4398 3629 4467 contingere

2049 4477 2409 4546 negationem.
2444 4478 2647 4533 Rursus
2678 4496 2798 4536 cum
2830 4485 3043 4555 negatio
3070 4487 3372 4539 necessaria
3405 4503 3509 4541 nou
3537 4490 3631 4560 sit,

1968 4596 2025 4659 Β
2049 4565 2316 4624 interdum
2339 4568 2553 4635 accidit,
2579 4580 2638 4625 ut
2665 4571 2953 4629 afﬁrmatio
2984 4576 3278 4645 contingat.
3302 4578 3480 4644 Quare
3516 4582 3634 4637 hanc

2047 4658 2352 4729 hujusmodi
2418 4661 2699 4717 cveniendi
2743 4674 2798 4717 et
2852 4679 2959 4719 non
3014 4667 3297 4721 evenicndi
3348 4672 3626 4738 potentia,

2046 4749 2360 4804 utrumlibet
2409 4759 2651 4805 vocatur.
2683 4752 2835 4819 Quod
2872 4754 2924 4809 in
2955 4753 3039 4810 his
3091 4759 3421 4826 utrumlibet,
3466 4762 3517 4816 id
3546 4771 3631 4819 est

2043 4841 2131 4897 vel
2154 4840 2541 4898 aflirmationes
2569 4844 2652 4898 vel
2680 4846 3012 4915 negationes,
3047 4849 3264 4905 evenire
3293 4855 3629 4912 conceditur.

2042 4932 2196 4989 Nunc
2242 4947 2369 5005 ergo
2417 4932 2730 4991 Aristoteles
2770 4936 2871 4992 hoc
2914 4940 3238 4995 validissima
3291 4957 3632 5015 argumenta-

2041 5027 2187 5081 tione
2205 5025 2480 5081 contendit
2495 5036 2758 5097 astruere,
2788 5030 2930 5100 quod
2953 5033 3399 5102 quemadmodum
3417 5040 3470 5092 in
3494 5054 3633 5109 prte-

2043 5116 2239 5182 teritis,
2267 5124 2321 5172 et
2347 5116 2401 5172 in
2452 5116 2539 5172 his
2583 5135 2704 5189 qua:
2731 5132 2858 5176 sunt
2891 5124 3197 5193 praesentia,
3233 5140 3340 5181 non
3369 5130 3528 5182 modo
3573 5131 3631 5185 in

2041 5215 2400 5271 afﬁrmatione
2429 5226 2483 5272 et
2508 5218 2811 5288 negatione,
2849 5236 3008 5277 unam
3037 5240 3241 5288 veram,
3269 5225 3491 5283 alteram
3521 5227 3624 5284 fal-

2040 5323 2156 5367 sam
2181 5325 2303 5367 esse
2329 5326 2549 5368 necesse
2607 5322 2711 5385 est,
2739 5315 2832 5370 sed
2865 5316 3081 5373 deﬁnite
3110 5333 3211 5372 una
3246 5333 3371 5375 vera
3402 5336 3505 5389 εει,
3540 5324 3631 5381 de-

2040 5401 2192 5457 finite
2240 5404 2409 5459 altera
2453 5404 2677 5475 suscipit
2720 5405 3030 5474 falsitatem,
3062 5423 3167 5462 non
3209 5408 3279 5462 ita
3312 5410 3363 5464 in
3395 5410 3477 5467 his
3507 5431 3629 5485 quae

2043 5496 2415 5569 contingentes
2438 5510 2711 5555 vocantur.
2744 5501 2976 5558 Necesse
3005 5506 3147 5560 enim
3177 5515 3260 5562 est
3290 5520 3345 5562 ut
3373 5521 3464 5566 aut
3484 5515 3628 5568 afﬁr-

2043 5591 2212 5645 matio
2227 5605 2352 5646 vera
2378 5590 2465 5659 sit,
2500 5604 2587 5647 aut
2613 5595 2850 5663 negatio,
2883 5596 2978 5650 sed
3008 5611 3116 5653 non
3146 5610 3200 5652 ut
3222 5600 3443 5659 deﬁnite
3480 5622 3626 5676 quae.

2042 5685 2175 5744 libet
2212 5702 2394 5743 earum
2418 5703 2539 5742 vera
2572 5689 2673 5755 sit,
2706 5688 2869 5747 altera
2892 5691 3020 5746 falsa
3053 5692 3293 5751 definite.
3328 5698 3459 5753 Nam
3482 5704 3625 5772 quod

2043 5778 2272 5835 dicimus
2319 5779 2626 5836 Alexander
2664 5780 2921 5839 lavandus
2959 5793 3041 5841 est
3064 5829 3078 5856 ,
3112 5786 3162 5841 id
3193 5789 3236 5842 si
3268 5790 3402 5845 alius
3433 5805 3624 5867 neget,

2003 5850 2027 5874 ’
2042 5871 2315 5944 dicatque:
2350 5871 2651 5932 Alexander
2669 5871 2925 5935 la'vandus
2953 5850 3191 5945 nonest,
3216 5890 3383 5940 totum
3406 5850 3620 5957 quidem

3123 5969 3191 6043 11
