4280 6268
639 367 737 425 551

1874 362 1984 423 AN.
2024 361 2232 421 MANL.
2277 358 2427 417 SEV.
2468 360 2689 419 ΒΟΕἸῚΙ

3817 362 3921 418 532

582 510 583 513 η
638 489 745 543 11οε
776 495 1002 542 necesse
1038 491 1123 540 est
1166 496 1405 551 evenire,
1440 490 1491 537 ut
1525 492 1612 537 aut
1650 484 1877 551 lavetur,
1897 494 1987 539 aut
2012 499 2114 539 non
2145 484 2222 536 la-
2251 478 2305 543 Α
2329 496 2432 535 non
2462 491 2568 547 est,
2588 491 2838 551 utrasque
2860 458 3017 535 veras
3043 479 3098 533 in
3125 477 3540 549 unoeodemque
3570 480 3922 552 contingere?

644 586 817 644 vetur,
836 585 891 632 et
913 589 1136 632 necesse
1180 585 1264 631 est
1306 590 1468 631 unam
1500 589 1619 632 esse
1649 592 1851 641 veram,
1884 577 2105 651 alteram
2129 575 2229 630 fal-

643 684 791 735 sam,
824 677 915 722 aut
941 666 1352 721 afﬁrmationein
1379 708 1393 731 ,
1425 667 1468 721 si
1503 667 1641 721 lotus
1674 667 1867 732 fuerit,
1900 676 1990 721 aut
2016 668 2057 720 si
2087 668 2229 721 lotus

643 776 751 816 non
785 759 983 826 fuerit,
1016 761 1375 831 negationem.
1408 760 1515 816 Sed
1556 776 1660 814 non
1691 770 1771 815 est
1800 774 2021 816 necesse
2055 772 2110 815 ut
2137 760 2230 815 de-

642 853 791 908 ﬁnite
817 852 1104 909 afﬁrmatio
1130 868 1257 909 vera
1286 852 1385 919 sit,
1430 852 1632 909 idcirco
1666 853 1805 922 quod
1840 853 1891 908 in
1924 854 2226 922 liujusmodi

641 945 803 1001 rebus
848 946 1043 1015 poterit
1092 946 1309 1000 evenire
1364 945 1595 1014 negatio.
1665 945 1771 1001 Sed
1841 961 1938 1001 nec
1990 962 2224 1018 unquam

640 1038 920 1093 deﬁnitum
950 1046 1062 1102 est,
1106 1049 1167 1092 ut
1212 1038 1425 1109 negatio
1456 1052 1583 1094 vera
1612 1038 1704 1105 sit,
1732 1039 1865 1094 falsa
1899 1039 2184 1095 afﬁrmatio
2209 1086 2222 1103 ,

642 1130 843 1184 idcirco
866 1129 1115 1199 quoniam
1151 1137 1327 1199 potest
1352 1143 1459 1184 non
1493 1130 1719 1185 evenire
1770 1131 1999 1202 negatio.
2052 1133 2229 1200 Quare

644 1226 697 1277 111
735 1234 843 1278 tota
877 1222 1331 1290 contradictione,
1370 1237 1528 1278 unam
1553 1222 1770 1293 quidem
1803 1236 2004 1284 veram.
2041 1224 2229 1279 falsnm

644 1318 866 1371 alteram
891 1330 1011 1371 esse
1038 1328 1262 1371 necesse
1283 1322 1385 1371 est.
1418 1315 1488 1371 [lt
1520 1324 1697 1371 autem
1726 1316 1947 1371 deﬁnite
1977 1330 2079 1370 una
2104 1330 2230 1372 vera

541 1462 545 1469 ,
642 1410 746 1471 sit,
776 1411 941 1462 altera
976 1407 1109 1463 falsa
1140 1406 1378 1473 deﬁnite,
1425 1408 1561 1464 sicut
1591 1409 1644 1463 in
1675 1408 1757 1464 liis
1790 1420 1909 1477 quae
1941 1418 2058 1463 sunt
2093 1424 2230 1478 prte-

600 1534 605 1538 α
644 1503 801 1557 terita
831 1516 1056 1572 quaeque
1086 1501 1396 1570 praesentia,
1439 1503 1579 1557 nulla
1610 1503 1819 1557 ratione
1846 1518 2028 1558 rerum
2062 1505 2232 1573 possi-

651 1596 760 1649 bile
791 1604 893 1650 εει.
926 1593 1033 1649 Sed
1086 1594 1185 1649 hoc
1229 1596 1377 1664 prius
1422 1595 1735 1649 Aristoteles
1784 1596 1836 1648 in
1884 1595 2230 1665 Singularium

643 1689 1179 1757 pradicamentorum
1199 1686 1657 1757 propositionibus
1677 1686 1884 1757 probat.
1907 1686 2031 1739 Post
2049 1695 2229 1739 autem

643 1785 785 1840 idem
808 1784 1008 1840 debere
1043 1783 1094 1837 in
1122 1781 1515 1837 universalibus
1551 1782 1707 1835 docet
1750 1779 1992 1848 intelligi.
2026 1778 2232 1833 idcirco

2334 574 2444 628 Hoc
2478 574 2636 644 igitur
2669 574 2782 629 ﬁeri
2813 588 2918 627 non
2943 581 3159 642 potest;
3195 586 3330 627 unus
3372 587 3499 642 ergo
3520 587 3704 627 eorum
3737 591 3922 633 verum

2333 668 2599 729 dicturus,
2630 678 2711 720 est
2739 666 2877 721 alius
2906 666 3197 721 mentietur
3223 682 3237 721 :
3264 672 3493 735 ponatur
3523 666 3665 721 enim
3700 683 3801 722 una
3830 684 3921 724 eo-

2336 774 2450 810 rum
2478 758 2696 812 definite
2727 772 2849 827 vera
2880 772 3019 823 esse,
3046 758 3131 811 vel
3162 756 3313 824 falsa,
3343 758 3388 813 si
3414 772 3543 827 ergo
3570 761 3746 813 omnis
3774 758 3922 817 afﬁr-

2334 852 2498 905 matio
2526 862 2579 907 et
2613 852 2825 921 negatio
2858 866 2978 906 vera
3023 852 3104 907 vel
3148 852 3276 905 falsa
3306 861 3387 906 est
3415 852 3654 918 deﬁnite,
3692 866 3747 910 et
3782 866 3925 913 uter-

2335 960 2439 1015 que
2486 959 2685 1014 negans
2737 946 3119 1011 afﬁrmat-sque
3143 948 3253 1000 veri
3306 946 3357 1000 in
3408 948 3923 1005 contradictionibus

2336 1054 2455 1094 esse
2480 1053 2582 1092 non
2612 1046 2867 1109 possunt,
2903 1052 3123 1093 necesse
3170 1049 3253 1093 est
3283 1054 3443 1092 unum
3483 1054 3667 1093 verum
3700 1039 3881 1103 dicere
3906 1086 3919 1105 ,

2338 1132 2562 1187 alterum
2591 1131 2801 1193 falsum,
2826 1139 2879 1184 et
2908 1145 3068 1184 unum
3103 1132 3320 1185 deﬁnite
3341 1144 3549 1195 verum,
3576 1132 3800 1186 alterum
3831 1133 3925 1189 de-

2339 1224 2485 1279 ﬁnite
2515 1224 2728 1279 falsum.
2768 1223 2877 1277 lioc
2909 1225 2951 1278 si
2989 1232 3074 1277 est
3107 1224 3154 1275 in
3203 1225 3451 1277 omnibus
3482 1225 3926 1282 afﬁrmationibus

2338 1327 2496 1387 atque
2526 1317 2920 1387 negationibtts,
2956 1327 3013 1369 ut
3044 1332 3145 1369 una
3190 1316 3409 1371 deﬁnite
3457 1317 3587 1372 falsa
3619 1319 3709 1381 sit,
3756 1321 3922 1375 altera

2343 1426 2464 1465 vera
2492 1410 2731 1477 definite,
2803 1409 3059 1479 quidquid
3105 1425 3228 1463 vera
3274 1409 3403 1464 dicit
3435 1422 3747 1467 eventurum
3797 1428 3924 1467 eve-

2341 1507 2459 1560 nire
2532 1519 2751 1559 necesse
2800 1514 2911 1566 est,
2964 1503 3217 1574 quidquid
3278 1519 3380 1560 non
3428 1516 3742 1562 eventurum
3820 1527 3923 1565 non

2340 1595 2554 1651 evenire
2582 1610 2799 1651 necesse
2837 1604 2936 1661 est,
2972 1595 3073 1648 hoe
3101 1605 3180 1649 cst
3210 1596 3352 1650 enim
3384 1598 3524 1667 quod
3574 1600 3647 1653 ait
3688 1617 3699 1651 :
3754 1601 3923 1654 Mani-

2342 1689 2530 1745 festum
2546 1698 2625 1743 est
2649 1690 2898 1759 quoniam
2929 1703 3151 1745 necesse
3169 1697 3251 1744 est
3283 1705 3467 1744 verum
3490 1689 3671 1745 dicere
3702 1693 3925 1747 alterum

2341 1784 2598 1852 ipsorum;
2632 1796 2802 1851 neque
2832 1782 2974 1836 enim
3013 1789 3186 1850 potest
3222 1776 3335 1835 ﬁeri
3365 1790 3416 1833 ut
3449 1781 3738 1837 afﬁrmatio
3771 1799 3926 1853 nega-

644 1878 787 1932 eniiu
819 1876 909 1941 ait,
946 1877 997 1928 iu
1026 1875 1388 1945 singularibus
1412 1886 1537 1929 vero
1562 1882 1614 1928 et
1659 1871 1847 1928 futuris
1887 1887 1992 1927 non
2039 1872 2230 1927 simili-
2260 1874 2312 1935 B
2340 1879 2522 1946 tioque
2561 1876 2897 1931 consentiant
2927 1876 2978 1930 in
3014 1876 3229 1939 talibus,
3264 1876 3313 1929 id
3345 1887 3425 1930 est
3459 1875 3509 1930 in
3543 1878 3926 1932 contradictio-

643 1975 749 2022 ter.
780 1966 834 2020 Id
858 1976 939 2021 est
971 1966 1023 2020 in
1056 1965 1414 2035 singularibus
1437 1965 1910 2035 propositionibus,
1938 1974 1991 2020 et
2020 1964 2087 2021 de
2107 1967 2228 2035 qui-

644 2058 747 2114 bus
771 2058 917 2128 prius
949 2066 1176 2123 tractat,
1211 2065 1263 2112 ct
1287 2056 1340 2111 in
1369 2055 1583 2123 futuris,
1613 2056 1663 2110 id
1688 2066 1769 2110 cst
1798 2057 1847 2110 in
1878 2056 2235 2128 contingenti-

644 2152 767 2221 bus,
800 2166 905 2205 non
936 2148 1075 2205 idem
1116 2149 1307 2204 modus
1344 2158 1427 2205 est
1453 2166 1695 2206 verarum
1728 2148 2085 2221 falsarumque
2114 2165 2234 2220 pro~

646 2246 996 2317 positionum,
1031 2244 1121 2314 qui
1143 2254 1226 2299 est
1256 2244 1306 2297 in
1340 2243 1626 2313 prmteritis
1658 2253 1821 2313 atque
1856 2242 2228 2312 prtesentibus.

645 2340 907 2408 Quoniam
940 2340 990 2392 in
1037 2336 1321 2408 prmieritis
1352 2346 1510 2406 atque
1538 2336 1895 2407 praesentibus
1924 2378 1939 2401 ,
1982 2346 2036 2392 et
2065 2346 2235 2392 totum

647 2430 1083 2487 t-otitradictionis
1106 2444 1300 2498 corpus
1331 2427 1382 2482 in
1416 2428 1695 2483 veritatem
1728 2427 2126 2498 falsitatcmque
2157 2427 2237 2482 (11-

649 2528 863 2591 vidztur,
892 2535 945 2579 et
968 2538 1092 2579 vera
1124 2532 1205 2577 est
1232 2537 1330 2575 una
1364 2520 1605 2593 deﬁnite,
1633 2531 1692 2576 ut
1724 2522 1895 2590 possit
1915 2536 1978 2575 ex
2011 2520 2092 2575 his
2120 2536 2240 2575 cer-

614 2612 617 2615 ’
653 2633 735 2673 tus
758 2616 946 2687 aliquis
977 2632 1038 2667 ac
1072 2617 1249 2670 sciens
1277 2613 1456 2669 dicere
1500 2614 1754 2684 quoniam
1781 2614 2067 2669 afﬁrmatio
2114 2628 2236 2669 vera

651 2710 741 2773 sit,
776 2709 855 2760 vel
913 2720 1117 2768 rursus,
1164 2703 1414 2773 quoniam
1448 2702 1697 2772 negatio;
1749 2702 1835 2757 vel
1866 2702 1911 2757 si
1962 2703 2014 2757 id
2063 2704 2240 2758 nullus

618 2798 867 2862 dixerit,
904 2805 1051 2852 certa
1092 2794 1201 2865 jam
1235 2792 1493 2866 praeteriti
1521 2801 1782 2864 temporis
1829 2793 1911 2848 vel
1962 2792 2239 2863 praesentis

650 2891 942 2948 secundum
985 2892 1065 2945 sui
1098 2898 1339 2944 naturam
1372 2888 1532 2955 ratio,
1563 2896 1849 2959 certusque
1878 2895 2103 2943 eventus
2133 2897 2235 2953 est,

650 2990 702 3043 in
732 2988 812 3042 bis
843 3001 970 3041 vero
1001 2985 1051 3039 111
1105 2984 1299 3054 quibus
1336 2982 1651 3053 contingens
1692 2991 1773 3037 est
1803 2992 1856 3036 et
1886 2980 2143 3048 futurum,
2186 2980 2240 3035 id

652 3097 727 3141 cst
759 3083 1014 3139 variabile
1040 3091 1091 3136 et
1119 3079 1386 3143 instabile,
1423 3087 1590 3133 totum
1622 3076 1835 3149 quidem
1864 3092 2063 3145 corpus
2100 3090 2232 3131 con-

650 3176 983 3233 tradictionis
1006 3174 1281 3230 veritatem
1312 3170 1711 3240 falsitatemque
1740 3169 1983 3239 partitur,
2008 3167 2102 3221 sed
2129 3167 2240 3221 hare

2342 1971 2424 2024 nis
2449 1967 2919 2037 prepositionibus.
2946 1966 3177 2022 Necesse
3220 1975 3302 2022 est
3324 1977 3503 2024 autem
3534 1969 3751 2023 evenire
3781 1986 3927 2039 qua:-

2341 2077 2554 2132 cunque
2600 2076 2723 2115 vera
2766 2058 2985 2115 deﬁnite
3010 2058 3294 2114 afﬁrmatio
3322 2059 3575 2130 loquitur,
3600 2069 3652 2115 ct
3676 2077 3779 2115 non
3805 2078 3925 2118 ere-

2343 2158 2457 2211 nire
2489 2154 2630 2225 quod
2660 2154 2862 2225 profert
2911 2152 3131 2208 deﬁnite
3187 2164 3311 2207 vera
3363 2154 3601 2222 negatio,
3656 2152 3796 2223 quod
3853 2157 3928 2209 sic

2343 2248 2547 2317 probat.

2416 2338 2553 2393 Nam
2579 2340 2622 2393 si
2642 2353 2811 2392 verum
2837 2338 3121 2399 estdicere,
3155 2337 3399 2405 quoniam
3428 2346 3497 2388 est
3519 2334 3694 2389 album
3716 2338 3790 2390 vel
3819 2353 3920 2390 non

2343 2435 2539 2501 album,
2561 2448 2761 2488 necesse
2784 2439 2856 2485 est
2880 2448 2985 2486 esse
3012 2432 3186 2484 album
3218 2430 3294 2483 vel
3321 2446 3422 2482 non
3453 2428 3646 2483 album.
3682 2426 3747 2483 Et
3781 2426 3825 2484 si
3857 2438 3927 2484 est

2342 2528 2517 2581 album
2543 2526 2619 2578 vrl
2648 2538 2749 2577 non
2788 2524 2979 2588 album,
3012 2532 3184 2576 verum
3214 2531 3285 2576 est
3317 2516 3568 2591 «ﬁrmare
3608 2522 3684 2575 uel
3712 2538 3916 2594 negare,

2344 2629 2391 2671 et
2418 2620 2582 2673 sinon
2604 2626 2699 2682 est,
2727 2616 2992 2680 mentitur,
3020 2624 3067 2667 et
3098 2614 3142 2667 si
3194 2621 3456 2677 mentitur,
3490 2628 3594 2665 non
3630 2621 3725 2668 est.
3760 2612 3929 2679 Quare

2350 2726 2562 2765 necesse
2587 2718 2657 2763 est
2687 2716 2775 2761 aut
2812 2704 3196 2776 alﬁrmationem
3216 2742 3230 2769 ,
3277 2714 3365 2758 aut
3412 2704 3733 2774 negationem
3756 2717 3929 2758 rem

2346 2819 2451 2857 esse
2472 2801 2549 2856 vel
2572 2802 2759 2871 falsam

2415 2894 2566 2962 Quod
2588 2894 2657 2949 de
2678 2893 2858 2949 futuro
2878 2891 3047 2961 possit
3068 2903 3187 2945 esse
3218 2888 3496 2959 judicium,
3520 2902 3555 2942 ε
3574 2888 3929 2959 ννωεειιιίειιε

2346 2987 2513 3045 trahit
2540 2986 2849 3056 exemplum
2886 3002 2899 3037 :
2933 2985 3007 3038 ait
3035 2984 3177 3039 enim
3229 2985 3363 3037 lianc
3391 2996 3513 3038 esse
3537 2997 3717 3037 rerum
3742 2996 3931 3038 conse-

2343 3083 2616 3154 quentiam
2639 3121 2652 3145 ,
2684 3088 2741 3133 ut
2770 3094 2884 3135 rem
2916 3077 3293 3133 subsistentem
3326 3077 3707 3147 propositionis
3735 3078 3930 3133 mites

2345 3183 2727 3247 consequatur,
2769 3173 3050 3229 veritatem
3095 3172 3475 3243 propositionis
3492 3173 3597 3241 rei,
3626 3173 3697 3229 de
3724 3182 3828 3244 qua
3860 3174 3933 3228 lo-

650 3267 851 3323 veritas
882 3275 1041 3335 atque
1072 3263 1273 3318 falsitas
1323 3261 1610 3315 indiscreta
1643 3268 1727 3314 est
1756 3270 1915 3327 atque
1961 3258 2235 3313 volubilis.
2268 3264 2317 3332 ε
2344 3267 2523 3338 quitur
2570 3264 2893 3335 propositio,
2942 3264 3176 3319 essentia
3222 3263 3538 3320 comitetur.
3587 3264 3716 3320 Nam
3764 3266 3808 3320 si
3849 3265 3933 3321 hic

652 3362 841 3417 Nullus
872 3358 1016 3413 enim
1051 3365 1226 3427 potest
1273 3354 1453 3409 dicere
1498 3352 1748 3421 quoniam
1796 3351 2083 3404 afﬁrmatio
2108 3366 2233 3404 vera

651 3464 754 3510 cst.
780 3452 896 3507 Non
923 3458 1008 3507 est
1033 3450 1174 3504 enim
1199 3461 1421 3503 necesse
1444 3460 1624 3499 veram
1654 3458 1775 3499 esse
1800 3442 2236 3508 aliirmationem,

652 3547 857 3603 idcirco
887 3544 1139 3615 quoniam
1185 3538 1523 3611 negationem
1568 3537 1684 3591 ﬁeri
1714 3534 1975 3607 possibile
2006 3542 2107 3589 est.
2144 3548 2241 3589 nec

654 3654 842 3697 rursus
899 3634 1256 3707 negationem,
1309 3632 1559 3703 quoniam
1613 3645 1715 3683 non
1776 3638 1857 3682 est
1910 3625 2243 3698 impossibile

659 3730 1072 3787 afﬁrmationcm
1149 3726 1494 3795 contingere,
1552 3732 1604 3775 ct
1656 3732 1927 3791 postremo
1989 3717 2242 3789 quoniam

658 3819 971 3879 utrum’lih-d
1010 3822 1247 3890 ipsorum
1278 3815 1572 3883 contingit,
1620 3813 1821 3868 idcirco
1869 3827 1969 3866 una
2021 3826 2241 3875 earum,

661 3931 785 3970 vera
814 3930 931 3971 esse
962 3911 1179 3967 deﬁnite
1204 3919 1254 3964 et
1303 3918 1478 3972 certa,
1513 3904 1826 3961 naturaliter
1872 3918 1977 3958 non
2031 3910 2243 3972 potest,

664 4010 857 4081 quibus
884 4016 1059 4062 autem
1084 4005 1134 4059 id
1171 4000 1718 4074 argumentationibus
1750 4005 2092 4069 exsequatur,
2128 4011 2241 4048 ina-

659 4102 909 4159 nifestum
933 4098 1033 4155 erit
1066 4097 1164 4152 hoc
1197 4094 1382 4149 modo:

738 4194 877 4248 Nam
905 4195 955 4246 si
975 4190 1137 4244 omnis
1164 4187 1431 4259 aﬂirmatio
1472 4186 1548 4240 vel
1593 4186 1791 4256 negatio
1819 4228 1831 4251 ,
1865 4200 1981 4238 vera
2010 4183 2087 4236 vel
2118 4184 2251 4253 falsa

664 4298 758 4355 est,
788 4296 835 4341 ct
864 4300 1010 4340 omne
1040 4298 1240 4335 necesse
1268 4289 1337 4333 est
1366 4278 1441 4331 vel
1470 4294 1576 4330 esse
1605 4275 1679 4330 vel
1713 4292 1813 4327 non
1843 4291 1968 4328 esse.
2010 4274 2182 4341 Quare
2205 4273 2248 4325 si

667 4384 749 4436 hic
779 4379 982 4451 quidem
1013 4374 1149 4429 dicat
1181 4372 1409 4441 futurum
1453 4368 1680 4438 aliquid,
1715 4367 1801 4418 ille
1832 4381 1947 4418 vero
1980 4381 2080 4417 non
2113 4364 2249 4417 dicat

670 4476 762 4528 hoc
790 4471 925 4526 idem
951 4470 1149 4537 ipsum,
1183 4462 1507 4533 manifestum
1555 4468 1627 4513 est
1679 4458 1923 4529 quoniam
1951 4472 2145 4510 necesse
2178 4466 2248 4509 est

666 4580 839 4619 verum
873 4562 1039 4615 diCere
1060 4558 1277 4611 alterum
1312 4556 1540 4623 ipsorum
1560 4592 1573 4617 ,
1601 4554 1645 4605 si
1673 4549 1836 4604 omnis
1864 4548 2136 4619 a/ﬁrmatio
2176 4548 2251 4600 rel

2349 3359 2483 3428 lapis
2507 3358 2590 3413 vel
2620 3355 2894 3427 quodlibet
2931 3354 3073 3409 aliud
3116 3355 3293 3411 album
3320 3365 3425 3425 est,
3454 3370 3638 3413 vemm
3668 3358 3840 3413 estde
3868 3372 3932 3414 eo

2349 3452 2527 3506 dicere
2552 3450 2807 3520 quoniam
2833 3448 3011 3505 album
3052 3455 3154 3516 est,
3184 3456 3240 3504 et
3269 3447 3371 3505 hoc
3399 3450 3746 3506 convertitur.
3796 3448 3930 3505 Nam

2350 3544 2397 3597 si
2425 3556 2610 3597 verum
2638 3549 2721 3596 est
2745 3541 2930 3595 dicere
2974 3538 3042 3595 de
3087 3553 3153 3594 eo
3197 3540 3451 3608 quoniam
3478 3540 3657 3595 album
3682 3548 3784 3607 est,
3818 3541 3934 3597 sine

2349 3636 2511 3691 dubio
2539 3634 2717 3689 album
2764 3642 2879 3703 est,
2912 3642 2969 3688 et
2990 3633 3168 3687 album
3199 3647 3320 3689 esse
3348 3645 3573 3689 necesse
3616 3641 3720 3700 est,
3746 3634 3934 3705 itaque

2350 3730 2409 3781 lit
2439 3735 2496 3780 ut
2525 3740 2610 3781 res
2641 3726 2940 3789 veritatem,
2969 3734 3021 3780 et
3050 3724 3250 3779 veritas
3281 3738 3413 3789 tem,
3434 3724 3510 3779 de
3550 3738 3654 3795 qua
3683 3726 3935 3794 proponi-

2352 3830 2468 3886 tur,
2503 3820 2875 3889 subsequatnr.
2909 3818 3116 3874 Rursus
3145 3818 3189 3873 si
3222 3818 3313 3874 hic
3344 3816 3479 3887 lapis
3502 3818 3663 3874 albus
3688 3832 3795 3874 non
3825 3829 3933 3884 est,

2352 3928 2537 3969 verum
2562 3922 2645 3968 est
2673 3912 2739 3966 de
2766 3926 2833 3966 eo
2866 3911 3047 3965 dicere
3071 3911 3330 3981 quoniam
3350 3926 3465 3966 unon
3495 3921 3579 3967 est
3606 3912 3779 3978 albus,
3811 3921 3867 3967 et
3892 3912 3937 3970 si

2352 4007 2419 4061 de
2441 4020 2505 4061 eo
2527 4020 2709 4060 verum
2736 4003 3024 4059 estdicere
3053 4004 3303 4074 quoniam
3328 4016 3435 4059 non
3465 4015 3552 4060 est
3577 4006 3751 4073 sibus,
3781 4012 3841 4060 ut
3871 4005 3937 4060 sit

2353 4098 2505 4151 albus
2536 4096 2650 4151 ﬁeri
2674 4110 2779 4151 non
2812 4103 3005 4165 potest,
3032 4108 3153 4150 cum
3177 4110 3302 4151 vere
3323 4095 3533 4151 dicatur
3552 4098 3806 4167 quoniam
3826 4111 3938 4151 non

2353 4202 2434 4246 est
2452 4191 2627 4246 albus.
2648 4189 2789 4244 Idem
2810 4201 3025 4259 quoque
3043 4188 3204 4245 etiam
3229 4189 3282 4242 in
3306 4189 3599 4245 mendaciis
3622 4189 3780 4242 valet.
3802 4188 3934 4243 Nam

2355 4286 2400 4339 si
2450 4283 2574 4352 quid
2622 4298 2727 4336 non
2770 4290 2873 4350 est,
2922 4294 3043 4335 cum
3091 4280 3191 4335 hoc
3238 4280 3430 4349 aliquis
3458 4292 3579 4335 esse
3623 4280 3932 4349 proposuit,

2357 4374 2670 4429 mentietur.
2700 4373 2766 4429 Et
2791 4373 2837 4427 si
2866 4372 2988 4443 quis
3010 4370 3077 4427 de
3102 4369 3212 4425 alio
3242 4370 3552 4438 mentietur,
3578 4370 3711 4425 illud
3740 4371 3807 4425 de
3828 4386 3937 4441 quo

2358 4467 2415 4519 fit
2444 4465 2782 4520 mendacium
2814 4479 2917 4519 non
2946 4472 3029 4519 est
3052 4502 3066 4527 ,
3098 4470 3156 4516 ut
3198 4463 3244 4518 si
3285 4476 3445 4532 quam
3494 4476 3611 4518 rem
3656 4476 3780 4518 cum
3816 4463 3937 4519 alba

2358 4573 2464 4613 non
2496 4560 2565 4612 sit
2591 4557 2753 4619 dicat,
2802 4555 2993 4627 aliquis
3035 4567 3155 4610 esse
3183 4554 3358 4610 albam
3391 4554 3647 4609 mentitus
3670 4565 3773 4619 est,
3803 4570 3936 4625 quo-

664 4656 865 4727 negatio
884 4659 1015 4709 'uera
1040 4650 1115 4706 vel
1149 4650 1280 4721 falsa
1309 4656 1400 4702 est.
1440 4644 1676 4714 Utra’que
1713 4644 1846 4696 enim
1879 4657 1979 4696 non
2008 4650 2157 4695 erunt
2182 4640 2252 4695 si-
2282 4656 2338 4725 Ι)
2360 4654 2504 4710 circa
2533 4666 2753 4709 necesse
2781 4660 2863 4706 osi
2908 4649 3037 4705 mod
3064 4663 3277 4720 quoque
3304 4663 3413 4703 non
3435 4648 3643 4704 essedo
3665 4663 3769 4719 quo
3794 4663 3940 4704 mon.

661 4748 767 4804 mul
799 4749 852 4801 in
879 4745 1083 4800 talibus.

748 4838 806 4893 Si
856 4835 1112 4908 quidquid
1172 4834 1225 4889 in
1273 4829 1718 4887 afﬁrmationibus
1778 4828 2256 4899 negationibusque

676 4926 1021 4999 proponitur,
1054 4938 1237 4978 verum
1269 4922 1348 4976 vel
1380 4921 1571 4975 falsum
1602 4928 1683 4974 est
1712 4920 1927 4973 deﬁnite
1954 4959 1969 4983 ,
2018 4919 2256 4987 sequitur

674 5019 895 5093 utquod
925 5017 1030 5073 illa:
1071 5013 1381 5085 negationes
1409 5012 1898 5079 afﬁrmationesque
1925 5010 2247 5079 signiﬁcant,

672 5128 762 5173 aut
780 5112 1018 5181 evenire,
1045 5118 1139 5166 aut
1161 5124 1265 5164 non
1284 5107 1499 5162 evenire
1523 5119 1744 5160 necesse
1768 5104 1867 5169 sit;
1889 5104 1987 5158 lioc
2008 5112 2091 5157 est
2111 5104 2254 5160 enim

672 5209 815 5282 quod
841 5205 998 5263 dicit:
1030 5202 1163 5259 Nam
1192 5200 1239 5257 si
1268 5199 1444 5255 omnis
1473 5196 1758 5253 afﬁrmatio
1783 5196 1862 5251 vel
1889 5195 2099 5265 negatio
2131 5212 2255 5252 vera

671 5303 758 5359 vel
790 5299 923 5356 falsa
967 5305 1051 5356 est
1094 5295 1345 5359 definite;
1378 5292 1578 5347 idcirco
1598 5291 1742 5346 enim
1792 5291 1938 5346 addit
1971 5289 2164 5345 omnis.
2197 5290 2254 5345 111

671 5397 755 5451 111ε
779 5394 923 5452 enim
944 5408 1065 5466 qua:
1093 5402 1218 5449 sunt
1256 5389 1427 5444 futura
1460 5386 1542 5441 vel
1574 5386 1957 5458 contingentia,
1987 5403 2016 5439 11
2059 5402 2091 5439 11
2134 5401 2255 5443 εεεε

672 5490 1056 5545 afﬁrmationes
1085 5494 1140 5542 et
1166 5482 1481 5555 negationes
1502 5496 1657 5535 veras
1700 5480 1782 5535 vel
1835 5479 1997 5534 falsas
2040 5480 2257 5536 deﬁnite

674 5588 903 5657 probare
946 5582 1245 5640 contendit.
1274 5579 1404 5636 Nam
1437 5578 1483 5634 si
1509 5592 1645 5632 unus
1672 5576 1817 5631 dicat
1864 5576 2065 5646 aliquid
2117 5578 2258 5632 futu-

669 5697 811 5742 rum,
845 5680 981 5733 alius
1011 5688 1189 5748 neget,
1221 5685 1280 5729 ut
1328 5683 1550 5743 utraque
1580 5674 1848 5736 eveniant,
1884 5671 1997 5726 ﬁeri
2030 5687 2134 5725 non
2158 5688 2257 5739 po-

673 5781 775 5826 ιεει
804 5790 817 5835 ;
849 5772 968 5841 quis
999 5772 1140 5826 enim
1172 5770 1388 5833 dixerit,
1423 5768 1634 5824 dicente
1664 5768 1839 5837 aliquo
1872 5768 2123 5824 Socrates
2148 5784 2258 5825 εω-

675 5875 899 5918 naturus
948 5875 1049 5925 est,
1101 5864 1313 5931 alioque
1366 5873 1595 5932 negante
1648 5864 1898 5918 Socrates
1947 5874 2257 5921 cmnaturus

2363 4747 2490 4801 titus
2519 4756 2622 4801 est.
2656 4744 2730 4800 Ita
2778 4742 2938 4814 igitur
2968 4742 3166 4798 veritas
3210 4741 3426 4812 quidem
3467 4742 3547 4797 rei
3591 4756 3711 4813 qute
3753 4752 3857 4807 est,
3888 4750 3942 4797 et

2362 4853 2449 4893 res
2475 4852 2594 4906 quae
2639 4844 2723 4891 εει
2769 4834 3007 4901 veritati,
3056 4833 3259 4889 falsitas
3287 4848 3417 4889 vero
3446 4835 3521 4888 rei
3552 4848 3671 4903 qua:
3703 4848 3807 4887 non
3838 4843 3943 4898 est,

2360 4938 2415 4983 et
2444 4944 2530 4984 res
2559 4942 2677 4997 quas
2706 4942 2811 4981 non
2832 4934 2938 4993 est,
2969 4925 3187 4980 falsitati
3209 4924 3566 4989 convertitur,
3596 4924 3735 4994 quod
3767 4925 3814 4980 si
3844 4924 3944 4979 hoc

2362 5031 2444 5079 est
2476 5022 2526 5075 in
2555 5020 2805 5075 omnibus
2835 5021 3017 5085 rebus,
3049 5018 3309 5089 quidquid
3338 5019 3535 5074 dicitur
3563 5033 3685 5074 cum
3715 5017 3946 5073 veritate

2365 5112 2445 5166 vel
2481 5111 2733 5177 falsitate,
2762 5111 2828 5166 ad
2854 5125 2969 5169 rem
3001 5127 3120 5182 qua;
3138 5120 3221 5168 est
3241 5111 3329 5168 vel
3350 5126 3456 5167 non
3480 5120 3564 5167 est
3586 5112 3941 5177 convertitur,

2362 5204 2478 5258 sive
2507 5204 2717 5275 negatio
2738 5204 2828 5271 sit,
2859 5204 3563 5269 siveefﬁrinatio,'etunam
3584 5216 3769 5259 veram
3800 5217 3947 5258 sem-

2352 5310 2479 5366 per,
2501 5296 2724 5352 alteram
2755 5295 2941 5352 falsam
2968 5310 3091 5353 esse
3121 5311 3342 5354 necesse
3368 5304 3493 5364 est;
3525 5297 3569 5351 si
3596 5304 3704 5352 una
3732 5295 3948 5353 deﬁnite

2352 5405 2489 5446 vera
2514 5400 2619 5455 est,
2646 5390 2987 5461 impossibile
3015 5390 3269 5460 quiddam
3297 5405 3365 5447 ex
3395 5391 3495 5447 hac
3522 5390 3787 5462 positione
3816 5404 3948 5447 con-

2364 5485 2550 5555 tinget.
2596 5483 2861 5541 Evenient
2905 5498 3137 5555 namque
3184 5488 3399 5553 omnia,
3440 5496 3782 5556 quacunque
3822 5490 3951 5540 sunt

2360 5581 2444 5641 .vel
2475 5580 2609 5638 ﬁunt
2632 5596 2697 5638 es
2734 5581 3054 5637 necessitate
3082 5580 3218 5649 ﬁeri,
3248 5590 3306 5637 et
3331 5581 3461 5636 niltil
3483 5595 3511 5635 a
3540 5592 3688 5646 casu,
3710 5579 3950 5643 nihil-,ue

2362 5692 2485 5732 εεεε
2524 5677 2782 5747 possibile
2817 5675 2959 5746 quod
2999 5677 3090 5742 sit,
3118 5684 3175 5733 et
3197 5691 3302 5731 non
3330 5689 3451 5733 esse
3490 5675 3764 5747 possibile.
3807 5670 3950 5728 Nihil

2360 5770 2523 5825 etiam
2559 5770 2611 5823 iu
2642 5770 2796 5825 liberi
2825 5769 3032 5825 arbitrii
3064 5768 3432 5825 moderamine
3475 5767 3821 5838 relinquetur,
3853 5764 3951 5819 sed

2363 5872 2531 5917 totum
2557 5864 2660 5919 erit
2690 5878 2757 5919 ex
2786 5863 3128 5930 necessitate,
3162 5861 3417 5932 quidquid
3445 5862 3707 5917 evenerit.
3743 5858 3874 5913 Nam
3907 5858 3952 5912 si
