4280 6268
386 372 484 432 555

1156 363 1227 423 IN
1258 360 1517 422 LIBRUM
1561 357 1648 415 DE
1687 351 2336 415 lNTERPRETATIONE
2380 351 2610 412 EDITIO
2648 354 2882 416 PRlMA.

3550 353 3665 413 δδι
3693 352 3697 357 ’

385 501 567 545 verum
588 492 673 542 est
697 482 917 542 deﬁnite
937 482 1004 541 de
1020 479 1258 553 qualibet
1278 493 1339 535 re
1359 477 1540 534 dicere
1557 474 1807 545 quoniam
1831 474 1958 539 erit,
1991 474 2045 537 Α
2068 470 2148 525 vel
2176 471 2538 545 negationem,
2571 469 2662 527 sed
2693 472 2823 531 nihil
2868 487 2923 535 ss
2955 471 3119 542 "mgis
3148 469 3225 526 sic
3253 469 3435 538 baltei.
3460 470 3545 528 νοῑ
3579 446 3700 547 βίοι,

384 582 532 637 illam
555 594 670 636 rem
698 578 820 636 sine
845 577 1008 635 dubio
1034 575 1265 636 futuram
1293 586 1413 630 esse
1443 583 1664 627 necesse
1694 579 1797 633 est,
1829 578 1882 623 et
1909 577 1964 622 ut

386 688 492 728 non
523 672 615 727 ﬁat
637 685 743 727 non
765 678 939 740 potest
979 669 1213 727 evenire.
1249 664 1444 721 Verum
1489 662 1632 718 enim
1664 668 1747 716 est
1774 660 1956 714 dicere

386 769 453 823 de
480 780 542 822 ea
570 763 821 836 quoniam
845 761 1017 817 futura
1046 768 1162 826 est,
1190 771 1287 815 nec
1310 770 1491 812 verum
1524 756 1591 810 de
1614 768 1674 810 ea
1705 754 1959 824 quoniam

388 859 560 913 futura
591 863 675 912 est
710 861 921 923 poterat
946 852 1049 907 diei
1068 891 1083 920 ,
1108 852 1208 907 nisi
1237 862 1353 905 eam
1386 848 1500 904 fore
1531 855 1675 904 esset
1697 858 1917 900 necesse
1944 858 1957 897 :

388 966 553 1021 quare
572 950 615 1005 si
645 948 697 1003 in
722 944 867 1001 omni
890 943 1249 1001 afﬁrmatione
1277 952 1333 999 et
1364 940 1668 1010 negatione,
1698 946 1789 992 aut
1817 936 1962 991 afﬁr-

389 1044 547 1098 matio
576 1047 666 1095 aut
693 1036 907 1109 negatio
928 1036 985 1091 in
1023 1034 1255 1091 futurum
1286 1031 1528 1097 deﬁnite,
1562 1045 1683 1085 vera
1712 1030 1794 1084 vel
1828 1027 1961 1081 falsa

388 1144 481 1196 cst,
528 1142 749 1187 necesse
775 1138 859 1184 est
900 1126 985 1183 vel
1018 1126 1159 1197 quod
1193 1125 1260 1181 ab
1288 1123 1647 1179 affirmatione
1675 1134 1799 1177 vera
1826 1119 1963 1173 deﬁ-

387 1224 511 1289 nite,
542 1223 623 1277 vel
656 1219 799 1291 quod
827 1233 858 1275 a
885 1217 1171 1290 negatione
1201 1217 1396 1271 dicitur
1427 1213 1618 1271 falsum
1644 1212 1882 1268 evenire.
1908 1212 1966 1264 In

387 1316 616 1371 falsitate
662 1326 879 1385 quoque
924 1311 1121 1368 similis
1169 1324 1329 1365 causa
1374 1318 1477 1366 est.
1525 1306 1657 1362 Nam
1689 1305 1828 1374 quod
1862 1319 1966 1357 non

389 1409 503 1472 erit,
533 1408 728 1463 falsum
757 1415 843 1463 est
866 1404 1050 1461 dicere
1076 1405 1326 1474 quoniam
1356 1401 1475 1457 erit.
1507 1401 1575 1455 Et
1602 1400 1739 1469 quod
1776 1399 1965 1453 falsum

389 1511 470 1557 est
513 1500 697 1555 dicere
744 1496 998 1568 quoniam
1044 1496 1180 1561 erit.
1234 1507 1299 1550 ex
1341 1491 1661 1549 necessitate
1711 1504 1814 1545 non
1845 1491 1965 1547 erit.

390 1594 520 1648 Item
549 1589 691 1661 quod
719 1589 841 1653 erit,
889 1586 1081 1643 falsum
1104 1594 1185 1642 est
1212 1584 1396 1641 dicere
1423 1583 1674 1655 quoniam
1706 1597 1811 1636 non
1841 1583 1964 1644 erit,

393 1694 442 1742 et
470 1684 610 1754 quod
643 1682 833 1738 falsum
861 1687 944 1736 est
972 1679 1154 1734 dicere
1182 1677 1430 1748 quoniam
1455 1691 1559 1730 non
1591 1674 1693 1730 erit
1721 1688 1970 1729 necessa-

391 1777 470 1831 rio
496 1777 618 1829 erit.
647 1773 713 1829 Ut
741 1773 900 1842 igitur
927 1783 1083 1826 veras
1103 1767 1496 1838 propositiones
1523 1766 1855 1821 necessarius
1882 1779 1969 1820 se-

2074 575 2179 615 non
2209 561 2385 624 hahet,
2416 570 2467 614 et
2496 570 2580 614 est
2613 562 2926 617 utrumlibet
2964 563 3105 632 quod
3136 564 3395 633 mqualem
3438 578 3658 619 cursum

2069 661 2127 706 ct
2150 650 2214 705 ad
2244 651 2461 705 evenire
2493 652 2707 715 retinet,
2743 662 2795 703 et
2835 654 2898 706 ad
2929 669 3032 706 non
3062 655 3302 707 evenire.
3340 653 3480 709 Nihil
3512 654 3662 712 enim
3693 634 3699 645 γ

2069 756 2130 797 se
2159 742 2327 810 magis
2356 741 2437 794 vel
2469 742 2545 797 sic
2592 742 2773 811 habet,
2822 744 2902 795 vel
2952 742 3029 796 sic
3077 756 3180 798 non
3237 744 3418 809 habet,
3477 747 3526 801 id
3579 761 3662 806 est

2069 833 2345 902 mquaIiter
2364 848 2423 887 se
2448 833 2607 887 habet
2626 832 2690 887 ad
2719 848 2859 900 esse,
2886 846 2939 887 et
2962 836 3025 887 ad
3054 849 3158 889 non
3180 846 3319 892 esse.
3350 838 3488 892 Nihil
3514 842 3660 898 enim

2072 928 2241 997 magis
2272 939 2391 981 sese
2422 927 2600 992 habet,
2639 938 2694 982 ut
2726 929 2817 982 ﬁat
2842 942 3001 998 quam
3032 936 3088 981 ut
3118 944 3225 981 non
3260 928 3353 989 ﬁat

2142 1030 2375 1102 Amplius
2404 1032 2446 1084 si
2474 1041 2546 1087 est
2574 1029 2747 1085 album
2776 1047 2933 1096 nunc,
2965 1046 3138 1086 verum
3162 1041 3274 1085 erat
3322 1034 3486 1087 αέα-νιν
3516 1038 3660 1106 prius
3686 1032 3691 1039 ’

2072 1125 2311 1194 thniam
2361 1125 2455 1181 erit
2506 1124 2699 1191 album,
2740 1140 2901 1195 quare
2932 1138 3130 1196 semper
3171 1138 3341 1179 verum
3369 1124 3465 1195 fuit
3498 1122 3683 1182 direre»

2072 1216 2324 1286 quodlibet
2355 1233 2527 1272 eorum
2571 1230 2683 1287 qua?
2710 1222 2848 1288 {arta
2893 1227 3035 1284 sunt,
3067 1218 3314 1290 quoniam
3349 1229 3420 1275 est
3446 1220 3522 1274 rel
3548 1224 3664 1276 erit.

2151 1314 2386 1371 Validam
2411 1318 2509 1372 sibi
2536 1318 2633 1387 ipsi
2658 1318 2762 1372 vim
2786 1319 3266 1389 argumentationis
3284 1320 3527 1393 opponit,
3555 1338 3661 1393 qua

2076 1408 2244 1480 possit
2278 1409 2561 1465 ostendere
2608 1409 2994 1466 alﬁrmationes
3040 1412 3461 1483 negationesque
3507 1430 3664 1472 veras

2077 1504 2157 1557 vel
2186 1501 2350 1557 taleas
2396 1514 2515 1557 esse
2560 1500 2798 1563 deﬁnite.
2846 1512 2898 1558 et
2929 1502 3003 1558 ait
3030 1504 3418 1573 providendum
3447 1520 3565 1562 esse
3595 1524 3665 1565 ne

2078 1593 2213 1647 forte
2243 1607 2467 1657 necesse
2495 1596 2566 1649 sit
2604 1594 2867 1665 suspicati
2917 1596 2965 1648 id
3018 1595 3158 1667 quod
3200 1597 3311 1666 jam
3346 1596 3541 1654 factum
3584 1612 3669 1658 est

2077 1698 2201 1738 vere
2232 1682 2337 1737 dici
2370 1684 2605 1754 potuisse
2636 1693 2920 1756 antequam
2958 1686 3131 1753 ﬁeret,
3169 1700 3291 1759 esse
3326 1687 3626 1747 iaciendum
3646 1735 3664 1763 ,

2079 1785 2135 1828 ut
2164 1775 2205 1827 si
2234 1774 2487 1831 Socrates
2519 1775 2768 1832 hesterna
2818 1786 2974 1832 iuncte
3020 1777 3287 1847 omnavit,
3337 1796 3522 1836 verum
3567 1781 3681 1837 fuit,

392 1870 562 1939 quitur
588 1875 811 1922 eventus
835 1872 891 1918 ut
924 1864 1035 1928 ﬁat,
1061 1861 1201 1933 quod
1226 1860 1441 1924 dicitur,
1471 1860 1540 1915 ita
1572 1868 1627 1916 et
1654 1857 1813 1915 falsas
1838 1873 1965 1928 pro-
2004 1846 2049 1909 B
2081 1867 2325 1921 hesterna
2361 1867 2620 1923 matutina
2672 1867 2874 1935 dicere,

2081 1867 2325 1921 hesterna
2361 1867 2620 1923 matutina
2672 1867 2874 1935 dicere,
2917 1869 3171 1937 quoniam
3211 1880 3520 1926 cmnaturus
3550 1882 3685 1939 est;

392 1960 678 2033 positiones
707 1956 1038 2012 necessarius
1068 1953 1311 2025 sequitur
1337 1961 1594 2021 eventus,
1641 1964 1698 2008 ut
1726 1967 1830 2008 non
1856 1952 1971 2019 ﬁat,

396 2051 535 2122 quod
564 2050 759 2105 dicitur
789 2063 816 2103 a
846 2047 976 2103 falsa
998 2045 1384 2116 propositione.
1408 2044 1563 2114 Quod
1593 2045 1638 2101 si
1662 2046 1714 2100 in
1738 2043 1971 2099 futurum

400 2142 571 2196 omnis
595 2138 878 2194 afﬁrmatio
905 2137 984 2193 vel
1010 2134 1222 2208 negatio
1244 2135 1466 2193 deﬁnite
1490 2150 1709 2208 semper
1728 2136 1975 2191 dividunt

397 2236 670 2288 veritatem
701 2243 755 2287 et
786 2230 1091 2298 falsitatem,
1123 2229 1226 2288 erit
1251 2244 1431 2286 rerum
1460 2243 1581 2300 qum
1614 2231 1976 2302 prtedieantur

391 2326 725 2384 necessarius
752 2335 994 2390 eventus,
1023 2333 1079 2381 et
1105 2322 1284 2380 omnia
1314 2338 1381 2380 ex
1407 2324 1730 2380 necessitate
1760 2325 1974 2378 contin-

396 2428 533 2483 gent,
571 2417 650 2471 vel
700 2430 803 2469 non
830 2415 1402 2486 contingent.emaque
1426 2424 1480 2471 et
1502 2429 1693 2483 casus,
1715 2424 1768 2468 et
1802 2429 1834 2485 p
1870 2418 1976 2469 ssi~

398 2507 592 2570 hilitas,
644 2516 699 2561 et
746 2507 972 2561 liberum
1008 2508 1149 2576 perit
1174 2507 1471 2562 arbitrium.
1506 2506 1860 2577 Syllogismus
1888 2516 1979 2561 aut

399 2596 700 2669 huiusmodi
730 2607 810 2651 est
836 2614 849 2651 :
878 2597 921 2653 si
952 2597 1129 2653 omnis
1152 2596 1437 2655 afﬁrmatio
1463 2611 1588 2653 vera
1615 2607 1699 2653 est
1727 2609 1817 2652 aut
1845 2594 1976 2651 falsa

401 2691 633 2756 tlclinite,
670 2700 723 2744 et
760 2690 947 2744 eodem
996 2690 1157 2745 modo
1187 2690 1402 2761 negatio
1432 2690 1667 2754 eveniet,
1700 2700 1759 2747 ut
1800 2692 1977 2746 omnia

402 2778 688 2835 inevitabili
739 2779 1076 2835 necessitatis
1125 2780 1330 2835 ratione
1376 2778 1712 2849 contingant,
1760 2782 1902 2849 quod
1932 2780 1979 2835 si

402 2871 500 2924 hoc
528 2878 609 2924 est
634 2910 649 2935 ,
685 2869 911 2924 liberum
959 2870 1100 2941 perit
1126 2870 1431 2927 arbitrium.
1464 2870 1568 2927 Sed
1602 2872 1702 2927 hoc
1732 2870 1980 2941 impossi-

403 2958 504 3018 bile
534 2969 643 3026 est;
675 2975 781 3015 non
812 2962 974 3032 igitur
996 2974 1180 3017 verum
1213 2974 1298 3022 est
1322 2976 1539 3019 omnem
1568 2961 1979 3019 afﬁrmationem

405 3052 486 3108 vel
505 3052 840 3122 negationem
857 3065 1037 3106 veram
1060 3064 1182 3108 esse
1201 3051 1419 3109 deﬁnite
1440 3053 1523 3109 vel
1551 3052 1759 3109 falsam.
1789 3053 1978 3108 Omnia

2080 1959 2331 2031 quocirca
2384 1958 2601 2015 deﬁnite
2654 1972 2866 2030 quoque
2924 1974 3107 2015 verum
3163 1959 3369 2029 fuisset,
3406 1963 3449 2017 si
3497 1963 3563 2017 de
3601 1980 3669 2019 eo

2083 2047 2483 2120 prardiceretur.
2528 2050 2730 2104 Omnia
2778 2048 2937 2120 igitur
2985 2063 3047 2106 ea
3090 2066 3211 2121 qua:
3261 2053 3393 2105 fiunt
3442 2054 3671 2111 deﬁnite

2082 2152 2325 2211 poterant
2350 2158 2471 2196 vera
2508 2141 2813 2211 prtedicari.
2849 2142 2957 2197 lloc
2987 2151 3070 2204 est
3098 2144 3238 2199 enim
3272 2146 3413 2215 quod
3442 2147 3591 2213 dit-it,
3619 2151 3683 2216 si

2080 2242 2161 2290 est
2191 2234 2370 2289 album
2415 2249 2574 2301 nunc,
2611 2248 2795 2289 verum
2842 2242 2957 2288 erat
3004 2235 3183 2290 dicere
3230 2239 3378 2306 prius
3412 2240 3666 2309 quoniam

2082 2326 2182 2381 erit
2207 2328 2406 2379 album.
2435 2325 2565 2383 Nam
2589 2325 2633 2380 si
2657 2338 2764 2394 qua
2793 2342 2878 2381 res
2908 2340 3048 2381 nunc
3071 2328 3186 2380 alba
3213 2339 3316 2395 est,
3345 2345 3527 2385 verum
3552 2343 3683 2399 erat,

2084 2428 2207 2474 ante
2232 2417 2411 2473 dicere
2433 2418 2688 2488 quoniam
2709 2419 2812 2473 erit
2840 2418 2982 2482 alba,
3020 2432 3187 2489 quare
3207 2420 3425 2478 deﬁnite
3452 2437 3667 2494 quoque

2083 2512 2182 2567 fuit
2208 2512 2490 2582 quodlibet
2512 2526 2699 2568 eorum
2724 2527 2843 2584 quae
2868 2510 3013 2568 facta
3042 2522 3166 2569 sunt
3201 2529 3328 2571 vere
3352 2517 3666 2589 praedicere.

2084 2604 2194 2659 Hoc
2226 2608 2367 2658 enim
2399 2604 2476 2659 rei
2512 2602 2679 2675 ipsius
2710 2604 2886 2661 exitus
2913 2606 3305 2677 comprobavit.
3336 2608 3471 2667 Huic
3500 2628 3670 2683 oppo-

2082 2695 2267 2751 sitioni
2303 2710 2394 2764 per
2424 2695 2612 2753 eadem
2637 2709 2822 2755 rursus
2853 2702 3107 2755 occurrit.
3134 2700 3247 2755 Non
3270 2704 3412 2760 enim
3435 2704 3523 2774 qui
3557 2709 3673 2763 hac

2083 2788 2234 2856 dicit,
2280 2789 2406 2845 licet
2454 2789 2503 2846 ei
2555 2790 2802 2861 laqueum
2846 2792 3143 2861 superioris
3195 2798 3673 2864 argumentationis

2086 2877 2342 2951 eﬁ'ugere,
2370 2894 2556 2938 rursus
2584 2880 2727 2936 enim
2755 2881 2944 2939 eadem
2966 2881 3119 2937 illum
3151 2893 3343 2939 cuneta
3373 2886 3673 2945 circumve.

2086 2969 2257 3035 niunt,
2286 2978 2341 3025 et
2369 2969 2572 3028 eisdem
2606 2971 2799 3027 iterum
2826 2980 3049 3040 urgetur
3077 2973 3448 3029 ineuntmodis.

2160 3065 2308 3139 Quod
2350 3065 2395 3119 si
2441 3080 2637 3136 semper
2662 3065 2967 3133 verumfuit
3009 3068 3175 3122 dicere
3206 3070 3446 3139 quoniam
3492 3082 3562 3128 est
3599 3075 3673 3128 uel

406 3153 586 3200 autem
607 3161 668 3199 ex
688 3145 1005 3209 necessitate
1028 3145 1360 3217 contingere,
1392 3148 1435 3201 si
1457 3145 1561 3200 illa!
1581 3146 1803 3201 definite
1836 3160 1981 3201 verze
2035 3230 2043 3232 ξ
2087 3159 2204 3228 ait,
2230 3137 2331 3213 ηὸη
2372 3165 2536 3231 pou,“
2588 3158 2684 3213 hoc
2734 3174 2834 3212 non
2878 3174 2984 3213 esse
3031 3162 3107 3215 wl
3135 3137 3235 3216 non
3267 3164 3497 3232 futurum
3549 3180 3674 3223 esse,

410 3238 493 3294 vel
524 3238 668 3294 falsae
695 3248 846 3308 sunt,
880 3239 1002 3297 talis
1046 3240 1395 3312 syllogismus
1420 3238 1655 3296 ostendit
1682 3259 1692 3293 :
1727 3241 1902 3296 omnis
1930 3240 1983 3296 in
2014 3230 2060 3299 C
2092 3251 2244 3321 Quod
2269 3260 2438 3307 autem
2484 3266 2586 3305 non
2627 3261 2787 3323 potest
2831 3266 2931 3307 non
2956 3253 3068 3322 ﬁcri
3087 3296 3099 3313 .
3143 3230 3451 3325 impossibile
3475 3266 3545 3311 est
3572 3273 3677 3315 non

407 3328 643 3386 futurum
673 3330 887 3387 deﬁnita
918 3333 1119 3387 veritas
1151 3332 1232 3388 vel
1267 3330 1472 3388 falsitas
1502 3342 1749 3389 eventum
1795 3331 1873 3388 rei
1900 3333 1981 3390 vel

406 3424 637 3479 futurum
689 3425 769 3478 vel
818 3439 923 3479 non
965 3424 1199 3482 futurum
1242 3438 1305 3480 ex
1338 3424 1660 3480 necessitate
1685 3424 1984 3492 constituit,

406 3515 498 3570 sed
528 3529 713 3571 omnes
758 3513 1152 3586 propositiones
1207 3510 1396 3572 futurm
1444 3513 1663 3571 definite
1712 3529 1854 3572 verat
1903 3513 1988 3573 vel

398 3603 552 3659 ialsa:
576 3614 717 3661 sunt.
754 3605 808 3660 lu
833 3606 1083 3662 omnibus
1110 3605 1267 3676 igitur
1289 3604 1597 3675 eveniendi,
1628 3608 1711 3664 vel
1736 3622 1839 3664 non
1863 3621 1987 3664 eve-

406 3695 584 3751 niendi
618 3699 908 3753 necessitas
939 3697 1065 3765 erit,
1091 3710 1187 3767 pro
1210 3710 1308 3769 qua
1332 3697 1682 3756 conclusione
1711 3699 1840 3756 illud
1868 3700 1988 3757 Ari-

407 3789 630 3844 stoteles
653 3789 847 3855 intulit,
880 3789 1021 3860 quod
1050 3790 1125 3847 ait
1156 3805 1169 3844 :

485 3877 632 3931 Nihil
660 3879 815 3950 igitur
841 3894 996 3950 neque
1020 3890 1115 3948 est,
1149 3895 1307 3952 neque
1335 3883 1414 3953 ﬁt,
1464 3898 1554 3938 nec
1598 3902 1630 3938 α
1685 3898 1807 3939 casu
1831 3927 1846 3953 ,
1895 3901 1986 3941 nec

415 3969 725 4033 u'rumlibel,
769 3985 857 4026 nec
900 3970 1012 4039 erit,
1068 3987 1157 4029 nec
1198 3989 1300 4028 non
1330 3974 1448 4041 erit,
1494 3972 1583 4030 sed
1609 3990 1670 4031 ex
1696 3979 1989 4031 necessitate

413 4062 583 4116 omnia
621 4074 669 4117 et
700 4078 801 4117 non
830 4064 1138 4133 utruntlibet,
1166 4075 1254 4121 aut
1284 4066 1416 4121 enim
1446 4066 1534 4136 qui
1560 4066 1701 4132 dicit;
1729 4081 1869 4123 verus
1890 4076 1989 4136 est;

410 4163 498 4210 cut
526 4156 615 4225 qui
636 4164 811 4225 negat.
1423 4172 1429 4178 ·

477 4247 649 4303 Casus
674 4260 905 4318 namque
932 4286 947 4314 ,
978 4257 1034 4305 et
1068 4248 1124 4304 id
1153 4250 1295 4321 quod
1323 4258 1407 4306 est
1432 4248 1743 4306 utrumlibet
1771 4249 1986 4306 exstin-

408 4340 602 4411 guitur,
632 4340 799 4396 libera
820 4343 985 4398 etiam
1000 4343 1250 4399 voluntas
1270 4341 1539 4409 adimitur,
1568 4343 1614 4398 si
1636 4341 1819 4400 omnia
1840 4358 1987 4415 qua:-

408 4446 616 4502 cunque
641 4431 800 4499 ﬁent;
844 4447 909 4489 ex
935 4433 1258 4491 necessitate
1300 4433 1476 4491 futura
1511 4448 1672 4501 sunt;
1706 4445 1761 4493 et
1798 4436 1992 4506 probat

411 4525 740 4593 superiorem
786 4527 1185 4583 conclusionem
1209 4566 1224 4594 ,
1253 4542 1372 4599 quae
1414 4528 1545 4584 dicit
1590 4530 1768 4586 omnia
1800 4543 1863 4585 ex
1896 4543 1993 4585 ne-

408 4617 658 4672 cessitate
687 4618 1021 4689 contingere,
1056 4633 1151 4690 per
1172 4620 1279 4677 'hoc
1308 4622 1450 4692 quod
1480 4623 1585 4678 ait:
1617 4634 1709 4679 aut
1736 4623 1877 4681 enim
1905 4624 1993 4695 qui

408 4710 539 4767 dicit
577 4726 734 4767 verus
772 4721 875 4780 est,
899 4723 990 4766 aut
1019 4714 1108 4784 qui
1134 4725 1315 4786 negat;
1354 4718 1398 4771 si
1431 4731 1557 4787 ergo
1586 4720 1783 4774 veritas
1815 4734 1994 4776 rerum

408 4805 711 4861 necessitati
741 4806 1069 4859 convertitur
1088 4846 1102 4870 ,
1134 4817 1226 4863 aut
1252 4808 1343 4880 qni
1374 4820 1529 4882 negat
1567 4824 1724 4866 verus
1755 4821 1868 4877 est,
1903 4821 1996 4869 aut

405 4897 495 4965 qui
526 4893 756 4949 afﬁrmat
788 4894 968 4948 omnia
998 4894 1115 4951 ﬁeri
1164 4906 1228 4952 ex
1280 4900 1601 4957 necessitate
1635 4914 1856 4959 necesse
1886 4910 1989 4959 est.

407 4985 539 5041 Nam
564 4985 608 5040 si
639 5000 741 5039 non
767 4996 926 5041 eruttt
952 4997 1015 5041 ex
1048 4989 1391 5058 necessitate,
1423 5004 1526 5046 non
1552 5002 1707 5049 erunt
1729 5008 1873 5049 vene
1897 4994 1996 5049 de-

405 5079 573 5142 ﬁnite,
604 5078 656 5134 id
681 5078 822 5149 quod
856 5080 970 5148 ipse
996 5079 1282 5153 subjunxit
1313 5098 1325 5136 :

480 5172 729 5227 Similiter
754 5176 909 5241 enim,
938 5176 1014 5230 vel
1052 5175 1220 5246 ﬁeret,
1255 5178 1331 5232 t-el
1362 5192 1461 5232 non
1489 5178 1650 5247 ﬁeret,
1698 5178 1996 5235 utrumlibet

402 5265 535 5319 enim
559 5265 690 5319 nihil
711 5266 873 5337 magis
892 5268 972 5322 sic
999 5270 1077 5324 vel
1102 5284 1205 5324 non
1243 5271 1317 5323 sic
1356 5285 1412 5325 se
1454 5271 1621 5339 habet,
1658 5282 1747 5325 aut
1774 5272 1997 5329 habebit.

472 5356 713 5425 Exponit
757 5358 899 5413 enim
944 5374 1063 5431 qum
1106 5361 1177 5417 sit
1216 5362 1580 5433 contingentis
1611 5374 1798 5419 natura
1826 5408 1839 5432 ,
1872 5380 1993 5423 cum

404 5447 535 5517 quid
562 5447 633 5501 sit
663 5450 973 5507 utrumlibet
1003 5454 1231 5522 eXponit
1252 5494 1267 5519 ,
1311 5455 1630 5511 utrumlibet
1657 5466 1739 5511 est
1766 5456 1815 5510 id
1847 5456 1999 5527 cuius

403 5534 733 5593 indiscretus
761 5548 984 5596 eventus
1015 5551 1129 5609 est,
1163 5544 1215 5598 id
1240 5552 1355 5610 est,
1399 5545 1540 5614 quod
1574 5544 1849 5616 mqualiter
1876 5561 1997 5606 esse

404 5628 492 5685 vel
524 5642 631 5681 non
668 5642 790 5684 esse
817 5632 1093 5704 contingit.
1127 5634 1243 5691 Hoc
1269 5644 1350 5690 est
1377 5635 1519 5691 enim
1551 5637 1693 5706 quod
1726 5638 1832 5707 δίη
1850 5639 1999 5697 sitni-

394 5720 532 5778 ‘liter
552 5721 694 5776 enim
736 5722 887 5777 ﬁeret
914 5726 996 5777 vel
1024 5742 1129 5781 non
1156 5725 1326 5782 ﬁeret.
1354 5728 1536 5800 Neque
1568 5730 1707 5786 enim
1740 5731 1997 5789 directam

402 5815 549 5869 viam
580 5817 1048 5886 necessariumque
1079 5817 1421 5877 habet'unam
1458 5825 1540 5881 vel
1573 5824 1993 5882 ofﬁrmationem

2087 3342 2235 3414 ﬁeri;
2258 3352 2306 3398 et
2326 3344 2462 3414 quod
2486 3342 2802 3412 impossibile
2826 3354 2899 3399 est
2927 3360 3028 3399 non
3053 3345 3185 3414 ﬁeri,
3216 3362 3415 3403 necesse
3437 3358 3510 3403 est
3538 3349 3678 3426 ﬁeri.

2093 3433 2281 3491 Omnia
2308 3449 2425 3507 ergo
2452 3450 2566 3506 quo:
2594 3436 2770 3506 futura
2819 3448 2955 3502 sunt,
2992 3451 3191 3493 necesse
3243 3450 3315 3493 est
3366 3440 3499 3508 ﬁeri,
3548 3442 3679 3498 nillil

2090 3530 2246 3603 igitur
2276 3528 2591 3598 utrumlibet,
2623 3546 2787 3601 neque
2834 3545 2955 3585 casu
3003 3532 3142 3599 erit;
3187 3548 3303 3587 nam
3328 3535 3371 3587 si
3398 3547 3540 3600 casti,
3577 3549 3679 3588 non

2090 3638 2152 3679 ex
2182 3620 2501 3677 necessitate.

2161 3714 2290 3772 ﬁre
2329 3715 2535 3773 ratione
2566 3718 2897 3786 superiorem
2930 3705 3454 3790 argumentationem
3493 3722 3680 3781 dicen-

2095 3809 2161 3865 tis
2190 3810 2256 3865 ad
2305 3809 2443 3865 idem
2474 3810 2685 3866 reduxit
2725 3810 3122 3870 incommodum
3151 3817 3338 3874 dicens
3364 3835 3375 3871 :
3405 3817 3459 3873 Si
3494 3822 3681 3877 verum

2086 3911 2173 3959 est
2204 3906 2385 3960 omnia
2412 3917 2754 3975 qumcuuque
2795 3902 2933 3961 facta
2965 3913 3127 3973 sunt,
3173 3907 3393 3967 deﬁnite
3424 3925 3547 3967 vere
3588 3917 3682 3982 p’o-

2094 3992 2261 4047 tuisse
2285 3992 2502 4062 praedici
2522 4034 2535 4057 ,
2565 3993 2818 4061 quoniam
2850 3994 3132 4051 veritatem
3182 4000 3561 4070 propositionis
3603 4006 3682 4058 rei

2092 4083 2386 4140 necessitas
2426 4082 2685 4153 sequitur,
2731 4084 2875 4154 quod
2921 4101 3044 4141 vere
3084 4086 3301 4145 deﬁnite
3332 4091 3681 4159 praedicatum

2092 4186 2210 4233 erat
2259 4189 2364 4231 non
2410 4174 2632 4233 evenire
2681 4191 2784 4237 non
2820 4188 3070 4249 poterat;
3100 4181 3192 4237 sed
3240 4184 3283 4238 si
3330 4198 3434 4238 non
3465 4185 3685 4243 evenire

2092 4284 2199 4330 Ion
2228 4277 2457 4339 poterat,
2488 4278 2541 4325 ut
2575 4286 2679 4327 non
2709 4274 2949 4331 eveniret
2982 4285 3101 4330 erat
3140 4275 3488 4347 impossibile.
3530 4277 3684 4347 Quod

2095 4372 2271 4422 autem
2303 4376 2411 4421 non
2443 4364 2557 4421 ﬁeri
2619 4364 2945 4435 impossibile
2990 4380 3089 4435 est,
3141 4366 3253 4423 ﬁeri
3303 4383 3527 4429 necesse
3580 4382 3685 4427 est.

2094 4456 2333 4517 Eventus
2356 4456 2518 4527 igitur
2538 4455 2658 4527 ejus
2686 4471 2752 4514 ex
2786 4459 3113 4519 necessitate
3142 4462 3507 4532 consequitur.
3544 4461 3689 4527 Nihil

2073 4561 2227 4619 ,ergo
2253 4546 2590 4613 utrumlibet,
2627 4563 2802 4619 neque
2836 4563 2868 4603 a
2915 4564 3043 4607 casu
3088 4552 3208 4607 erit.
3244 4553 3376 4610 Nam
3427 4556 3469 4609 si
3499 4569 3527 4608 a
3562 4569 3691 4612 casu

2102 4653 2222 4696 esse
2255 4639 2467 4709 poterit.
2496 4652 2604 4693 non
2632 4654 2694 4696 ex
2724 4642 3045 4698 necesitate
3067 4642 3303 4700 futurum
3333 4656 3439 4708 Cal;
3472 4645 3613 4715 quod
3643 4648 3689 4701 si

2103 4746 2209 4785 non
2235 4738 2319 4786 εει
2341 4743 2404 4785 ex
2439 4731 2761 4786 necessitate
2795 4729 3052 4802 futurum,
3084 4749 3190 4789 non
3242 4749 3322 4791 est
3357 4738 3690 4811 impossibile

2104 4834 2209 4878 non
2241 4819 2378 4886 ﬁeri;
2408 4820 2451 4877 si
2485 4835 2590 4877 non
2620 4832 2701 4877 est
2725 4823 3053 4897 impossibile
3082 4844 3187 4884 non
3208 4829 3346 4898 ﬁeri,
3380 4842 3561 4901 potest
3582 4849 3692 4890 non

2104 4912 2221 4973 ﬁeri
2250 4932 2262 4979 ;
2291 4913 2337 4970 si
2381 4923 2557 4987 potest
2593 4930 2699 4972 non
2744 4919 2879 4985 ﬁeri,
2920 4934 3027 4977 non
3082 4932 3261 4993 potest
3310 4926 3528 4983 deﬁnite
3566 4942 3693 4988 vero

2105 5006 2343 5079 praedici.
2378 5006 2530 5075 Quod
2562 5010 2704 5067 enim
2738 5026 2862 5069 vere
2886 5012 3109 5072 deﬁnite
3132 5019 3457 5087 prmdicitur,
3488 5035 3553 5073 ex
3584 5037 3691 5075 ne-

2102 5100 2354 5158 cessitate
2409 5099 2645 5158 fnturum
2696 5113 2797 5171 est,
2853 5105 2994 5176 quod
3045 5120 3221 5165 autem
3264 5127 3294 5164 a
3333 5126 3455 5165 casu
3486 5123 3584 5177 cst,
3612 5128 3679 5170 ex

2103 5190 2423 5248 necessitate
2458 5209 2567 5249 non
2598 5197 2798 5253 evenit.

2088 5360 2091 5361 ν
2175 5282 2239 5337 At
2265 5300 2379 5339 vero
2400 5301 2490 5341 nec
2509 5287 2751 5358 quoniam
2770 5299 3005 5343 neutrum
3026 5307 3197 5344 verum
3216 5304 3309 5355 est,
3336 5296 3585 5365 contingit
3608 5313 3694 5349 m-

2105 5389 2214 5427 cere
2261 5383 2317 5429 ut
2342 5377 2587 5445 quoniam
2617 5393 2777 5449 neque
2813 5380 2931 5446 erit,
2954 5398 3112 5451 neque
3152 5398 3253 5435 non
3291 5387 3423 5445 crit;
3470 5389 3694 5454 primum

2105 5465 2366 5522 enimcum
2398 5469 2461 5523 sit
2492 5470 2763 5541 aﬂirmatio
2782 5472 2937 5541 falsa,
2967 5475 3059 5527 erit
3090 5479 3293 5546 negatio
3321 5494 3422 5532 non
3466 5497 3603 5545 rem.
3628 5495 3677 5539 et

2104 5574 2220 5613 cum
2262 5561 2369 5616 Iure
2410 5562 2472 5617 sit
2508 5564 2661 5634 falsa,
2691 5564 2937 5634 eontingit
2984 5567 3379 5636 aﬂirmalionem
3428 5590 3536 5628 esse
3571 5593 3689 5635 non

2104 5667 2291 5705 veram.

2174 5741 2410 5809 Quatuor
2424 5743 2737 5803 diﬁ'erenlils
2755 5750 3177 5821 contingentium
3197 5753 3499 5813 futurorum
3522 5762 3698 5820 diver-

2104 5832 2233 5887 sitas
2252 5843 2479 5894 constat.
2512 5837 2617 5892 Aut
2648 5838 2791 5895 enim
2817 5840 2865 5897 id
2898 5840 3039 5909 quod
3067 5842 3367 5904 afﬁrtnatnr
3396 5862 3445 5903 et
3477 5859 3698 5920 negatur
