4280 6268
559 353 701 414 335.

1793 339 1901 399 AN.
1945 339 2157 400 MANL.
2196 337 2350 396 εει.
2397 341 2621 402 ΒΟΕΤΙῙ

3756 336 3860 390 556

556 474 1187 537 infuturum,utrumque
1213 457 2151 530 eritverumaututrumquefalsum;
2184 456 2407 539 A‘dicat
2438 461 2490 515 iu
2524 460 2779 529 praesenti
2807 468 3070 530 tempore,
3093 456 3200 513 hoc
3227 452 3426 510 animal
3467 449 3741 524 quodlibet
3780 454 3859 508 al-

558 577 657 624 aut
678 580 838 622 unum
862 574 1065 624 verum,
1116 554 1305 610 falsum
1332 554 1557 608 alterum
1582 551 1805 607 deﬁnite
1832 567 1846 617 ;
1878 560 1968 605 aut
1995 565 2159 605 unum

560 672 770 723 verum,
814 654 1003 709 falsum
1017 652 1241 704 alterum
1271 646 1565 702 indeﬁnite.
1593 647 1706 701 Non
1732 647 1871 701 enim
1890 660 2008 700 esse
2039 646 2161 715 qui-

562 753 686 808 dem
705 744 1188 805 etafﬁrmationem
1208 740 1611 810 etnegationem
1630 754 1813 793 veram
1829 739 1882 792 in
1907 736 1995 791 his
2019 751 2157 806 pro-

561 839 1077 917 positionibus,quac
1105 834 1171 889 de
1196 834 1357 889 rebus
1385 830 1816 900 contingentibus
1839 831 1890 884 in
1921 829 2158 884 futurum

563 940 959 1009 prooonuntur,
980 943 1073 999 per
1093 929 1194 982 hoc
1218 924 1607 981 demonstravit
1627 923 1872 993 superius
1888 921 2121 992 quodait
2146 939 2159 974 :

564 1025 909 1086 Manifestum
922 1021 1269 1091 estquoniatn
1290 1031 1509 1072 necesse
1531 1023 1613 1070 est
1635 1029 1819 1069 verum
1844 1013 2046 1079 dicere,
2079 1012 2162 1066 al-

566 1128 744 1174 terum
776 1114 1094 1186 ipsorum,si
1123 1110 1300 1164 omnis
1326 1107 1612 1162 afﬁrmatio
1640 1121 1763 1161 vera
1787 1106 1868 1160 vel
1902 1105 2032 1160 falsa
2056 1113 2163 1160 est.

565 1209 809 1279 Utraque
828 1207 970 1262 enim
989 1220 1092 1258 non
1113 1212 1271 1258 erunt
1295 1200 1452 1256 simul
1481 1201 1533 1253 in
1564 1199 1777 1253 talibus.
1805 1197 1985 1267 Neque
2015 1198 2161 1250 enim

569 1302 688 1358 ﬁeri
707 1309 879 1369 potest
895 1309 951 1352 ut
975 1297 1027 1351 in
1045 1292 1459 1349 contradictoria
1486 1289 1910 1361 propositionum
1944 1288 2162 1358 apposi—

571 1391 740 1458 tione,
775 1399 1024 1457 utrasque
1046 1400 1202 1441 veras
1223 1385 1503 1455 quisquam
1527 1382 1703 1437 valeat
1724 1382 1987 1437 invenire.
2015 1378 2167 1434 Nunc

571 1493 755 1540 autent
781 1486 1109 1537 monstratur
1125 1477 1378 1547 quoniam
1402 1490 1468 1531 ne
1483 1475 1585 1529 hoc
1612 1473 1829 1545 quidem
1857 1473 1969 1528 ﬁeri
1992 1481 2169 1543 potest

572 1585 632 1630 ut
646 1571 1004 1643 utraequejsint
1024 1570 1194 1635 falsae,
1212 1569 1287 1622 ait
1300 1567 1443 1623 enim
1464 1585 1476 1621 :
1498 1570 1732 1631 Atvero,
1748 1567 1932 1621 nethoc
1950 1566 2167 1636 quidem

572 1669 732 1724 nobis
763 1664 1022 1734 contingit
1052 1662 1233 1717 dicere
1260 1659 1513 1731 quoniam
1559 1669 1807 1715 neutrum
1846 1674 2030 1714 verum
2050 1666 2164 1727 est,

572 1758 627 1817 id
658 1767 740 1813 est
770 1773 869 1812 nec
895 1753 1205 1821 afﬁrmatio,
1230 1767 1329 1807 nec
1361 1751 1596 1822 negatio;
1628 1751 1968 1819 contingeret
1988 1758 2166 1806 autem

2269 552 2396 607 bum
2426 563 2528 617 est,
2547 555 2632 610 vel
2663 555 2837 624 magni
2864 551 3127 624 corporis,
3153 560 3208 605 et
3232 550 3335 603 hoc
3362 562 3491 603 vere
3522 545 3854 615 pronuntiet,

2270 646 2448 701 album
2482 654 2533 701 et
2555 662 2803 718 magnum
2832 644 2964 701 illud
2988 644 3187 697 animal
3229 656 3348 696 esse
3398 653 3621 695 necesse
3648 648 3748 693 est.
3780 638 3858 693 ita

2270 738 2434 793 etiam
2466 740 2516 793 in
2551 738 2727 793 futuro
2752 740 2795 793 si
2817 739 2939 808 quis
2969 751 3097 793 vere
3143 732 3289 790 dicat
3321 733 3575 804 quoniam
3612 731 3716 785 hoc
3744 730 3860 785 ani-

2270 831 2520 887 malcras
2562 831 2742 886 album
2786 831 2897 897 ﬁet,
2940 839 2995 885 et
3036 828 3281 899 corporis
3326 825 3602 892 vastioris,
3637 838 3863 880 necesse

2271 934 2355 979 est
2379 937 2500 979 cras
2525 934 2751 994 utraque
2784 923 3123 992 contingere,
3153 929 3213 975 ut
3248 929 3300 976 et
3320 913 3509 974 'album
3550 918 3641 972 ﬁat
3667 926 3720 972 et
3742 931 3863 971 cor-

2272 1015 2419 1087 poris
2450 1017 2719 1071 vastioris.
2777 1014 2872 1071 Sin
2902 1030 3030 1070 vero
3085 1014 3221 1069 falso
3261 1010 3464 1081 aliqttid
3515 1009 3859 1080 praedicatur,
3931 1030 3941 1085 ;_

2272 1124 2497 1166 necesse
2512 1121 2590 1165 est
2624 1124 2728 1165 non
2754 1123 2875 1165 esse
2893 1108 3037 1179 quod
3050 1106 3265 1172 dicitur,
3293 1105 3338 1160 si
3368 1103 3439 1159 sit
3467 1103 3782 1157 afﬁrmatio:
3805 1109 3865 1156 ut
3918 1150 3949 1180 ,ε

2270 1203 2318 1259 si
2348 1204 2467 1273 quis
2488 1203 2722 1258 afﬁrmet
2750 1202 2883 1258 falso
2907 1201 3142 1255 futurum
3167 1198 3353 1253 navale
3381 1196 3605 1263 bellum,
3638 1210 3865 1251 necesse

2271 1304 2356 1351 est
2382 1312 2485 1350 non
2515 1296 2630 1350 ﬁeri
2660 1294 2802 1365 quod
2827 1309 2857 1349 a
2880 1293 3015 1348 falsa
3042 1292 3401 1346 afﬁrmatione
3429 1288 3757 1359 praedicitur.
3789 1287 3860 1342 At

2272 1388 2321 1442 si
2344 1388 2414 1442 sit
2442 1388 2571 1442 falsa
2600 1387 2838 1457 negatio,
2866 1400 3091 1442 necesse
3120 1394 3199 1441 est
3234 1383 3350 1439 ﬁeri
3377 1382 3515 1453 quod
3540 1383 3675 1454 falsa
3702 1397 3867 1451 nega-

2273 1482 2350 1536 tio
2372 1481 2606 1538 futurum
2632 1497 2738 1537 non
2766 1489 2888 1537 esse
2915 1479 3192 1551 praedixit;
3216 1477 3299 1533 sin
3330 1491 3458 1532 vero
3479 1462 3705 1546 utraque
3733 1478 3876 1531 falsa

2274 1583 2419 1643 sunt,
2456 1588 2560 1627 non
2590 1574 2695 1628 erit
2726 1587 2794 1629 ex
2818 1571 3146 1627 necessitate
3185 1569 3327 1639 quod
3359 1568 3574 1633 dicitur,
3609 1568 3732 1637 quia
3766 1567 3865 1623 de-

2276 1664 2424 1721 ﬁnite
2453 1664 2742 1720 afﬁrmatio
2774 1664 2903 1719 falsa
2929 1674 3032 1728 est,
3056 1678 3155 1718 nec
3179 1679 3281 1717 non
3308 1661 3408 1717 erit
3449 1675 3515 1715 ex
3543 1660 3868 1716 necessitate

2274 1758 2416 1828 quod
2450 1756 2666 1825 dicitur,
2697 1758 2821 1828 quia
2849 1756 3074 1811 deﬁnite
3105 1766 3187 1811 est
3213 1754 3343 1808 falsa
3373 1753 3611 1823 negatio.
3632 1751 3785 1807 Unde
3809 1752 3867 1807 ﬁt

572 1860 800 1918 utraque
828 1861 952 1901 esse
995 1844 1187 1900 falsam
1218 1844 1635 1898 afﬁrmationetn
1678 1843 1892 1897 scilicet
1926 1854 1979 1898 et
2005 1856 2171 1912 nega-
2201 1847 2251 1907 B
2279 1859 2335 1907 ut
2362 1851 2674 1906 utrumlibet
2702 1850 2844 1920 quod
2875 1858 2959 1904 est
3006 1849 3057 1903 in
3092 1848 3253 1902 rebus
3300 1846 3520 1900 omnino
3547 1844 3862 1913 perimatur,

574 1943 802 2004 tionem,
822 1940 865 1992 si
895 1953 992 1992 nec
1016 1936 1157 2007 quod
1180 1936 1384 1991 diceret
1411 1934 1720 2000 afﬁrmatio,
1746 1934 1976 1988 futurum
1994 1944 2167 2000 esset,

575 2049 681 2090 nec
707 2032 846 2102 quod
880 2047 983 2086 non
1014 2045 1134 2086 esse
1188 2028 1401 2099 negatio
1430 2028 1661 2083 ‘dieeret
1686 2071 1699 2093 ,
1752 2043 1860 2082 non
1888 2038 2052 2083 esset.
2095 2025 2172 2082 lta

578 2128 722 2181 enim
752 2125 920 2187 ﬁeret,
956 2131 1011 2177 ut
1047 2136 1146 2177 nec
1182 2128 1347 2185 esset,
1379 2120 1520 2190 quod
1558 2119 1846 2174 affirmatio
1883 2134 2004 2174 esse
2031 2135 2175 2191 prte-

578 2218 798 2283 dicavit,
831 2231 927 2270 nec
961 2230 1066 2269 non
1088 2222 1251 2283 esset,
1275 2212 1415 2281 quod
1446 2213 1658 2282 negatio
1691 2226 1798 2265 non
1824 2226 1945 2266 esse
1975 2226 2177 2282 propo-

579 2315 711 2369 suit.
741 2312 795 2367 Si
824 2312 943 2381 quis
978 2324 1106 2379 ergo
1139 2308 1242 2362 hoc
1271 2307 1342 2361 ita
1383 2305 1548 2371 dicat,
1590 2306 1845 2375 primum,
1880 2305 2071 2374 inquit,
2103 2304 2173 2359 il-

578 2405 671 2461 lud
696 2404 1077 2459 inconveniens
1104 2408 1263 2468 atque
1294 2398 1625 2468 impossibile
1654 2406 1755 2463 est,
1789 2396 1930 2467 quod
1964 2397 2015 2449 in
2044 2409 2174 2449 con-

581 2496 890 2555 tradictoria
918 2496 1304 2563 propositione,
1335 2508 1456 2545 cum
1488 2491 1774 2544 afﬁrmatio
1798 2488 1927 2543 falsa
1967 2488 2036 2542 sit
2066 2486 2172 2542 non

584 2601 670 2645 est
711 2603 835 2642 vera
893 2586 1128 2654 negatio,
1161 2594 1213 2637 et
1240 2600 1425 2639 rursus
1456 2598 1578 2637 cum
1631 2584 1845 2651 negatio
1900 2580 2031 2635 falsa
2078 2581 2167 2647 sit,

583 2682 717 2735 falsa
749 2695 961 2749 quoque
988 2676 1279 2731 affirmatio
1302 2677 1387 2731 sit.
1424 2677 1535 2731 Hoc
1550 2677 1693 2730 enim
1716 2676 1769 2729 in
1797 2676 1925 2729 solis
1952 2684 2173 2730 contra-

581 2771 680 2830 riis
701 2770 1067 2838 contingebat,
1100 2784 1204 2823 non
1234 2769 1397 2823 etiam
1423 2767 1474 2822 in
1503 2768 1920 2821 contratlictoria
1952 2769 2172 2835 opposi-

581 2864 749 2919 tione.
786 2863 838 2916 lu
875 2862 971 2916 hac
996 2861 1136 2916 enim
1165 2876 1326 2914 unam
1360 2875 1574 2929 semper
1596 2873 1777 2915 veram
1804 2872 1926 2914 esse
1952 2872 2174 2914 necesse

584 2971 686 3021 est,
722 2974 934 3028 semper
962 2958 1186 3013 alteram
1214 2955 1427 3011 falsam.

651 3062 731 3114 Ad
758 3060 867 3114 lucc
897 3061 941 3113 si
974 3074 1145 3113 verum
1177 3068 1246 3110 est
1292 3057 1462 3111 dicere
1514 3058 1759 3128 quoniam
1808 3056 1983 3111 album
2019 3063 2096 3109 est
2127 3061 2175 3107 et

580 3170 845 3225 magnum,
884 3161 1081 3220 oportet
1127 3166 1231 3204 esse
1289 3160 1579 3220 utrumque.
1631 3148 1692 3202 Si
1750 3164 1865 3202 vero
1906 3147 2003 3201 erit
2034 3161 2169 3209 cras,

2278 1953 2504 2013 utraque
2528 1945 2673 1999 enim
2706 1942 3013 1997 necessario
3044 1948 3169 1994 sunt
3197 1947 3253 1994 et
3282 1953 3349 1993 ex
3381 1937 3706 1992 necessitate
3732 1950 3865 1990 con-

2277 2037 2506 2107 tingunt,
2536 2046 2591 2091 et
2628 2046 2711 2091 est
2734 2035 3030 2091 necessitas
3084 2033 3171 2086 illa
3230 2030 3602 2101 impossibilis.
3655 2027 3787 2084 Nam
3818 2027 3864 2083 si

2277 2129 2398 2199 quis
2427 2128 2572 2182 dicat
2599 2141 2719 2182 cras
2764 2127 2998 2180 futurum
3048 2123 3241 2178 navale
3260 2121 3741 2190 hellum,aliusque
3770 2135 3867 2176 ne-

2275 2227 2383 2290 get,
2411 2228 2465 2273 et
2495 2219 2803 2288 pronuntiet
2828 2232 2933 2271 non
2966 2217 3223 2281 futurum,
3244 2214 3291 2270 si
3320 2225 3545 2280 utraque
3574 2213 3683 2267 sint
3713 2211 3865 2285 falsa,

2278 2326 2506 2367 necesse
2548 2311 2769 2380 quidem
2821 2313 2926 2365 erit
2974 2324 3079 2364 non
3111 2323 3234 2363 esse
3260 2322 3382 2363 cras
3424 2304 3611 2361 navale
3642 2304 3866 2373 bellum,

2278 2405 2529 2473 quoniam
2565 2404 2877 2474 affirmatio,
2911 2418 3031 2474 qua:
3077 2400 3209 2456 illud
3259 2400 3387 2456 dicit
3432 2401 3686 2467 futurum,
3736 2400 3866 2457 falsa

2278 2505 2381 2550 est.
2408 2494 2612 2548 Rursus
2637 2510 2863 2549 necesse
2883 2502 3108 2549 estesse
3128 2508 3247 2548 cras
3276 2493 3462 2547 navale
3489 2491 3710 2555 bellum,
3735 2504 3868 2561 quo-

2280 2587 2421 2641 niam
2454 2589 2665 2656 negatio
2689 2597 2809 2656 quin
2832 2588 2963 2642 dicit
2990 2602 3111 2641 cras
3145 2601 3250 2640 non
3285 2583 3560 2649 futurum,
3594 2585 3708 2653 ipsa
3733 2599 3869 2654 quo-

2280 2694 2386 2749 que
2416 2683 2696 2733 mentitur.
2732 2680 2910 2746 Quare
2934 2694 3158 2734 necesse
3188 2680 3292 2733 erit
3322 2687 3377 2734 et
3406 2693 3527 2733 esse
3548 2678 3738 2731 navale
3758 2677 3870 2731 bel-

2280 2771 2416 2837 lum,
2447 2783 2500 2826 et
2556 2787 2659 2826 non
2687 2788 2831 2836 esse,
2865 2771 3006 2841 quod
3050 2779 3134 2825 est
3188 2770 3550 2840 impossibile,
3602 2778 3874 2839 etprtrter

2280 2877 2623 2918 Communem
2642 2864 2983 2933 cogitationis
2997 2873 3266 2917 naturam.
3281 2861 3397 2917 Non
3411 2870 3494 2916 est
3508 2861 3669 2931 igitur
3686 2875 3873 2917 verum

2280 2971 2536 3030 utrasque
2558 2970 2606 3013 et
2639 2960 2819 3029 simul,
2862 2959 2915 3014 id
2942 2970 3024 3015 est
3066 2958 3478 3014 afﬁrmationem
3506 2958 3873 3029 negationem-

2279 3067 2385 3121 que
2415 3052 2649 3107 mentiri.
2680 3052 2810 3119 Quae
2838 3066 2989 3121 ergo,
3014 3052 3206 3122 inquit,
3253 3052 3571 3120 contingunt
3623 3052 3873 3107 inconve4

2283 3142 2503 3204 nientia,
2538 3137 2823 3210 hmc'suut,
2860 3152 2914 3196 et
2949 3142 3274 3213 hujusmodi,
3318 3144 3361 3198 si
3400 3144 3522 3213 quis
3549 3143 3797 3199 dicatvel
3823 3145 3875 3202 in

582 3256 777 3319 Oportet
810 3261 916 3299 esse
945 3261 1079 3297 cras.
1119 3243 1180 3295 Si
1202 3250 1371 3293 autem
1402 3256 1566 3310 neque
1597 3240 1709 3302 erit,
1759 3254 1920 3306 neque
1947 3253 2050 3290 non
2078 3235 2175 3287 erit
2205 3234 2252 3297 C
2285 3234 2367 3289 his
2397 3250 2515 3303 quae
2547 3234 2871 3288 universalia
2905 3243 3031 3288 sunt
3052 3245 3107 3290 et
3146 3235 3532 3290 universaliter
3571 3236 3876 3305 praedican-

580 3356 719 3408 cras,
753 3354 853 3392 non
884 3336 977 3390 crit
1000 3331 1317 3397 utrumlibet,
1352 3342 1405 3383 ut
1435 3331 1614 3383 navale
1654 3329 1861 3383 bellum.
1910 3325 2176 3397 Oportebit

585 3431 721 3485 enim
745 3442 901 3496 neque
923 3425 1035 3493 fieri
1068 3423 1245 3475 navale
1274 3421 1485 3487 bellum,
1525 3436 1685 3491 neque
1738 3437 1837 3473 non
1874 3420 2006 3489 ﬁeri.
2048 3419 2179 3485 Quae

584 3539 703 3596 ergo
730 3520 1029 3588 contingunt
1059 3517 1466 3570 inconvenientia
1492 3517 1602 3567 lucc
1630 3522 1769 3580 sunt,
1802 3522 1847 3565 et
1879 3511 2179 3583 Itujusmodi

589 3615 717 3680 alia,
738 3614 781 3667 si
812 3613 977 3665 omnis
1003 3609 1361 3680 aﬂirmationis
1377 3616 1422 3661 et
1450 3607 1757 3676 negationis,
1789 3606 1864 3659 υιι
1888 3607 1942 3659 in
1971 3605 2049 3658 Itis
2063 3620 2179 3675 qua:

586 3708 650 3761 de
678 3702 1049 3760 universalibus
1081 3701 1325 3754 dicuntur
1346 3698 1719 3761 unit'ersaliter,
1752 3698 1827 3750 vel
1855 3698 1905 3749 in
1955 3696 2035 3749 Itis
2064 3709 2180 3765 qua:

585 3808 703 3855 s'tnt
727 3797 1031 3867 singularia,
1074 3809 1276 3847 necesse
1304 3801 1377 3845 est
1406 3791 1759 3859 oppositurum
1788 3791 1939 3843 ‘Itanc
1970 3788 2176 3858 quidem

588 3906 756 3944 rerum
787 3903 915 3953 esse,
947 3874 1099 3938 illam.
1122 3900 1238 3937 vero
1267 3884 1470 3952 falsam.
1505 3882 1655 3936 Nihil
1684 3890 1856 3934 autem
1886 3881 2181 3934 utrumlibet

586 4000 696 4039 esse
726 3984 778 4035 in
804 3983 882 4036 Itis
907 3997 1020 4049 qua:
1050 3981 1199 4049 ﬁunt,
1241 3979 1329 4032 sed
1374 3979 1550 4031 omnia
1571 3994 1675 4030 esse
1705 3986 1750 4030 et
1782 3976 1896 4044 ﬁeri
1920 3992 1983 4029 ea:
2009 3964 2183 4030 neces-

587 4077 755 4131 sitate.
794 4072 967 4138 Quare
991 4088 1091 4125 non
1121 4072 1371 4139 Oportebit
1405 4086 1563 4139 neque
1583 4071 1867 4135 consulere,
1907 4084 2065 4135 neque
2092 4084 2183 4123 tte-

587 4168 795 4242 gotiari,
832 4174 884 4220 ut
916 4167 957 4220 si
985 4167 1077 4218 ltoc
1108 4165 1347 4231 facimus,
1383 4165 1477 4217 erit
1528 4165 1643 4227 hoc,
1686 4165 1729 4216 si
1783 4179 1901 4216 vero
1929 4179 2031 4215 non
2060 4161 2180 4229 Itoc,

587 4279 691 4316 non
714 4260 808 4315 erit
841 4260 954 4311 hoc.
988 4256 1139 4310 Nihil
1196 4257 1325 4309 enim
1373 4254 1605 4325 prohibet
1636 4256 1690 4307 in
1724 4255 2047 4308 millesimum
2089 4270 2184 4307 att-

585 4371 710 4409 num
741 4353 877 4406 hunc
901 4350 1109 4421 quidem
1137 4350 1303 4403 dicere
1332 4349 1425 4402 ltoc
1456 4353 1689 4418 futurum
1733 4365 1860 4413 esse,
1891 4347 2038 4400 illum
2067 4361 2182 4399 vero

587 4462 691 4499 non
724 4444 908 4497 dicere.
951 4441 1123 4509 Quare
1152 4456 1215 4494 ea:
1246 4444 1540 4493 necessitate
1566 4442 1663 4494 erit
1692 4439 1953 4511 quodlibet
1980 4453 2180 4503 eorum,

589 4536 725 4606 quod
757 4546 876 4587 tunc
899 4535 959 4587 ab
986 4550 1043 4586 co
1090 4549 1264 4586 verum
1294 4542 1403 4585 erat
1444 4532 1634 4586 dicere.
1666 4533 1730 4585 At
1757 4548 1871 4586 vero
1898 4544 2058 4595 neque
2086 4528 2184 4581 hoc

2284 3336 2390 3391 tur,
2418 3325 2499 3381 vel
2521 3326 2570 3379 in
2590 3326 2669 3380 his
2690 3343 2809 3397 quae
2828 3327 3117 3396 singularia
3146 3328 3199 3384 in
3225 3330 3682 3399 propositionibus
3706 3345 3874 3385 enunt-

2284 3419 2505 3483 tiantur,
2533 3433 2689 3471 unam
2720 3419 3026 3474 necessario
3046 3419 3267 3476 deﬁnite
3287 3435 3407 3476 esse
3433 3436 3633 3487 veram,
3657 3420 3875 3479 deﬁnite

2283 3525 2405 3567 esse
2454 3511 2675 3565 alteram
2724 3511 2937 3579 falsam,
2988 3513 3114 3567 talia
3167 3512 3343 3581 illum,
3387 3513 3579 3585 inquit,
3618 3514 3876 3570 inconve-

2284 3602 2486 3656 nientia
2529 3614 2944 3673 consequentur,
2978 3612 3033 3658 et
3082 3604 3187 3659 alia
3231 3606 3456 3662 similia.
3514 3606 3627 3663 lloc
3670 3608 3880 3663 scilicet

2283 3695 2468 3750 dicens
2548 3695 2617 3751 de
2685 3697 3055 3765 superioribus
3140 3701 3510 3767 argumentis,
3568 3701 3621 3756 in
3682 3702 3879 3771 quibus

2284 3789 2602 3843 ostendebat
2649 3789 2829 3842 omnia
2875 3805 2942 3844 ex
2969 3791 3292 3847 necessitate
3319 3794 3653 3863 contingere,
3684 3793 3730 3848 si
3759 3793 3879 3863 quis

2284 3897 2445 3937 unam
2518 3897 2699 3937 veram
2765 3882 3025 3950 deﬁnite,
3107 3886 3331 3940 alteram
3380 3886 3587 3941 diceret
3658 3885 3879 3943 deﬁnite

2283 3971 2619 4028 mendacem.
2651 3973 2907 4039 Quasnam
2939 3988 3069 4028 vero
3095 3984 3308 4030 asserat
3348 3977 3453 4031 alia
3494 3977 3880 4034 inconvenien-

2286 4074 2357 4129 tia
2390 4073 2855 4145 impossibiliaque
2885 4088 3212 4130 concurrere
3259 4075 3342 4130 his
3386 4076 3480 4145 qui
3537 4092 3698 4131 uuam
3739 4076 3879 4131 dell-

2286 4173 2399 4229 nite
2420 4188 2600 4228 veram
2629 4182 2954 4242 proponunt,
2975 4172 3091 4227 lnec
3104 4183 3228 4228 sunt
3258 4191 3271 4226 :
3297 4174 3343 4228 si
3365 4175 3485 4243 quis
3512 4175 3656 4228 enim
3681 4187 3878 4243 propo-

2296 4275 2393 4320 nat
2414 4280 2571 4319 unam
2594 4280 2716 4320 esse
2738 4279 2943 4330 veram,
2983 4265 3205 4319 alteram
3237 4279 3358 4320 esse
3385 4266 3595 4330 falsam,
3628 4265 3769 4320 tollit
3794 4267 3878 4339 (ut

2289 4369 2451 4423 supra
2481 4355 2687 4409 dictum
2712 4356 2816 4424 est)
2843 4356 2894 4410 id
2919 4355 3060 4425 quod
3087 4365 3169 4408 est
3196 4356 3511 4411 utrumlibet
3533 4355 3587 4410 itt
3613 4356 3797 4424 rebus,
3824 4368 3879 4412 et

2290 4450 2473 4503 omnia
2503 4463 2623 4503 esse
2649 4449 2735 4503 vel
2770 4448 2884 4504 ﬁeri
2908 4463 2971 4503 ex
2998 4448 3320 4502 necessitate
3340 4448 3641 4512 constituit,
3685 4447 3819 4503 nihil
3846 4462 3879 4503 a

2292 4554 2441 4607 casu,
2468 4541 2705 4611 nihilque
2727 4556 2755 4594 a
2788 4541 3004 4611 propria
3029 4541 3331 4596 voluntate.
3362 4541 3511 4596 Unde
3539 4541 3597 4595 ﬁt
3624 4553 3680 4595 ut
3706 4557 3883 4612 neque

590 4628 788 4697 differt,
819 4628 864 4681 si
904 4628 1091 4694 aliquis
1128 4626 1316 4678 dixerit
1346 4626 1822 4691 contradictionem,
1856 4627 1932 4681 vel
1975 4643 2077 4680 non
2106 4631 2187 4685 di-
2215 4614 2269 4676 D
2295 4630 2557 4701 negotiari
2578 4630 2648 4684 sit
2670 4630 2819 4697 utile,
2848 4646 2947 4685 nec
2978 4632 3119 4686 inire
3142 4639 3347 4700 actum,
3376 4647 3497 4703 qua:
3535 4633 3714 4686 omnia
3753 4648 3883 4688 con-

590 4724 742 4778 :t‘erit.
771 4721 1102 4791 Manifestum
1131 4730 1203 4773 est
1235 4720 1370 4773 enim
1394 4720 1635 4786 quoniam
1668 4721 1739 4774 sic
1766 4736 1819 4773 se
1853 4719 2037 4775 habent
2077 4721 2181 4791 res,

591 4815 792 4867 etiamsi
815 4830 928 4867 non-
948 4813 1029 4865 hic
1058 4813 1259 4879 quidem
1289 4813 1613 4881 afﬁrmavcrit
1653 4813 1739 4866 ille
1760 4829 1875 4868 vero
1904 4816 2178 4885 negaverit.

598 4904 781 4961 None
819 4906 889 4957 int
935 4912 1142 4973 propter
1195 4919 1379 4973 negare
1417 4902 1491 4956 rel
1522 4904 1779 4971 afﬁrmare
1824 4906 1918 4957 erit
1962 4906 2040 4958 vel
2084 4922 2187 4959 non

593 4996 707 5067 erit,
744 5016 832 5052 nec
859 5000 909 5051 in
933 4996 1257 5050 millesimum
1287 5012 1481 5048 annum
1500 5002 1660 5066 magis
1692 5014 1843 5065 quam
1885 4999 1937 5049 in
1966 5009 2187 5067 quanto-

593 5093 712 5147 libet
739 5102 981 5161 tempore.
1017 5089 1188 5154 Quare
1210 5088 1255 5141 si
1284 5089 1335 5141 in
1360 5089 1498 5141 omni
1528 5098 1752 5159 tempore
1776 5090 1847 5142 sic
1871 5106 1925 5143 se
1945 5089 2183 5159 habebat,

591 5195 648 5240 ut
670 5202 828 5239 unum
857 5184 1114 5237 diceretur
1134 5198 1266 5247 uere,
1292 5196 1490 5235 necesse
1516 5190 1624 5234 erat
1641 5180 1736 5235 hoc
1768 5183 1903 5250 ﬁeri,
1926 5192 1973 5237 et
2002 5200 2186 5238 unum-

592 5276 831 5347 quodque
852 5291 1027 5329 eorunt
1046 5290 1159 5343 qua:
1180 5273 1310 5339 fiunt
1338 5275 1413 5327 sic
1435 5290 1630 5345 semper
1652 5290 1705 5327 se
1730 5273 1947 5329 habebat
1981 5318 1998 5345 ,
2039 5285 2090 5329 ut
2122 5293 2187 5332 ea:

592 5368 897 5422 necessitate
919 5368 1077 5435 fieret.
1130 5364 1350 5432 Quando
1395 5368 1531 5419 enim
1577 5381 1691 5419 vere
1742 5366 1862 5418 dicit
1891 5368 2004 5436 quis
2057 5385 2189 5440 quo-

596 5464 738 5518 niam
766 5461 878 5525 (γει,
910 5478 1011 5514 non
1041 5469 1200 5530 potest
1230 5476 1331 5513 non
1361 5460 1508 5529 ﬁeri;
1534 5467 1580 5512 et
1601 5458 1739 5531 quod
1765 5461 1960 5531 factum
1988 5469 2084 5529 est,
2107 5477 2191 5517 ve-

596 5573 714 5611 rum
731 5567 837 5611 erat
864 5557 1031 5609 dicere
1057 5571 1252 5625 semper
1275 5556 1520 5625 quoniam
1548 5555 1663 5608 erit.

586 5694 587 5697 η
673 5648 892 5704 Addidit
924 5664 1135 5719 quoque
1166 5648 1333 5714 aliud,
1362 5666 1467 5718 quo
1522 5649 1691 5718 magis
1723 5648 1775 5703 id
1815 5649 1957 5720 quod
1995 5651 2192 5708 dicitur

600 5740 848 5793 videatur
872 5740 1246 5809 incongruum.
1278 5740 1447 5795 Omne
1474 5742 1616 5795 enim
1641 5740 1696 5795 id
1719 5742 1859 5810 quod
1883 5742 2193 5811 praedicitur

604 5829 662 5887 in
693 5827 947 5897 futurum,
996 5831 1041 5883 si
1073 5847 1193 5886 tere
1227 5831 1564 5901 praedicitur.
1588 5832 1710 5887 erit.
1771 5834 1827 5888 Si
1868 5836 1987 5903 quis
2041 5835 2185 5892 enim

2294 4724 2395 4777 silii
2429 4723 2638 4778 ratione
2668 4731 2984 4789 tractantur,
3010 4726 3184 4793 ipsum
3207 4724 3348 4779 enim
3377 4724 3661 4779 consilium
3692 4739 3882 4794 super-

2293 4831 2517 4871 vacuum
2548 4824 2649 4881 est,
2687 4830 2807 4870 cum
2849 4816 3028 4870 omnia
3059 4830 3391 4885 quincunque
3426 4815 3604 4870 futura
3645 4815 3753 4871 sint
3791 4831 3883 4872 ne—

2293 4924 2447 4964 cesse
2492 4910 2563 4963 sit
2602 4909 2838 4963 evenire.
2871 4908 3007 4975 Quid
3031 4909 3173 4963 enim
3225 4910 3591 4979 unusquisque
3630 4908 3791 4973 dicat,
3825 4908 3884 4965 Si

2295 5001 2400 5055 hoc
2449 5001 2663 5066 faciam,
2707 5000 2837 5055 illud
2870 5001 2999 5055 mihi
3032 5002 3244 5056 eveniet
3296 5012 3457 5072 atque
3503 5004 3800 5072 continget,
3835 5000 3886 5056 si

2295 5109 2423 5148 vero
2469 5093 2614 5158 haec,
2648 5092 2738 5147 illa
2782 5109 2870 5150 res
2918 5095 3174 5150 eveniet?
3201 5096 3399 5150 etenim
3453 5095 3583 5149 nihil
3639 5094 3887 5163 prohibet

2299 5187 2550 5257 quemvis
2593 5185 2740 5240 illum
2802 5185 3071 5241 afﬁrmare
3115 5187 3316 5257 aliquid
3369 5201 3489 5243 esse
3538 5185 3884 5251 faciendum,

2297 5279 2461 5334 alium
2476 5292 2603 5333 vero
2622 5292 2841 5349 negare,
2854 5294 2974 5333 cum
2992 5280 3173 5334 omnia
3196 5280 3249 5337 vi
3262 5279 3599 5336 necessitatis
3611 5277 3884 5335 eveniant.

2300 5370 2432 5426 Nam
2463 5370 2507 5425 si
2529 5370 2708 5426 omnia
2736 5385 2856 5440 quae
2882 5370 3019 5425 ﬁunt
3042 5388 3206 5441 nunc,
3231 5383 3358 5428 ante
3396 5372 3587 5442 aliquis
3608 5388 3735 5430 vere
3753 5390 3891 5445 prte-

2302 5465 2527 5532 diceret,
2552 5465 2674 5536 quis
2711 5465 2919 5521 dubitat
2962 5465 3095 5536 quin
3135 5466 3227 5521 illa
3256 5481 3376 5538 quas
3426 5467 3565 5523 facta
3594 5478 3738 5534 sunt,
3791 5469 3889 5525 im-

2299 5557 2546 5614 mutabili
2587 5558 2841 5613 violentia
2895 5557 3238 5614 necessitatis
3289 5558 3608 5613 evenerint?
3664 5559 3776 5615 Hoc
3805 5568 3889 5616 est

2299 5649 2611 5736 enitn‘uod
2641 5649 2752 5705 ait:
2780 5648 2957 5718 Quare
2985 5666 3053 5707 ex
3089 5652 3419 5707 necessitate
3462 5650 3566 5705 erit
3609 5650 3889 5722 quodlibet

2298 5757 2485 5799 eorum
2508 5742 2650 5812 quod
2676 5750 2803 5799 tunc
2822 5757 3008 5798 verum
3036 5752 3154 5799 erat
3174 5743 3375 5799 dicere.
3407 5743 3514 5800 Sed
3544 5758 3613 5799 ne
3644 5744 3775 5798 illud
3804 5742 3890 5798 vi-

2301 5835 2492 5891 deatur
2513 5833 2864 5905 incongruum
2896 5834 3039 5906 quod
3055 5850 3237 5893 rerum
3261 5844 3513 5893 eventum
3545 5850 3654 5894 non
3676 5850 3744 5892 ex
3768 5834 3889 5905 ipsa
