4280 6268
376 354 475 416 357

1163 370 1228 428 IN
1264 371 1527 432 LIBRUM
1571 374 1657 432 DE
1696 375 2345 441 INTERPRETATIONE
2382 378 2609 446 EDITIO
2647 386 2879 451 PRIMA.

3557 400 3663 467 εδει

375 494 557 538 rerum
585 491 799 555 natura,
834 486 929 543 sed
961 502 1025 545 ex
1052 492 1476 561 propositionum
1506 497 1731 552 veritate
1771 508 1824 554 et
1867 499 1963 556 f'al-
1994 501 2047 563 Α
2068 506 2163 561 sed
2191 492 2491 577 potestate,
2510 527 2632 583 qua
2653 526 2893 585 potestas
2927 535 3034 577 non
3060 522 3117 579 ﬁt
3140 537 3206 581 ex
3233 519 3573 599 decessitate,
3608 530 3665 589 id

375 572 532 599 ah-.-
555 574 856 599 :-..I:-__.._-._
903 595 1047 599 --ημν
1098 583 1111 599 1
1238 584 1250 596 ο
1400 586 1432 599 μ
1534 588 1546 599 ι
1594 589 1605 599 .
1681 589 1711 599 ι.
1907 596 1917 599 _

375 572 535 630 sitate
552 574 878 645 iudicamus,
900 583 1205 653 scrupulum
1235 584 1352 654 ipse
1382 586 1633 643 dissolvit
1663 589 1864 646 dicens.
1894 596 1962 650 At

377 685 509 727 vero
540 687 639 727 nec
669 673 770 729 hoc
798 674 997 742 differt,
1038 678 1081 731 si
1112 680 1270 749 aliqui
1295 681 1529 737 dixerint
1573 685 1961 744 contradictio-

379 780 535 833 nem,
566 767 646 823 vel
672 783 775 822 non
800 769 1033 849 dixerint
1060 791 1073 826 :
1100 773 1165 826 ad
1198 774 1491 832 tollendum
1512 780 1655 833 enim
1693 782 1962 849 perimen-

377 858 610 929 dumque
626 859 926 926 Consilium,
958 848 1098 933 quod
1123 866 1255 920 nihil
1284 871 1503 924 omnino
1525 870 1773 927 homines
1800 888 1960 942 opor-

375 960 484 1007 teat
512 954 806 1020 cnnsiliari,
826 970 1010 1023 parum
1036 959 1173 1013 valet
1196 960 1397 1031 aliquid
1424 971 1550 1019 ante
1578 965 1816 1035 praedici;
1850 968 1964 1024 sive

374 1045 515 1098 enim
544 1044 751 1099 dicatur
777 1048 1002 1116 aliquid,
1030 1050 1145 1105 sive
1185 1068 1314 1121 non,
1362 1054 1617 1125 quidquid
1650 1072 1775 1114 vere
1824 1074 1964 1129 prte-

372 1134 473 1189 dici
527 1145 720 1204 potest,
759 1138 888 1194 illud
939 1142 1099 1197 etiam
1153 1146 1198 1199 si
1252 1160 1359 1201 non
1392 1149 1711 1216 praedicatur
1741 1154 1961 1209 evenire

371 1242 589 1283 necesse
620 1239 735 1295 est;
771 1232 973 1287 idcirco
1001 1235 1146 1292 enim
1180 1253 1307 1293 vere
1331 1241 1664 1310 praedicitur,
1693 1244 1814 1315 quia
1836 1260 1963 1301 vere

368 1322 587 1390 praedici
614 1335 823 1393 p0Iest;
857 1328 1057 1383 idcirco
1081 1346 1207 1386 vere
1234 1335 1454 1402 przedici
1482 1346 1677 1406 potest,
1708 1342 1831 1409 quia
1860 1341 1963 1395 im-

368 1416 696 1470 mutabiliter
718 1416 958 1473 futurum
983 1430 1084 1476 est.
1112 1423 1289 1491 Quare
1318 1428 1550 1483 futurum
1576 1444 1680 1499 εει,
1702 1433 1743 1486 si
1769 1434 1963 1501 praedi-

366 1503 510 1561 citur
544 1522 695 1573 vere,
729 1524 831 1564 nec
862 1521 1065 1567 tantum
1111 1515 1156 1569 si
1190 1518 1517 1586 prmdicitur,
1572 1524 1665 1578 sed
1718 1525 1881 1580 etiam
1910 1528 1957 1583 si

370 1597 588 1665 praedici
621 1614 747 1655 vere
776 1611 975 1670 potest;
1017 1607 1129 1661 sive
1155 1608 1297 1662 enim
1332 1612 1671 1679 praedicatur,
1709 1616 1821 1671 sive
1852 1633 1959 1674 non

366 1690 713 1760 praedicatur,
765 1696 1021 1767 quidquid
1053 1715 1176 1756 vere
1217 1704 1432 1770 prtedici
1492 1717 1683 1774 potest,
1739 1710 1843 1766 hoc
1890 1728 1955 1767 ex

367 1784 691 1840 necessitate
748 1785 984 1844 futurum
1038 1801 1140 1846 est.
1187 1793 1523 1851 Manifestum
1560 1810 1644 1855 est
1673 1802 1837 1868 enim,
1871 1804 1957 1858 iu-

2069 605 2173 666 est,
2203 608 2263 654 ut
2286 602 2456 669 possit
2475 604 2693 675 quidem
2724 609 2859 689 ﬁeri,
2896 629 3001 670 non
3030 625 3205 673 tamen
3238 633 3460 677 necesse
3485 622 3578 691 sit,
3603 632 3681 682 ut.

2067 693 2207 749 hanc
2275 697 2359 752 vel
2402 700 2697 769 quamlibet
2736 707 2967 761 tunicam
3023 710 3280 778 possibile
3317 725 3398 770 est
3444 719 3689 787 quidem.

2066 786 2213 844 ferro
2242 788 2427 860 incidi,
2486 794 2582 850 sed
2631 812 2737 851 non
2794 809 2877 854 est
2926 817 3169 859 necesse.
3217 786 3473 865 Fortasse
3514 814 3688 866 enim.

2065 881 2268 938 utendo
2292 885 2672 953 vetustabitur,
2700 902 2756 944 et
2783 890 2901 960 ipso
2950 895 3265 963 quotidiano
3294 901 3536 958 solvetur
3578 913 3665 961 at-

2070 972 2222 1028 tritu.
2256 973 2400 1045 Ergo
2432 986 2609 1047 potest
2639 982 2855 1051 quidem
2889 985 3073 1053 incidi,
3108 987 3207 1043 sed
3231 990 3367 1047 forte
3392 1010 3499 1049 non
3524 996 3663 1071 inci-

2068 1066 2247 1133 detur,
2275 1070 2372 1123 sed
2396 1080 2685 1142 antequam
2714 1075 2880 1131 incidi
2918 1080 3087 1147 possit
3118 1082 3404 1139 exteritur.
3452 1066 3689 1143 Rursus

2067 1167 2244 1228 potest
2269 1161 2385 1217 ﬁeri
2406 1174 2463 1219 ut
2485 1180 2592 1220 non
2615 1166 2905 1235 dividatur,
2936 1185 3108 1241 neque
3138 1173 3281 1228 enim
3329 1178 3502 1231 exteri
3537 1194 3660 1234 eam

2066 1250 2322 1318 possibile
2352 1266 2517 1321 esset,
2550 1256 2655 1311 nisi
2684 1258 2831 1327 prius
2854 1270 2997 1317 esset
3027 1265 3280 1331 possibile
3332 1281 3437 1343 non
3470 1268 3657 1337 incidi,
3684 1334 3685 1337 η

2065 1356 2235 1410 quare
2266 1354 2491 1411 possunt
2519 1348 2741 1417 quidem
2758 1352 3001 1420 quaedam
3032 1353 3169 1421 fieri,
3200 1357 3293 1411 sed
3328 1357 3401 1412 ita
3444 1361 3660 1416 contin—

2066 1432 2141 1501 git
2170 1434 2399 1492 fortasse
2430 1447 2487 1492 ιιι
2535 1454 2641 1494 non
2672 1442 2820 1498 ﬁant.
2846 1442 2982 1499 Sunt
3006 1445 3172 1515 igitur
3198 1450 3442 1518 quaedam
3477 1454 3655 1521 possi-

2064 1524 2191 1579 bilia
2244 1543 2349 1583 non
2397 1532 2719 1601 necessaria,
2750 1542 2805 1589 et
2858 1535 2915 1590 in
2944 1537 3063 1592 aliis
3094 1554 3305 1609 quoque
3351 1557 3471 1611 qua:
3522 1545 3660 1605 ﬁunt

2068 1617 2256 1673 eadem
2284 1621 2424 1675 ratio
2446 1632 2547 1677 est.
2580 1627 2752 1681 Omne
2777 1627 2920 1682 enim
2952 1630 3093 1699 quod
3138 1630 3194 1684 ﬁt
3223 1647 3253 1686 a
3276 1634 3513 1699 quolibet
3534 1650 3663 1692 coni

2064 1710 2208 1778 silio,
2240 1713 2357 1783 ipse
2400 1714 2493 1785 qui
2521 1718 2837 1775 consiliatur
2865 1720 3007 1777 illius
3057 1722 3137 1779 rei
3177 1725 3492 1794 principium
3547 1737 3659 1793 est.

2069 1819 2176 1858 non
2204 1807 2520 1874 necessitas,
2551 1818 2605 1864 et
2629 1826 2963 1883 quaecunque
2993 1824 3118 1870 sunt
3146 1818 3441 1886 possibilia,
3476 1828 3657 1875 muta-

366 1872 505 1943 quit,
539 1876 677 1943 quod
705 1876 746 1932 si
778 1880 856 1933 sic
888 1894 949 1935 se
979 1880 1175 1938 habeat
1200 1900 1309 1954 res,
1344 1888 1459 1945 sive
1491 1906 1630 1946 unus
1660 1909 1777 1949 eam
1810 1896 1958 1950 afﬁr-
1987 1887 2039 1950 B
2066 1893 2243 1951 biliter
2269 1898 2545 1955 evenient.
2567 1902 2695 1968 Quae
2722 1903 2865 1958 enim
2893 1906 3189 1961 secundum
3222 1907 3454 1979 aliquam
3484 1910 3657 1979 possi-
3686 1890 3687 1893 Ἰ

368 1976 478 2021 ιιιει
504 1977 558 2023 et
576 1968 718 2023 alius
736 1980 915 2040 neget,
952 1972 996 2027 si
1021 1983 1281 2031 eventura
1311 1988 1413 2045 est,
1454 1982 1585 2037 nihil
1634 1984 1712 2039 illi
1739 1988 1955 2057 negatio

365 2057 569 2134 ofﬁcit;
592 2062 635 2115 si
662 2072 917 2118 eventura
950 2080 1053 2120 non
1084 2078 1187 2135 est,
1218 2068 1353 2124 nihil
1389 2070 1678 2131 afﬁrmatio
1709 2078 1952 2146 prodest.

365 2150 488 2205 Non
510 2153 675 2219 enim,
702 2154 893 2225 inquit,
919 2166 1138 2228 propter
1155 2176 1352 2231 negare
1371 2173 1425 2219 et
1445 2163 1718 2222 afﬁrmare
1740 2169 1841 2224 erit
1867 2171 1954 2226 vel

362 2256 472 2297 non
502 2244 623 2309 erit,
658 2260 757 2300 nec
782 2246 919 2302 hanc
947 2249 1053 2303 vim
1087 2262 1291 2308 naturae
1321 2263 1530 2328 tempus
1568 2260 1817 2315 mutabit.
1846 2260 1953 2317 Eo-

361 2330 484 2387 dem
516 2335 678 2390 modo
708 2336 852 2391 enim
875 2340 1147 2407 evenient,
1179 2358 1241 2398 ea
1276 2360 1394 2415 qua:
1435 2354 1557 2415 post
1609 2348 1952 2408 millesimum

361 2440 560 2481 annum
586 2438 846 2484 eventura
872 2432 1186 2501 creduntur,
1233 2435 1315 2491 bis
1341 2453 1460 2508 quae
1488 2450 1605 2509 post
1657 2450 1951 2511 quantum-

361 2518 495 2576 libet
526 2531 738 2592 tempus
767 2538 839 2579 ει
867 2527 1189 2585 necessitate
1221 2529 1395 2586 futura
1429 2543 1584 2588 sunt:
1611 2536 1753 2590 unde
1784 2535 1861 2601 ﬁt,
1894 2547 1954 2594 ut

360 2614 409 2669 si
438 2615 490 2669 in
520 2617 670 2672 omni
694 2626 939 2688 tempore
964 2621 1145 2677 omnia
1172 2622 1253 2678 sic
1282 2637 1341 2680 se
1383 2624 1635 2695 habeant,
1689 2639 1747 2684 ut
1785 2645 1952 2685 unum

361 2710 581 2767 definite
610 2727 799 2769 verum
832 2715 935 2770 dici
965 2717 1159 2787 possit,
1211 2718 1433 2775 definite
1469 2722 1697 2777 alterum
1732 2722 1947 2792 falsum,

360 2804 536 2858 omnia
558 2821 892 2879 quaecunque
936 2809 1072 2865 facta
1094 2819 1239 2878 sunt,
1293 2812 1381 2868 vel
1422 2814 1573 2883 ﬁent,
1630 2816 1950 2874 immutabili

358 2910 537 2952 rerum
576 2900 783 2956 ratione
819 2904 1151 2973 contingant.
1209 2902 1323 2960 Hoc
1370 2914 1453 2961 est
1496 2907 1638 2962 enim
1672 2907 1814 2978 quod
1849 2909 1949 2975 ait,

358 3003 581 3046 necesse
630 3005 751 3049 esse
781 2993 897 3050 ﬁeri
928 2996 1348 3067 unumquodque
1378 3011 1565 3053 eorum
1609 3014 1730 3070 quae
1772 3001 1946 3067 fiunt;

356 3078 410 3135 id
436 3094 541 3149 est,
593 3083 637 3138 si
678 3085 757 3141 sic
800 3100 860 3141 se
903 3086 1145 3153 haberet,
1186 3095 1245 3143 ut
1291 3102 1356 3144 ex
1404 3088 1728 3146 necessitate
1760 3089 1951 3147 ﬁerent

357 3174 564 3244 omnia,
589 3182 645 3230 et
672 3176 775 3232 hoc
818 3179 1085 3248 superiori
1142 3182 1612 3249 argumentatione
1660 3183 1949 3239 conﬁrmat

2064 1987 2327 2046 bilitatem
2358 1990 2632 2061 dicuntur,
2664 2009 2770 2050 non
2802 1998 3058 2053 eveniunt
3087 1986 3383 2056 secundum
3413 2003 3652 2058 necessi-

2063 2096 2251 2155 tatem,
2279 2087 2421 2143 unde
2449 2088 2509 2143 ﬁt
2536 2099 2593 2145 ut
2615 2092 2957 2148 manifestum
2979 2095 3047 2148 sit
3073 2095 3323 2164 quoniam
3342 2110 3447 2149 non
3470 2096 3653 2157 omnia

2064 2194 2132 2235 ex
2187 2180 2513 2237 necessitate
2534 2182 2623 2238 vel
2651 2193 2798 2252 sunt,
2826 2186 2909 2240 vel
2939 2186 3091 2251 ﬁunt,
3118 2186 3213 2241 sed
3241 2187 3488 2256 quaedam
3528 2196 3655 2245 sunt
3680 2208 3689 2215 ε

2061 2287 2183 2342 quae
2212 2273 2409 2343 :equali
2432 2274 2611 2341 modo,
2646 2277 2728 2331 vel
2754 2276 2905 2344 ﬁunt,
2932 2279 3017 2334 vel
3044 2294 3150 2335 non
3182 2281 3334 2345 ﬁunt,
3365 2289 3419 2335 et
3446 2280 3549 2335 hoc
3568 2288 3655 2339 est
3682 2327 3686 2333 .

2060 2364 2371 2419 utrumlibet
2409 2365 2544 2433 ﬁeri,
2571 2367 2675 2422 alia
2708 2383 2841 2424 vero
2870 2368 2924 2423 in
2954 2370 3194 2439 pluribus
3234 2370 3449 2441 quidem
3492 2370 3653 2438 ﬁunt,

2060 2453 2115 2508 in
2148 2454 2486 2523 paucioribus
2513 2472 2645 2511 vero
2674 2472 2781 2512 non
2821 2459 2978 2525 fiunt,
3032 2469 3085 2529 et
3127 2461 3402 2529 aequaliter
3431 2460 3653 2531 quidem

2052 2541 2215 2615 ﬁunt,
2248 2554 2305 2599 ut
2332 2546 2696 2615 egredientem
2725 2548 2887 2604 domo
2914 2566 3143 2606 amicum
3176 2552 3382 2620 videre,
3418 2552 3474 2606 ﬁt
3501 2552 3651 2607 enim

2058 2636 2162 2692 hoc
2183 2646 2239 2693 et
2267 2638 2324 2692 fit
2351 2640 2660 2710 aequaliter;
2692 2640 2936 2711 quredam
2960 2658 3087 2698 vero
3116 2643 3451 2715 frequentius
3479 2646 3651 2720 ﬁunt;

2055 2743 2216 2799 quam
2249 2744 2354 2785 non
2385 2730 2537 2796 fiunt,
2561 2741 2619 2787 ut
2637 2736 3045 2804 sexagenarium
3077 2752 3369 2795 canescere
3389 2739 3651 2812 frequen-

2056 2818 2163 2874 tius
2192 2819 2271 2886 ﬁt,
2302 2836 2459 2892 quam
2493 2837 2597 2876 non
2628 2824 2705 2877 ﬁt.
2754 2824 2820 2878 Et
2851 2834 3028 2879 tamen
3058 2827 3130 2880 ita
3158 2827 3262 2883 hoc
3288 2840 3462 2895 potest
3504 2831 3648 2899 ﬁeri,

2054 2918 2113 2964 ut
2142 2925 2249 2964 non
2280 2910 2397 2966 ﬁeri
2424 2913 2758 2981 impossibile
2786 2930 2892 2968 non
2923 2916 3010 2969 sit.
3058 2917 3171 2971 lloc
3195 2919 3341 2972 enim
3384 2930 3466 2974 est
3502 2923 3648 2991 quod
3684 2966 3689 2972 .

2052 3001 2166 3055 ait:
2199 3000 2317 3055 Alia
2347 3016 2477 3057 vero
2506 3005 2676 3073 magis
2702 3004 2919 3074 quidem
2961 3006 3089 3061 etin
3126 3008 3367 3075 pluribus
3392 3011 3661 3082 alterum,

2053 3100 2112 3147 ut
2140 3106 2431 3149 canescere
2461 3094 2512 3148 in
2546 3095 2788 3163 pluribus
2803 3097 3139 3167 sexagenarii
3169 3113 3325 3167 quam
3355 3116 3460 3155 non
3483 3116 3646 3160 cane-
3680 3142 3687 3145 -

2052 3198 2227 3240 scere.
2268 3184 2373 3240 Sed
2404 3185 2662 3257 contingit
2695 3186 2813 3242 ﬁeri
2866 3186 3120 3255 alterum,
3175 3190 3384 3246 scilicet
3428 3201 3484 3245 ut
3532 3208 3643 3249 non
3680 3244 3683 3245 ν

358 3265 550 3322 dicens
575 3282 589 3320 :
615 3268 838 3336 Quando
866 3271 1012 3325 enim
1054 3286 1181 3327 vere
1212 3271 1341 3327 dicit
1372 3273 1493 3343 quis
1522 3274 1777 3344 quoniam
1820 3276 1946 3341 erit,
1980 3264 2029 3328 C
2057 3287 2330 3343 canescat,
2360 3278 2588 3334 alterum
2610 3294 2740 3334 vero
2775 3279 3017 3347 minime,
3051 3281 3257 3337 scilicet
3284 3291 3339 3338 ut
3368 3296 3647 3345 canescat.

357 3372 465 3415 non
520 3369 697 3431 potest
744 3378 849 3416 non
898 3363 1034 3430 ﬁeri,
1084 3372 1313 3420 eventus
1354 3365 1497 3421 enim
1536 3367 1944 3435 necessitatem,

359 3454 653 3511 necessitas
688 3457 933 3526 sequitur
971 3458 1278 3528 veritatem,
1324 3468 1379 3515 et
1420 3459 1565 3530 quod
1597 3459 1797 3516 factum
1840 3471 1946 3532 est,

358 3562 542 3603 verum
598 3560 715 3607 erat
772 3550 958 3607 dicere
1006 3568 1224 3624 semper
1268 3554 1521 3625 quoniam
1577 3554 1699 3620 erit,
1750 3554 1950 3609 veritas

358 3652 587 3709 namque
646 3643 1030 3714 propositionis
1077 3660 1144 3701 ex
1191 3661 1373 3702 rerum
1427 3647 1747 3703 necessariis
1801 3647 1997 3702 venit~

359 3733 662 3789 eventibus.

430 3822 584 3889 Quod
604 3826 649 3880 si
679 3826 787 3881 lucc
806 3844 908 3883 non
942 3838 1058 3885 sunt
1083 3830 1369 3902 possibilia.
1413 3830 1662 3888 Videmus
1690 3833 1825 3887 enim
1844 3848 1953 3889 esse

358 3918 674 3987 principium
729 3922 1042 3992 futurorum,
1091 3935 1137 3981 ει
1167 3926 1230 3979 ab
1272 3943 1330 3982 eo
1387 3926 1527 3998 quod
1576 3922 1964 3998 consultamus,

358 4020 516 4083 atque
545 4014 743 4084 agimus
767 4017 986 4088 aliquid,
1017 4028 1063 4074 ει
1106 4022 1348 4091 quoniam
1377 4030 1451 4075 est
1498 4022 1707 4076 omnino
1751 4023 1806 4076 in
1846 4023 1946 4090 his,

298 4122 303 4125 Α
358 4120 479 4174 quia
506 4124 609 4162 non
638 4125 837 4178 semper
860 4120 977 4166 actu
1008 4123 1146 4181 sunt,
1187 4116 1428 4185 possibile
1458 4132 1567 4171 esse
1610 4125 1657 4171 et
1688 4133 1790 4171 non
1817 4132 1949 4185 esse,

358 4198 609 4267 similiter,
627 4201 678 4253 in
695 4202 876 4272 quibus
894 4214 1158 4274 utrumque
1173 4207 1420 4277 contingit
1444 4216 1490 4261 ει
1508 4224 1615 4262 esse
1630 4217 1679 4262 et
1697 4225 1762 4263 no
1775 4225 1806 4262 η
1820 4224 1948 4275 esse,

357 4305 515 4358 quare
544 4292 660 4361 ﬁeri
688 4304 737 4346 et
763 4311 862 4349 non
890 4297 1023 4366 ﬁeri.
1048 4299 1121 4351 Ac
1162 4298 1327 4353 multa
1358 4299 1504 4354 nobis
1530 4302 1803 4372 manifesta
1830 4309 1950 4356 sunt

358 4384 428 4437 sic
450 4400 501 4437 se
528 4386 789 4454 habentia,
830 4400 883 4443 ut
929 4391 1172 4461 quoniam
1217 4392 1350 4447 hanc
1376 4402 1559 4448 vestem
1590 4396 1831 4464 possibile
1878 4405 1953 4450 est

360 4477 536 4543 incidi,
562 4489 606 4532 et
630 4496 731 4534 non
772 4484 1044 4549 incidetur,
1074 4490 1167 4540 sed
1204 4490 1343 4549 prius
1378 4497 1650 4555 exteretur.
1696 4491 1952 4546 Similiter

361 4577 529 4622 autem
567 4580 613 4624 et
643 4588 742 4625 non
772 4574 927 4627 incidi
960 4577 1200 4643 possibile
1221 4588 1314 4632 est.
1352 4578 1471 4632 Non
1512 4582 1644 4634 enim
1673 4591 1799 4636 esset
1837 4599 1951 4636 eam

2055 3371 2152 3426 Est
2178 3380 2354 3425 autem
2370 3371 2698 3442 hyperbaton
2725 3370 2825 3428 hoc
2846 3372 3027 3429 modo.
3061 3373 3213 3442 Quod
3233 3376 3277 3430 si
3309 3374 3424 3432 haec
3446 3377 3645 3447 impos-

2054 3462 2226 3517 sibilia
2258 3462 2523 3528 videmus,
2543 3464 2685 3533 quod
2706 3480 2894 3520 sumus
2910 3465 3053 3520 enim
3075 3466 3339 3536 aliquibus
3360 3456 3465 3539 ipsi
3489 3469 3644 3539 prim,

2054 3554 2277 3624 cipium,
2296 3564 2347 3610 et
2364 3571 2696 3628 quaecunque
2721 3558 2992 3628 possibilia
3009 3570 3152 3628 sunt,
3172 3561 3289 3616 fieri
3328 3572 3569 3631 possunt,
3588 3573 3645 3621 et

2056 3663 2163 3701 non
2196 3647 2335 3703 ﬁeri.
2364 3648 2423 3703 Si
2458 3648 2620 3719 igitur
2643 3651 2906 3721 possibile
2928 3660 3013 3707 est
3036 3661 3092 3708 et
3111 3661 3167 3708 ut
3193 3653 3298 3707 sint
3316 3664 3370 3709 et
3387 3669 3497 3709 non
3514 3655 3643 3722 sint,
3661 3704 3689 3731 _.

2055 3738 2399 3794 manifestum
2430 3750 2637 3796 estnon
2655 3743 2837 3798 omnia
2863 3758 2928 3799 ex
2960 3744 3282 3800 necessitate
3302 3746 3641 3818 contingere,

2055 3831 2152 3887 sed
2181 3832 2284 3887 alia
2314 3834 2613 3904 aequaliter,
2642 3834 2743 3890 alia
2766 3850 2896 3891 vero
2930 3836 3150 3893 evenire
3189 3838 3404 3908 quidem
3432 3840 3486 3896 in
3520 3841 3645 3911 plu-

2055 3921 2228 3996 ribus,
2262 3924 2317 3977 in
2348 3923 2693 3991 paucioribus
2722 3939 2851 3981 vero
2882 3940 2989 3982 non
3023 3928 3264 3994 evenire,
3298 3931 3393 3985 sed
3434 3940 3491 3987 ut
3532 3945 3645 3989 non

2055 4015 2308 4069 eveniant
2333 4028 2557 4070 necesse
2587 4029 2691 4069 non
2724 4024 2824 4069 est.

2128 4112 2300 4186 Igitur
2320 4130 2427 4168 esse
2447 4115 2585 4184 quod
2612 4124 2709 4181 est,
2748 4116 2960 4187 quando
2990 4124 3083 4185 est,
3137 4126 3184 4172 et
3216 4133 3317 4172 non
3337 4135 3465 4188 esse,
3504 4137 3645 4192 quoa

2056 4222 2158 4261 non
2189 4215 2287 4273 esl,
2322 4208 2524 4275 quando
2556 4222 2658 4261 non
2690 4217 2785 4273 est,
2843 4223 3044 4263 necesse
3090 4218 3182 4264 est.
3229 4209 3336 4266 Sed
3371 4228 3471 4267 non
3495 4229 3644 4270 omne

2054 4300 2192 4369 quod
2225 4308 2319 4367 est,
2350 4302 2552 4356 necesse
2575 4312 2795 4365 estesse,
2819 4319 2908 4356 nec
2942 4320 3090 4359 omne
3122 4305 3260 4375 quod
3288 4322 3392 4361 non
3429 4317 3523 4376 est,
3555 4325 3645 4363 ne-

2057 4411 2195 4449 cesse
2221 4402 2292 4447 est
2326 4410 2428 4447 non
2456 4411 2583 4449 esse.
2616 4394 2738 4448 Non
2768 4396 2901 4450 enim
2941 4397 3077 4451 idem
3105 4407 3178 4451 est
3207 4415 3355 4453 omne
3381 4401 3523 4471 quod
3547 4410 3666 4470 est,

2057 4488 2342 4541 necessario
2365 4503 2495 4555 esse,
2528 4487 2736 4556 quando
2765 4499 2864 4552 est,
2895 4497 2941 4542 ct
2972 4490 3269 4560 simpliciter
3308 4507 3417 4545 esse
3459 4508 3521 4547 ea:
3549 4509 3645 4548 ne-

2059 4580 2315 4633 cessitate.
2351 4577 2607 4633 Similiter
2632 4588 2805 4632 autent
2833 4579 2953 4633 etin
2986 4596 3043 4634 eo
3067 4586 3201 4651 quod
3238 4597 3337 4643 non
3363 4592 3458 4638 est.
3496 4585 3565 4640 Et
3590 4587 3645 4641 in

360 4661 502 4725 prius
531 4664 711 4731 exteri,
736 4666 834 4718 nisi
865 4668 1107 4734 possibile
1136 4681 1258 4723 esset
1282 4688 1383 4723 non
1416 4673 1595 4725 incidi,
1624 4674 1795 4741 Quare
1824 4682 1874 4727 ει
1896 4676 1947 4729 in
1977 4651 2034 4712 D
2056 4670 2460 4723 contradictione
2482 4668 2658 4721 eadem
2679 4662 2813 4721 ratio
2836 4678 2930 4733 est,
2958 4686 3063 4725 esse
3086 4673 3288 4741 quidem
3313 4673 3388 4728 vel
3414 4692 3515 4728 non
3538 4691 3645 4731 esse

360 4752 473 4805 aliis
505 4754 707 4821 ﬂendis,
727 4774 1043 4829 quaecunque
1059 4762 1335 4814 secundum
1352 4765 1630 4831 potentiam
1653 4766 1950 4835 hujusmodi

360 4840 615 4899 dicuntur.
649 4846 982 4919 Manifestum
1014 4852 1167 4922 igitur
1188 4862 1259 4906 est
1284 4855 1524 4921 quoniam
1557 4872 1656 4908 non
1688 4857 1861 4909 omnia
1886 4873 1951 4911 ea:

358 4936 657 4988 necessitate
687 4938 764 4991 vel
789 4947 929 5004 sunt,
956 4940 1033 4993 vel
1058 4941 1211 5007 ﬁunt,
1239 4943 1330 4995 sed
1360 4944 1465 4995 alia
1509 4943 1717 5014 quidem
1744 4954 1948 4999 utrum-

358 5021 496 5087 libet,
526 5034 571 5077 et
601 5042 703 5081 non
731 5031 895 5100 magis
932 5032 1010 5084 vel
1050 5033 1340 5103 a/ﬁrmalio,
1374 5034 1450 5089 uel
1483 5039 1680 5107 negatio
1703 5055 1820 5093 vera
1851 5049 1946 5105 est,

357 5111 467 5165 alia
500 5131 617 5172 vero
647 5122 809 5191 magis
856 5123 1084 5192 quidem,
1107 5133 1155 5179 et
1187 5127 1239 5179 in
1273 5127 1508 5198 pluribus
1550 5134 1768 5184 alterum
1796 5176 1808 5199 ,
1860 5130 1951 5185 sed

359 5212 613 5282 contingit
650 5215 764 5283 ﬁeri
784 5225 832 5270 et
869 5218 1111 5286 alterum,
1141 5221 1360 5275 alterum
1392 5239 1508 5277 vero
1542 5226 1767 5278 minime.
1924 5211 1931 5217 ’

427 5324 668 5401 Longum
701 5333 1035 5403 hyperbaton
1068 5347 1173 5403 est,
1220 5337 1364 5408 quod
1394 5352 1494 5392 nos
1533 5340 1680 5407 prius
1729 5339 1950 5406 exponi—

353 5433 498 5487 mus,
556 5434 742 5489 postea
783 5428 1181 5484 continuamus.
1232 5428 1420 5499 Liquet
1460 5430 1605 5483 enim
1651 5429 1950 5496 aliquarum

351 5525 539 5565 rerum
574 5527 673 5566 nos
702 5529 825 5569 esse
865 5519 1211 5588 principium,
1241 5530 1300 5575 ut
1354 5529 1568 5574 actuum
1618 5527 1946 5576 nostrorum.

349 5600 409 5658 Si
440 5600 562 5670 quis
580 5602 722 5657 enim
753 5606 957 5676 aliquid
987 5610 1214 5663 consilio
1244 5611 1425 5674 faciat,
1470 5610 1727 5679 quidquid
1774 5612 1950 5666 consi-

351 5692 577 5750 liatione
630 5700 937 5766 peregerit,
984 5699 1103 5768 ejus
1167 5701 1243 5754 rei
1304 5701 1419 5770 ipse
1471 5702 1793 5771 principium
1844 5716 1944 5758 est.

354 5786 396 5840 A
425 5787 753 5843 consiliante
790 5791 932 5845 enim
961 5791 1166 5859 incipit,
1202 5792 1457 5864 quidquid
1482 5794 1692 5850 Ctlneiill
1730 5794 1949 5849 solertia

355 5874 721 5937 ministratur.
763 5881 898 5938 Sunt
922 5884 1065 5939 enim
1089 5885 1331 5955 quaedam
1368 5903 1489 5960 qua:
1512 5898 1635 5946 actu
1660 5902 1768 5944 non
1797 5895 1947 5954 sunt,

2058 4778 2224 4827 omne,
2251 4778 2451 4816 necesse
2471 4770 2565 4829 est,
2598 4772 2646 4816 et
2669 4763 2896 4833 futurum
2918 4777 3049 4827 esse,
3072 4762 3149 4817 vel
3168 4781 3290 4823 non.
3324 4764 3445 4821 Non
3474 4777 3646 4822 tamen

2057 4855 2363 4907 dividentem
2387 4855 2557 4908 dicere
2580 4856 2797 4910 alterum
2822 4858 3180 4911 necessarium.
3232 4857 3357 4912 Dico
3386 4870 3555 4915 autem
3588 4869 3647 4914 ut
3676 4896 3679 4897 ν

2056 4963 2256 5001 necesse
2280 4956 2353 5001 est
2373 4946 2579 5019 quidem
2610 4964 2718 5003 esse
2749 4951 2979 5019 futurum
3001 4949 3187 5005 bellum
3211 4954 3386 5008 navale
3408 4971 3543 5019 cras,
3567 4954 3645 5008 vel
3688 4986 3691 4989 -

2057 5056 2160 5095 non
2208 5041 2443 5110 futurum
2468 5057 2593 5095 esse.
2630 5040 2738 5096 Sed
2760 5057 2862 5095 non
2908 5059 3110 5099 necesse
3162 5051 3234 5098 est
3274 5044 3507 5114 futurum
3536 5060 3646 5099 esse
3680 5078 3685 5082 ε

2059 5152 2173 5190 cras
2223 5136 2409 5189 bellum
2432 5136 2633 5199 navale,
2678 5134 2757 5189 vel
2802 5152 2901 5189 non
2940 5141 3170 5207 futurum
3208 5153 3334 5192 esse.
3385 5135 3650 5192 Futurum
3685 5178 3691 5185 .

2062 5240 2227 5284 autem
2259 5230 2336 5283 vel
2356 5246 2481 5294 esse,
2516 5231 2591 5284 vel
2614 5246 2715 5283 non
2733 5246 2843 5283 esse
2869 5246 3068 5284 necesse
3088 5240 3179 5284 est.

2131 5319 2283 5373 Nunc
2314 5320 2440 5391 quid
2488 5323 2557 5374 sit
2608 5300 2972 5377 necessarium
3026 5319 3321 5388 temporale
3365 5319 3644 5376 describit.

2058 5415 2147 5468 Ait
2186 5415 2330 5467 enim
2363 5414 2538 5467 omnis
2570 5428 2656 5467 res
2680 5413 2893 5481 quando
2915 5422 3014 5478 est,
3043 5428 3161 5467 eam
3185 5414 3302 5468 sine
3329 5413 3493 5469 dubio
3522 5430 3643 5472 esse

2060 5521 2283 5562 necesse
2313 5517 2416 5560 εει.
2446 5504 2559 5558 Non
2602 5504 2741 5559 enim
2772 5504 2886 5557 ﬁeri
2933 5513 3103 5572 potest
3133 5511 3193 5559 ut
3233 5519 3353 5558 cum
3389 5514 3492 5569 est,
3536 5521 3689 5571 non,

2058 5603 2149 5667 sit,
2182 5608 2237 5653 et
2267 5612 2452 5652 rursus
2479 5609 2565 5650 res
2592 5610 2709 5661 qua:
2739 5611 2843 5667 non
2869 5606 2974 5658 est,
3005 5596 3223 5663 quando
3260 5612 3363 5652 non
3393 5605 3494 5661 cst,
3523 5611 3643 5652 eam

2060 5708 2164 5745 non
2214 5704 2333 5744 esse
2386 5701 2605 5743 necesse
2638 5694 2740 5752 est,
2799 5702 2976 5757 neque
3005 5688 3146 5742 enim
3183 5688 3295 5745 ﬁeri
3354 5698 3549 5758 potest,
3588 5700 3643 5744 ut

2057 5784 2269 5857 quamlo
2296 5798 2398 5836 non
2433 5791 2532 5849 est,
2590 5779 2836 5844 si;;.sed
2887 5780 2933 5860 si
2970 5782 3184 5851 quando
3210 5792 3317 5854 est,
3356 5796 3481 5855 eam
3524 5796 3644 5839 esse

2059 5897 2284 5941 necesse
2311 5890 2411 5947 est,
2448 5880 2499 5936 id
2533 5889 2638 5950 εει,
2683 5896 2790 5938 non
2823 5868 3045 5953 simplex
3080 5883 3474 5952 necessarium,
3505 5883 3646 5942 sicut
