4280 6268
568 351 678 413 539

1820 350 1925 408 AN.
1966 348 2178 411 MAN!»
2214 349 2367 405 ΜΝ.
2410 348 2633 407 Βοετιι

3750 347 3855 405 δω

571 446 743 525 solem
763 467 891 522 oriri
913 463 1247 532 simpliciter,
1275 462 1370 516 sed
1388 463 1755 531 temporaiiter
1770 464 2156 530 necessarium,
2190 464 2246 527 Α
2268 462 2409 533 quod
2440 472 2522 518 est
2552 469 2747 532 praeter
2765 464 3021 536 temporis
3043 464 3402 538 adiectionem
3434 482 3447 518 ε
3478 467 3551 523 ita
3573 467 3855 525 incontra-

575 562 638 615 ut
658 559 842 620 sedeo.
870 571 976 610 non
1025 553 1229 608 idcirco
1278 552 1628 624 simpliciter.
1672 563 1727 610 et
1756 555 1875 611 sine
1907 556 2164 625 temporis

572 652 862 725 prasentis
909 648 1271 718 descriptione
1308 662 1376 703 es
1430 648 1751 704 necessitate
1800 657 1904 704 est.
1934 648 2169 716 Quando

571 744 719 802 enim
745 741 929 806 sedeo,
961 754 1067 795 non
1098 745 1276 810 potest
1315 739 1427 796 ﬁeri
1457 747 1515 795 ut
1562 754 1666 795 non
1712 739 1951 804 sedeam,
1980 751 2036 796 et
2064 754 2163 796 ne-

572 848 729 892 cesse
754 840 837 890 est
858 832 989 888 mibi
1040 841 1167 887 tunc
1210 832 1405 889 sedere
1448 846 1570 888 cum
1622 830 1819 899 sedeo,
1859 831 1956 888 sed
1986 832 2159 901 ipsum

569 927 762 984 sedere
805 925 939 982 mibi
995 939 1102 981 non
1141 939 1206 981 ex
1233 925 1554 981 necessitate
1578 923 1746 990 inest,
1774 938 1988 993 possum
2018 923 2161 980 enim

571 1031 819 1089 surgere.
844 1016 1053 1073 Rursus
1097 1030 1219 1072 cum
1246 1032 1351 1073 non
1381 1015 1566 1084 sedeo,
1594 1026 1720 1073 tunc
1763 1015 1892 1071 mihi
1943 1030 2162 1079 necesse

571 1118 656 1166 est
685 1126 791 1166 non
824 1109 1038 1175 sedere.
1082 1108 1177 1164 sed
1204 1110 1380 1180 ipsum
1412 1123 1516 1163 non
1548 1106 1761 1174 sedere,
1790 1106 1921 1163 mihi
1957 1123 2022 1163 ex
2067 1120 2159 1163 ne-

569 1204 831 1261 cessitate
864 1218 973 1259 non
1002 1204 1161 1270 inest,
1197 1214 1416 1273 possum
1442 1200 1592 1259 enim
1622 1200 1813 1258 sedere
1840 1218 1854 1266 ;
1879 1217 2005 1272 ergo
2022 1201 2160 1269 quod

574 1308 681 1364 est,
705 1297 924 1369 quando
952 1304 1056 1362 est,
1086 1310 1151 1350 ex
1184 1294 1504 1351 necessitate
1531 1306 1634 1361 est,
1666 1305 1719 1349 et
1746 1295 1888 1366 quod
1922 1310 2028 1349 non
2057 1302 2155 1357 est,

573 1399 705 1444 tunc
731 1403 850 1444 cum
897 1400 1005 1443 non
1034 1398 1137 1455 est,
1173 1385 1285 1443 ﬁeri
1332 1396 1390 1443 ut
1436 1401 1540 1441 llOli
1560 1387 1631 1443 sit
1661 1400 1765 1443 non
1798 1396 1990 1456 potest.
2046 1385 2158 1441 Non

573 1491 755 1537 tamen
780 1483 957 1537 omnia
990 1492 1324 1550 quaecunque
1358 1483 1483 1534 sunt
1522 1487 1614 1533 aut
1648 1490 1759 1534 non
1798 1486 1945 1548 sunt,
1974 1486 2064 1532 aut
2088 1484 2161 1533 es

574 1566 897 1631 necessitate
923 1582 1070 1639 sunt,
1097 1582 1296 1643 praeter
1331 1572 1589 1643 temporis
1626 1572 1911 1641 praesentis
1947 1582 2158 1626 nuncu-

573 1666 865 1735 pationem,
896 1676 1073 1723 antes
1108 1666 1431 1723 necessitate
1475 1676 1586 1720 non
1632 1674 1775 1731 sunt,
1821 1664 1965 1720 nulla
2008 1677 2159 1721 men-

573 1759 719 1813 tione
760 1756 1038 1827 praasentis
1066 1755 1322 1825 temporis
1362 1754 1521 1812 facta.
1556 1756 1732 1825 Quare
1778 1770 1885 1811 non
1921 1763 2024 1816 est.
2079 1753 2160 1809 in-

2268 552 2507 609 dictione
2549 555 2899 626 contingenti,
2927 556 3342 617 afﬁrmationem
3371 559 3591 632 quidem
3630 560 3719 617 vel
3761 574 3854 619 ne-

2266 646 2538 717 gationem
2594 662 2776 703 veram
2816 661 2940 706 esse
2980 664 3204 707 necesse
3259 661 3365 720 est,
3411 668 3523 710 non
3551 661 3730 709 tamen
3770 650 3858 710 vel

2271 737 2683 795 afﬁrmationem
2712 740 3034 812 simpliciter
3058 758 3121 801 ac
3148 743 3369 803 deﬁnite
3396 760 3607 817 veram,
3649 744 3735 802 vel
3764 759 3859 802 ne-

2264 832 2561 903 gationem,
2613 832 2707 887 sed
2739 833 3050 894 utramlibet
3104 844 3160 893 et
3202 852 3361 907 quam
3412 845 3574 895 certa
3613 833 3861 895 veritatis

2277 922 2614 980 constituerit
2641 932 2885 981 eventus.

2342 1026 2513 1093 Quare
2533 1030 2771 1098 quoniam
2803 1028 3037 1085 similiter
3070 1032 3328 1087 orationes
3360 1044 3493 1085 uerte
3516 1037 3659 1097 sunt,
3678 1045 3857 1100 quem-

2270 1116 2548 1173 admodum
2573 1126 2620 1172 et
2646 1134 2750 1187 res,
2795 1120 3126 1191 ntanifeslum
3155 1128 3251 1191 est,
3278 1121 3521 1192 quoniam
3544 1135 3861 1192 quaecunque

2264 1210 2337 1267 sic
2362 1227 2415 1265 se
2441 1211 2651 1279 habent,
2683 1221 2737 1266 ut
2780 1210 3071 1267 utrumlibet
3099 1212 3229 1277 sint,
3252 1220 3299 1266 et
3320 1212 3583 1266 contraria
3622 1208 3856 1279 ipsorum

2266 1304 2582 1373 contingant,
2610 1318 2811 1359 necesse
2854 1313 2923 1361 est
2952 1303 3188 1358 similiter
3215 1319 3267 1359 se
3295 1303 3479 1358 habere
3506 1311 3556 1358 et
3587 1300 3853 1357 contracti.

2266 1395 2507 1463 stionem,
2530 1396 2668 1465 quod
2699 1394 2946 1466 contingit
2974 1395 3028 1448 in
3048 1393 3131 1451 his
3157 1408 3274 1464 quis
3297 1410 3399 1449 non
3420 1409 3617 1464 semper
3641 1400 3781 1460 sunt,
3806 1397 3857 1447 et

2264 1499 2371 1540 non
2400 1500 2597 1555 semper
2626 1499 2727 1540 non
2749 1494 2891 1539 sunt.
2922 1483 2972 1539 11
2980 1501 3128 1539 orum
3153 1484 3291 1539 enim
3313 1499 3515 1538 necesse
3539 1490 3609 1537 est
3638 1482 3861 1538 alterum

2263 1583 2461 1645 parte»:
2496 1573 2907 1630 contradictionis
2934 1587 3106 1630 veram
3146 1590 3255 1631 esse
3287 1575 3364 1632 vel
3391 1575 3597 1647 falsam.
3634 1573 3761 1629 Non
3781 1582 3859 1629 ω.

2260 1679 2376 1719 men
2405 1664 2500 1719 hoc
2533 1665 2609 1721 vel
2652 1664 2816 1731 illud,
2863 1665 2953 1721 sed
2983 1664 3310 1734 utrumlibet,
3342 1674 3391 1720 et
3436 1664 3603 1736 magis
3642 1666 3848 1736 quidem

2263 1757 2481 1811 alteram
2504 1771 2691 1823 ueram,
2717 1773 2819 1811 non
2843 1768 3009 1813 tamen
3018 1758 3134 1829 jam
3164 1774 3333 1813 veram
3354 1760 3433 1815 vel
3458 1759 3661 1830 falsam.
3688 1759 3858 1829 Quare

574 1852 713 1922 quit,
744 1852 883 1908 idem
936 1850 1304 1921 temporaliter
1350 1851 1715 1906 necessarium
1766 1861 1917 1915 esse,
1963 1858 2019 1903 ut
2074 1856 2159 1904 est
2189 1843 2237 1906 B
2264 1849 2590 1919 manifestum
2618 1858 2714 1912 est,
2737 1847 2980 1917 quoniam
3004 1865 3109 1903 non
3124 1859 3200 1905 est
3225 1866 3426 1908 necesse
3446 1851 3610 1905 omnis
3630 1850 3858 1922 afﬁrma-

574 1946 851 2002 mihicum
881 1945 1064 2012 sedeo,
1110 1955 1164 1999 ct
1211 1943 1526 2013 simpliciter
1567 1957 1633 1999 ex
1665 1942 1987 1997 necessitate
2014 1952 2155 2005 esse,

573 2042 634 2092 ut
657 2034 857 2091 homini
910 2033 1230 2102 mortalitas,
1260 2044 1357 2090 nec
1386 2031 1535 2088 idem
1582 2040 1681 2096 e~t,
1742 2045 1867 2087 cum
1918 2045 2028 2087 non
2076 2040 2161 2089 est

572 2122 883 2183 necessario
922 2139 1030 2181 non
1087 2136 1229 2191 esse,
1287 2132 1341 2180 ut
1387 2122 1514 2178 mihi
1562 2138 1682 2177 cum
1727 2136 1831 2177 nou
1863 2121 2028 2178 sedeo
2055 2135 2160 2179 non

571 2215 715 2275 inest
742 2200 960 2285 sedere,
980 2225 1035 2273 et
1060 2214 1205 2286 quod
1245 2214 1561 2286 simpliciter
1602 2229 1671 2271 ex
1705 2215 2029 2271 necessitate
2053 2224 2159 2270 non

571 2305 770 2376 habeo,
795 2317 855 2365 ut
878 2316 992 2365 tres
1017 2307 1203 2366 oculos
1248 2307 1328 2364 vel
1356 2306 1842 2371 immortalitatem,
1873 2316 2034 2377 atque
2061 2304 2161 2361 hoc

573 2407 657 2457 est
686 2398 827 2470 (loud
862 2400 957 2471 ait,
983 2399 1232 2456 similiter
1260 2407 1440 2456 autem
1462 2407 1519 2454 et
1546 2399 1600 2454 in
1631 2412 1696 2455 eo
1722 2398 1867 2469 quod
1910 2414 2019 2453 non
2055 2406 2158 2452 est.

572 2488 689 2548 Hoc
712 2502 892 2549 autem
921 2506 1019 2550 cur
1041 2490 1240 2548 dixerit
1281 2492 1541 2563 sequitur,
1577 2501 1628 2549 et
1655 2490 1707 2545 in
1729 2489 2162 2546 contradictione

572 2582 766 2640 eadem
811 2584 949 2640 ratio
997 2592 1101 2649 est,
1159 2598 1283 2639 esse
1339 2583 1559 2653 quidem
1602 2582 1684 2638 vel
1727 2599 1835 2639 non
1855 2596 1975 2638 esse
2002 2596 2165 2638 omne

574 2687 799 2732 necesse
820 2684 923 2740 est,
945 2684 998 2731 et
1020 2674 1256 2730 futurum
1279 2688 1399 2729 esse
1420 2676 1502 2729 vel
1528 2690 1633 2729 non
1656 2688 1797 2730 esqe.
1831 2672 2036 2729 Similis
2057 2684 2161 2740 est,

574 2768 773 2838 inquit,
817 2766 953 2823 ratio
984 2768 1035 2822 in
1082 2765 1597 2824 contradictionibus
1627 2766 2165 2837 contingentibus,“

572 2858 633 2915 in
664 2858 747 2915 bis
774 2873 916 2931 quae,
941 2873 1061 2916 cum
1110 2868 1257 2928 sunt,
1283 2858 1575 2917 secundum
1608 2867 1816 2929 tempus
1858 2860 2162 2915 necessaria

570 2960 720 3021 sunt,
752 2950 1072 3026 simpliciter
1104 2964 1283 3010 autem
1333 2952 1635 3010 necessaria
1682 2968 1790 3009 non
1832 2962 1974 3009 sunt.
2031 2950 2162 3009 Nam

569 3043 633 3103 lu
655 3043 849 3103 futuris
872 3055 927 3103 et
965 3045 1016 3100 in
1042 3044 1482 3117 contingentibus
1510 3044 2050 3112 contradictionibus,
2084 3053 2164 3101 to-

576 3144 685 3195 tam
702 3138 915 3209 quidem
935 3138 1416 3195 contradictionem
1433 3153 1652 3197 necesse
1680 3148 1764 3196 est
1791 3153 1950 3195 unam
1983 3152 2163 3195 veram

2266 1941 2417 1996 tionis
2443 1950 2489 1995 et
2518 1942 2803 2012 negationis
2833 1943 3188 2013 oppositurum
3234 1944 3366 1998 hanc
3406 1944 3607 2014 quidem
3642 1960 3814 1999 ueram
3834 1983 3852 2011 ,

2263 2031 2413 2087 illam
2438 2046 2554 2087 vero
2586 2032 2775 2102 falsam
2816 2047 2943 2087 esse.
2977 2030 3159 2103 Neque
3181 2034 3319 2088 enim
3350 2034 3777 2099 quemadmodum
3799 2034 3857 2089 in

2267 2123 2345 2178 his
2367 2138 2481 2193 quis
2497 2132 2637 2189 sunt,
2660 2124 2734 2178 sic
2754 2139 2806 2179 se
2833 2137 2913 2178 res
2931 2122 3079 2178 habet
3106 2123 3258 2179 etiam
3275 2124 3330 2178 in
3353 2122 3435 2179 Itis
3451 2139 3564 2195 quia
3591 2140 3694 2179 non
3717 2129 3855 2190 sunt,

2266 2213 2589 2286 possibilibus
2617 2222 2787 2270 tamen
2828 2229 2967 2281 esse,
3002 2216 3079 2270 vel
3107 2230 3210 2271 non
3238 2230 3345 2271 esse
3364 2256 3379 2283 ,
3410 2213 3500 2269 sed
3528 2214 3857 2285 quemadmo-

2266 2307 2389 2361 dum
2426 2307 2621 2363 dictum
2650 2315 2745 2364 est.

2340 2421 2567 2487 Habent,
2599 2420 2790 2491 inquit,
2821 2420 3119 2491 quamdam
3137 2420 3513 2493 cognationem
3538 2433 3649 2491 res,
3678 2428 3736 2478 et
3762 2418 3861 2479 ἱηι

2267 2528 2387 2583 quae
2415 2528 2502 2571 res
2532 2516 2675 2584 ipsas
2694 2513 2909 2585 prepria
2937 2511 3330 2585 signiﬁcatione
3354 2512 3654 2584 designant.
3677 2512 3860 2582 Quane

2268 2609 2321 2657 et
2348 2600 2520 2655 oratio
2564 2613 2682 2669 qua:
2726 2599 2975 2669 designat
3015 2607 3176 2670 atque
3216 2599 3481 2670 signiﬁcat
3507 2613 3621 2656 rem
3643 2642 3659 2667 ,
3691 2599 3767 2656 sic
3795 2612 3856 2654 se

2271 2690 2509 2758 habebit,
2540 2690 2991 2762 quemadmodum
3012 2705 3099 2747 res
3126 2692 3241 2760 ipsa
3263 2701 3367 2747 est.
3399 2691 3539 2765 Ergo
3565 2690 3613 2749 si
3631 2706 3719 2751 res
3749 2704 3857 2751 nun

2270 2780 2448 2851 fuerit,
2484 2782 2615 2839 falsa
2648 2783 2819 2839 oratio
2850 2792 2965 2851 est;
2996 2784 3042 2839 si
3072 2797 3159 2840 res
3191 2782 3371 2851 fuerit,
3391 2796 3517 2839 vera
3541 2782 3716 2842 oratio
3744 2792 3855 2852 est;

2271 2885 2325 2931 et
2353 2860 2399 2933 si
2431 2891 2557 2932 vera
2585 2876 2667 2933 vel
2697 2876 2828 2933 falsa
2855 2874 3029 2934 oratio
3048 2883 3153 2943 est,
3178 2875 3281 2933 erit
3314 2873 3366 2931 id
3389 2875 3533 2947 quod
3560 2876 3756 2932 dicitur
3776 2876 3863 2936 vel

2270 2982 2379 3026 non
2412 2968 2532 3035 erit,
2570 2975 2627 3024 ut
2653 2965 2755 3023 sibi
2783 2982 2870 3025 res
2896 2976 2950 3024 et
2991 2968 3165 3027 oratio
3207 2975 3615 3027 convertantur.
3648 2966 3793 3037 Ergo
3818 2967 3863 3024 si

2272 3075 2360 3116 res
2407 3062 2698 3117 constituta
2731 3075 2835 3118 non
2866 3069 2973 3131 est,
3002 3074 3103 3119 nec
3132 3059 3351 3121 deﬁnita
3382 3060 3706 3117 necessitate
3736 3074 3861 3130 pro-

2274 3155 2527 3219 veniens,
2557 3169 2655 3211 nec
2685 3153 2775 3211 illa
2803 3156 3009 3224 oratio,
3038 3162 3161 3225 quae
3205 3167 3320 3212 rem
3360 3152 3533 3227 ipsam
3576 3152 3820 3224 designat
3844 3193 3861 3218 ,

574 3228 775 3323 Ριβετθ
792 3239 1017 3323 Panem.
1036 3230 1265 3323 finem"
1285 3228 1496 3323 Γδιξίηηι
1518 3240 1575 3287 ιη
1594 3231 1773 3300 Siquis
1789 3231 2021 3287 θωτιηθῑ
2042 3245 2163 3288 cm
2199 3221 2249 3286 (ἶ
2274 3245 2509 3306 definitae
2536 3255 2619 3305 est
2647 3246 2903 3305 veritatis.
2933 3221 3078 3319 Ergo
3109 3247 3169 3304 in
3193 3221 3399 3317 quibus?
3418 3244 3587 3307 rebus
3608 3221 3869 3323 possibile

574 3318 774 3378 bellum
808 3321 995 3378 navale
1027 3321 1301 3388 futurum;
1333 3322 1387 3375 id
1419 3336 1547 3392 ergo
1572 3336 1678 3379 non
1709 3329 1790 3379 est
1832 3334 2087 3379 necesse:
2113 3330 2167 3379 et

573 3425 767 3471 rursus
789 3414 836 3469 si
860 3414 979 3484 quis
1011 3424 1171 3483 neget
1218 3428 1325 3469 non
1371 3413 1628 3484 futurum,
1691 3422 1775 3471 est
1830 3412 2046 3486 quidem
2075 3424 2167 3471 aut

575 3520 719 3573 esse,
741 3514 835 3561 aut
859 3518 968 3562 non
985 3518 1106 3561 esse
1136 3519 1385 3571 necesse,
1416 3504 1513 3562 scd
1541 3518 1649 3561 non
1663 3512 1748 3561 est
1776 3518 2000 3563 necesse
2023 3518 2164 3571 esse,

575 3610 679 3653 nec
717 3608 902 3654 rursus
946 3609 1169 3655 necesse
1223 3605 1306 3654 cst
1354 3612 1463 3653 non
1502 3610 1653 3664 esse,
1688 3594 1784 3652 sed
1826 3600 2033 3653 tantum
2075 3605 2167 3654 aut

564 3701 697 3746 esse
717 3697 810 3745 aut
839 3702 944 3745 non
972 3701 1122 3755 esse;
1153 3686 1359 3745 idcirco.
1398 3695 1518 3745 tota.
1535 3686 1753 3759 quidem
1783 3689 2164 3758 contradictio,

573 3792 734 3836 unam
782 3779 1000 3840 habebit
1044 3790 1249 3849 partem
1294 3796 1497 3853 veram,
1545 3781 1769 3839 alteram
1819 3780 2165 3851 lalsam,sed

572 3885 680 3926 non
742 3871 846 3930 erit
909 3874 1147 3941 ipsorum
1191 3887 1297 3929 una
1347 3871 1565 3929 deﬁnite
1608 3886 1756 3942 vera,
1813 3870 1949 3930 falsa
1995 3874 2162 3931 altera

574 3964 815 4021 definite.
852 3963 907 4021 in
956 3964 1243 4034 praeteritis
1294 3965 1439 4022 enim
1466 3965 1548 4025 sic
1599 3965 1830 4026 dicimus
1862 3983 1875 4022 :
1906 3964 2163 4025 Romulus

572 4057 801 4115 Romam
851 4057 1118 4127 condidit,
1176 4058 1433 4115 Romulus
1465 4058 1693 4117 Romam
1726 4074 1836 4118 non
1871 4059 2161 4126 condidit;

571 4153 681 4205 una
711 4149 927 4220 quidem
951 4165 1075 4207 vera
1102 4158 1206 4219 est,
1235 4148 1404 4207 altera
1435 4150 1593 4223 falsa,
1613 4151 1710 4217 sed
1733 4151 1791 4209 ln
1822 4152 1904 4209 bis
1938 4152 2163 4210 deﬁnite

573 4259 699 4299 vera
733 4252 815 4301 est
843 4243 1150 4312 afﬁrmatio,
1173 4241 1393 4300 deﬁnite
1422 4242 1570 4303 falsa
1598 4245 1834 4317 negatio.
1866 4245 2002 4304 Nam
2031 4247 2161 4319 quia

572 4335 714 4404 quod
746 4335 944 4392 factum
975 4346 1078 4404 est,
1109 4333 1224 4392 ﬁeri
1247 4342 1309 4390 ut
1330 4333 1533 4393 factum
1556 4350 1665 4394 non
1696 4337 1787 4404 sit,
1822 4351 1930 4396 non
1962 4349 2158 4408 potest,

574 4430 696 4486 ideo
727 4429 946 4486 ιιειιηιιε
976 4428 1029 4486 in
1060 4428 1333 4499 praeterito
1353 4426 1714 4491 contradictio
1744 4443 1869 4490 vera
1912 4431 1996 4487 vel
2025 4430 2160 4489 talea

573 4530 673 4576 est.
708 4522 761 4575 In
790 4520 981 4579 tuturis
1009 4535 1136 4579 vero
1166 4520 1627 4593 propositionibus
1655 4538 1767 4582 non
1804 4521 1945 4582 idem
1994 4522 2163 4582 estin

2275 3348 2362 3397 est
2409 3354 2515 3395 non
2544 3339 2705 3395 modo
2731 3351 2852 3396 esse
2870 3378 2885 3407 ,
2918 3338 3015 3396 sed
3043 3339 3206 3396 etiam
3235 3353 3344 3399 non
3372 3353 3493 3398 esse
3519 3340 3858 3413 contingere,

2274 3429 2327 3487 in
2361 3427 2445 3485 bis
2464 3428 2752 3485 afﬁrmatio
2775 3438 2829 3487 et
2858 3430 3071 3502 negatio
3100 3428 3421 3488 utrumlibet
3442 3442 3560 3488 sese
3584 3430 3773 3500 habet,
3803 3440 3860 3488 et

2270 3519 2723 3589 quemadmodum
2755 3534 2867 3576 rem
2899 3520 3067 3591 ipsam
3085 3560 3102 3589 ,
3131 3528 3188 3579 et
3220 3534 3344 3580 esse
3371 3528 3559 3579 etnon
3583 3534 3704 3578 esse
3728 3535 3859 3579 con-

2274 3610 2453 3681 tingit,
2481 3610 2553 3665 ita
2576 3624 2791 3682 quoque
2810 3610 3290 3670 contradictionem
3312 3619 3369 3670 et
3394 3626 3574 3670 veram
3595 3622 3651 3672 et
3670 3612 3859 3671 falsam

2274 3718 2396 3762 esse
2422 3703 2699 3761 indeﬁnite
2750 3703 3047 3773 proveniet.
3098 3704 3209 3762 Hoc
3238 3715 3415 3763 autem
3444 3706 3497 3762 in
3522 3707 3715 3777 quibus
3744 3704 3855 3772 ﬁat,

2272 3794 2389 3866 ipse
2415 3796 2672 3864 declarat,
2703 3798 2778 3854 ait
2798 3797 2941 3854 enim
2972 3817 2985 3852 :
3011 3797 3068 3854 in
3095 3797 3179 3856 his
3198 3813 3319 3872 quae
3344 3814 3454 3856 non
3483 3813 3692 3870 semper
3708 3808 3853 3867 sunt,

2271 3896 2329 3947 et
2358 3903 2463 3946 non
2490 3902 2705 3960 semper
2733 3904 2840 3947 non
2869 3899 3014 3960 sunt,
3043 3892 3162 3948 sola
3187 3892 3328 3950 enim
3360 3902 3488 3951 sunt
3513 3908 3633 3965 quae
3657 3901 3712 3950 et
3736 3906 3856 3950 esse

2269 3986 2453 4040 etnon
2474 3992 2594 4037 esse
2614 3980 2950 4051 contingunt,
2978 3996 3098 4053 quae
3124 3996 3231 4041 non
3258 3998 3475 4056 semper
3499 3993 3644 4053 sunt,
3669 3994 3724 4042 et
3751 4000 3856 4041 nou

2274 4083 2487 4145 scalper
2513 4087 2620 4129 non
2649 4081 2811 4141 sunt;
2841 4073 2888 4131 si
2918 4074 3061 4132 enim
3094 4089 3310 4151 semper
3337 4086 3540 4147 essent,
3567 4085 3739 4133 status
3764 4091 3857 4133 eo-

2271 4180 2392 4224 rum
2423 4166 2616 4223 mutari
2664 4180 2769 4224 non
2816 4177 3035 4239 posset,
3068 4176 3230 4243 atque
3276 4169 3398 4228 ideo
3442 4184 3506 4228 ex
3538 4170 3856 4227 necessitate

2270 4268 2485 4327 essent;
2517 4259 2562 4315 si
2596 4268 2773 4318 autem
2802 4273 3015 4331 semper
3042 4275 3148 4318 non
3196 4271 3395 4331 essent,
3444 4273 3535 4317 eas
3564 4273 3667 4315 non
3695 4270 3815 4316 esse
3835 4301 3851 4327 ,

2272 4366 2499 4411 necesse
2528 4361 2696 4412 esset.
2732 4353 2945 4412 Etenim
2973 4352 3109 4411 sicut
3157 4354 3269 4426 ipsa
3296 4360 3487 4410 natura
3518 4366 3698 4410 rerum
3724 4367 3854 4409 eve-
3899 4366 3908 4375 ‘

2270 4442 2533 4501 uiantium
2567 4454 2650 4502 est
2675 4445 2821 4503 varia
2838 4486 2857 4517 ,
2886 4447 2957 4501 ita
2982 4457 3195 4516 quoque
3237 4443 3409 4502 altera
3434 4458 3560 4515 pars
3585 4444 3856 4501 contradi-

2270 4532 2464 4594 ctionis
2487 4534 2647 4594 habet
2673 4534 2986 4595 variabilem
3014 4536 3313 4603 variatam,
3333 4544 3387 4594 et
3406 4550 3622 4608 semper
3639 4536 3856 4609 quidem

574 4613 661 4669 bis
686 4613 889 4675 scilicet
910 4629 1031 4684 quae
1060 4612 1431 4687 contingentia
1456 4611 1762 4687 signiﬁcant
1800 4623 1859 4675 ut
1896 4616 1944 4673 si
1982 4615 2165 4675 dicam
2191 4602 2246 4667 D

2191 4602 2246 4667 D
2268 4638 2395 4685 vera
2426 4629 2510 4686 vel
2567 4628 2698 4686 falsa
2746 4639 2861 4699 est,
2893 4643 2999 4688 non
3028 4637 3207 4686 tamen
3234 4602 3341 4685 uua
3386 4602 3638 4698 deﬁnite,
3658 4602 3729 4685 ut
3758 4628 3857 4684 hoc

574 4700 904 4761 Philoxenus
950 4712 1261 4763 coenaturus
1302 4713 1424 4776 est,
1474 4704 1806 4766 Pbiioxenus
1852 4718 2163 4766 cmoritur-us

570 4810 680 4851 non
709 4805 809 4853 est.
833 4792 889 4851 in
917 4805 1025 4853 tota
1056 4794 1275 4868 quidem
1300 4796 1751 4865 contradictione,
1773 4810 1879 4856 una
1909 4813 2036 4858 vera
2056 4809 2160 4868 est,

565 4889 741 4945 altera
766 4886 925 4958 falsa,
957 4887 1051 4946 sed
1083 4890 1264 4949 nullus
1289 4900 1466 4963 potest
1489 4892 1756 4961 dividere,
1790 4903 1847 4953 ut
1876 4894 2023 4954 dicat
2070 4906 2161 4954 aut

569 4979 999 5038 aiﬁrmatiouem
1042 4982 1336 5042 constitute
1361 4993 1419 5043 et
1447 4984 1673 5045 deﬁnite
1702 5001 1887 5046 veram
1914 5003 2033 5047 esse
2062 5001 2156 5048 aut

574 5074 945 5149 negationem.
988 5078 1127 5132 Ante
1147 5074 1292 5133 enim
1319 5090 1481 5147 quam
1502 5086 1703 5154 coenet,
1727 5080 2062 5141 indeﬁnitum
2080 5090 2165 5144 est

568 5174 627 5225 et
657 5167 913 5223 variabile
970 5182 1038 5224 an
1081 5174 1279 5226 eteaet.
1331 5168 1635 5241 «Postquam
1687 5186 1814 5233 vero
1867 5176 2163 5236 omnaverlt

568 5261 909 5331 prmteritum
964 5258 1239 5331 deﬁnitur,
1272 5262 1434 5335 igitur
1455 5274 1552 5323 aut
1576 5280 1699 5327 esse
1748 5278 1841 5327 aut
1885 5286 1993 5329 non
2034 5283 2156 5332 esse

570 5351 773 5423 aliquid
801 5352 854 5409 in
894 5350 1087 5411 futuris
1134 5354 1655 5416 contradictionibus
1698 5368 1920 5420 necesse
1948 5373 2048 5421 est.
2092 5364 2160 5424 Ut

568 5452 748 5501 autem
778 5458 943 5501 unum
976 5444 1088 5515 ﬁat,
1117 5454 1171 5503 et
1200 5450 1366 5507 unum
1393 5461 1501 5509 non
1522 5449 1638 5520 ﬁat,
1670 5463 1779 5511 non
1803 5464 1886 5514 est
1913 5468 2158 5522 necesse,

574 5537 630 5595 in
681 5554 791 5611 quo
819 5538 980 5611 igitur
1020 5540 1321 5601 similitudo
1367 5550 1451 5601 est
1496 5543 1860 5617 contingentis
1890 5542 2166 5607 contradi-

571 5629 765 5686 ctionis
787 5640 844 5688 et
872 5632 1202 5704 temporalis,
1248 5647 1426 5706 neque
1472 5635 1738 5709 simplicis
1788 5640 2166 5699 necessitatis?

573 5720 628 5778 in
654 5734 723 5775 eo
744 5722 972 5791 scilicet,
993 5725 1116 5794 quia
1169 5727 1311 5783 sicut
1336 5740 1561 5787 necesse
1606 5740 1691 5787 est
1718 5743 1847 5789 esse
1886 5736 2027 5803 quod
2057 5744 2163 5803 est,

572 5811 793 5887 quando
817 5818 922 5893 est,
948 5827 1059 5875 non
1088 5825 1267 5877 tamen
1306 5817 1625 5899 simpliciter
1658 5837 1883 5886 necesse
1909 5835 1993 5889 est
2018 5840 2162 5905 esse,

2271 4732 2456 4778 verum
2492 4721 2562 4778 sit
2589 4719 2967 4791 determinate,
3009 4730 3101 4779 aut
3130 4721 3280 4789 illud,
3308 4719 3401 4778 sed
3429 4721 3761 4778 utrumlibet.
3794 4718 3861 4777 Et

2270 4812 2411 4870 sicut
2435 4817 2606 4871 status
2627 4812 2741 4884 ipse
2772 4826 2951 4870 rerum
2991 4811 3265 4870 mutabilis
3295 4820 3399 4883 est,
3428 4812 3501 4867 ita
3521 4826 3735 4884 quoque
3770 4827 3860 4867 ve-

2274 4910 2409 4970 ritas
2458 4921 2551 4970 aut
2586 4911 2789 4970 falsitas
2842 4910 3267 4984 propositionum
3315 4911 3630 4969 dubitabilis
3657 4912 3760 4981 sit,
3808 4920 3863 4967 et

2278 5001 2493 5062 eveniet
2533 5002 2771 5073 quidem,
2814 5001 2951 5059 utin
2984 5001 3249 5072 aliquibus
3278 5002 3609 5075 frequentius
3648 5017 3751 5059 una
3792 5002 3863 5059 sit

2276 5108 2425 5163 vera,
2458 5110 2568 5153 non
2608 5104 2786 5152 tamen
2810 5110 3048 5167 semper,
3077 5104 3133 5153 et
3162 5104 3219 5151 ut
3245 5111 3348 5153 una
3375 5096 3546 5152 rarius
3578 5110 3729 5163 vera,
3754 5109 3861 5150 non

2276 5193 2456 5244 tamen
2504 5198 2623 5243 eam
2675 5184 2865 5243 falsam
2913 5199 3035 5243 esse
3072 5197 3291 5243 necesse
3331 5186 3401 5244 sit
3441 5199 3676 5256 semper,
3715 5185 3863 5256 quod

2276 5290 2375 5347 per
2414 5276 2514 5333 hoc
2545 5273 2932 5335 demonstravit
2968 5275 3110 5347 quod
3156 5273 3311 5345 dixit,
3349 5285 3403 5333 et
3445 5276 3615 5348 magis
3644 5276 3860 5347 quidem

2271 5373 2454 5425 Veram
2483 5369 2737 5433 alteram.
2776 5383 2880 5425 non
2910 5376 3114 5427 tantum
3152 5366 3265 5440 iam
3311 5384 3525 5441 semper
3557 5382 3740 5427 veram
3775 5372 3855 5425 vei
3883 5362 3895 5371 ’

2272 5460 2483 5520 falsam.
2530 5462 2815 5521 Concludit
2855 5472 3023 5521 totam
3071 5462 3141 5520 de
3191 5461 3384 5522 futuris
3429 5465 3863 5537 contingentibus

2270 5554 2735 5625 propositionibus
2760 5554 3134 5626 quaestionem,
3169 5564 3225 5612 et
3248 5556 3323 5613 ait
3349 5574 3361 5611 :
3390 5555 3728 5613 Manifestum
3759 5565 3862 5621 est,

2273 5654 2383 5700 non
2414 5659 2637 5705 necesse
2685 5661 2806 5705 esse
2835 5660 3023 5705 omnes
3055 5647 3442 5705 afﬁrmationes
3468 5658 3523 5707 et
3553 5651 3864 5721 negationes

2271 5737 2497 5796 deﬁnite
2524 5753 2681 5796 veras
2728 5755 2885 5807 esse,
2916 5740 3010 5798 sed
3060 5741 3215 5799 deest
3249 5742 3504 5811 deﬁnite,
3536 5752 3696 5815 atque
3742 5744 3867 5801 ideo

2270 5829 2701 5899 subaudiendum
2722 5841 2825 5893 est.
2858 5830 3078 5897 illarum
3098 5832 3244 5897 enim
3271 5846 3392 5921 qute
3414 5835 3789 5923 contingentes
3807 5842 3863 5911 et
