4280 6268
333 284 422 338 Si!

1107 284 1173 341 IN
1212 283 1463 342 LIBRUM
1509 285 1593 341 DE
1634 283 2280 345 INTERPRETATIONE
2321 286 2547 343 EDITIO
2584 286 2816 345 PRIMA.

3511 286 3614 344 342

330 405 518 457 futura:
557 412 721 471 sunt,
757 419 1021 475 nunquam
1050 403 1278 461 deﬁnite
1298 421 1398 461 una
1442 420 1567 461 vera
1598 412 1710 471 est,
1738 406 1905 459 altera
1938 406 1990 468 Α
2012 405 2228 460 deﬁnite
2258 402 2483 458 alterum
2513 418 2700 459 eorum
2724 420 2844 461 esse
2867 418 3090 461 necesse
3112 413 3217 460 est.
3241 402 3409 460 Erant
3432 412 3614 461 autem

328 494 481 551 falsn.
518 494 701 566 Neque
726 497 893 563 enim,
912 497 1101 567 inquit,
1127 496 1576 568 quemadmodum
1609 496 1659 552 in
1687 496 1772 552 his
1796 513 1916 567 qum

328 593 483 650 sunt,
516 587 595 641 sic
623 602 683 642 se
711 588 871 643 habet
904 588 956 643 in
988 589 1072 644 bis
1099 604 1217 660 quae
1260 605 1361 643 non
1394 600 1542 656 sunt,
1574 574 1918 659 possibilibus

330 689 510 734 tamen
543 694 682 748 esse,
704 689 795 735 aut
816 695 921 735 non
949 694 1089 747 esse,
1133 681 1229 738 sed
1247 680 1692 752 quemadmodum
1716 681 1915 737 dictum

330 781 437 826 est.
482 771 573 825 Illa
613 773 805 827 etenim
840 786 954 842 quae
978 782 1103 831 sunt
1154 772 1437 843 praesentis
1465 771 1752 842 temporis,
1781 773 1917 828 sicut

333 864 569 932 ipsorum
602 877 720 919 esse
740 863 1015 918 deﬁnitum
1045 874 1149 932 est,
1172 865 1239 918 ita
1263 879 1476 935 quoque
1497 864 1566 920 de
1592 862 1675 918 his
1698 863 1915 919 deﬁnita

333 962 417 1008 est
443 954 858 1023 propositionum
896 955 1090 1011 veritas
1137 954 1469 1026 falsitasque.
1517 956 1607 1010 llla
1639 971 1767 1010 vero
1797 970 1918 1024 qua:

333 1062 436 1102 non
463 1057 582 1103 sunt
612 1048 849 1118 quidem,
884 1060 1106 1118 possunt
1134 1059 1311 1106 tamen
1341 1066 1483 1118 esse,
1522 1060 1579 1107 et
1617 1065 1721 1105 non
1754 1065 1874 1105 esse
1903 1067 1913 1099 :

333 1150 384 1195 et
420 1141 489 1194 ita
522 1140 692 1197 futura
725 1149 869 1209 sunt,
904 1150 962 1196 ut
992 1158 1097 1198 non
1124 1157 1187 1198 ex
1224 1144 1543 1198 necessitate
1573 1140 1914 1211 proveniant,

333 1233 423 1287 sed
464 1242 686 1303 possunt
730 1234 799 1288 ita
831 1248 953 1289 esse
975 1276 991 1302 ,
1024 1244 1081 1288 ut
1121 1234 1282 1290 etiam
1318 1234 1520 1303 possint
1547 1242 1603 1288 et
1634 1248 1739 1289 non
1769 1246 1913 1295 esse,

333 1321 382 1377 in
416 1325 496 1377 his
529 1324 628 1378 hoc
660 1325 822 1379 modo
854 1341 912 1381 se
942 1325 1161 1381 habebit
1190 1325 1545 1381 contradictio
1569 1325 1917 1395 quemadmo-

333 1412 453 1467 tlum
504 1415 704 1469 dictum
758 1426 861 1471 est.
913 1416 1121 1472 Dictum
1171 1427 1347 1473 autem
1400 1428 1485 1473 est
1511 1418 1761 1488 quoniam
1793 1433 1913 1473 esse

334 1506 553 1573 quidem
581 1506 664 1561 vel
695 1522 802 1562 non
834 1522 952 1562 esse
981 1526 993 1560 :
1024 1524 1184 1565 omne
1217 1524 1440 1565 necesse
1466 1520 1581 1577 est,
1614 1518 1668 1566 et
1691 1508 1925 1563 futurum

333 1612 458 1651 esse
481 1599 566 1652 vel
609 1613 715 1653 non
748 1613 969 1654 necesse
1016 1610 1116 1655 est.
1153 1601 1267 1655 Non
1316 1612 1492 1654 tamen
1519 1600 1630 1670 jam
1674 1600 1843 1654 divise
1866 1613 1927 1654 ac

2024 507 2256 566 quatuor
2284 498 2655 564 diversitates,
2701 509 2757 554 ut
2808 508 2900 553 aut
2932 506 3174 572 utraeque
3202 512 3346 553 verte
3388 503 3613 563 essent,

2028 572 2167 659 quod
2214 589 2425 643 sustulit
2456 604 2551 659 per
2584 589 2687 643 hoc
2727 589 2872 660 quod
2902 590 3008 656 ait,
3039 600 3277 660 utraeque
3314 588 3457 645 enim
3508 604 3618 645 non

2027 692 2184 736 erunt
2222 682 2382 737 simul
2406 684 2456 736 in
2491 683 2723 751 talibus;
2753 692 2845 738 aut
2874 694 2928 738 ut
2954 694 3193 755 utraeque
3224 684 3372 739 falsa:
3398 693 3614 747 essent,

2028 775 2169 844 quod
2198 792 2291 845 per
2323 775 2423 831 hoc
2451 775 2647 831 evertit
2676 775 2818 847 quod
2847 776 2921 830 ait
2945 793 2957 827 :
2992 776 3061 830 At
3087 791 3217 832 vero
3239 790 3336 831 nec
3361 775 3620 847 quoniam

2020 877 2267 921 neutrum
2301 882 2484 922 verum
2509 874 2591 921 est
2614 865 2874 936 contingit
2902 866 3119 931 dicere;
3147 876 3239 921 aut
3273 877 3329 922 ut
3354 882 3457 920 una
3486 882 3616 921 vera

2023 958 2266 1025 deﬁnite,
2295 959 2463 1015 altera
2516 961 2646 1014 falsa
2689 958 2905 1014 deﬁnite
2937 968 3111 1026 esset,
3156 959 3297 1028 quod
3344 959 3430 1013 illa
3462 975 3619 1028 argu—

2026 1052 2355 1107 mentatione
2383 1050 2668 1117 destruxit,
2698 1068 2795 1122 per
2818 1068 2977 1119 quam
3007 1051 3187 1105 omnia
3215 1066 3278 1106 ex
3300 1053 3619 1106 necessitate

2024 1141 2206 1196 docuit
2237 1144 2471 1207 evenire,
2505 1144 2547 1198 si
2581 1144 2680 1197 hoc
2716 1144 3108 1200 admitteretur.
3142 1143 3296 1209 Quod
3322 1143 3367 1198 si
3396 1159 3481 1198 res
3509 1144 3615 1196 ill-.e

2024 1232 2245 1288 minime
2286 1242 2445 1300 sunt,
2493 1244 2703 1288 constat
2744 1250 2901 1288 unam
2955 1235 3169 1304 quidem
3222 1250 3405 1289 veram
3451 1248 3572 1287 esse
3600 1279 3612 1296 ,

2024 1326 2181 1380 aliam
2230 1341 2359 1381 vero
2412 1327 2461 1379 in
2488 1328 2913 1381 contradictione
2964 1327 3307 1389 mendacem;
3340 1326 3433 1380 sed
3481 1326 3619 1378 sicut

2040 1432 2130 1471 res
2179 1417 2305 1486 ipsm
2351 1417 2679 1472 mutabiliter
2723 1428 2775 1472 et
2808 1418 3081 1472 indefinite
3122 1419 3311 1472 futurze
3360 1427 3515 1479 sunt,
3551 1417 3621 1469 ita

2032 1524 2255 1579 quoque
2278 1512 2675 1565 enuntiationes
2698 1510 2943 1566 variabili
2968 1526 3065 1565 nec
3088 1510 3303 1565 definita
3327 1509 3549 1563 veritate
3571 1515 3621 1563 et

2032 1601 2264 1657 falsitate
2295 1602 2656 1671 proferuntur.

1518 1774 1801 1863 LIBER
1862 1773 2425 1859 SECUNDUS.

557 1936 647 1992 DE
689 1932 1313 1992 ENUN'I‘IATIONIBUS
1369 1932 1689 1989 INFIMTIS

415 2032 670 2097 Quoniam
698 2038 867 2083 autem
910 2036 984 2081 est
1026 2027 1295 2097 oﬂirnsatio
1316 2027 1382 2081 de
1425 2027 1596 2095 aliquo
1625 2027 1922 2097 signiﬁcans

341 2123 559 2193 aliquid,
602 2124 695 2175 hoc
756 2129 923 2174 autem
967 2129 1042 2174 est
1084 2122 1162 2175 vel
1204 2134 1387 2175 nomen
1415 2120 1493 2175 vel
1520 2120 1922 2190 innominatum,

341 2229 503 2267 unum
541 2223 713 2265 autem
742 2221 941 2279 oportet
980 2227 1120 2276 esse,
1156 2221 1204 2265 et
1242 2212 1305 2264 de
1332 2227 1457 2276 uno,
1499 2212 1554 2265 id
1593 2212 1731 2281 quod
1760 2222 1832 2267 est
1873 2216 1927 2267 in

344 2306 695 2374 afﬁrmatione,
729 2321 915 2359 nomen
940 2314 1112 2358 autem
1144 2305 1337 2359 dictum
1358 2314 1453 2369 est,
1483 2314 1530 2361 et
1550 2306 1927 2363 innominatum

344 2401 505 2465 prius.
543 2415 645 2452 non
684 2400 837 2452 homo
878 2399 1014 2453 enim
1037 2415 1219 2454 nomen
1246 2399 1448 2469 quidem
1490 2416 1595 2455 non
1641 2401 1793 2467 dico,
1836 2401 1928 2456 sed

345 2508 527 2547 nomen
564 2492 848 2560 inﬁnitum,
881 2508 1040 2545 unum
1089 2493 1225 2545 enim
1264 2491 1524 2563 signiﬁcat
1545 2494 1929 2563 quodammodo

345 2585 610 2651 inﬁnitum
654 2599 858 2648 nomen,
896 2584 1330 2652 quemadmodum
1378 2592 1428 2639 et
1465 2600 1567 2639 non
1593 2586 1785 2653 currit,
1827 2601 1935 2639 non

351 2678 556 2731 vertunt
584 2677 731 2741 dico,
780 2677 871 2729 sed
908 2675 1170 2744 inﬁnitum
1212 2676 1449 2741 verbum;
1475 2678 1568 2731 erit
1594 2678 1757 2731 omnis
1796 2677 1932 2746 afﬁr-

344 2766 498 2822 matio
524 2776 571 2820 et
596 2768 818 2836 negatio,
850 2767 928 2822 vel
957 2767 1244 2822 auaritiae
1284 2776 1331 2821 et
1353 2767 1522 2833 uerbo,
1556 2768 1632 2823 uel
1664 2783 1726 2821 ex
1752 2766 1928 2835 inﬁni-

346 2865 392 2911 to
420 2858 624 2913 nomine
652 2866 700 2913 et
739 2858 908 2912 uerbo.
942 2856 1138 2912 Prcter
1163 2861 1367 2911 uerbum
1397 2866 1571 2914 autem
1617 2858 1761 2912 nulla
1790 2859 1929 2927 amr-

346 2950 503 3005 mtuio
529 2948 607 3002 vel
629 2951 831 3020 negatio
859 2959 949 3009 est.
976 2948 1069 3004 Est
1095 2951 1229 3004 enim
1252 2951 1329 3005 vel
1350 2951 1469 3016 erit,
1496 2952 1569 3007 vel
1589 2951 1709 3019 fuit,
1743 2953 1819 3004 vel
1838 2951 1927 3014 sit,

347 3040 421 3093 vel
445 3054 760 3109 quacunque
788 3040 894 3093 alia
931 3039 1232 3108 hujusntodi
1262 3041 1409 3097 verba
1432 3084 1445 3106 ,
1478 3056 1541 3096 ea:
1563 3040 1645 3096 his
1677 3051 1792 3095 sunt
1818 3056 1933 3109 quas

347 3144 470 3189 sunt
500 3135 679 3200 posita.
702 3133 1099 3201 Consigniﬁcant
1126 3135 1259 3188 enim
1289 3145 1502 3203 tempus.

425 3225 714 3296 Postquam
754 3226 819 3285 de
851 3228 1107 3295 praeteriti
1146 3241 1208 3281 ac
1237 3227 1540 3296 praesentis,
1576 3226 1736 3283 futuri
1768 3227 1933 3282 etiam

351 3317 611 3384 temporis
632 3317 853 3373 veritate
867 3328 921 3373 et
943 3316 1175 3374 falsitate
1207 3317 1478 3384 disseruit,
1505 3333 1642 3373 nunc
1665 3320 1770 3372 vim
1798 3320 1936 3373 sim-

351 3408 505 3476 plicis
547 3417 601 3463 et
643 3410 998 3478 przedicativie
1036 3410 1414 3479 propositionis
1454 3411 1707 3466 informat
1746 3411 1937 3467 dicens

351 3506 605 3573 quoniam
628 3506 853 3573 simplex
883 3504 1172 3560 afﬁrmatio
1208 3519 1367 3559 unam
1401 3520 1513 3561 rem
1542 3508 1610 3560 de
1637 3521 1739 3561 una
1769 3506 1936 3575 signi-

352 3596 494 3662 ficat,
524 3596 574 3651 id
603 3607 706 3661 est,
739 3595 806 3652 de
833 3612 940 3651 uno
966 3596 1212 3665 subjecto
1243 3612 1403 3651 unum
1433 3598 1705 3665 prasdicat,
1750 3598 1931 3665 subje-

353 3696 501 3745 ctum
540 3697 717 3743 autem
753 3687 881 3743 illud
910 3696 1001 3743 aut
1026 3703 1218 3742 nomen
1248 3697 1351 3754 est,
1384 3698 1475 3743 aut
1502 3688 1642 3756 quod
1668 3688 1809 3758 apud
1842 3703 1937 3743 ve-

352 3786 499 3837 teres
534 3779 750 3848 quidem
783 3780 880 3834 fuit
909 3780 1329 3842 innominamm,
1364 3781 1433 3833 ab
1470 3780 1759 3835 Aristotele
1804 3794 1934 3834 vero

351 3870 625 3927 infinitum
648 3886 842 3926 nomen
867 3881 1109 3926 vocatum
1132 3879 1243 3935 est;
1270 3871 1418 3940 prius
1440 3872 1581 3926 enim
1603 3870 1805 3926 dictum
1827 3880 1931 3936 est,

350 3961 497 4030 quod
522 3960 680 4015 homo
703 3977 897 4017 nomen
917 3972 1077 4026 esset,
1097 3978 1201 4018 non
1222 3964 1383 4019 bomo
1402 3978 1528 4019 vero
1547 3964 1935 4019 innominatum

348 4052 573 4120 quidem
608 4054 746 4121 apud
778 4052 1054 4121 antiquos,
1085 4055 1179 4110 sed
1225 4070 1367 4111 nunc
1398 4054 1665 4111 infinitum
1713 4070 1933 4112 nomen.

348 4150 613 4213 Quoniam
643 4146 803 4215 igitur
829 4148 1160 4207 manifestum
1204 4158 1287 4204 est
1315 4164 1479 4205 unum
1504 4148 1570 4204 de
1602 4166 1706 4205 uno
1739 4142 1936 4220 praedi-

351 4254 475 4297 care
501 4238 800 4308 simplicem
834 4240 1272 4309 prepositionem,
1303 4241 1483 4298 omnis
1510 4244 1612 4297 erit
1642 4242 1937 4311 propositio

350 4331 615 4400 simplex,
645 4341 738 4387 aut
781 4347 845 4388 ex
896 4334 1113 4389 nomine
1159 4343 1214 4389 et
1262 4334 1463 4400 verbo,
1492 4344 1583 4388 aut
1613 4350 1679 4390 ex
1722 4335 1936 4389 inlinito

350 4427 567 4479 nomine
589 4433 641 4479 et
666 4424 848 4479 verbo.
872 4426 1027 4492 Quod
1054 4432 1231 4481 autem
1255 4424 1390 4481 dixit
1419 4444 1430 4477 :
1457 4425 1570 4481 Non
1604 4426 1763 4481 homo
1785 4425 1932 4480 enim

350 4531 543 4570 nomen
575 4518 787 4586 quidem
821 4532 924 4571 non
949 4517 1093 4583 dico,
1115 4516 1210 4573 sed
1234 4518 1502 4577 inﬁnitum
1531 4531 1726 4573 nomen
1752 4516 1935 4585 hujus-

349 4608 491 4663 modi
524 4620 623 4664 est.
658 4609 891 4677 Nomen,
928 4610 1132 4681 inquit,
1165 4610 1344 4665 omnia
1390 4609 1605 4669 deﬁnita
1631 4607 1929 4679 signiﬁcat,

351 4714 458 4755 non
491 4702 648 4754 homo
691 4716 818 4757 vero
842 4702 1089 4770 quamvis
1119 4716 1282 4756 unum
1331 4701 1604 4770 quodlibet
1626 4715 1816 4757 eorum
1838 4700 1935 4775 de-

349 4794 561 4858 signare
602 4793 803 4858 possit,
834 4806 952 4861 quae
982 4790 1228 4847 homines
1258 4806 1363 4846 non
1396 4799 1522 4845 sunt
1548 4832 1559 4850 .
1594 4800 1773 4846 tamen
1804 4791 1931 4861 quid

349 4880 586 4950 designet
605 4882 864 4938 inlinitum
887 4891 969 4937 est
990 4894 1042 4937 et
1063 4882 1307 4940 dubium.
1334 4882 1464 4939 Nam
1488 4897 1608 4939 cum
1637 4883 1800 4937 multa
1826 4883 1937 4938 sint

349 4987 470 5042 qua:
496 4974 737 5029 homines
768 4988 870 5029 neu
897 4983 1043 5040 sunt,
1076 4984 1130 5029 et
1159 4991 1319 5031 unum
1346 4975 1621 5046 quodlibet
1646 4990 1833 5033 eorum
1860 4974 1937 5030 si-

349 5066 600 5133 gniﬁcare
624 5068 810 5136 possit,
838 5066 964 5136 quid
1007 5068 1268 5138 signiﬁcet
1299 5070 1571 5139 ignoratur
1598 5087 1609 5120 :
1635 5067 1775 5124 sicut
1795 5068 1943 5123 enim

352 5172 456 5208 non
488 5158 655 5219 currit
684 5174 790 5215 non
818 5166 900 5213 est
934 5159 1149 5215 verbum
1180 5160 1518 5229 simpliciter,
1543 5160 1633 5215 sed
1668 5160 1938 5215 inlinitum

352 5248 572 5305 verbum
599 5292 612 5315 ,
633 5252 703 5307 ita
726 5252 941 5311 nomina
962 5269 1084 5309 cum
1117 5256 1400 5324 negatione
1426 5270 1529 5309 non
1553 5266 1675 5309 sunt
1699 5257 1938 5319 nomina,

347 5342 442 5393 sed
483 5342 687 5397 infinita
730 5345 970 5399 nomina.
1006 5345 1177 5399 Erunt
1204 5346 1369 5415 igitur
1400 5345 1453 5397 in
1485 5344 1936 5414 propositionibus

347 5433 589 5503 subjecta
618 5443 709 5489 aut
740 5435 975 5500 nomina,
999 5443 1090 5489 aut
1112 5435 1313 5491 inﬁnita
1335 5436 1573 5504 nomina,
1601 5444 1797 5504 praeter
1819 5450 1935 5489 ver-

344 5522 472 5579 bum
494 5531 675 5576 autem
698 5522 839 5576 nulla
864 5535 945 5579 est
967 5524 1252 5581 affirmatio
1273 5526 1357 5581 vel
1380 5527 1612 5595 negatio,
1633 5525 1940 5594 planissime

345 5614 565 5680 docuit,
602 5628 721 5681 quae
756 5628 878 5681 pars
927 5616 1189 5671 orationis
1219 5619 1271 5671 in
1307 5616 1534 5684 simplici
1578 5617 1941 5685 propositione

345 5706 587 5761 obtineat
636 5702 1015 5775 principatum.
1057 5703 1186 5757 Nam
1230 5708 1270 5757 si
1322 5715 1515 5773 prmter
1552 5706 1773 5759 verbum
1826 5706 1941 5759 ﬁeri

348 5794 576 5868 simplex
608 5795 911 5868 prepositio
956 5809 1060 5851 non
1090 5805 1296 5870 potest,
1334 5805 1541 5853 constat
1590 5811 1802 5855 omnem
1837 5797 1941 5859 vim

1965 1939 2013 1999 B
2040 1937 2308 2006 simplicis
2325 1935 2704 2005 propositionis
2726 1934 2886 1988 verba
2909 1930 3216 2000 complecti.
3240 1928 3427 1986 Omnis
3449 1937 3623 1987 autem

2035 2029 2333 2099 propositio
2359 2038 2450 2083 aut
2476 2042 2617 2091 esse,
2646 2036 2738 2081 aut
2768 2026 2948 2091 fuisse,
2978 2034 3067 2078 aut
3100 2026 3332 2079 futurum
3358 2039 3504 2087 esse,
3536 2030 3626 2081 aut

2033 2122 2336 2194 huiusmodi
2386 2120 2588 2191 aliquid
2655 2118 2891 2173 habebit.
2949 2117 3079 2172 Nam
3132 2118 3220 2183 qui
3278 2116 3410 2170 dicit
3458 2114 3627 2173 currit

2032 2230 2258 2272 currens
2302 2224 2384 2270 est
2412 2213 2563 2267 dicit.
2616 2213 2681 2266 Et
2707 2212 2795 2279 qui
2824 2210 2956 2264 dicit
2983 2209 3240 2275 cucurrit,
3268 2221 3496 2263 currens
3521 2205 3625 2260 fuit

2033 2309 2321 2379 preponit;
2352 2316 2407 2361 et
2434 2306 2524 2375 qui
2548 2305 2677 2359 dicit
2705 2312 2916 2367 curret,
2968 2317 3193 2357 currens
3240 2303 3360 2356 erit.
3400 2301 3455 2357 Si
3499 2315 3629 2367 ergo

2034 2402 2210 2457 omnis
2252 2398 2580 2470 propositio,
2619 2408 2709 2451 aut
2737 2410 2880 2463 esse,
2924 2405 3015 2449 aut
3044 2394 3230 2460 fuisse,
3262 2403 3354 2447 aut
3384 2394 3625 2448 futurum

2036 2508 2182 2555 esse.
2207 2500 2297 2547 aut
2327 2490 2529 2561 aliquid
2564 2488 2868 2555 huiusmodi
2896 2496 2953 2542 ut
2981 2488 3053 2543 sit
3081 2486 3399 2553 enuntiatio,
3432 2487 3629 2542 retine-

2039 2595 2147 2661 bit,
2178 2593 2517 2648 manifestum
2551 2600 2632 2644 est
2683 2588 2825 2658 quod
2855 2597 3051 2657 prater
3089 2587 3309 2642 verbum
3353 2599 3473 2641 esse
3520 2600 3630 2642 non

2040 2684 2228 2755 possit.
2264 2683 2388 2738 Haec
2419 2685 2585 2746 enim,
2617 2680 2669 2736 id
2717 2691 2820 2746 est,
2854 2680 2971 2746 luit,
2992 2678 3088 2732 .vel
3117 2686 3221 2743 est,
3249 2684 3342 2732 aut
3387 2675 3629 2732 futurum

2038 2791 2140 2849 est,
2175 2784 2334 2839 verba
2378 2795 2532 2847 sunt,
2564 2793 2622 2836 ut
2651 2796 2713 2837 ex
2750 2781 2832 2835 his
2860 2782 3110 2850 cognosci
3158 2780 3329 2849 possit
3357 2794 3474 2849 quin
3506 2788 3630 2839 sunt

2038 2876 2285 2945 superius
2313 2877 2479 2945 posita
2503 2885 2663 2945 atque
2691 2874 2960 2941 confessa,
2990 2888 3109 2927 cum
3136 2873 3439 2927 diceremus
3466 2873 3629 2927 verba

2039 2985 2161 3025 esse
2207 2984 2327 3038 qua:
2374 2968 2847 3039 consigniﬁcarent
2889 2976 3121 3036 tempus.
3164 2963 3374 3020 Etenim
3418 2973 3534 3030 est,
3576 2974 3629 3024 et

2040 3062 2170 3129 fuit,
2205 3073 2257 3117 et
2285 3072 2473 3117 extera
2521 3060 2970 3131 signiﬁcationem
3014 3058 3273 3128 temporis
3305 3072 3487 3112 secum
3522 3066 3627 3110 tra-

2040 3154 2195 3210 hunL

1964 3312 2009 3376 Ο
2117 3270 2288 3336 Quare
2317 3272 2484 3340 prima
2505 3269 2597 3323 erit
2624 3268 2891 3339 afﬁrmatio
2918 3277 2964 3322 et
2980 3266 3203 3337 negatio,
3236 3266 3495 3331 est/tonio,
3528 3279 3621 3316 nor

2041 3372 2111 3418 est
2142 3363 2322 3427 homo,
2356 3362 2538 3416 deinde
2560 3372 2631 3413 est
2677 3376 2779 3414 non
2826 3360 3009 3424 homo,
3060 3375 3161 3412 non
3193 3366 3267 3413 est
3319 3373 3421 3411 non
3454 3357 3626 3411 homo.

2045 3454 2264 3523 Rursus,
2292 3464 2364 3508 est
2380 3454 2545 3507 omnis
2570 3452 2743 3520 homo,
2771 3469 2873 3506 non
2898 3462 2971 3507 est
2994 3452 3158 3506 omnis
3178 3449 3352 3520 homo,
3377 3458 3446 3503 est
3467 3447 3627 3503 omnis

2042 3566 2142 3602 non
2176 3551 2348 3614 homo,
2372 3562 2473 3600 non
2500 3554 2573 3599 est
2606 3544 2768 3598 omnis
2794 3561 2896 3597 non
2928 3543 3102 3597 homo.
3138 3539 3202 3596 Et
3234 3541 3285 3596 in
3310 3542 3628 3597 extrinsecus

2041 3640 2352 3711 temporibus
2380 3639 2555 3692 eadem
2582 3646 2651 3690 est
2683 3637 2837 3690 ratio.

2076 3832 2077 3839 γ
2112 3758 2450 3828 Simplicium
2472 3754 2717 3823 exempla
2744 3751 3170 3822 prepositionum
3201 3749 3467 3820 apposuit,
3496 3745 3629 3802 sim-

2042 3855 2210 3923 plices
2237 3864 2414 3909 autem
2447 3865 2605 3920 supra
2641 3847 2874 3903 diximus
2914 3861 3035 3902 esse
3072 3844 3466 3915 propositiones
3508 3855 3628 3910 qua:

2041 3946 2251 4000 duobus
2278 3941 2523 3999 terminis
2542 3940 2915 4009 iungerentur.
2950 3937 3127 4001 Quare
3166 3935 3417 4002 quoniam
3466 3947 3627 3986 omne

2040 4036 2320 4092 deﬁnitum
2344 4032 2490 4103 prius
2516 4040 2597 4084 est
2625 4029 2833 4082 infinito
2861 4026 3098 4090 nomine,
3122 4033 3171 4079 et
3202 4040 3305 4079 non
3335 4022 3497 4076 homo
3518 4038 3625 4076 non

2041 4137 2125 4184 est
2154 4140 2371 4189 nomen,
2401 4123 2491 4178 sed
2515 4121 2778 4176 infinitum
2810 4132 3025 4183 nomen,
3057 4115 3217 4172 homo
3260 4128 3386 4170 vero
3418 4113 3629 4167 ﬁnitum

2040 4226 2189 4275 recte
2220 4216 2423 4287 priores
2450 4228 2541 4269 eas
2574 4212 2967 4284 propositiones
3008 4224 3126 4279 qua
3153 4223 3222 4265 ex
3253 4207 3472 4263 definito
3501 4212 3629 4260 sunt

2044 4310 2260 4364 nomine
2290 4307 2342 4363 in
2383 4322 2567 4362 eorum
2598 4304 2961 4375 pronuntiavit
2990 4300 3287 4372 exemplis;
3334 4299 3407 4354 ait
3446 4297 3589 4354 enim
3610 4337 3625 4363 ,

2042 4405 2221 4472 Quare
2245 4403 2415 4472 prima
2439 4411 2519 4457 est
2538 4400 2825 4455 afﬁrmatio
2852 4408 2906 4455 et
2934 4397 3165 4468 negatio,
3198 4405 3281 4451 est
3306 4396 3485 4456 homo,
3521 4407 3628 4447 non

2043 4508 2127 4554 est
2153 4498 2333 4553 homo.
2364 4494 2567 4551 Deinde
2592 4494 2781 4550 inﬁniti
2807 4492 3036 4548 nominis
3058 4488 3444 4544 alfirmationes
3468 4496 3521 4541 et
3537 4500 3630 4541 ne-

2042 4589 2289 4660 gationes
2328 4585 2603 4658 subjuntit
2651 4583 2866 4649 dicens,
2905 4583 2995 4637 Est
3027 4596 3131 4635 non
3163 4582 3324 4635 homo
3349 4621 3363 4643 ,
3398 4596 3502 4633 non
3548 4587 3630 4633 est

1967 4688 2021 4749 1)
2047 4696 2153 4735 non
2184 4679 2363 4736 homo.
2415 4676 2480 4731 Et
2509 4685 2626 4747 post
2676 4674 2789 4729 haec
2813 4714 2830 4743 ,
2860 4672 3315 4729 universalitatem
3358 4669 3588 4740 jungens
3610 4710 3625 4732 ,

2045 4770 2262 4839 easdem
2312 4782 2498 4823 rursus
2545 4768 2701 4820 iterat
2744 4763 3156 4835 propositiones.
3210 4762 3276 4818 Et
3318 4763 3463 4831 prius
3511 4761 3630 4816 illas

2048 4864 2296 4934 proponit
2326 4876 2445 4933 quae
2473 4876 2541 4915 ex
2585 4859 2734 4914 linito
2779 4859 2998 4915 nomine
3040 4866 3164 4913 sunt
3193 4873 3207 4923 ;
3238 4857 3474 4913 secundo
3505 4868 3633 4909 vero

2045 4962 2166 5014 loco
2195 4972 2289 5013 eas
2332 4971 2453 5027 qua:
2481 4971 2543 5011 ex
2574 4952 2784 5009 inlinito
2814 4954 3033 5011 nomine
3060 4963 3448 5023 proponuntur,
3493 4949 3633 5005 unde

2048 5051 2106 5104 ﬁt
2136 5058 2192 5106 ut
2232 5047 2360 5106 illud
2401 5046 2703 5118 intelligere
2735 5061 2953 5102 necesse
2996 5046 3098 5111 sit,
3160 5045 3277 5101 illas
3306 5042 3632 5115 quantitates

2045 5160 2164 5213 qua:
2188 5142 2518 5199 universales
2548 5150 2603 5199 et
2632 5141 2982 5212 particulares
3029 5139 3412 5200 determinant,
3446 5138 3495 5189 in
3525 5143 3632 5188 ter-

2046 5239 2203 5303 minis
2224 5253 2328 5294 non
2354 5237 2558 5294 haberi.
2586 5236 2716 5292 Nam
2742 5250 2860 5290 cum
2884 5234 3110 5289 duorum
3136 5232 3483 5289 terminorum
3510 5245 3632 5299 pro-

2043 5337 2239 5405 positio
2281 5337 2392 5393 sola
2424 5338 2648 5406 simplex
2695 5336 2796 5402 sit,
2849 5339 2987 5389 inter
3033 5333 3301 5402 simplices
3330 5330 3634 5401 huiusmodi

2044 5438 2291 5485 numerat
2322 5429 2735 5499 propositionem
2769 5442 2887 5497 qua:
2925 5426 3053 5479 dicit
3091 5436 3172 5479 est
3232 5423 3406 5479 omnis
3448 5423 3631 5490 homo,

2053 5536 2174 5576 cum
2201 5529 2308 5576 tres
2332 5522 2437 5575 sint
2466 5530 2643 5589 partes
2665 5518 2944 5581 orationis,
2970 5531 3135 5586 quare
3162 5517 3634 5573 determinationes

2049 5632 2156 5670 non
2189 5622 2538 5670 numerantur
2564 5614 2616 5668 in
2648 5612 2910 5666 terminis.
2943 5611 3142 5666 Eodem
3174 5613 3332 5667 modo
3376 5611 3509 5666 dicit
3538 5626 3633 5665 ea-

2052 5708 2283 5775 demque
2316 5706 2523 5760 ratione
2560 5706 2610 5758 in
2639 5704 2973 5759 extrinsecus
3005 5706 3334 5772 temporibus
3363 5704 3637 5772 simplices

2054 5798 2167 5871 ﬁeri
2193 5797 2607 5873 propositiones,
2636 5805 2690 5857 ut
2716 5805 2821 5875 eet,
2848 5797 2943 5858 luit
2992 5798 3172 5869 homo,
3202 5812 3308 5869 non
3330 5795 3428 5857 fuit
3450 5796 3632 5869 homo,
