4280 6268
583 381 688 444 545
1805 377 1909 434 ΔΝ.
1952 377 2157 433 MANL.
2185 374 2273 433 -SE

2185 372 2354 433 σεεν.
2396 370 2618 430 ΒΟΕΤΙΙ
2900 364 2926 389 ’
3748 371 3850 429 3M

585 500 687 556 fuit
714 516 818 555 non
847 499 1027 564 homo,
1061 510 1164 552 non
1188 496 1284 553 fuit
1302 511 1407 553 non
1435 498 1615 553 homo.
1644 497 1706 551 Et
1730 496 1782 551 in
1808 497 1931 552 aliis
1954 507 2167 566 quoque
2196 494 2251 551 Α
2274 486 2404 543 ᾱίεἰι
2433 494 2659 558 quatuor
2706 484 2811 553 hic.
2840 493 2923 541 est
2947 484 3124 555 ,ἰυθιυε
3162 485 3323 541 homo
3353 501 3365 539 ε
3398 483 3452 539 in
3505 484 3601 540 hac
3626 486 3852 543 afﬁrma-

589 592 920 661 temporibns
960 590 1099 645 idem
1133 590 1324 645 modus
1353 600 1452 646 est.
1489 589 1836 645 Extrinsecus
1880 604 2009 644 vero
2040 598 2176 642 tem-

596 698 730 752 pora
758 692 911 737 vocat
940 699 1056 751 quae
1078 693 1201 737 sunt
1232 694 1425 753 praeter
1451 699 1708 752 prmsens.
1744 682 1794 737 id
1822 690 1904 736 cst
1932 682 2176 751 praeteri-

593 789 704 830 tum
736 785 789 829 et
820 774 1088 841 futurum;
1122 777 1215 832 sed
1246 778 1329 831 hic
1357 776 1425 832 de
1457 776 1537 831 bis
1566 776 1695 831 solis
1719 774 2176 845 propositionibus

608 871 819 924 locutus
866 879 948 924 est
987 885 1104 940 qua:
1142 886 1303 926 unum
1332 870 1626 939 subjectum
1683 868 1908 934 habent,
1950 867 2175 921 alterum

592 962 963 1033 pra-dicatum.
996 960 1144 1017 Nunc
1170 964 1236 1017 de
1260 963 1342 1018 his
1365 963 1614 1033 loquetur
1652 977 1771 1033 quae
1793 977 1955 1015 unum
1982 960 2179 1015 habent

591 1054 914 1121 subjectum,
949 1055 1053 1107 duo
1083 1054 1392 1122 praedicata.
1428 1059 1507 1109 An
1542 1069 1672 1109 vero
1703 1056 1783 1107 hae
1812 1067 2020 1123 quoque
2050 1053 2178 1129 simo

594 1146 761 1215 plices
788 1148 925 1211 sint,
956 1148 1006 1201 in
1040 1147 1291 1202 secunda:
1320 1146 1573 1203 editionis
1617 1146 1952 1215 expositione
1991 1146 2177 1201 dicen-

594 1238 721 1292 dum
751 1247 851 1292 est.
884 1238 1035 1293 Nunc
1073 1254 1200 1294 vero
1232 1248 1427 1308 praeter
1472 1237 2026 1304 demonstrationem,
2059 1252 2180 1293 esse

594 1329 865 1398 simplices
890 1329 1250 1399 intelligamus

671 1422 887 1488 Quando
909 1432 1077 1475 autem
1097 1432 1169 1476 εει
1197 1425 1421 1488 tertium,
1452 1425 1695 1495 adjacens
1721 1424 2055 1491 prazdicatur,
2085 1424 2185 1479 du-

594 1513 797 1584 pliciter
825 1524 944 1567 tuuc
968 1515 1210 1567 dicuntur
1241 1515 1605 1586 oppositiones.
1652 1514 1779 1569 Dico
1808 1525 1997 1583 autem,
2028 1524 2082 1567 ut
2106 1524 2182 1570 est

592 1609 761 1682 justus
783 1605 933 1659 homo
973 1616 1067 1670 est,
1092 1607 1294 1661 tertium
1322 1607 1436 1661 dico
1466 1608 1704 1678 adjacere
1744 1624 1928 1662 nomen
1968 1608 2044 1661 vel
2073 1622 2185 1661 ver-

594 1696 712 1750 bum
736 1697 789 1750 in
818 1698 1173 1767 afﬁrmatione.
1206 1699 1375 1764 Quare
1403 1707 1623 1768 quatuor
1645 1707 1793 1752 erunt
1822 1700 1936 1753 ista:
1962 1713 2183 1769 quarunt

593 1790 712 1844 dua:
732 1791 934 1857 quidem
956 1791 1021 1843 ad
1046 1791 1431 1861 afﬁrmationem
1455 1801 1502 1845 et
1522 1790 1838 1860 negationem
1857 1806 1911 1843 se
1931 1790 2183 1843 habebunt

2277 580 2422 636 tione
2446 579 2509 634 ad
2537 577 2739 649 iustum
2779 576 2998 633 verbum
3044 587 3124 633 est
3177 577 3546 648 adiunximus;
3581 576 3736 647 hujus
3780 589 3856 641 est

2279 673 2523 742 negatio,
2552 687 2657 725 non
2688 678 2772 726 est
2795 668 2972 740 justus
3006 670 3186 727 homo.
3227 670 3282 725 ln
3315 670 3416 726 hac
3461 685 3675 739 quoque
3706 687 3852 742 nega-

2279 767 2425 821 tione
2444 780 2561 835 qnm
2582 763 2716 819 dicit
2739 780 2843 817 non
2863 772 2965 833 est,
2985 763 3049 817 ad
3074 763 3275 832 iustum
3301 778 3485 819 rursus
3498 763 3838 833 adiunximus

2280 858 2498 925 lterum,
2528 868 2608 911 est
2640 871 2742 911 non
2770 856 2946 923 iustus
2979 858 3159 911 homo.
3190 856 3246 911 ln
3277 856 3397 922 hac,
3433 866 3516 911 est
3551 857 3615 910 atl
3646 872 3753 911 non
3779 857 3851 926 iu-

2280 961 2419 1007 stum
2443 950 2714 1021 jungitur;
2745 949 2902 1018 hujus
2927 958 3009 1005 est
3038 949 3272 1020 negatio,
3299 964 3401 1003 non
3434 957 3517 1003 est
3543 965 3648 1004 non
3677 948 3859 1018 justus

2283 1042 2443 1098 homo
2469 1059 2482 1096 :
2507 1043 2666 1097 etiam
2697 1042 2749 1096 in
2778 1043 2875 1101 hac
2898 1056 3111 1112 quoque
3138 1040 3417 1111 negatione
3440 1056 3559 1111 quae
3579 1040 3732 1108 dicit,
3760 1056 3859 1095 non

2283 1148 2385 1202 est,
2414 1137 2478 1193 ad
2510 1152 2613 1192 non
2639 1136 2841 1206 iustum
2880 1136 3117 1205 ponitur.
3151 1135 3301 1204 Quod
3323 1150 3451 1190 vero
3471 1136 3543 1189 ait
3571 1153 3583 1188 :
3614 1136 3740 1190 Dico
3771 1150 3857 1188 au-

2284 1235 2424 1291 tem,
2458 1237 2516 1283 ut
2546 1238 2627 1282 est
2667 1226 2845 1297 iustus
2874 1225 3069 1294 homo,
3110 1236 3194 1281 est
3239 1227 3453 1282 tertium
3498 1226 3744 1295 adiacere
3782 1226 3858 1282 his

2290 1334 2485 1374 nomen
2534 1319 2619 1375 vel
2665 1318 2888 1373 verbum
2930 1319 2983 1372 in
3015 1317 3389 1382 afﬁrmatione,
3420 1317 3722 1386 huiusmodi
3763 1325 3865 1371 est.

2285 1412 2524 1468 Tertium
2546 1454 2563 1479 ,
2598 1412 2803 1480 inquit,
2829 1411 2973 1476 dico,
3010 1410 3060 1464 id
3091 1420 3204 1477 est,
3235 1411 3487 1480 adiacere
3515 1412 3732 1465 verbum
3763 1417 3860 1465 est.

2286 1508 2461 1563 Homo
2483 1507 2622 1561 enim
2654 1516 2706 1561 et
2732 1506 2909 1575 justus
2934 1505 3040 1560 duo
3066 1514 3212 1568 sunt,
3246 1503 3439 1574 quibus
3469 1503 3718 1574 adiicitur
3744 1518 3858 1559 vero

2288 1601 2414 1655 bum
2440 1608 2545 1654 est.
2571 1598 2774 1655 Idcirco
2797 1606 2973 1653 autem
2997 1596 3131 1652 dixit
3153 1612 3348 1651 nomen
3369 1596 3454 1651 vel
3482 1596 3726 1662 verbum,
3747 1595 3861 1666 quis

2287 1693 2539 1762 superius
2569 1704 2783 1761 quoque
2827 1690 3012 1745 docuit
3049 1689 3161 1758 ipsa
3190 1689 3353 1744 verba
3395 1689 3609 1743 nomina
3638 1702 3780 1755 esse,
3807 1698 3865 1744 eo

2289 1786 2493 1841 scilicet
2522 1784 2643 1840 loco
2664 1784 2753 1838 ubi
2781 1783 2891 1850 ait,
2921 1783 3036 1851 Ipsa
3059 1781 3275 1852 quidem
3308 1781 3469 1837 verba
3499 1780 3792 1836 secundum
3814 1786 3861 1836 ει

593 1884 871 1936 secundum
901 1885 1331 1952 consequentiam,
1358 1893 1413 1936 ut
1433 1883 1764 1951 privationes,
1794 1880 1910 1936 dua:
1940 1895 2056 1935 vero
2088 1880 2188 1934 mi-
2218 1885 2267 1945 B
2294 1878 2433 1934 dicta
2484 1878 2701 1931 nomina
2742 1884 2885 1931 sunt.
2928 1873 3083 1941 Quod
3134 1883 3309 1929 autem
3353 1872 3595 1944 sequitur
3635 1867 3863 1927 contine1

594 1976 747 2028 nime.
780 1974 910 2027 Dico
938 1986 1107 2029 autem
1128 1975 1369 2045 quoniam
1393 1985 1489 2039 est,
1509 1988 1597 2029 aut
1619 1977 1765 2047 justo
1792 1973 2069 2045 adjatxbit,
2093 1983 2184 2027 aut

593 2086 693 2123 non
721 2072 902 2141 justo,
944 2086 1102 2139 quare
1140 2070 1293 2123 etiam
1328 2071 1547 2140 negatio.
1586 2070 1821 2136 Quatuor
1859 2084 1979 2139 ergo
2018 2077 2184 2123 erunt.

594 2157 945 2231 Intelligimus
971 2175 1087 2213 τετυ
1118 2160 1257 2229 quod
1289 2160 1482 2214 dicitur
1512 2175 1574 2213 ea:
1618 2158 1698 2213 his
1742 2175 1857 2231 qua:
1890 2158 2186 2229 subscripta

593 2263 731 2309 sunt.
760 2253 852 2308 Est
872 2257 1049 2325 justus
1076 2254 1249 2308 homo.
1283 2252 1457 2321 Hujus
1486 2254 1690 2326 negatio
1715 2267 1734 2306 :
1764 2251 1885 2307 Non
1915 2263 1987 2308 est
2004 2248 2185 2324 justus

594 2354 768 2402 homo.
794 2346 888 2402 Est
909 2365 1014 2402 non
1030 2351 1208 2419 justus
1228 2346 1399 2402 homo.
1426 2346 1600 2418 Hujus
1623 2347 1846 2417 negatio,
1866 2363 1967 2402 non
1989 2356 2061 2401 est
2086 2363 2188 2401 non

594 2443 769 2514 justus
802 2442 971 2494 homo.
998 2439 1092 2494 Est
1114 2441 1249 2495 enim
1270 2441 1364 2494 hoc
1395 2440 1507 2495 loco
1532 2450 1577 2494 et
1602 2457 1705 2494 non
1725 2451 1796 2496 est
1808 2443 1952 2512 justo
1990 2449 2036 2495 et
2084 2457 2188 2495 non

594 2534 736 2607 justo
766 2534 993 2602 adjacet.
1024 2531 1154 2586 [ltro
1198 2533 1374 2602 igitur,
1398 2532 1833 2601 quemadmodum
1854 2534 1908 2586 in
1934 2533 2190 2588 resoluto-

595 2622 687 2675 riis
717 2622 909 2674 dictum
933 2629 1042 2684 est,
1075 2622 1147 2673 sic
1183 2630 1301 2675 sunt
1341 2622 1610 2691 disposita.
1640 2623 1891 2678 Similiter
1926 2633 2097 2679 autem
2136 2642 2190 2682 se

598 2713 806 2776 habent;
837 2714 948 2767 etsi
972 2712 1272 2767 universalis
1295 2715 1513 2769 nominis
1534 2715 1598 2768 sit
1624 2715 1912 2784 afﬁrmatio,
1940 2726 1996 2770 ut
2024 2718 2189 2772 omnis

600 2815 673 2858 est
698 2804 847 2857 homo
868 2806 1042 2874 justus
1071 2845 1086 2870 ,
1114 2805 1339 2876 negatio,
1380 2821 1480 2859 non
1508 2805 1672 2859 omnis
1702 2815 1774 2861 est
1817 2806 1969 2861 homo
1987 2809 2186 2879 justus.

606 2895 788 2952 Omnis
820 2906 892 2950 est
923 2901 1074 2950 homo
1104 2913 1205 2951 non
1226 2899 1424 2969 justus,
1469 2913 1572 2951 non
1609 2899 1774 2953 omnis
1804 2907 1875 2955 est
1903 2898 2058 2954 homo
2086 2915 2191 2955 non

600 2996 789 3061 iustus.
819 2991 924 3047 Sed
949 3008 1049 3045 non
1072 2991 1309 3046 similiter
1329 2992 1605 3064 angulares
1627 2993 1872 3065 contingit
1894 3010 2038 3051 veras
2059 3010 2210 3052 εεεε..

600 3083 857 3152 Coutingit
884 3098 1058 3138 au'em
1089 3083 1391 3152 aliquando.

676 3177 849 3234 Unum
874 3176 1175 3247 subjectum
1196 3187 1251 3231 et
1271 3175 1379 3230 duo
1399 3175 1705 3245 praedicata,
1734 3179 2187 3249 quemadmodum

2287 1971 2661 2027 difﬁcillimum
2685 1984 2926 2037 sensum,
2952 1983 3111 2039 quem
3139 1968 3253 2038 ipse
3275 1967 3432 2021 solita
3463 1966 3725 2021 brevitate
3755 1978 3861 2034 per-

2291 2063 2532 2120 strinxit.
2583 2062 2641 2117 ln
2696 2060 2876 2117 medio
2926 2074 3157 2129 namque
3188 2059 3352 2114 totius
3404 2073 3594 2115 sensus
3621 2059 3873 2113 addidit:

2287 2157 2467 2224 Quare
2490 2155 2688 2210 idcirco
2734 2162 2965 2224 quatuor
2995 2153 3110 2207 istae
3144 2161 3338 2219 erunt,
3387 2168 3611 2222 quarum
3642 2151 3763 2208 dua:
3810 2151 3867 2207 at.

2287 2249 2702 2304 afﬁrmationem
2725 2255 2780 2301 et
2803 2246 3140 2317 negationem
3172 2259 3293 2301 sese
3329 2244 3600 2301 habebunt
3640 2245 3707 2300 ad
3749 2260 3867 2307 con-

2288 2343 2646 2415 sequentiam,
2670 2352 2729 2397 ut
2751 2342 3099 2412 privationes,
3131 2341 3251 2396 duae
3281 2355 3410 2396 vero
3431 2340 3673 2395 minime.
3706 2339 3865 2409 Huius

2290 2436 2570 2493 sententiae
2617 2434 2892 2504 multiplex
2922 2432 3185 2505 expositio
3228 2433 3297 2488 ab
3322 2433 3623 2489 Alexandro
3658 2442 3711 2488 et
3741 2432 3864 2489 Por-

2290 2529 2522 2602 phyrio,
2569 2526 2795 2597 Aspasio
2843 2539 3059 2595 quoque
3096 2533 3150 2580 et
3199 2524 3454 2581 Hermino
3496 2523 3775 2593 proditur,
3822 2524 3876 2580 ir.

2291 2621 2484 2692 quibus
2516 2618 2645 2691 quid
2681 2618 3166 2675 excellentissimus
3209 2616 3578 2687 ekpositorum
3630 2613 3861 2687 Porphy-

2291 2714 2405 2771 rius
2435 2712 2653 2777 dixerit,
2671 2711 2814 2792 _alias
2836 2710 3094 2767 dicemus.
3127 2709 3390 2776 Quoniam
3421 2723 3552 2765 vero
3579 2708 3866 2779 simplicior

2294 2815 2600 2884 explanatio
2621 2811 2913 2870 Alexandri
2941 2816 3061 2866 esse
3077 2809 3309 2875 videtur,
3334 2823 3452 2864 eam
3477 2823 3618 2863 nunc
3642 2822 3736 2879 pro
3758 2807 3865 2864 bre-

2293 2910 2460 2965 vitate
2517 2908 2866 2978 subiecimus.
2919 2904 3231 2960 Privatorite
3301 2903 3695 2974 propositiones
3756 2914 3869 2958 sunt

2294 3015 2629 3072 quaecunque
2679 2997 2970 3068 praedicant
3021 2995 3394 3065 privationem.
3427 2994 3662 3050 Privatio
3701 3003 3869 3050 autetr

2294 3100 2375 3147 est
2398 3132 2413 3157 ,
2440 3098 2498 3145 ut
2527 3090 2570 3144 si
2600 3088 2720 3158 quis
2741 3087 2886 3143 dicat
2925 3086 3190 3156 iniustus,
3215 3086 3391 3155 privat
3435 3085 3579 3141 enim
3610 3085 3871 3140 hominem

2292 3184 2522 3253 iustitia.
2571 3183 2714 3251 Ergo
2762 3181 3049 3238 affirmatio
3104 3180 3387 3251 privatoria
3429 3189 3512 3236 est
3557 3196 3678 3251 qua:
3718 3181 3879 3247 dicit.

607 3273 818 3343 possint
847 3286 967 3326 esse
1020 3272 1071 3325 in
1102 3270 1469 3341 propositione
1499 3280 1908 3328 commemorat.
1942 3271 1999 3328 Si
2046 3272 2190 3329 enim
2222 3276 2269 3340 C
2300 3276 2461 3331 homo
2486 3284 2569 3332 est
2597 3274 2849 3345 iniustus.
2870 3272 3093 3344 Negatio
3114 3287 3301 3329 rursus
3332 3275 3617 3343 privatoria
3641 3285 3744 3341 est,
3773 3288 3875 3330 non

607 3363 710 3417 hoc
743 3361 903 3417 modo
925 3361 1018 3427 sit,
1046 3370 1103 3415 ut
1123 3361 1365 3416 dicamus
1393 3368 1474 3416 est
1510 3362 1689 3429 iustus
1718 3361 1899 3429 homo,
1932 3371 2015 3419 est
2038 3373 2089 3419 et
2107 3364 2197 3434 iu-

603 3462 721 3507 stus
771 3452 1147 3520 praedicatum,
1184 3451 1347 3505 homo
1391 3465 1519 3507 vero
1565 3452 1863 3521 subiectum
1895 3462 1998 3509 est.
2044 3454 2195 3512 Nunc

603 3544 745 3598 enim
776 3558 881 3596 non
912 3542 1040 3596 illud
1064 3542 1405 3613 aSpiciamus,
1437 3543 1562 3613 quid
1588 3544 1755 3612 prius,
1778 3545 1902 3615 quid
1927 3547 2193 3614 posterius

608 3634 811 3692 dictum
836 3646 937 3701 est,
966 3636 1061 3690 sed
1083 3635 1333 3706 quoniam
1360 3636 1718 3692 universalius
1740 3649 1822 3693 est
1841 3637 2043 3707 iustum
2068 3654 2190 3695 esse

605 3750 762 3804 quam
795 3734 1091 3799 hominem,
1119 3742 1291 3804 potest
1316 3732 1457 3787 enim
1482 3732 1661 3802 justus
1693 3748 1813 3788 esse
1840 3743 1893 3788 et
1914 3732 2007 3805 qui
2033 3735 2196 3791 homo

607 3844 713 3881 non
741 3837 854 3893 est,
885 3839 945 3882 ut
976 3828 1147 3893 Deus,
1182 3836 1237 3883 et
1266 3842 1451 3883 rursus
1480 3836 1656 3897 potest
1684 3842 1807 3883 esse
1845 3828 2193 3899 simpliciter,

607 3932 662 3976 et
683 3921 820 3990 quod
847 3920 1009 3977 homo
1034 3936 1135 3975 non
1161 3929 1261 3985 est,
1295 3921 1496 3975 idcirco
1521 3931 1601 3977 est
1623 3929 1784 3990 atque
1801 3921 1999 3991 justus,
2024 3937 2196 3992 quan—

605 4029 765 4084 quam
793 4014 964 4080 iarimo
990 4013 1238 4076 dicantur
1259 4013 1310 4067 in
1335 4029 1400 4069 eo
1418 4012 1560 4083 quod
1582 4022 1686 4081 est,
1710 4025 1789 4068 est
1806 4013 1984 4083 justus
2007 4014 2191 4083 homo,

606 4116 785 4160 tamen
814 4106 1064 4175 quoniam
1090 4106 1477 4159 nniversaliora
1506 4114 1652 4171 sunt,
1680 4120 1786 4161 non
1805 4105 1873 4161 de
1904 4105 1986 4160 his
2008 4104 2193 4175 homo,

606 4196 702 4252 sed
734 4197 851 4252 hare
880 4197 947 4251 de
994 4196 1213 4250 homine
1244 4196 1623 4264 praedicantur,
1656 4206 1710 4252 et
1753 4197 1837 4253 his
1864 4199 2026 4254 homo
2067 4200 2198 4255 sub-

603 4289 779 4363 iectus
806 4302 908 4343 (κει.
944 4291 1016 4343 Ex
1048 4290 1129 4343 bis
1159 4290 1321 4359 igitur
1345 4288 1613 4357 duplicem
1656 4289 1768 4343 fieri
1800 4291 2195 4360 oppositionem

605 4382 757 4446 dicit,
784 4394 835 4437 et
858 4390 1086 4452 quatuor
1115 4382 1531 4451 propositiones,
1555 4396 1778 4451 quarum
1801 4382 1987 4437 subter
2010 4399 2195 4440 exem-

605 4474 692 4544 pla
716 4473 943 4543 subjecit
964 4473 1165 4528 addens
1185 4488 1200 4529 :
1227 4473 1355 4528 Dico
1378 4483 1554 4527 autem
1574 4474 1826 4543 quoniam
1844 4484 1925 4531 est
1946 4476 2194 4544 autiusto

605 4567 898 4637 adiacebit,
930 4577 1021 4623 aut
1058 4583 1164 4622 non
1190 4566 1359 4636 iusto.
1413 4567 1470 4622 Si
1502 4568 1620 4637 quis
1642 4568 1788 4623 enim
1816 4567 1962 4624 dicat
1990 4568 2193 4625 faciens

2300 3376 2392 3423 est
2440 3368 2599 3422 homo
2649 3367 2900 3437 iniustus.
2933 3363 3039 3423 Sed
3088 3381 3262 3436 neque
3284 3366 3375 3421 illa
3414 3367 3464 3420 in
3493 3366 3872 3436 signiﬁcatione

2299 3464 2457 3531 plena
2486 3459 2771 3515 afﬁrmatio
2794 3473 2873 3515 est
2898 3458 3133 3530 (aliquid
3164 3458 3304 3515 enim
3358 3456 3548 3530 tollit),
3582 3458 3674 3515 sed
3709 3458 3873 3528 priva.

2299 3553 2439 3607 toria
2461 3550 2771 3612 afﬁrmatio.
2793 3550 3045 3618 quoniam
3072 3548 3297 3605 formam
3327 3549 3544 3620 quidem
3573 3548 3870 3603 afﬁrmatio-

2301 3643 2385 3699 nis
2414 3651 2579 3711 tenet,
2612 3641 2705 3695 sed
2736 3639 3092 3709 privationem
3119 3640 3391 3710 praedicat,
3425 3649 3480 3697 et
3510 3639 3704 3710 aliquid
3727 3639 3796 3695 ab
3816 3651 3877 3695 et:

2298 3735 2384 3790 cui
2408 3734 2760 3803 privationem
2801 3731 3017 3801 copulat
3049 3732 3312 3802 abiungit,
3336 3742 3394 3787 ut
3416 3732 3471 3787 in
3493 3731 3877 3803 propositione,

2300 3836 2385 3881 est
2414 3824 2645 3893 iniustus
2669 3824 2851 3890 homo,
2877 3821 2944 3876 ab
2971 3821 3187 3878 homine
3208 3822 3492 3893 iustitiam.
3516 3822 3624 3878 Nec
3654 3822 3737 3878 his
3758 3836 3875 3877 rur-

2300 3934 2394 3975 sus
2441 3933 2573 3987 pura
2588 3907 2809 3987 'negatio
2841 3925 2945 3971 est.
2976 3917 3188 3986 Fugans
3229 3917 3371 3973 enim
3404 3917 3758 3988 privationem
3778 3960 3794 3987 ,
3823 3926 3877 3974 ut

2301 4013 2354 4067 in
2382 4026 2445 4067 ea
2468 4027 2588 4080 qua:
2616 4019 2720 4077 est,
2746 4025 2853 4065 non
2885 4018 2969 4065 est
3000 4009 3163 4064 homo
3201 4008 3448 4079 iniustus,
3484 4010 3721 4065 habitum
3754 4009 3877 4067 reti-

2301 4110 2423 4165 net,
2452 4101 2504 4157 id
2546 4110 2630 4158 est
2653 4102 2934 4173 iustitiam.
2966 4100 3072 4157 Sed
3102 4101 3353 4172 quoniam
3405 4101 3545 4172 quod
3594 4099 3882 4157 afﬁrmatio

2303 4194 2666 4264 prtedicabat,
2704 4198 2805 4249 hoc
2855 4193 3031 4249 aufert
3078 4195 3324 4264 negatio,
3354 4194 3482 4249 licet
3524 4192 3715 4249 habeat
3758 4192 3882 4250 talis

2302 4286 2537 4357 negatio,
2572 4284 2724 4356 quasi
2749 4286 3043 4355 reponendi
3074 4285 3283 4340 habitus
3304 4283 3769 4355 signiﬁcationem,
3804 4292 3878 4340 ta-

2302 4393 2423 4433 men
2450 4380 2572 4448 quia
2605 4379 2716 4448 ipsa
2743 4378 3094 4448 privationem
3138 4376 3429 4442 subtrahit,
3462 4377 3749 4447 privatoria
3782 4391 3882 4434 ne-

2301 4469 2443 4540 gatio
2472 4468 2797 4527 nominatur.
2851 4471 2991 4541 Ergo
3027 4486 3167 4527 nunc
3213 4469 3315 4525 hoc
3367 4468 3498 4525 dicit
3527 4466 3698 4524 :Cum
3738 4468 3882 4537 sint,

2302 4568 2494 4640 inquit,
2522 4578 2751 4639 quatuor
2782 4568 3196 4640 propositiones,
3228 4584 3450 4640 quarum
3477 4568 3598 4624 duae
3622 4581 3691 4624 ex
3724 4566 3885 4623 ﬁniti-

605 4660 740 4714 duns
766 4659 1154 4715 afﬁrmationes
1174 4699 1189 4725 ,
1217 4669 1302 4715 est
1324 4659 1504 4729 iustus
1535 4658 1729 4726 homo,
1762 4671 1846 4716 est
1892 4677 1994 4717 non
2018 4660 2197 4732 justus
2225 4669 2280 4730 D
2304 4670 2407 4725 mis
2463 4669 2770 4724 nominibus
2812 4678 2976 4739 sunt,
3010 4678 3069 4723 ut
3112 4677 3194 4722 est
3219 4668 3407 4738 justus.
3446 4668 3640 4735 homo,
3664 4683 3770 4724 non
3801 4678 3892 4745 est.

608 4754 791 4818 homo,
826 4752 962 4817 haec,
995 4767 1116 4807 cum
1148 4752 1269 4808 duae
1298 4752 1683 4807 alﬁrmationes
1707 4752 1837 4819 sint,
1863 4752 1996 4809 duas
2022 4754 2198 4812 habe-
2297 4760 2474 4832 iustus
2529 4760 2719 4828 homo,
2768 4759 2887 4815 dute
2931 4775 2997 4815 ex
3038 4759 3258 4815 infinitis
3303 4761 3639 4828 nominibus,
3691 4769 3750 4815 ut
3800 4770 3882 4818 est

606 4846 741 4899 bunt
771 4846 1104 4913 negationes.
1130 4844 1262 4899 Nam
1292 4846 1338 4901 si
1369 4845 1590 4901 verbum
1621 4853 1705 4901 est
1733 4845 1784 4900 in
1818 4845 1916 4901 hac
1948 4849 2201 4918 proposi-

610 4938 760 4991 tione
800 4950 919 5005 quae
947 4935 1112 5001 dicit,
1143 4946 1225 4990 est
1264 4935 1441 5006 justus
1471 4939 1660 5005 homo,
1693 4937 1758 4992 ad
1783 4938 1987 5009 iustum
2018 4942 2200 5009 posui-

611 5044 751 5083 mus.
786 5029 851 5083 Et
898 5028 950 5082 in
991 5028 1093 5082 hac
1117 5043 1304 5084 rursus
1354 5031 1720 5099 pr0positione
1749 5046 1871 5098 qua:
1912 5031 2081 5099 dicit,
2113 5044 2198 5089 est

612 5138 719 5176 non
766 5121 944 5191 iustus
984 5120 1186 5187 homo,
1218 5136 1403 5176 rursus
1451 5122 1517 5176 ad
1567 5137 1671 5177 non
1699 5112 1901 5193 iustum
1946 5124 2087 5179 idem
2115 5134 2200 5181 est

611 5214 834 5268 verbum
858 5212 1165 5282 iunximus:
1188 5213 1439 5283 quoniam
1471 5213 1769 5283 negationis
1800 5215 2194 5285 oppositionem

607 5306 787 5362 effecit
830 5312 951 5362 Cum
982 5313 1067 5362 est
1088 5306 1251 5360 verbo
1270 5304 1455 5376 iuncta
1489 5308 1725 5376 negatio,
1752 5308 1805 5364 id
1831 5318 1914 5364 est
1936 5324 2064 5377 non,
2092 5324 2202 5366 ma-

607 5400 863 5456 nifestum
894 5412 974 5456 est
1004 5400 1256 5472 quoniam
1286 5400 1337 5456 id
1368 5402 1507 5474 quod
1537 5402 1732 5459 dicitur
1770 5422 1875 5462 non
1910 5416 1994 5464 est
2022 5408 2089 5463 ad
2107 5408 2200 5478 ju-

606 5503 747 5547 stum
777 5507 963 5547 rursus
991 5501 1046 5547 et
1075 5493 1142 5548 ad
1184 5509 1290 5548 non
1313 5492 1518 5563 iustum
1562 5494 1961 5568 adiungendum
1993 5509 2104 5569 est,
2135 5511 2197 5558 ut

608 5583 917 5652 negationes
940 5583 1069 5637 ﬁant
1089 5583 1415 5654 huiusmodi,
1448 5602 1552 5642 non
1576 5596 1659 5643 est
1675 5586 1854 5656 justus
1877 5590 2059 5658 homo,
2088 5607 2195 5646 non

605 5685 690 5728 est
715 5692 816 5731 non
841 5676 1017 5746 iustus
1048 5677 1230 5733 homo.
1263 5679 1427 5735 Recte
1450 5680 1609 5751 igitur
1640 5683 1773 5737 dixit
1798 5702 1812 5738 :
1836 5684 2011 5751 Quare
2031 5684 2078 5740 si
2110 5696 2198 5741 est

600 5766 748 5833 justo
779 5776 832 5820 et
861 5786 965 5821 non
992 5768 1143 5837 iusto
1182 5768 1477 5838 adiacebit,
1508 5773 1668 5828 etiam
1711 5776 1920 5845 negatio
1942 5774 2093 5845 justo
2140 5787 2196 5831 et

604 5868 713 5914 non
735 5852 881 5924 justo
912 5857 1197 5927 adiacebit.
1234 5858 1368 5916 Sunt
1400 5870 1574 5920 autem
1633 5866 2027 5936 propositiones
2056 5880 2191 5937 quas

2228 5956 2243 5989 ι

2304 4867 2411 4909 non
2431 4853 2606 4924 iustus
2655 4854 2848 4922 homo,
2890 4868 2995 4909 non
3026 4865 3109 4910 est
3140 4869 3247 4910 non
3291 4852 3461 4924 iustus
3490 4855 3673 4921 homo,
3722 4855 3841 4911 duae
3866 4895 3882 4923 ,

2302 4944 2505 5014 inquit,
2541 4945 2624 5001 hae
2673 4961 2897 5016 quarum
2920 4949 3038 5016 [una
3078 4944 3372 5001 afﬁrmatio
3404 4954 3521 5015 est,
3550 4946 3754 5003 habens
3806 4947 3885 5002 in-

2304 5033 2512 5090 finitum
2567 5051 2801 5105 nomen,
2849 5047 2906 5093 ut
2949 5048 3030 5093 est
3073 5053 3177 5093 non
3228 5037 3403 5108 justus
3444 5039 3647 5105 homo,
3679 5047 3733 5093 et
3783 5052 3884 5095 una

2305 5128 2520 5198 negatio
2550 5128 2754 5184 habens
2794 5145 2983 5186 rursus
3022 5131 3287 5187 inﬁnitum
3317 5146 3542 5197 nomen,
3587 5139 3646 5185 ut
3668 5144 3775 5186 non
3804 5141 3885 5190 est

2303 5234 2411 5275 non
2453 5220 2628 5289 iustus
2671 5224 2868 5290 homo,
2902 5225 2980 5279 sic
3025 5240 3087 5280 se
3121 5224 3320 5281 habent
3367 5223 3433 5280 ad
3471 5222 3884 5279 afﬁrmationem

2302 5319 2359 5366 et
2388 5313 2747 5382 negationem,
2768 5313 2818 5369 id
2846 5326 2947 5373 est.
2972 5316 3214 5372 eamdem
3239 5317 3465 5372 formam
3488 5316 3724 5373 retinent
3744 5316 3887 5371 afﬁr-

2304 5404 2555 5459 motionis
2583 5414 2638 5461 et
2668 5410 2988 5479 negationis,
3021 5417 3076 5465 et
3096 5408 3301 5466 similes
3354 5420 3479 5466 sunt
3504 5410 3573 5467 ad
3614 5410 3886 5466 afﬁrman-

2304 5494 2431 5548 dum
2466 5496 2665 5567 aliquid
2697 5500 2777 5553 vel
2808 5499 3106 5571 negandum
3134 5501 3218 5557 bis
3244 5516 3364 5573 qua:
3390 5511 3517 5557 sunt
3559 5502 3885 5572 privatoriw.

2305 5584 2437 5641 Nam
2468 5591 2915 5659 quemadmodum
2950 5594 3234 5663 privatoria
3279 5609 3403 5666 quae
3461 5595 3593 5650 dicit
3629 5603 3714 5652 est
3750 5594 3883 5665 inju-

2302 5683 2418 5731 stus
2451 5679 2610 5734 homo
2640 5696 2746 5736 non
2790 5683 2960 5737 solum
3002 5683 3290 5741 afﬁrmatio
3323 5694 3429 5750 est,
3462 5686 3557 5741 sed
3592 5685 3880 5756 privatoria

2302 5767 2615 5839 afﬁrmatio,
2657 5774 2726 5827 ita
2773 5790 2985 5844 quoque
3030 5791 3090 5830 ea
3137 5792 3258 5846 quae
3297 5776 3426 5832 dicit
3449 5785 3535 5833 est
3557 5792 3665 5833 non
3702 5776 3880 5846 justus

2304 5860 2467 5917 hamo
2518 5879 2623 5917 non
2674 5865 2847 5921 solum
2896 5875 2979 5922 est
3015 5866 3324 5938 afﬁrmatio,
3365 5868 3460 5927 sed
3507 5883 3629 5927 cum
3674 5866 3880 5930 infinita
