4280 6268
365 361 468 422 545

1133 359 1200 418 IN
1239 359 1497 418 LIBRUM
1538 358 1625 415 DE
1665 355 2313 417 INTERPRETA'I‘IONE
2357 357 2584 416 EDITIG
2626 359 2857 419 PRIMA.

3545 360 3646 415 ηδ

366 484 604 548 nomine,
633 494 689 540 et
728 498 851 538 cum
899 483 1074 553 aliqua
1118 483 1419 553 privatione
1445 479 1750 536 afﬁrmatio.
1801 477 1942 532 Idem
1975 480 2132 539 Aest
2160 475 2416 545 simplex,
2463 476 2554 532 illa
2599 477 2925 547 privatoria:
2961 490 3126 548 quare
3167 490 3288 546 quae
3330 489 3396 532 ex
3444 474 3650 530 inﬁnito

365 576 509 630 enim
537 575 682 630 valet
725 575 792 629 ad
828 574 1233 645 intelligentiam
1273 573 1414 644 quod
1458 572 1652 626 dicitur
1697 569 1950 638 iniustus,

367 672 622 735 tanquam
651 666 694 719 si
718 665 930 719 dicatur
955 680 1058 718 non
1083 664 1278 733 justus.
1306 665 1370 717 Et
1399 676 1581 717 rursus
1603 660 1952 732 quemadmo-

366 757 495 812 dum
539 773 644 812 non
672 767 754 812 est
778 757 1006 826 injustus
1034 756 1217 818 homo,
1244 771 1349 810 non
1381 763 1462 809 est
1489 753 1663 807 solum
1708 751 1947 822 negatio,

367 846 465 903 sed
510 848 789 917 privatoria
821 850 1054 918 negatio,
1084 846 1338 916 quoniam
1381 859 1686 914 quanquam
1720 843 1813 898 det
1856 842 1953 896 ha-

371 935 563 1004 bitum,
595 949 770 992 tamen
805 938 1157 1008 privationem
1209 945 1388 1007 negat,
1434 935 1506 988 ita
1552 948 1768 1004 quoque
1805 943 1860 987 et
1889 947 1952 987 ea

370 1044 490 1099 qua:
517 1039 675 1084 estex
703 1029 910 1083 infinito
932 1028 1168 1093 nomine,
1189 1043 1295 1081 non
1321 1034 1406 1082 est
1433 1040 1538 1080 non
1559 1025 1736 1093 justus
1770 1023 1952 1090 homo,

369 1135 475 1174 non
503 1121 674 1174 solum
706 1129 787 1174 est
827 1120 1062 1191 negatio,
1099 1119 1196 1174 sed
1235 1135 1303 1174 ex
1333 1118 1544 1172 inﬁnito
1572 1117 1710 1172 facta
1738 1117 1955 1172 nomine

367 1208 631 1265 infinitum
678 1225 900 1278 negans.
952 1210 1086 1277 Quia
1134 1210 1294 1279 igitur
1336 1208 1603 1262 inﬁnitutn
1661 1215 1854 1277 negat,
1901 1213 1957 1260 et

369 1301 663 1368 subjectum
709 1302 918 1357 inﬁnito
959 1300 1207 1371 negando
1249 1301 1445 1369 privat,
1481 1298 1781 1367 privatoria:
1808 1296 1958 1350 simi-

369 1395 434 1450 lis
461 1406 564 1451 est.
608 1395 743 1450 Nam
775 1397 822 1451 si
860 1395 1002 1450 idem
1035 1394 1180 1449 valet
1225 1393 1482 1460 injustum
1514 1405 1637 1446 esse
1669 1388 1809 1458 quod
1850 1403 1958 1443 non

368 1494 594 1564 justum,
629 1496 771 1551 idem
804 1496 1001 1552 valebit
1051 1511 1156 1550 non
1203 1509 1324 1551 esse
1365 1493 1621 1562 injustum
1663 1490 1804 1560 quod
1853 1505 1959 1546 non

371 1602 494 1642 esse
540 1603 649 1642 non
686 1588 913 1657 justum.
949 1589 1116 1658 lgitur
1146 1587 1228 1641 ha:
1257 1588 1376 1641 duae
1406 1603 1523 1656 quae
1566 1586 1831 1639 inﬁnitum
1862 1602 1961 1641 no-

370 1695 495 1735 men
529 1681 749 1746 habent,
783 1693 1038 1752 quantum
1063 1681 1128 1737 ad
1160 1683 1393 1750 speciem
1434 1681 1768 1750 formamque
1810 1680 1958 1737 afﬁr-

369 1773 619 1833 mationis
655 1784 709 1827 et
752 1773 1058 1844 negationis
1105 1773 1356 1828 similiter
1399 1787 1458 1827 se
1491 1773 1688 1827 habent
1722 1773 1804 1827 his
1837 1789 1957 1843 qute

369 1871 493 1918 sunt
540 1863 850 1933 privatoriae
899 1863 1303 1918 affirmationes.
1338 1863 1463 1917 Duae
1517 1877 1647 1917 vero
1690 1864 1796 1918 illa:
1837 1880 1956 1934 quze

369 1953 594 2023 simplex
638 1954 1023 2022 deﬁnitumque
1076 1953 1372 2022 przedicant
1419 1968 1637 2019 nomen,
1691 1955 1756 2009 ab
1804 1957 1953 2011 omni

370 2043 717 2099 similitudine
764 2046 1118 2114 privationnm
1167 2045 1391 2099 seclusa:
1435 2054 1578 2098 sunt.
1630 2043 1772 2100 Nihil
1812 2048 1955 2102 enim

371 2136 566 2204 similis
607 2143 689 2190 est
735 2137 824 2190 illa
868 2152 985 2206 qua:
1016 2137 1162 2200 dicit,
1211 2144 1294 2189 est
1337 2134 1516 2205 justus
1547 2135 1730 2200 homo,
1766 2137 1813 2190 ei
1839 2153 1957 2206 quae

371 2227 522 2296 dicit,
555 2236 635 2282 est
666 2227 888 2296 injustus
931 2226 1111 2293 homo,
1141 2241 1261 2280 cum
1291 2235 1532 2294 utraeque
1577 2227 1685 2279 sint
1713 2227 1958 2281 affirma-

369 2318 562 2383 tiones,
595 2316 686 2370 sed
723 2316 811 2370 illa
844 2325 928 2370 est
959 2316 1210 2385 simplex,
1253 2315 1345 2369 illa
1385 2315 1696 2384 privatoria.
1735 2316 1805 2370 At
1830 2331 1958 2372 vero

368 2428 428 2466 ea
458 2429 574 2483 qua:
603 2412 752 2476 dicit,
788 2427 890 2467 non
921 2421 1003 2466 est
1026 2411 1205 2481 justus
1237 2409 1498 2474 homo,ad
1521 2425 1638 2464 eam
1662 2427 1780 2480 quae
1805 2411 1958 2481 dicit,

369 2518 474 2558 non
522 2512 604 2558 est
651 2503 879 2570 injustus
931 2501 1116 2564 homo,
1165 2500 1308 2553 nulla
1357 2499 1581 2553 rationis
1609 2500 1962 2557 similitudine

369 2595 731 2665 conjungitur,
761 2608 881 2648 cum
921 2594 1028 2647 sint
1059 2601 1301 2660 utraeque
1342 2591 1688 2660 negationes;
1738 2593 1831 2646 sed
1865 2590 1955 2647 illa

1306 2705 1401 2760 Est
1422 2704 1600 2774 justus
1629 2705 1812 2762 homo.

1302 2798 1398 2852 Est
1427 2797 1658 2867 injustus
1689 2798 1871 2852 homo.

907 2707 1226 2764 Affirmatio.

905 2800 1223 2855 Alﬁrmatio.

900 2895 972 2951 Af
973 2893 1222 2952 ﬁrmatio.

369 3016 473 3072 Sed
499 3017 604 3080 hac,
636 3013 826 3083 inquit,
856 3010 927 3065 ita
968 3021 1092 3066 sunt
1113 3009 1389 3079 dispositae
1415 3008 1774 3078 eamdemque
1800 3007 1864 3062 ad
1890 3021 1950 3064 se

367 3104 770 3160 similitudinem
811 3114 1022 3174 gerunt,
1053 3099 1504 3172 quemadmodum
1549 3101 1602 3154 in
1632 3099 1950 3171 Analyticis,

369 3199 422 3253 id
451 3209 534 3253 est
570 3198 917 3263 resolutoriis,
951 3198 1152 3252 dictum
1200 3205 1302 3251 est.
1337 3197 1565 3266 Scripsit
1597 3207 1775 3252 autem
1817 3197 1956 3252 duos
1987 3233 2032 3296 Ο

368 3289 724 3344 resolutorios
751 3289 912 3344 libros
944 3288 1010 3343 de
1041 3287 1387 3359 Syllogismo.
1421 3288 1476 3342 In
1518 3304 1748 3360 quorum
1779 3290 1955 3367 primo

367 3378 433 3433 de
479 3379 902 3449 propositionum
944 3393 1008 3432 ex
1057 3377 1208 3432 ﬁnito
1251 3378 1468 3432 nomine
1509 3386 1562 3432 et
1593 3377 1800 3433 inﬁnito
1826 3393 1958 3434 con-

368 3473 645 3542 sequentia
685 3471 961 3526 disseruit.
996 3469 1092 3524 Est
1116 3484 1242 3524 vero
1286 3469 1579 3524 similitudo
1623 3470 1958 3526 afﬁrmativze

369 3563 584 3633 quidem
627 3563 886 3633 simplicis
908 3578 974 3618 ex
1005 3562 1156 3616 ﬁnito
1186 3561 1424 3629 nomine,
1467 3571 1520 3616 et
1546 3563 1808 3632 negativze
1837 3564 1959 3632 ejus

369 3671 485 3726 qure
518 3655 677 3711 habet
723 3656 988 3710 inﬁnitum
1032 3669 1250 3709 nomen.
1283 3653 1523 3722 Namque
1555 3668 1617 3709 ea
1649 3669 1766 3724 qua:
1803 3653 1954 3722 dicit,

369 3755 451 3801 est
471 3745 644 3815 justus
667 3745 850 3808 homo,
872 3743 1182 3808 afﬁrmatio,
1207 3743 1253 3798 ei
1281 3759 1401 3814 quae
1425 3743 1572 3808 dicit,
1604 3759 1708 3798 non
1739 3753 1822 3799 est
1850 3759 1956 3800 non

370 3834 546 3905 justus
577 3835 757 3900 homo,
792 3833 1060 3904 negationi
1106 3834 1298 3888 similis
1336 3843 1440 3888 est.
1479 3833 1702 3903 Negatio
1742 3849 1959 3905 quoque

371 3926 602 3994 simplex
635 3926 765 3979 limti
811 3925 1062 3989 nominis,
1094 3925 1439 3980 afﬁrmationi
1482 3925 1673 3981 inﬁniti
1725 3927 1957 3984 nominis

374 4017 642 4070 convenit.
675 4016 746 4069 Ea
785 4017 926 4070 enim
959 4031 1074 4084 qua:
1113 4015 1260 4080 dicit,
1293 4030 1399 4070 non
1431 4024 1514 4070 est
1555 4016 1732 4085 justus
1774 4017 1955 4083 homo,

372 4109 567 4162 similis
596 4116 679 4162 est
722 4108 771 4163 ei
813 4122 931 4176 quae
975 4107 1122 4170 dicit,
1157 4115 1238 4162 est
1269 4122 1374 4162 non
1421 4108 1599 4178 justus
1633 4109 1813 4164 homo.
1851 4109 1958 4166 Sed

372 4199 818 4269 quemadmodum
851 4200 963 4254 ista:
990 4198 1090 4253 sibi
1121 4199 1228 4252 sint
1265 4199 1492 4266 similes,
1517 4208 1570 4254 et
1600 4200 1872 4269 quomodo
1905 4205 1957 4254 in

373 4292 753 4362 consequentia
801 4293 1074 4362 proprium
1109 4299 1325 4345 teneant
1352 4291 1599 4346 ordinem
1621 4333 1634 4357 ,
1670 4307 1810 4345 nunc
1839 4291 1961 4361 qui-

374 4383 494 4438 dem
522 4385 744 4454 exsequi
777 4386 1104 4451 distulimus,
1139 4385 1410 4453 paulisper
1435 4392 1617 4438 tamen
1647 4383 1960 4438 describan-

374 4487 478 4542 tur,
528 4489 582 4532 ut
621 4493 807 4532 carum
857 4459 1104 4546 q'nmdam
1151 4477 1450 4546 proprietas
1497 4477 1830 4531 ostendatur.
1880 4476 1962 4531 Sit

373 4569 510 4621 enim
541 4566 825 4622 affirmatio
857 4568 988 4621 finiti
1023 4567 1288 4631 nominis,
1316 4576 1370 4622 et
1397 4567 1497 4623 sub
1526 4584 1586 4622 ea
1616 4570 1826 4636 negatio
1858 4583 1958 4621 no-

374 4659 529 4712 minis
558 4659 771 4714 infiniti.
812 4660 892 4714 Sit
923 4660 1049 4714 item
1087 4659 1297 4728 negatio
1324 4657 1454 4714 ﬁniti
1490 4660 1744 4726 nominis,
1773 4666 1830 4713 et
1856 4657 1956 4713 sub

373 4764 432 4803 ea
456 4749 738 4805 afﬁrmatio
771 4743 1003 4804 nominis
1026 4748 1240 4807 inﬁniti.

373 4911 648 4962 Allirmatio.
679 4909 764 4960 Est
778 4911 939 4973 justus
963 4920 1122 4959 nomo.
1148 4907 1252 4958 Non
1273 4912 1350 4958 est
1368 4907 1528 4970 justus
1551 4918 1710 4959 nomo.
1737 4904 1964 4968 Negalio.

892 5021 1032 5102 Αηευ
1314 5019 1450 5086 \ates

891 5169 1030 5236 sui!“
1321 5146 1446 5228 l“res

371 5283 592 5348 Negatio.
666 5281 773 5334 Non
795 5289 873 5393 est
893 5295 992 5331 non
1007 5280 1167 5342 justus
1231 5278 1314 5331 Est
1339 5278 1614 5391 nonnigtstus
1678 5277 1964 5330 Alﬁrmatio.

851 5357 998 5393 10m0.
1365 5356 1411 5391 to
1498 5375 1512 5388 .

851 5357 998 5394 10m0.
1349 5356 1512 5391 llOlIlO.

371 5487 432 5543 In
464 5489 565 5540 hac
593 5487 754 5554 igitur
785 5483 1152 5552 descriptione
1184 5483 1398 5554 negatio
1419 5495 1485 5536 ex
1508 5481 1718 5536 inﬁnito
1747 5480 1963 5539 nomine

368 5583 472 5638 6th
495 5577 857 5632 afﬁrmatione
891 5576 1027 5629 ﬁniti
1058 5576 1291 5630 nominis
1332 5579 1568 5644 ponitur,
1597 5584 1651 5629 et
1672 5587 1854 5630 rursus
1882 5575 1964 5630 af-

371 5671 608 5727 ﬁrmatio
642 5666 837 5724 inﬁniti
866 5665 1101 5720 nominis
1143 5666 1243 5720 sub
1285 5666 1570 5735 negatione
1621 5664 1781 5730 ﬁniti,
1830 5680 1964 5735 qua-

378 5777 489 5820 rum
512 5760 822 5832 angulares,
850 5756 1106 5829 quoniam
1158 5767 1283 5811 sunt
1327 5755 1643 5824 indeﬁnitzr,
1679 5772 1864 5813 omnes
1891 5759 1963 5814 si-

374 5854 485 5910 mul
514 5856 565 5909 in
607 5850 856 5909 omnibus
885 5863 1028 5905 verae
1063 5862 1186 5906 esse
1225 5859 1465 5921 possunt,
1503 5852 1603 5909 nisi
1637 5851 1688 5908 in
1722 5851 1804 5908 his
1846 5858 1960 5907 tan-

2022 2707 2138 2764 Non
2170 2719 2250 2764 est
2272 2710 2448 2780 justus
2475 2711 2658 2768 homo.

2017 2798 2136 2855 Non
2166 2810 2247 2857 est
2276 2801 2509 2871 injustus
2535 2805 2716 2860 homo.

1302 2894 1395 2950 Est
1422 2909 1528 2949 non
1553 2894 1733 2965 justus
1761 2893 1944 2950 homo.
2019 2893 2137 2950 Non
2167 2905 2252 2951 est
2280 2911 2387 2952 non
2412 2897 2587 2967 justus
2621 2898 2802 2955 homo.
2878 2899 3123 2970 Negatio.

2060 567 2276 622 nomine
2324 576 2480 632 sunt,
2517 567 2769 623 similiter
2807 582 2926 623 sese
2970 568 3168 622 habent
3197 564 3648 638 quemadmodum

2058 658 2416 730 privationcs,
2452 657 2645 712 similis
2691 673 2922 728 namque
2964 658 3253 713 afﬁrmatio
3296 666 3381 713 est
3425 672 3486 712 ea
3529 672 3652 728 qua

2057 749 2210 813 dicit,
2239 758 2320 803 est
2355 764 2464 802 non
2491 749 2667 818 justus
2700 749 2882 816 homo,
2907 749 2956 804 ei
2987 765 3106 820 qua:
3129 749 3282 816 dicit,
3305 759 3386 805 est
3417 749 3654 821 injustus

2060 844 2242 899 homo.
2290 845 2352 899 Et
2384 859 2571 900 rursus
2616 860 2681 900 ea
2726 861 2844 914 qua:
2876 844 3026 910 dicit,
3057 860 3163 898 non
3203 854 3286 900 est
3330 859 3436 900 non
3467 846 3651 914 justus

2061 936 2244 999 homo,
2274 937 2321 992 ei
2368 951 2486 1006 quae
2530 937 2681 1002 dicit,
2726 953 2832 991 non
2876 947 2958 991 est
2989 935 3216 1004 injustus
3265 936 3448 1005 homo,
3481 939 3656 1008 priva-

2062 1027 2234 1083 tiones
2258 1043 2386 1083 vero
2409 1029 2745 1097 simplicibus
2771 1027 3224 1098 propositionibus
3246 1036 3299 1082 et
3323 1027 3405 1082 his
3435 1043 3554 1098 qua:
3585 1043 3655 1084 ex

2061 1121 2226 1175 finitis
2274 1122 2583 1178 nominibus
2635 1125 2788 1186 ﬁunt,
2830 1138 2934 1177 non
2990 1122 3414 1192 conjunguntur.
3469 1123 3655 1193 Neque

2062 1215 2207 1268 enim
2257 1216 2538 1284 quisquam
2592 1215 2789 1271 dixerit
2836 1232 2954 1272 eam
2995 1234 3116 1288 quae
3165 1220 3313 1284 dicit,
3361 1227 3443 1272 est
3478 1219 3656 1288 justus

2061 1307 2244 1373 homo,
2299 1323 2420 1363 esse
2473 1324 2780 1379 comparem
2831 1314 2879 1367 ei
2931 1330 3052 1383 quae
3092 1314 3243 1379 dicit,
3287 1323 3370 1370 est
3414 1315 3654 1383 injustus

2063 1401 2247 1471 homo,
2283 1420 2383 1460 nec
2416 1420 2541 1461 vero
2565 1422 2682 1462 eam
2706 1423 2825 1478 qua:
2855 1408 3002 1477 dicit,
3028 1424 3133 1464 non
3162 1418 3246 1464 est
3268 1409 3447 1480 justus
3471 1409 3655 1477 homo,

2064 1517 2223 1572 posse
2264 1504 2465 1574 aliquid
2512 1509 2817 1576 comparari
2850 1525 2970 1564 cum
3001 1527 3063 1564 ea
3095 1526 3215 1579 quae
3245 1509 3397 1574 dicit,
3427 1524 3529 1563 non
3573 1516 3658 1564 est

2065 1593 2295 1662 injustas
2327 1596 2510 1652 homo.
2543 1598 2710 1654 Recte
2730 1616 2859 1672 ergo
2884 1603 3082 1657 dictum
3107 1612 3189 1656 est
3215 1602 3282 1657 de
3312 1601 3396 1656 his
3426 1613 3658 1672 quatuor

2065 1687 2521 1755 propositionibus
2539 1689 2670 1744 duas
2691 1690 2758 1746 ad
2782 1692 3195 1749 afﬁrmationem
3229 1703 3284 1748 et
3313 1693 3655 1765 negationem

2064 1775 2135 1829 ita
2167 1790 2226 1830 se
2255 1777 2473 1842 habere,
2511 1789 2568 1834 ut
2615 1790 2741 1836 sunt
2787 1783 3144 1852 privationes;
3188 1783 3321 1838 duas
3361 1796 3492 1837 vero
3533 1796 3658 1837 esse

2066 1867 2357 1937 simplices,
2389 1878 2442 1925 et
2471 1882 2668 1941 prieter
2693 1874 2925 1945 aliquam
2956 1878 3314 1946 privationnm
3350 1875 3656 1930 similitttdit

2067 1974 2211 2013 nem.
2243 1961 2394 2027 Quod
2433 1972 2610 2018 autem
2649 1965 2720 2020 ait
2742 1967 2806 2020 ad
2837 1969 3305 2038 consequentiam,
3334 1978 3584 2038 tanquam
3612 1967 3659 2024 si

2067 2052 2292 2107 dixisset
2321 2054 2386 2109 ad
2435 2056 2866 2126 similitudinem,
2917 2061 2987 2115 ita
3029 2061 3188 2115 debet
3237 2059 3484 2128 intelligi.
3527 2057 3660 2125 Qua

2066 2143 2209 2197 enim
2233 2143 2337 2198 sibi
2376 2155 2503 2200 sunt
2536 2148 2752 2214 similia,
2784 2165 2813 2204 a
2851 2165 2910 2205 se
2935 2150 3338 2220 quodammodo
3366 2163 3471 2204 non
3510 2162 3657 2203 rece«

2066 2232 2221 2298 dum,
2255 2244 2308 2288 et
2334 2250 2393 2290 se
2415 2236 2643 2292 invicem
2668 2252 3092 2311 consequuntur.
3115 2240 3500 2296 Describuntur
3529 2253 3658 2309 ergo

2067 2321 2187 2376 duae
2213 2325 2357 2391 prius
2385 2326 2659 2395 simplices
2695 2330 3109 2398 propositiones,
3136 2340 3258 2400 post
3282 2329 3376 2384 has
3400 2328 3520 2383 dua:
3549 2327 3659 2398 pri-

2065 2414 2305 2480 vatoriae,
2342 2426 2617 2485 postremo
2645 2433 2764 2487 quae
2793 2419 3018 2474 infinitis
3052 2419 3360 2476 nominibus
3387 2426 3658 2485 constant,

2067 2501 2532 2560 utafﬁrmationcs
2568 2507 2670 2561 sub
2710 2506 3190 2576 aftirmationibus,
3213 2510 3525 2580 negationes
3557 2505 3659 2563 sub

2067 2593 2441 2664 negationibus
2461 2599 2879 2654 constituantur.

2877 2712 3123 2787 Negatio.

2877 2804 3122 2877 Negatio.

2063 3017 2175 3064 tum
2226 3023 2346 3079 quae
2401 3021 2492 3064 aut
2550 3011 2870 3066 naturaliter
2926 3010 3149 3076 insunt,
3202 3021 3292 3064 aut
3345 3009 3659 3066 naturalitel

2065 3100 2244 3155 inesse
2294 3115 2398 3154 non
2448 3110 2689 3170 possunt,
2716 3110 2774 3155 ut
2802 3099 2848 3154 si
2875 3099 2996 3170 quis
3024 3099 3203 3167 dicat,
3223 3107 3306 3154 est
3341 3098 3504 3154 homo
3538 3099 3658 3153 ani.

2067 3195 2212 3262 mal,
2255 3209 2528 3265 nunquam
2563 3210 2684 3249 cum
2716 3195 2815 3250 hac
2857 3209 2982 3251 vera
3022 3209 3144 3250 esse
3174 3201 3350 3264 potest
3377 3210 3392 3247 :
3422 3193 3512 3248 illa
3543 3209 3661 3264 qua

2065 3289 2218 3357 dicit,
2245 3298 2328 3345 est
2375 3291 2538 3345 homo
2580 3305 2684 3345 non
2731 3289 2952 3356 animal,
2982 3304 3100 3359 quae
3137 3299 3220 3345 est
3261 3288 3555 3358 angularis,
3582 3287 3661 3343 id-

2066 3381 2212 3437 circo
2248 3382 2501 3451 quoniam
2549 3381 2751 3437 animal
2791 3382 3108 3438 naturaliter
3143 3379 3198 3435 in
3239 3379 3535 3436 substantia
3566 3379 3660 3434 ho~

2067 3474 2230 3529 minis
2259 3474 2582 3544 perspicitur
2609 3475 2897 3530 inhaerere.
2937 3474 3146 3528 Rursus
3178 3473 3222 3529 si
3253 3473 3374 3544 quis
3395 3471 3558 3538 dicat,
3581 3478 3662 3532 est

2070 3565 2232 3619 homo
2260 3563 2416 3633 lapis,
2442 3575 2524 3619 eSt
2555 3565 2716 3619 homo
2733 3563 3015 3635 nonlapis,
3046 3578 3114 3618 ne
3144 3562 3227 3618 ha:
3255 3563 3471 3634 quidem
3501 3560 3661 3620 simul

2067 3671 2208 3712 vera:
2222 3672 2342 3712 esse
2357 3667 2601 3726 possunt,
2620 3658 2826 3714 idcirco
2853 3657 2995 3728 quod
3011 3658 3238 3729 lapidem
3263 3658 3438 3713 inesse
3458 3656 3663 3714 homini

2069 3748 2386 3802 naturaliter
2428 3748 2762 3818 impossibile
2803 3757 2906 3804 est.
2926 3749 3078 3815 Quod
3106 3751 3150 3804 si
3189 3749 3497 3820 hujusmodi
3537 3757 3662 3808 sunt

2069 3857 2189 3911 qua:
2213 3842 2502 3898 noninsint
2521 3843 2857 3906 naturaliter,
2874 3843 2968 3897 sed
2993 3844 3172 3898 inesse
3192 3842 3554 3912 possint,utin
3579 3841 3664 3898 his

2068 3950 2188 4005 qua:
2220 3950 2380 4004 supra
2415 3935 2694 4004 posuimus
2721 3935 3005 4004 exemplis,
3047 3937 3334 4004 angulares
3373 3951 3515 3990 verte
3538 3942 3663 3998 sunt

2067 4041 2298 4096 semper.
2319 4028 2496 4082 Potest
2518 4030 2659 4082 enim
2682 4042 2807 4082 vera
2833 4042 2953 4082 esse
2983 4035 3037 4082 et
3063 4043 3125 4083 ea
3145 4044 3266 4097 quae
3296 4027 3446 4092 dicit,
3470 4037 3552 4082 est
3577 4027 3663 4096 ju-

2067 4128 2183 4172 stus
2200 4117 2378 4183 homo,
2394 4129 2519 4173 etea
2536 4133 2653 4188 quae
2675 4118 2825 4184 dicit,
2845 4129 2925 4173 est
2949 4133 3052 4172 non
3067 4119 3241 4188 justus
3263 4117 3661 4174 homo.Rursus

2069 4219 2244 4280 potest
2277 4227 2399 4265 vera
2441 4226 2561 4266 esse
2597 4227 2716 4282 quae
2743 4211 2894 4280 dicit,
2929 4227 3034 4267 non
3068 4222 3150 4267 est
3187 4211 3362 4282 justus
3394 4211 3578 4275 homo,
3611 4211 3658 4266 si

2068 4303 2168 4357 hoc
2213 4304 2278 4359 de
2310 4304 2456 4374 Sylla
2489 4305 2726 4371 dicatur,
2760 4316 2814 4361 et
2845 4321 2905 4361 ea
2936 4321 3055 4377 quae
3096 4305 3260 4372 dicit,
3292 4319 3398 4360 non
3440 4313 3522 4359 est
3553 4316 3662 4359 non

2063 4396 2242 4464 justus
2291 4398 2472 4463 homo,
2508 4399 2549 4452 si
2597 4398 2697 4452 hoc
2727 4398 2806 4466 jde
2851 4397 3055 4454 Catone
3100 4397 3442 4468 praedicetur.
3476 4393 3532 4448 ln
3577 4392 3663 4450 his

2067 4489 2226 4558 igitur
2274 4506 2393 4559 quae
2424 4501 2549 4545 sunt
2592 4490 2906 4555 indeﬁnitm,
2940 4491 2985 4544 si
3032 4504 3093 4544 ea
3137 4503 3256 4559 quze
3301 4485 3665 4556 praedicantur

2069 4580 2380 4634 naturaliter
2410 4597 2514 4634 non
2551 4581 2755 4646 insunt,
2800 4580 2893 4634 sed
2923 4595 2983 4636 ea
3033 4579 3214 4633 inesse
3259 4577 3516 4648 possibile
3553 4584 3658 4644 est,

2067 4686 2282 4741 semper
2318 4673 2604 4741 angulares
2647 4672 2806 4726 simul
2849 4688 3005 4727 veras
3037 4686 3156 4727 esse
3187 4671 3472 4739 contingit.
3507 4669 3664 4738 Quod

2076 4772 2120 4825 si
2147 4767 2450 4837 hujusmodi
2479 4769 2873 4837 propositiones
2897 4784 3018 4822 cum
3037 4767 3350 4822 deﬁnitione
3373 4781 3658 4835 ponamus,

2074 4862 2145 4916 ita
2182 4858 2466 4914 dicendum
2500 4867 2579 4912 est
2607 4875 2618 4910 :
2651 4867 2733 4912 est
2762 4860 2938 4913 omnis
2969 4857 3130 4912 homo
3160 4856 3360 4927 justus,
3389 4857 3544 4926 hujus
3575 4871 3666 4912 nea

2071 4951 2234 5022 gatio,
2255 4963 2360 5002 non
2391 4956 2473 5004 est
2503 4951 2678 5002 omnis
2703 4947 2864 5003 homo
2887 4948 3087 5018 juStus.
3121 4948 3348 5015 Rursus,
3376 4957 3459 5004 est
3488 4946 3664 5002 omnis

2077 5042 2234 5095 homo
2258 5055 2361 5094 non
2390 5037 2586 5110 justus,
2621 5039 2779 5109 hujus
2809 5040 3045 5108 negatio,
3065 5054 3170 5094 non
3196 5047 3278 5094 est
3309 5037 3483 5092 omnis
3505 5035 3664 5090 homo

2076 5150 2180 5189 non
2221 5133 2429 5203 justus,
2461 5148 2579 5201 quae
2610 5132 2973 5202 disponantur
3006 5131 3106 5188 hoc
3138 5131 3334 5196 modo,
3366 5140 3422 5184 ut
3453 5127 3665 5196 negatio

2077 5223 2177 5278 sub
2208 5221 2572 5276 afﬁrmatione
2602 5221 2692 5286 sit,
2723 5230 2776 5276 et
2803 5221 2901 5276 sub
2932 5222 3216 5290 negatione
3241 5220 3550 5276 afﬁrmatio.

2078 5359 2366 5410 Allirmatio.
2433 5357 2518 5409 Est
2556 5359 2714 5406 omnis
2753 5357 2897 5408 homo
2962 5356 3065 5406 Non
3106 5365 3181 5408 est
3220 5358 3375 5407 omnis
3437 5353 3664 5418 Negatio.

2563 5421 2745 5482 justus.
2996 5419 3142 5470 homo
3159 5421 3334 5481 justus.

2582 5523 2672 5587 θοι)
2689 5561 2755 5617 εἰ(
3027 5541 3157 5612 εσυ

2582 5674 2736 5764 sum“
3025 5691 3149 5768 ἐρα,

2073 5823 2300 5884 Νρεηιῑο.
2338 5824 2442 5875 Non
2470 5833 2545 5874 est
2565 5826 2722 5897 omnis
2745 5827 2889 5878 homo
2921 5825 3005 5879 list
3027 5823 3346 5897 omnishomo
3379 5822 3664 5875 Afﬁrmatio.

2473 5902 2568 5938 non
2592 5893 2762 5937 iustus.
2985 5899 3080 5936 non
3105 5893 3272 5938 iustus.
