4280 6268
530 304 629 361 547

1739 304 1851 369 ΔΝ.
1895 307 2105 368 MANL.
2151 310 2306 371 εει.
2348 312 2577 377 BQETII

3713 323 3819 385 548

531 415 586 518 in
635 420 719 518 bis
770 421 1229 518 ergo-quamdam
1281 420 1777 518 dissimilitudinem
1826 432 2110 518 monstrat.
2142 432 2199 499 Α
2224 429 2434 489 inﬁnito
2460 429 2707 505 subjecto
2740 445 2755 486 ε
2790 430 2932 488 idem
2961 439 3048 489 est
3072 441 3127 491 et
3166 434 3220 491 in
3252 437 3538 508 negatione
3566 453 3685 511 quas
3715 452 3818 518 est,

532 509 666 567 Nam
695 513 747 566 in
774 513 1062 567 indeﬁnitis
1094 516 1135 567 si
1166 527 1226 566 ea
1257 528 1377 582 quae
1403 514 1763 583 praedicantur
1804 516 2122 573 naturaliter

534 617 643 656 non
678 602 936 665 inessent,
971 616 1093 655 esse
1125 610 1304 658 tamen
1347 604 1401 657 in
1426 603 1681 674 subjectis
1705 615 1944 674 possent,
1979 622 2124 661 sem-

538 704 635 758 per
657 689 943 760 angulares
969 690 1128 745 simul
1158 705 1312 745 veras
1341 706 1465 748 esse
1503 694 1621 748 sine
1649 694 1811 749 dubio
1841 696 2125 766 continge-

536 777 647 831 bat.
681 777 810 830 Nam
838 790 889 831 et
922 776 1309 833 alﬁrmationcs
1332 780 1781 837 afﬂrmationibus
1807 792 1861 838 et
1889 784 2131 855 negatio-

536 882 633 923 nes
680 867 1057 937 negationibus
1095 868 1511 925 Conveniebant.
1554 870 1610 925 In
1653 870 1739 926 his
1778 880 1957 927 autem
2008 888 2128 942 quae

537 974 657 1014 cum
686 958 1010 1013 difiinitioue
1041 960 1358 1027 quantitatis
1392 961 1663 1029 dicuntur,
1701 978 1806 1019 non
1839 963 1982 1018 idem
2015 978 2130 1019 tuo-

538 1049 640 1103 dus
688 1060 790 1104 est.
848 1050 1250 1104 Allirtnationes
1296 1052 1440 1105 enim
1491 1052 1940 1107 afﬁrmationibus
1984 1052 2126 1107 nulla

539 1140 749 1196 ratione
772 1143 1089 1211 junguntur.
1122 1139 1254 1194 Nam
1286 1143 1330 1195 si
1360 1155 1488 1197 vera
1517 1141 1587 1197 sit
1612 1156 1675 1197 ea
1697 1155 1816 1212 quin
1858 1142 2008 1211 dicit,
2042 1150 2128 1197 est

540 1234 716 1287 omnis
760 1232 921 1287 homo
945 1233 1141 1301 justus,
1158 1248 1429 1301 nunquam
1458 1249 1583 1288 vera
1598 1247 1718 1289 esse
1734 1243 1906 1303 potest
1925 1248 1991 1289 ea
2005 1250 2126 1303 quae

544 1327 698 1393 dicit,
715 1334 770 1381 ct
798 1326 971 1380 omnis
993 1326 1154 1380 homo
1178 1339 1281 1379 non
1299 1323 1497 1394 justus,
1522 1341 1639 1395 quae
1653 1337 1737 1381 est
1758 1326 2049 1395 angularia,
2074 1334 2130 1381 et

542 1416 643 1471 hoc
659 1418 965 1486 discrepare
983 1418 1035 1471 in
1050 1417 1193 1471 nullo
1206 1420 1504 1485 reperietur
1515 1417 1785 1486 exemplo.
1807 1416 2130 1487 Negationes

548 1523 727 1568 autem
759 1511 1127 1581 particulares,
1169 1526 1289 1582 quae
1317 1520 1441 1567 sunt
1484 1513 1587 1567 sibi
1625 1514 1937 1583 angulares,
1965 1512 2130 1569 simul

543 1618 700 1658 veras
739 1616 859 1658 esse
883 1602 1167 1674 contingit.
1193 1603 1378 1659 Potest
1406 1604 1550 1658 enim
1589 1618 1773 1659 verum
1805 1619 1929 1661 esse
1960 1606 2012 1658 in
2043 1604 2127 1658 his

544 1709 666 1764 quae
697 1695 1013 1749 naturaliter
1040 1709 1146 1749 non
1186 1705 1340 1760 sunt,
1374 1704 1428 1750 et
1460 1694 1733 1765 possibilia
1775 1704 1899 1750 sunt
1930 1697 2129 1761 inesse,

547 1796 604 1841 ut
635 1786 854 1855 negatio
901 1786 1240 1855 particularis

549 1886 633 1930 est
672 1875 946 1946 angularis
975 1876 1282 1942 conveniat,
1315 1884 1373 1931 ut
1393 1891 1456 1933 ea
1476 1890 1599 1949 qua:
1637 1887 1737 1943 est,
1768 1893 1875 1934 non
1903 1886 1987 1935 est
2019 1893 2135 1934 oin-

550 1966 635 2019 nis
664 1965 827 2021 bomo
848 1967 1042 2034 justus,
1071 1966 1119 2021 ei
1140 1982 1259 2037 quze
1281 1975 1366 2022 est
1392 1967 1667 2038 augularis
1688 1969 1999 2037 conveniat,
2024 1985 2133 2025 non

547 2066 630 2113 est
655 2058 831 2112 omnis
860 2058 1021 2113 homo
1048 2073 1152 2114 non
1168 2060 1365 2128 justus,
1384 2060 1479 2115 sed
1499 2061 1601 2115 hoc
1618 2060 1952 2116 dissimiliter
1971 2076 2132 2131 quam

548 2152 601 2207 iu
632 2152 947 2207 indeﬁnitis.
980 2152 1113 2207 Nam
1143 2155 1197 2208 in
1229 2154 1335 2209 illis
1360 2164 1416 2210 et
1445 2169 1508 2210 ea
1538 2170 1659 2225 qua:
1674 2155 1826 2221 dicit,
1855 2164 1937 2211 est
1958 2156 2135 2226 justus

548 2245 728 2312 homo,
767 2246 815 2301 ei
850 2262 970 2317 quae
1013 2246 1166 2313 dicit,
1198 2257 1282 2304 est
1318 2264 1424 2302 non
1456 2247 1634 2318 justus
1676 2248 1860 2314 homo,
1899 2249 2137 2319 angulari

548 2339 778 2406 scilicet,
811 2339 1189 2395 conveniebat.
1244 2339 1452 2395 Rursus
1480 2355 1542 2395 ea
1583 2355 1703 2411 qua:
1732 2340 1884 2406 dicit,
1910 2356 2015 2394 non
2057 2348 2140 2394 est

549 2445 656 2485 non
680 2429 858 2499 justus
891 2432 1077 2496 homo,
1108 2431 1156 2485 ei
1184 2446 1304 2501 quas
1342 2439 1444 2499 est,
1495 2446 1600 2486 non
1635 2442 1718 2487 est
1742 2431 1920 2501 justus
1951 2430 2134 2498 homo,

494 2516 519 2537 ‘
549 2523 877 2592 nngulariter
914 2523 1100 2591 posita:
1141 2523 1491 2592 congruebat.
1527 2523 1585 2578 ln
1621 2523 1706 2578 his
1733 2533 1935 2591 autem,
1976 2523 2033 2578 id
2057 2532 2141 2579 est

551 2613 845 2667 secundum
896 2614 1246 2681 quantitatem
1298 2614 1552 2680 deﬁnitis,
1586 2614 1975 2671 alﬁrmationes
2019 2616 2137 2685 qui-

552 2705 673 2759 dem
723 2705 842 2758 duae
888 2702 1242 2771 universales,
1286 2719 1404 2771 quae
1451 2712 1605 2772 sunt,
1645 2713 1731 2760 est
1772 2706 1951 2761 omnis
1979 2704 2141 2760 homo

553 2798 747 2867 iustus,
773 2806 824 2852 et
854 2804 937 2852 est
970 2796 1146 2851 omnis
1182 2796 1348 2853 homo
1378 2813 1485 2853 non
1524 2798 1726 2869 justus,
1768 2814 2039 2870 nunquam
2069 2800 2147 2854 sic.

554 2888 661 2941 mul
702 2901 841 2942 vera:
879 2900 997 2941 esse
1031 2894 1275 2954 possunt,
1303 2888 1589 2958 angulares
1617 2898 1797 2945 autem
1830 2890 2143 2959 negationes

554 2994 673 3048 quas
719 2977 1069 3049 particulares
1110 2985 1256 3044 sunt,
1289 2977 1342 3033 id
1373 2987 1479 3045 est,
1520 2993 1627 3035 non
1658 2988 1743 3036 est
1772 2981 1949 3036 omnis
1983 2980 2143 3041 homo

555 3068 818 3140 ἱιιειυς,ει
842 3084 947 3124 non
979 3075 1062 3125 est
1081 3068 1257 3124 omnis
1287 3068 1449 3130 homo
1476 3086 1583 3127 non
1602 3071 1802 3142 justus,
1823 3073 1876 3131 in
1904 3072 1989 3129 bis
2018 3086 2144 3143 qua:

559 3177 607 3221 st
627 3180 747 3225 esse
775 3176 829 3221 et
860 3182 965 3220 non
996 3179 1115 3221 esse
1146 3163 1415 3234 possibilia
1442 3175 1590 3231 sunt,
1622 3165 1784 3221 simul
1812 3178 1954 3221 verte
1995 3172 2137 3219 sunt.
2171 3191 2219 3256 ρ

556 3254 670 3311 Non
701 3271 830 3329 ergo
859 3255 1107 3311 similiter
1139 3256 1191 3308 in
1227 3255 1310 3309 bis
1337 3270 1455 3325 quae
1480 3266 1608 3317 sunt
1633 3256 1891 3322 deﬁnitae,
1926 3255 2145 3322 angula-

561 3362 645 3409 res
670 3348 888 3403 sibimet
916 3358 1239 3415 congruunt,
1268 3355 1326 3403 ut
1367 3348 1420 3403 in
1452 3348 1536 3404 his
1566 3364 1685 3421 qua:
1727 3347 1960 3407 deﬁnita:
1998 3357 2145 3411 sunt.

560 3440 708 3509 Quod
737 3455 830 3510 per
867 3440 970 3495 hoc
1009 3439 1345 3499 demonstrat
1371 3441 1513 3511 quod
1539 3442 1653 3497 ait:
1685 3442 1789 3503 Sed
1822 3458 1927 3496 non
1954 3440 2144 3503 simili-

560 3543 643 3587 ter
673 3528 957 3599 angulares
997 3532 1259 3601 contingit
1293 3546 1449 3589 veras
1483 3547 1622 3589 esse.
1667 3532 1725 3589 ln
1754 3533 1862 3590 illis
1901 3534 2046 3591 enim
2077 3535 2147 3595 si-

561 3621 725 3677 bimet
753 3630 992 3688 utrmque
1021 3622 1365 3676 consentiunt
1411 3622 1722 3692 angulares,
1756 3624 1809 3680 in
1844 3624 1929 3679 bis
1955 3632 2141 3685 autem

564 3712 839 3782 angulares
870 3711 1083 3781 quidem
1113 3712 1461 3768 al'ﬁrtnativas
1489 3728 1760 3782 nunquam
1790 3713 1952 3769 simul
1981 3729 2138 3771 veras

567 3820 681 3869 esse
718 3803 996 3874 contingit.
1030 3804 1177 3859 Alias
1205 3820 1332 3865 vero
1360 3806 1644 3876 angulares
1680 3822 1798 3877 quae
1826 3817 1952 3865 sunt
1978 3808 2147 3878 parti-

569 3900 778 3954 culares
831 3899 1144 3969 negationes
1187 3898 1449 3971 contingit
1497 3899 1805 3970 aliquando.
1853 3901 1965 3959 Hoc
2007 3900 2155 3961 enim

570 3990 737 4062 ipsius
772 3991 1049 4047 declarant
1075 3992 1232 4047 verba
1277 3992 1552 4049 dicentis:
1594 3992 1701 4049 Sed
1754 4008 1858 4049 non
1907 3992 2153 4049 similiter

571 4086 880 4155 angulares,
908 4085 1171 4156 contingit
1198 4099 1354 4141 veras
1376 4101 1518 4142 esse.
1540 4085 1814 4158 Contingit
1847 4096 2025 4143 autem
2056 4085 2154 4143 ali-

572 4176 803 4247 quando.
840 4178 955 4232 Non
997 4177 1247 4233 similiter
1276 4177 1492 4247 quidem
1521 4178 1787 4248 contingit
1826 4192 1981 4234 veras
2010 4191 2155 4244 esse,

573 4270 772 4327 idcirco
826 4268 966 4339 quod
1028 4266 1415 4323 afﬁrmationes
1468 4268 1822 4336 universales,
1869 4269 2155 4338 angulares

573 4373 711 4415 Vera:
741 4373 1009 4428 nunquam
1031 4366 1172 4422 sunt,
1203 4357 1344 4428 quod
1368 4359 1420 4412 in
1444 4357 1526 4412 bis
1548 4374 1667 4429 qua:
1694 4357 1989 4414 indeﬁnitae
2010 4366 2156 4425 sunt,

575 4452 939 4523 contingebat.
964 4448 1288 4519 Contingere
1316 4458 1493 4505 autem
1522 4448 1811 4520 aliquando
1846 4447 2002 4514 dixit,
2035 4461 2157 4504 cum

575 4544 929 4615 angularium,
963 4558 1082 4611 qua:
1121 4551 1244 4597 sunt
1276 4542 1627 4612 particulares
1663 4543 1994 4612 negationes,
2024 4539 2159 4598 iaci-

579 4651 697 4693 mus
718 4635 1196 4705 comparationem,
1226 4633 1271 4687 si
1300 4649 1360 4693 ea
1392 4649 1514 4704 qua:
1539 4629 1896 4704 praedicantur
1926 4648 2030 4691 non
2054 4637 2164 4691 sint

574 4725 835 4782 naturalia
860 4725 1134 4794 subjectis,
1165 4724 1258 4780 sed
1282 4733 1461 4781 tamen
1484 4727 1661 4781 inesse
1685 4725 1979 4797 possibilia.

584 4804 595 4883 γ’
653 4817 750 4871 lla:
794 4818 950 4888 igitur
991 4818 1108 4873 diue
1153 4820 1402 4889 oppositae
1444 4826 1601 4885 sunt,
1631 4818 1749 4873 alia:
1790 4827 1961 4873 autem
1996 4820 2063 4872 ad
2111 4820 2165 4875 id

576 4910 714 4981 quod
740 4917 813 4963 est
843 4923 944 4961 non
969 4908 1139 4978 homo,
1165 4910 1311 4979 φιαεὶ
1330 4910 1613 4981 subjectum
1653 4910 1863 4980 aliquod
1891 4909 2162 4964 additum:

580 5010 652 5064 ut,
687 5008 759 5055 est
793 5000 965 5070 justus
996 5013 1097 5053 non
1124 4998 1296 5063 homo,
1330 5016 1431 5053 non
1462 5010 1534 5054 est
1552 5002 1726 5072 justus
1747 5016 1849 5054 non
1875 5001 2044 5053 homo.
2072 5000 2167 5056 Est

579 5109 677 5145 non
701 5092 875 5162 justus
916 5105 1017 5143 non
1062 5089 1234 5156 homo,
1265 5105 1366 5143 non
1393 5099 1465 5144 est
1495 5106 1596 5144 non
1630 5090 1804 5159 justus
1842 5105 1944 5144 non
1990 5091 2162 5144 homo.

584 5183 749 5255 Magis
778 5192 949 5237 autent
970 5183 1143 5253 plures
1163 5181 1241 5238 his
1277 5199 1377 5237 non
1407 5191 1525 5237 sunt
1548 5184 1919 5253 oppositiones,
1950 5183 2028 5238 lue
2072 5198 2166 5238 au-

579 5287 676 5329 tem
697 5287 839 5330 extra
866 5276 984 5330 illas
1008 5277 1133 5345 ipsis
1155 5276 1434 5330 secundum
1465 5291 1517 5331 se
1544 5286 1691 5331 erunt
1716 5284 1771 5330 ut
1794 5277 1999 5332 nomine
2017 5285 2164 5331 uten-

582 5380 651 5421 tes
683 5385 741 5422 eo
772 5369 909 5439 quod
934 5376 1006 5423 est
1034 5384 1135 5423 non
1160 5368 1327 5422 homo.

651 5460 797 5515 Alias
840 5455 995 5515 nobis
1046 5475 1232 5515 rursus
1286 5474 1406 5515 esse
1457 5458 1853 5529 propositiones
1903 5457 2163 5523 ostendit,

580 5566 802 5620 quarum
835 5552 953 5606 aliis
983 5547 1199 5621 quidem
1224 5568 1327 5606 non
1361 5551 1839 5621 praedicatum,sed
1867 5551 2163 5621 subjectum

582 5640 847 5695 inﬁnitum
883 5644 974 5708 sit,
999 5644 1118 5698 aliis
1147 5657 1451 5713 utrumque.
1488 5643 1541 5707 Si
1576 5644 1694 5713 quis
1722 5645 1861 5698 enim
1900 5646 2060 5710 dicat,
2086 5650 2168 5698 est

580 5730 754 5799 justus
779 5746 884 5785 non
920 5734 1104 5799 homo,
1127 5736 1375 5803 quoniam
1405 5751 1507 5788 non
1543 5737 1701 5788 homo
1734 5735 2031 5803 subjectum
2061 5743 2166 5799 εει,

579 5828 638 5879 et
668 5829 749 5876 est
781 5819 1043 5878 inlinitum
1085 5840 1299 5894 nomen,
1333 5834 1552 5880 vocatur
1596 5825 1889 5898 propositio
1936 5826 2072 5883 facta
2100 5839 2169 5886 ex

2228 534 2337 576 non
2364 531 2448 576 est
2476 522 2658 594 justus
2686 536 2794 578 non
2822 523 3007 579 homo.
3038 524 3110 581 At
3133 540 3263 582 vero
3284 536 3411 584 sunt
3438 528 3557 585 aliae
3580 533 3820 603 proposi-

2230 614 2408 671 tiones
2436 628 2562 686 quae
2590 623 2645 672 et
2685 631 2752 673 ex
2793 615 3087 688 praedicato
3129 628 3184 675 et
3210 635 3276 676 ex
3317 621 3563 694 subjecto
3604 622 3824 685 inﬁnitis

2230 723 2356 767 esse
2381 710 2686 777 videantur,
2719 718 2779 766 ut
2798 720 2883 768 est
2925 726 3047 769 cum
3093 712 3348 781 dicimus,
3387 724 3471 773 est
3512 731 3619 772 non
3646 718 3825 788 justus

2230 817 2338 874 non
2373 804 2553 873 homo,
2581 818 2689 859 non
2718 810 2800 860 est
2822 817 2930 860 non
2952 802 3130 884 justus
3153 822 3259 861 non
3291 804 3472 863 homo.
3494 808 3549 862 In
3568 808 3652 863 his
3678 810 3821 867 enim

2231 908 2339 957 non
2375 893 2552 963 justus
2601 893 2951 965 praedicatum
2994 903 3097 963 est,
3130 912 3235 953 non
3288 899 3448 954 homo
3495 899 3820 971 subjectum.

2233 982 2340 1041 Sed
2371 993 2596 1055 utraque
2636 994 2765 1043 sunt
2790 984 3034 1056 inﬁnita;
3067 989 3209 1045 unde
3242 989 3302 1044 ﬁt
3330 998 3388 1045 ut
3427 990 3480 1045 in
3511 991 3593 1046 bis
3628 1006 3825 1064 pr0po-

2233 1078 2520 1141 sitionibus
2545 1078 2601 1135 in
2625 1080 2821 1157 quibus
2849 1088 2932 1138 est
2956 1080 3180 1139 verbum
3214 1083 3427 1139 tertium
3450 1084 3827 1155 praedicatum,

2233 1171 2400 1241 magis
2439 1171 2623 1242 plures
2649 1171 3045 1242 propositiones
3065 1189 3224 1245 quam
3250 1175 3333 1231 hae
3372 1191 3492 1247 quae
3512 1177 3670 1233 dictae
3700 1186 3826 1235 sunt

2234 1263 2464 1325 inveniri
2497 1279 2604 1323 non
2634 1264 2863 1337 possint.
2896 1268 3002 1321 Ant
3028 1266 3170 1325 enim
3201 1281 3266 1324 ex
3298 1269 3541 1340 utrisque
3570 1269 3671 1324 erit
3703 1270 3825 1325 tini-

2235 1353 2326 1420 tis,
2360 1352 2648 1426 pradicato
2690 1354 2897 1410 scilicet
2925 1361 2982 1409 et
3019 1356 3281 1431 subjecto,
3311 1365 3368 1413 ut
3397 1366 3479 1412 est
3521 1357 3681 1413 honio
3731 1358 3818 1427 ju-

2236 1454 2377 1511 stus,
2414 1458 2521 1503 non
2570 1453 2657 1502 est
2702 1444 2865 1501 homo
2909 1446 3111 1515 justus;
3143 1438 3236 1503 aut
3280 1448 3451 1504 solum
3484 1450 3824 1519 praedicatum

2236 1540 2458 1599 habebit
2505 1540 2793 1613 inﬁnitum,
2822 1552 2880 1600 ut
2920 1553 3004 1601 est
3034 1558 3140 1600 non
3178 1545 3352 1615 justus
3395 1545 3577 1612 homo,
3610 1563 3715 1602 non
3745 1556 3826 1602 est

2236 1647 2346 1716 non
2391 1635 2569 1709 justus
2613 1633 2808 1702 homo;
2843 1647 2935 1691 aut
2983 1638 3331 1715 praedicatum
3374 1638 3587 1708 quidem
3622 1639 3825 1694 ﬁnitum

2235 1726 2362 1795 erit,
2378 1727 2643 1791 inﬁnitum
2669 1742 2800 1784 vero
2823 1728 3148 1800 subjectum,
3166 1738 3223 1785 ut
3247 1738 3327 1786 est
3337 1728 3510 1799 justus
3523 1746 3627 1785 non
3643 1731 3823 1793 homo,

1286 1787 1893 1896 ¹¹ξ⁵β⁶ξξί⁰ξξξᾉρ³ξίίξθ¹ξ¹ξτί
2011 1802 2133 1896 (με
2160 1810 2213 1873 Β
2239 1837 2344 1877 non
2368 1830 2450 1879 est
2476 1822 2655 1896 justus
2684 1838 2789 1879 non
2817 1787 3014 1891 homo;
3042 1787 3216 1879 aut-et
3246 1787 3587 1893 praedicatum
3614 1833 3667 1879 et
3694 1823 3824 1879 sub—

2235 1920 2436 1991 jectum
2485 1918 2693 1977 inﬁnita
2731 1927 3128 1990 proponuntur,
3163 1926 3219 1973 ut
3249 1924 3335 1973 est
3365 1932 3471 1973 non
3497 1918 3676 1989 justus
3718 1930 3824 1973 non

2242 2013 2424 2078 homo,
2452 2024 2561 2069 non
2611 2018 2695 2069 est
2745 2025 2852 2066 non
2876 2009 3056 2080 justus
3086 2023 3191 2065 non
3241 2009 3435 2075 homo;
3467 2008 3604 2064 ultra
3648 2015 3827 2063 autem

2242 2104 2723 2175 propositiones,in
2748 2103 2941 2175 quibus
2966 2112 3048 2161 est
3066 2103 3289 2159 verbum
3320 2103 3537 2158 tertium
3571 2100 3829 2172 praedica-

2242 2206 2354 2253 tum
2379 2196 2450 2256 sit
2476 2195 2701 2255 inveniri
2731 2209 2838 2251 non
2869 2201 3111 2266 possunt.
3141 2193 3248 2257 Sed
3272 2193 3355 2249 ita:
3379 2207 3497 2267 quae
3528 2191 3828 2263 subjectum

2243 2289 2511 2351 inﬁnitum
2564 2288 2782 2355 habent,
2824 2288 2907 2343 vel
2959 2296 3248 2361 utrumque
3301 2285 3590 2353 inﬁnitum,
3636 2293 3828 2355 praeter

2244 2382 2363 2436 illas
2387 2380 2694 2448 superiores
2725 2386 2869 2449 sunt,
2900 2392 3021 2448 quae
3056 2386 3145 2433 aut
3184 2376 3533 2449 praedicatum
3563 2375 3827 2429 inﬁnitum

2246 2471 2465 2539 habent,
2479 2480 2570 2535 aut
2591 2478 2813 2538 utraque
2840 2470 3013 2535 ﬁnita,
3034 2476 3197 2538 atque
3222 2469 3344 2526 ideo
3372 2476 3530 2526 extra
3561 2468 3681 2523 illas
3708 2482 3829 2523 esse

2245 2564 2594 2630 diminutum
2619 2562 2817 2623 nullam
2849 2559 2915 2619 ad
2953 2576 3046 2621 eas
3094 2560 3541 2632 consequentiam
3589 2566 3825 2622 servant,

2245 2664 2301 2712 et
2325 2662 2407 2713 est
2433 2656 2506 2712 ita
2536 2656 2768 2726 positum
2799 2653 2853 2711 in
2882 2668 2945 2710 ea
2987 2652 3353 2725 propositione
3402 2666 3525 2722 qua:
3563 2649 3711 2714 dicit,
3741 2656 3823 2703 est

2176 2756 2199 2771 '
2239 2747 2419 2819 Justus
2466 2761 2574 2807 non
2621 2746 2802 2813 homo,
2850 2758 3046 2801 nomen
3097 2742 3359 2799 inﬁnitum
3413 2741 3552 2812 quod
3598 2750 3681 2797 est
3725 2755 3828 2795 non

2248 2838 2431 2908 homo,
2455 2848 2708 2912 tanquam
2733 2839 2779 2894 si
2809 2837 3015 2893 ﬁnitum
3042 2850 3236 2891 nomen
3260 2833 3474 2905 aliquod
3513 2840 3824 2903 poneretur.

2247 2936 2424 3005 Atque
2452 2934 2557 2990 hoc
2581 2939 2667 2989 est
2686 2930 2828 3002 quod
2850 2931 2944 2997 ait,
2962 2928 3033 2985 Ut
3059 2928 3274 2985 nomine
3289 2934 3499 2983 utentes
3521 2941 3627 2981 non
3647 2926 3828 2979 homo.

2249 3026 2323 3081 Ita
2351 3025 2499 3081 enim
2521 3022 2790 3079 inﬁnitum
2838 3034 3041 3078 nomen
3075 3019 3311 3091 positum
3355 3028 3461 3084 est,
3494 3028 3748 3087 tanquam
3787 3017 3835 3073 si

2249 3116 2452 3173 ﬁnitum
2501 3128 2698 3171 nomen
2743 3121 2891 3170 esset
2922 3111 3175 3183 positum,
3204 3109 3435 3166 nominis
3475 3109 3621 3164 enim
3656 3108 3835 3166 locum

2250 3216 2423 3275 tenet;
2456 3220 2761 3278 quanquam
2806 3205 2968 3263 etiam
3009 3218 3129 3259 cum
3162 3204 3234 3259 ita
3262 3203 3492 3274 positum
3520 3201 3611 3269 sit,
3641 3200 3833 3256 nihilo-

2250 3300 2430 3356 minus
2449 3307 2629 3355 tatnen
2658 3311 2854 3354 nomen
2882 3296 2952 3351 sit
2981 3313 2993 3349 :
3020 3293 3285 3351 inﬁnitum
3310 3294 3457 3349 enim
3480 3307 3678 3349 nomen
3709 3292 3834 3348 licet

2251 3390 2573 3463 simpliciter
2596 3405 2794 3448 nomen
2843 3402 2949 3445 non
2979 3389 3071 3456 sit,
3101 3396 3279 3445 tamen
3318 3402 3439 3445 cum
3474 3387 3684 3444 inﬁnito
3706 3385 3830 3456 jun-

2251 3493 2395 3540 ctum
2433 3496 2629 3539 nomen
2657 3490 2760 3539 031.

2323 3596 2389 3652 In
2413 3598 2489 3651 his
2516 3612 2633 3652 vero
2661 3597 2715 3652 in
2739 3578 2923 3667 quibus
2940 3601 3017 3650 est
3045 3610 3146 3648 non
3168 3594 3424 3664 convenit,
3444 3600 3498 3648 ut
3523 3609 3581 3649 eo
3594 3594 3731 3664 quod
3760 3597 3837 3646 est

2254 3704 2478 3756 currere,
2497 3687 2579 3743 uel
2591 3688 2875 3755 ambulare,
2890 3686 3027 3742 idem
3036 3686 3159 3758 facit
3178 3686 3254 3742 sic
3269 3688 3512 3758 positum,
3526 3696 3586 3741 ac
3602 3686 3649 3740 si
3662 3696 3735 3741 est
3746 3686 3836 3739 ad-

2255 3782 2479 3847 deretur,
2496 3787 2573 3847 ut,
2593 3777 2766 3837 Currit
2793 3779 2959 3834 omnis
2971 3779 3142 3847 homo,
3168 3795 3270 3834 non
3296 3778 3455 3833 currit
3480 3779 3645 3833 omnis
3666 3778 3835 3832 homo.

2255 3870 2427 3926 Currit
2439 3871 2604 3926 omnis
2627 3886 2729 3929 non
2753 3871 3040 3937 homo,non
3054 3871 3213 3925 currit
3225 3871 3389 3925 omnis
3404 3887 3507 3925 non
3531 3872 3699 3925 homo.
3720 3868 3837 3924 Non

2256 3966 2392 4019 enim
2406 3950 2681 4019 dicendum
2692 3971 2766 4019 est
2792 3979 2895 4017 non
2916 3962 3078 4018 omnis
3092 3962 3265 4028 homo,
3292 3962 3383 4017 sed
3403 3978 3507 4017 non
3522 3962 3841 4033 negationem

2258 4057 2326 4111 ad
2339 4055 2536 4125 idquod
2557 4060 2629 4111 est
2656 4052 2808 4111 (tanta
2830 4054 3129 4110 addendum
3149 4064 3242 4110 est.
3262 4053 3438 4109 Omnis
3449 4055 3584 4109 enim
3610 4070 3711 4108 non
3730 4053 3842 4107 uni-

2261 4147 2458 4205 versale
2484 4146 2766 4221 signiﬁcat,
2798 4147 2885 4202 sed
2931 4146 3173 4217 quoniam
3210 4144 3576 4201 universatim.
3621 4143 3842 4211 Manife-

2261 4248 2395 4294 stum
2420 4248 2492 4292 εει
2522 4249 2694 4294 autem
2715 4251 2778 4293 ea:
2795 4253 2853 4294 eo
2877 4238 3013 4310 quod
3036 4246 3108 4294 est
3131 4256 3141 4291 :
3167 4235 3340 4292 Currit
3368 4236 3540 4305 homo,
3557 4251 3658 4290 non
3685 4235 3843 4287 currit

2263 4330 2431 4385 homo.
2452 4325 2622 4383 Currit
2638 4316 2741 4383 non
2753 4330 3044 4397 homo,non
3060 4330 3221 4384 currit
3244 4344 3346 4383 non
3366 4327 3537 4381 homo.
3558 4324 3683 4381 Ηωε
3708 4326 3845 4379 enim

2263 4429 2454 4489 abillis
2481 4428 2750 4499 (li/ferunt,
2769 4446 2827 4486 eo
2854 4430 2991 4501 quod
3013 4429 3364 4485 universaliter
3394 4444 3494 4482 non
3513 4436 3650 4483 sunt.
3679 4427 3847 4494 Quare

2266 4524 2429 4579 omnis
2472 4521 2549 4578 vel
2594 4522 2790 4591 nullus,
2833 4522 2961 4577 nihil
2999 4521 3355 4594 consigniﬁcat
3394 4520 3556 4587 aliud,
3587 4520 3685 4577 nisi
3712 4532 3847 4590 quoa

2265 4621 2615 4677 universatim
2641 4621 2705 4677 de
2732 4621 2958 4691 nomine,
2985 4620 3061 4683 uel
3077 4622 3491 4693 aﬂirmationem,
3517 4622 3596 4678 vel
3624 4621 3850 4690 negatio-

2266 4731 2401 4772 nem.
2426 4713 2565 4785 Ergo
2588 4724 2636 4771 et
2661 4723 2845 4770 cetera
2872 4716 3050 4770 eadem
3079 4724 3275 4786 oportet
3320 4716 3529 4785 opponi.

2268 4819 2425 4886 Sunt,
2470 4816 2660 4888 inquit,
2690 4816 2939 4886 .qnatdam
2990 4816 3405 4885 propositiones,
3449 4830 3571 4887 quae
3610 4829 3729 4870 cum
3772 4821 3854 4869 est

2272 4909 2650 4979 praedicantur.
2688 4908 2820 4964 Alite
2861 4922 2986 4965 vero
3013 4902 3149 4977 quas
3187 4923 3310 4963 cum
3353 4920 3436 4965 est
3466 4909 3634 4965 verbo
3661 4906 3854 4977 pradi-

2269 5016 2394 5057 care
2420 5016 2525 5056 non
2558 5010 2866 5069 possumus,
2890 5008 2947 5057 ut
2972 4999 3026 5055 in
3046 5014 3113 5055 eo
3136 4999 3275 5069 quod
3297 4995 3525 5055 dicimus
3553 4998 3715 5053 homo
3741 5009 3853 5049 am-

2278 5093 2442 5160 bulat,
2487 5092 2649 5148 homo
2693 5093 2881 5148 currit.
2918 5092 3022 5151 Sed
3072 5092 3123 5147 in
3154 5093 3236 5148 bis
3288 5092 3420 5147 nihil
3463 5090 3639 5147 diﬁ‘ert
3667 5105 3733 5145 an
3781 5090 3854 5144 ita
3910 5090 3912 5093 ’

2271 5184 2393 5254 quis
2421 5183 2585 5251 dicat,
2625 5191 2684 5239 ut
2718 5184 2938 5251 dicitur,
2970 5184 3023 5240 id
3062 5193 3145 5241 est
3179 5186 3344 5240 homo
3370 5183 3561 5251 currit,
3590 5192 3645 5238 et
3691 5182 3854 5237 homo

2271 5273 2534 5342 ambulat,
2575 5287 2644 5329 an
2666 5289 2785 5330 cum
2814 5283 2899 5332 est
2928 5274 3092 5331 verbo
3120 5290 3213 5332 eas
3242 5274 3515 5344 praedicet,
3541 5273 3682 5329 idem
3706 5288 3855 5333 nam-

2271 5380 2375 5436 que
2401 5376 2484 5422 est
2521 5362 2723 5438 dicere,
2752 5363 2917 5423 homo
2952 5367 3122 5423 currit
3159 5375 3214 5422 et
3244 5365 3407 5422 homo
3439 5364 3700 5433 ambulat,
3732 5374 3854 5419 tan-

2270 5471 2429 5528 quam
2459 5458 2506 5515 si
2533 5456 2959 5525 dictitat-abono
2986 5471 3212 5519 currens
3240 5467 3359 5525 est,
3387 5457 3546 5513 homo
3576 5455 3856 5512 ambulans

2271 5556 2374 5613 est.
2402 5547 2667 5623 Quocirca
2710 5546 2847 5611 nihil
2888 5546 3067 5611 dilfert
3095 5549 3148 5606 in
3179 5547 3486 5621 bujusmodi
3537 5545 3857 5619 propositio-

2273 5641 2428 5703 uibus
2458 5652 2635 5703 utrum
2664 5654 2787 5705 cum
2808 5649 2896 5705 est
2925 5640 3117 5710 verbo,
3161 5656 3227 5696 an
3254 5649 3449 5712 prater
3480 5647 3565 5696 est
3601 5638 3853 5707 adjuncto

2274 5734 2425 5795 verbi
2449 5742 2571 5793 actu
2592 5741 2939 5805 preponatur.
2956 5733 3099 5793 Idem
3120 5746 3331 5811 quoque
3345 5737 3431 5788 est
3455 5730 3617 5787 etiam
3650 5728 3702 5783 in
3728 5726 3853 5781 uni-

2274 5840 2340 5887 vc
2350 5825 2603 5885 rsalibus.
2617 5824 2752 5883 Nam
2779 5840 2903 5887 cum
2924 5823 3152 5887 dicimus
3167 5824 3343 5882 omnis
3366 5824 3525 5881 homo
3539 5818 3856 5891 currit,om-

3825 5954 3852 5972 ‘
