4280 6268
330 232 432 291 549

1134 230 1201 287 ΙΝ
1240 230 1497 288 LIBRUM
1538 227 1626 283 DE
1668 224 2309 285 INTERPRETATIONE
2351 222 2579 281 EDITIO
2616 220 2849 280 PRIMA.

3516 212 3620 268 550

332 354 413 406 nis
440 349 600 404 homo
626 363 733 404 non
759 347 949 415 currit,
973 354 1028 403 et
1057 361 1247 402 rursus
1268 347 1443 402 omnis
1466 361 1570 401 non
1601 345 1765 399 homo
1796 358 1921 399 cur-
1947 347 2001 408 Α
2028 361 2157 417 mi";
2180 359 2462 424 addemus,
2486 358 2676 412 eadem
2699 358 2751 410 in
2783 352 3153 426 propositione
3182 356 3373 408 οηηρω
3402 361 3621 405 εει-νει..

332 443 420 509 rit,
452 443 632 497 omnis
661 456 767 496 non
792 441 956 495 homo
980 454 1085 493 non
1118 438 1310 505 currit,
1345 438 1485 493 idem
1533 446 1616 492 est
1670 446 1919 507 tanquam

330 534 377 590 si
407 534 674 599 dicamus,
708 533 883 588 omnis
909 533 1075 587 homo
1100 545 1326 587 currens
1350 541 1454 598 est,
1476 540 1530 585 et
1562 530 1737 584 omnis
1758 528 1922 583 homo

332 639 562 681 currens
585 640 694 680 non
725 633 829 691 est,
860 632 915 679 et
952 638 1141 678 rursus
1169 623 1345 678 omnis
1374 639 1479 677 non
1506 622 1672 679 homo
1698 635 1925 677 currens

333 732 441 789 est,
471 722 648 777 omnis
674 736 777 777 non
808 721 968 776 homo
997 734 1220 778 currens
1261 734 1366 773 non
1398 726 1503 775 εει.
1533 718 1698 775 Docet
1742 706 1923 772 autem

335 812 470 869 illud
514 826 724 883 quoque
752 810 977 867 multum
1008 808 1228 866 diﬁerre
1265 825 1333 865 an
1363 808 1429 864 ad
1476 810 1707 879 positum
1744 808 1926 863 termi-

338 920 469 960 num
491 904 745 975 jungatur
773 903 1009 974 ncgatio,
1032 917 1099 957 an
1125 910 1275 958 certe
1296 901 1361 958 ad
1391 900 1919 957 determinationem:

337 1014 460 1053 nam
489 999 535 1052 si
578 996 644 1053 ad
695 997 996 1067 subjectum
1028 995 1316 1053 terminum
1365 995 1580 1064 dicitur,
1625 996 1684 1049 lit
1731 1009 1925 1050 nomen

337 1090 618 1159 inﬁnitum,
655 1100 710 1145 ut
740 1099 825 1146 est
858 1089 1034 1147 omnis
1089 1103 1196 1146 non
1236 1088 1399 1144 homo
1427 1088 1614 1154 currit,
1656 1089 1702 1143 si
1733 1087 1799 1143 ad
1828 1087 1926 1142 de—

340 1186 767 1240 terminationem
819 1184 878 1239 ﬁt
916 1184 1152 1255 negatio,
1184 1191 1243 1239 ut
1286 1190 1369 1239 εει
1412 1199 1516 1238 non
1559 1183 1734 1239 omnis
1766 1182 1928 1237 homo

336 1276 532 1337 currit;
567 1277 710 1329 unde
748 1274 807 1329 ﬁt
849 1284 906 1329 ut
947 1276 993 1331 si
1034 1290 1140 1331 non
1187 1275 1253 1330 ad
1284 1274 1783 1330 determinationem
1812 1276 1930 1327 uni-

337 1367 619 1435 versalpm,
654 1367 750 1421 sed
781 1367 848 1422 ad
880 1382 994 1421 rem
1020 1380 1082 1429 ac
1104 1368 1397 1422 terminum
1430 1366 1645 1436 negatio
1682 1376 1931 1435 ponatur,

336 1460 408 1515 sit
432 1461 699 1515 inﬁnitum
730 1476 948 1525 nomen,
980 1470 1037 1514 ut
1064 1468 1145 1514 est
1182 1474 1289 1513 non
1323 1459 1501 1514 homo.
1540 1458 1691 1525 Quod
1738 1458 1783 1512 si
1818 1473 1923 1512 nmt

338 1552 407 1605 ad
449 1566 563 1605 rem
612 1551 997 1619 universalem,
1037 1550 1129 1606 sed
1170 1549 1237 1605 ad
1281 1549 1779 1605 determinationem
1814 1549 1930 1602 uni-

336 1641 628 1706 versalem,
671 1642 886 1711 negatio
907 1650 1028 1696 est:
1059 1655 1180 1695 cum
1212 1641 1353 1695 enim
1381 1639 1625 1704 dicimus,
1671 1626 1930 1692 nonem.

340 1731 446 1796 nis,
478 1733 654 1786 omnis
683 1731 902 1799 quidem
932 1728 1235 1785 universale
1265 1744 1370 1783 non
1395 1738 1499 1795 est,
1533 1729 1626 1783 sed
1664 1729 1928 1798 consigni-
1962 1733 2011 1795 Β

342 1826 460 1881 ﬁcat
490 1824 740 1894 quoniam
777 1825 903 1878 illud
930 1824 998 1879 de
1023 1838 1129 1893 quo
1149 1824 1345 1879 dicitur
1384 1824 1770 1879 universaliter
1800 1824 1931 1878 dici-

342 1926 448 1975 tur.
496 1926 553 1969 ut
595 1929 717 1969 cum
756 1913 1005 1980 dicimus,
1038 1915 1213 1969 omnis
1262 1912 1447 1974 homo,
1506 1914 1668 1970 homo
1717 1914 1857 1984 quidi
1880 1931 1929 1968 ιιι

339 2012 515 2080 ipsum
556 2009 861 2064 universale
893 2018 997 2074 εει,
1038 2022 1215 2063 οιηιιιε
1261 2021 1392 2063 vero
1434 2023 1538 2063 non
1586 2019 1667 2063 est
1715 2008 1932 2076 quidem

341 2104 669 2169 universale,
713 2102 807 2157 sed
856 2102 1246 2171 consignifieat,
1287 2104 1541 2171 quoniam
1590 2116 1678 2156 res
1712 2102 1930 2156 univer-

338 2202 491 2266 salis,
528 2199 578 2253 id
607 2207 689 2252 est
719 2197 898 2261 homo,
924 2196 1295 2251 universaliter
1320 2196 1461 2251 dicta
1495 2203 1609 2261 est;
1648 2208 1774 2265 ergo
1808 2210 1933 2265 quo-

345 2295 446 2346 ties
476 2291 547 2345 ad
575 2290 1081 2346 determi-nationem
1112 2304 1231 2360 quae
1253 2303 1365 2344 rem
1400 2287 1695 2359 quamlibet
1724 2288 1933 2343 univer-

342 2384 507 2439 salem
554 2383 930 2437 universaliter
959 2382 1156 2437 dictam
1190 2384 1547 2448 demonstrat,
1589 2382 1805 2449 negatio
1837 2396 1935 2451 po-

346 2478 507 2542 nitur,
525 2491 631 2529 non
646 2473 1143 2540 nomeninﬁnitum,
1158 2474 1251 2529 sed
1277 2474 1615 2545 negationem
1630 2474 1933 2539 constituit,

344 2580 504 2640 atque
533 2571 635 2626 hoc
659 2579 739 2626 est
759 2567 903 2640 quod
928 2569 1000 2624 ait
1025 2585 1038 2625 :
1070 2567 1183 2623 Non
1208 2569 1348 2624 enim
1377 2567 1660 2623 dicendum
1691 2577 1796 2637 est,
1829 2582 1935 2622 non

344 2666 523 2721 omnis
556 2664 739 2730 homo,
781 2662 875 2719 sed
918 2678 1023 2719 non
1073 2665 1411 2734 negationem
1450 2664 1518 2719 ad
1570 2662 1622 2718 id
1661 2663 1803 2733 quod
1855 2671 1938 2718 est

346 2755 508 2812 homo
560 2756 864 2812 addendum
914 2764 1017 2822 est,
1046 2755 1223 2811 omnis
1267 2755 1410 2811 enim
1463 2771 1569 2811 non
1634 2756 1939 2812 universale

347 2850 542 2915 signat,
581 2850 674 2904 sed
704 2846 959 2918 quoniam
988 2847 1386 2904 universaliter.
1436 2847 1614 2918 Ipsum
1647 2847 1788 2903 enim
1818 2860 1938 2902 om-

348 2941 433 2997 nis
463 2955 569 2995 non
598 2951 683 2997 est
705 2939 1025 2995 universalis
1057 2940 1340 3005 terminus,
1380 2955 1477 2996 nec
1507 2941 1728 2996 omnino
1757 2942 1937 2993 termi-

350 3044 471 3093 nus,
516 3030 609 3086 sed
660 3030 951 3085 universali
1001 3030 1291 3100 praedicam
1329 3030 1591 3095 additum,
1642 3029 1769 3084 facit
1810 3029 1943 3084 illud

2029 466 2130 521 tes,
2166 454 2211 509 si
2266 451 2683 508 afﬁrmationem
2738 449 2983 503 volumus
3023 461 3090 503 ex
3145 443 3355 501 inﬁnito
3404 441 3621 498 nomine

2027 549 2226 604 facere.
2252 544 2406 616 Quod
2436 544 2479 599 si
2511 543 2576 597 ad
2620 541 3124 597 determinationem
3171 534 3491 592 universalis
3537 530 3619 586 rei

2028 642 2367 714 negationem
2397 646 2666 709 aptemus,
2701 634 2761 690 ﬁt
2791 648 2895 689 non
2918 630 3210 688 afﬁrmatio
3236 626 3470 684 nominis
3498 624 3622 680 infi-

2027 739 2149 804 niti,
2177 735 2268 791 sed
2288 730 2674 805 propositionis
2696 742 2765 783 ex
2794 726 3013 782 nomine
3049 723 3202 778 ﬁnito
3238 719 3472 791 negatio.

2104 846 2359 915 Quoniam
2385 858 2501 898 vero
2536 839 2799 896 contraria
2824 846 2898 892 est
2920 835 3125 906 negatio
3147 835 3191 889 ei
3211 848 3323 902 quw
3344 840 3440 895 est,
3470 844 3617 883 omne

2030 948 2101 995 εει
2130 936 2326 994 animal
2338 938 2564 1010 justum,
2590 933 2685 987 illa
2706 946 2820 1003 qua:
2848 928 3131 1001 signiﬁcat,
3152 925 3395 997 quoniam
3417 922 3620 977 nullum

2031 1041 2101 1090 ειι
2132 1030 2325 1085 animal
2345 1029 2571 1100 justum,
2616 1026 2694 1079 ha:
2736 1023 2942 1093 quidem
2987 1018 3315 1088 manifestum
3342 1025 3451 1081 εει,
3482 1012 3618 1083 quod

2032 1136 2292 1191 nunquam
2315 1128 2484 1187 eruiit,
2506 1132 2663 1188 neque
2684 1132 2794 1170 vere
2814 1114 2985 1179 simul,
3018 1126 3177 1180 neque
3207 1109 3261 1162 in
3284 1106 3463 1162 eodem
3478 1106 3609 1174 ipso.

2038 1213 2132 1269 llis
2178 1230 2292 1267 vero
2347 1211 2598 1281 opposita:
2664 1217 2811 1263 erunt
2875 1204 3277 1287 aliquandohut
3328 1215 3430 1255 non
3474 1212 3619 1250 omne

2033 1307 2224 1360 animal
2272 1308 2472 1377 justum
2520 1311 2630 1367 εει,
2684 1310 2731 1356 ει
2786 1308 2858 1355 εει
2915 1296 3128 1367 aliquod
3162 1293 3357 1349 animal
3393 1292 3619 1363 justum.

2106 1406 2388 1477 Quoniam,
2435 1404 2627 1477 inquit,
2670 1404 2752 1457 ha:
2785 1399 3070 1458 contraria:
3112 1403 3261 1461 sunt,
3290 1393 3449 1448 simul
3483 1404 3621 1446 verte

2035 1512 2157 1553 esse
2187 1511 2293 1550 non
2323 1503 2571 1567 possunt,
2590 1505 2762 1561 neque
2787 1493 2838 1544 in
2860 1488 3073 1553 eodem,
3092 1494 3147 1541 ει
3166 1492 3392 1555 possunt
3406 1478 3623 1550 quidem

2036 1587 2272 1644 vicissim
2297 1595 2493 1641 etcum
2516 1582 2772 1653 temporis
2799 1579 3111 1636 diversitate
3139 1590 3259 1630 esse
3283 1588 3447 1638 verae,
3465 1570 3625 1629 simul

2034 1686 2215 1733 autem
2245 1688 2366 1731 esse
2398 1689 2502 1728 non
2534 1679 2780 1744 possunt,
2814 1679 2870 1725 ut
2907 1669 2950 1722 si
2983 1667 3105 1738 quis
3148 1664 3290 1721 dicat
3318 1676 3482 1719 aureo
3504 1660 3626 1729 qni-

2034 1770 2157 1825 dem
2190 1768 2386 1824 smcnlo
2410 1780 2596 1821 omnes
2626 1762 2869 1817 homines
2895 1760 3059 1815 fuisse
3077 1758 3276 1828 justos,
3302 1753 3479 1809 ferreo
3500 1764 3630 1807 vero

2038 1860 2240 1914 nullum
2290 1856 2563 1911 hominem
2612 1868 2734 1909 esse
2769 1852 3009 1922 justum;
3045 1857 3285 1918 utraeque
3326 1861 3466 1900 verae
3510 1857 3633 1899 esse

2038 1939 2282 2020 possunt,
2308 1945 2400 2000 sed
2432 1960 2539 1999 non
2568 1959 2599 1998 e
2635 1942 2756 1996 dem
2790 1951 3051 2009 tempore.
3078 1937 3189 1994 Hoc
3209 1944 3293 1991 est
3318 1933 3461 1993 enim
3488 1931 3631 2004 quod

2038 2042 2133 2108 ait,
2153 2054 2327 2109 neque
2351 2052 2489 2091 vera:
2520 2035 2697 2098 simul,
2716 2032 2859 2103 quod
2890 2040 3070 2085 autem
3093 2038 3311 2083 secutus
3332 2032 3440 2093 εει,
3458 2039 3635 2092 neque

2039 2134 2093 2192 iu
2124 2133 2317 2190 eodem
2358 2132 2408 2185 in
2440 2131 2555 2199 ipso
2587 2128 2797 2183 scilicet
2833 2125 3099 2195 subjeeto,
3139 2131 3195 2177 ut
3221 2120 3506 2176 dicamus:
3540 2118 3635 2174 Est

2041 2238 2201 2281 omne
2231 2223 2419 2276 vivens
2445 2218 2671 2289 justum,
2707 2216 2750 2269 si
2781 2214 3081 2269 referamus
3106 2210 3173 2265 ad
3206 2210 3455 2265 caelestes
3484 2215 3634 2276 pote-

2041 2322 2229 2380 states,
2259 2324 2386 2366 vera
2416 2317 2519 2365 est.
2546 2306 2759 2363 Nullum
2790 2306 2974 2359 vivens
2994 2303 3197 2372 justum
3220 2309 3327 2371 est,
3360 2298 3407 2354 si
3435 2296 3635 2353 refera-

2046 2420 2162 2462 mus
2186 2406 2257 2461 ad
2274 2418 2464 2473 equos,
2494 2410 2736 2471 utrmque
2766 2409 2891 2456 sunt
2920 2412 3087 2465 verte,
3118 2396 3211 2452 sed
3235 2410 3341 2450 non
3365 2392 3419 2447 in
3445 2388 3638 2446 eodem

2044 2500 2184 2570 ipso,
2218 2497 2351 2553 illud
2378 2496 2521 2553 enim
2553 2495 2605 2549 in
2636 2494 2855 2559 divinis,
2890 2490 3031 2547 istud
3059 2490 3108 2544 in
3144 2488 3296 2559 equis
3324 2485 3519 2541 retinet
3549 2497 3637 2537 ve-

2044 2589 2275 2644 ritatem.
2297 2585 2391 2641 His
2413 2594 2591 2641 autem
2622 2598 2740 2655 qua:
2770 2590 2894 2637 sunt
2922 2579 3204 2651 oppositas,
3238 2575 3289 2632 id
3321 2582 3429 2640 est,
3472 2571 3637 2643 parti-

2040 2679 2253 2734 culares
2280 2684 2508 2748 possunt
2529 2676 2689 2730 simul
2717 2687 2836 2729 esse
2856 2687 3021 2740 verae,
3044 2681 3167 2725 tunc
3190 2683 3312 2724 cum
3335 2664 3640 2735 superiores

2043 2766 2372 2823 universales
2421 2766 2529 2821 sint
2573 2764 2734 2819 simul
2786 2763 2952 2817 falsae.
2984 2761 3113 2828 Quae
3157 2767 3335 2814 autem
3376 2763 3505 2811 sunt
3535 2754 3639 2820 ha,

2046 2857 2160 2927 ipse
2199 2855 2511 2925 planissimo
2556 2851 2880 2908 monstravit
2930 2848 3183 2919 exemplo
3230 2846 3416 2901 dicens
3461 2861 3474 2897 :
3523 2843 3642 2897 Non

2045 2966 2206 3007 omne
2235 2948 2432 3004 animal
2457 2948 2660 3018 justum
2691 2956 2798 3015 est,
2829 2943 2970 3016 quod
3000 2953 3081 2999 est
3114 2938 3449 3013 particularis
3482 2950 3643 3006 nega—

2049 3044 2144 3112 tio,
2177 3051 2231 3099 et
2260 3049 2346 3097 est
2372 3039 2587 3110 aliquod
2620 3036 2820 3093 animal
2846 3034 3076 3105 justum,
3108 3031 3249 3104 quod
3292 3038 3375 3086 est
3406 3027 3639 3100 particu-

349 3122 730 3178 universaliter
774 3123 1065 3190 enuntiari,
1095 3123 1281 3193 probat
1320 3131 1502 3179 autem
1544 3124 1641 3179 hos
1685 3140 1789 3177 non
1818 3138 1941 3178 esse
1967 3120 2014 3183 C
2048 3138 2173 3194 ιπίε
2199 3133 2506 3191 afﬁrmatio,

352 3216 689 3272 universales
726 3218 1005 3286 terminos,
1066 3218 1161 3273 sed
1212 3226 1418 3273 tantum
1466 3216 1942 3273 determinatinnes

355 3309 735 3365 nnivcrsaliter
773 3309 1243 3379 consignilicantes
1270 3310 1371 3364 hoc
1401 3308 1562 3364 modo
1592 3325 1605 3362 :
1637 3307 1770 3364 Cum
1798 3309 1941 3363 enim

354 3402 603 3470 dicimus,
630 3404 798 3459 currit
830 3404 1011 3467 homo,
1043 3417 1150 3457 non
1194 3402 1365 3458 currit
1396 3402 1580 3470 homo,
1622 3400 1789 3458 currit
1837 3416 1942 3457 non

356 3493 538 3560 homo,
572 3510 677 3551 non
701 3495 868 3552 currit
891 3510 997 3551 non
1030 3495 1211 3562 homo,
1229 3494 1552 3551 universalia
1574 3493 1792 3565 quidem
1822 3494 1945 3546 sub-

356 3587 495 3660 jecta
526 3596 649 3643 sunt
678 3589 732 3643 in
764 3589 847 3644 his
876 3587 1364 3658 propositionibus,
1394 3587 1488 3643 sed
1523 3602 1626 3643 non
1670 3587 1947 3641 universa-

357 3678 485 3735 Iiter
510 3679 894 3750 praedicantur.
925 3679 1134 3735 Distant
1162 3689 1343 3736 autem
1376 3680 1460 3735 ha:
1487 3680 1555 3735 ab
1584 3680 1667 3735 his
1696 3680 1935 3750 proposi-

359 3772 595 3828 tionibus
624 3772 678 3827 in
703 3771 900 3842 quibus
930 3772 1011 3828 sic
1038 3772 1265 3828 dicimus
1293 3792 1305 3826 :
1332 3772 1519 3828 Omnis
1563 3775 1725 3827 homo
1753 3771 1945 3835 currit,

358 3862 542 3919 nullus
563 3864 723 3918 homo
748 3864 937 3930 currit,
963 3877 1029 3919 eo
1052 3863 1194 3933 quod
1242 3864 1359 3918 istm
1383 3862 1602 3933 quidem
1645 3862 1953 3917 universale

371 3952 758 4009 universaliter
780 3952 1089 4023 praedicant,
1110 3954 1217 4009 illa:
1243 3970 1373 4010 vero
1393 3954 1695 4010 universale
1717 3968 1821 4009 non
1837 3954 1956 4008 uni-

360 4044 663 4099 versaliter.
708 4042 1040 4100 Manifestum
1087 4055 1170 4102 est
1212 4060 1341 4116 ergo
1383 4046 1642 4116 quoniam
1684 4044 1861 4100 omnis
1902 4055 1954 4099 et

362 4136 545 4193 nullus
576 4150 680 4192 non
726 4146 851 4192 sunt
878 4136 1218 4204 universalia,
1249 4138 1343 4195 sed
1373 4137 1427 4193 id
1462 4137 1606 4208 quod
1638 4136 1946 4193 universale

367 4228 692 4301 praedicatur
728 4230 1001 4288 faciuntut
1020 4234 1398 4291 universaliter
1418 4237 1749 4290 enuntietur.
1780 4233 1958 4300 Quare

365 4320 555 4378 eadem
598 4322 778 4378 omnia
817 4324 1063 4393 ponenda
1105 4336 1251 4393 sunt,
1297 4326 1464 4381 currit
1493 4326 1669 4381 omnis
1697 4326 1880 4391 homo,
1910 4327 1955 4379 si

368 4413 635 4470 lntinitum
658 4429 854 4473 nomen
897 4418 1145 4474 volumus
1181 4418 1380 4484 facere,
1413 4434 1520 4474 non
1551 4417 1815 4489 dicamus,
1840 4434 1961 4473 cur-

2118 3235 2414 3305 Sequuntur
2455 3249 2573 3289 vero
2602 3230 2702 3297 hae,
2746 3245 2857 3285 eam
2880 3226 3085 3299 quidem
3114 3239 3229 3296 qua:
3253 3232 3345 3289 εει,
3370 3219 3544 3275 nullus
3571 3224 3647 3273 est

2047 3329 2195 3382 horno
2227 3329 2425 3399 justus,
2476 3324 2567 3379 illa
2592 3338 2705 3395 quis
2733 3332 2825 3389 εει,
2856 3321 3021 3376 omnis
3050 3327 3122 3373 est
3150 3317 3300 3371 homo
3329 3331 3427 3370 non
3446 3316 3646 3387 justus.

2047 3415 2206 3473 Illam
2233 3432 2351 3470 vero
2380 3430 2492 3485 qui:
2524 3424 2617 3479 εει,
2662 3413 2847 3483 aliquis
2878 3413 3028 3465 homo
3050 3411 3224 3477 justus
3263 3417 3359 3471 εει,
3387 3404 3645 3476 opposita,

2047 3524 2151 3563 non
2178 3507 2345 3562 omnis
2377 3514 2449 3561 est
2479 3507 2629 3561 homo
2661 3521 2761 3560 non
2796 3507 2993 3574 justus.
3021 3499 3242 3556 Necesse
3272 3504 3342 3553 est
3372 3496 3506 3552 enim
3546 3493 3648 3546 ali-

2051 3616 2197 3671 quem
2226 3614 2354 3654 esse.

2122 3688 2370 3746 Ostendit
2390 3689 2636 3760 superius
2658 3688 3071 3743 afﬁrmationem
3090 3680 3447 3739 universalem
3464 3689 3519 3737 et
3540 3677 3653 3734 uni-

2055 3786 2321 3842 versalem
2355 3785 2718 3856 negationem,
2735 3784 2988 3854 quoniam
3012 3779 3111 3835 sibi
3135 3785 3318 3834 essent
3343 3773 3649 3842 contrariae,

2057 3877 2216 3935 simul
2259 3890 2415 3933 veras
2447 3889 2569 3931 esse
2609 3890 2713 3929 non
2761 3886 2937 3941 posse.
2967 3870 3117 3923 Nunc
3166 3876 3344 3921 autem
3390 3872 3655 3919 monstrat

2059 3968 2345 4025 universali
2375 3965 2641 4037 negationi
2669 3962 2898 4017 nominis
2926 3960 3080 4024 ﬁniti,
3105 3954 3414 4013 consentire
3439 3954 3654 4007 univer-

2060 4059 2228 4115 salem
2269 4054 2685 4111 afﬁrmationem
2731 4050 2963 4105 nominis
2993 4045 3212 4109 infiniti,
3245 4052 3299 4099 et
3350 4042 3654 4113 particulari

2060 4146 2427 4215 allirmationi,
2466 4159 2585 4216 quae
2626 4153 2707 4198 est
2758 4142 3003 4213 opposita
3054 4134 3339 4193 universali
3385 4131 3656 4204 negationi

2064 4238 2297 4294 nominis
2319 4238 2477 4306 ﬁniti,
2504 4236 2814 4293 consentire
2856 4249 2974 4289 eam
3005 4246 3125 4303 qua:
3156 4240 3232 4286 est
3266 4226 3513 4298 opposita
3534 4227 3654 4280 uui-

2066 4330 2260 4387 versali
2286 4328 2632 4385 afﬁrmationi
2671 4327 2903 4383 nominis
2946 4321 3162 4389 inﬁniti,
3191 4320 3397 4376 scilicet
3428 4316 3659 4386 particu-

2066 4422 2234 4478 larem
2265 4421 2605 4493 negationem
2640 4419 2986 4490 praedicatum
3021 4415 3338 4470 retinentem
3371 4407 3656 4464 inﬁnitum.

369 4504 439 4561 rit
476 4521 580 4561 non
604 4508 781 4563 omnis
807 4507 989 4573 homo,
1020 4510 1114 4567 sed
1148 4511 1508 4582 negationem.
1533 4509 1583 4566 id
1608 4520 1839 4577 estnon,
1864 4527 1956 4566 no.
1992 4507 2039 4569 Ι)
2066 4516 2134 4573 Et
2161 4517 2311 4587 prius
2342 4515 2718 4571 describantur
2746 4512 2851 4568 hoc
2871 4509 3031 4565 modo
3061 4526 3072 4561 :

795 4670 847 4712 ο
1097 4700 1135 4712 η
1175 4701 1206 4712 __
1251 4638 1480 4712 N_egatio_.

1690 4638 2080 4696 'Consentanem.

2375 4643 2658 4693 Aﬁirmatlo.

795 4670 847 4712 Φ
1251 4670 1287 4691 LV
1296 4670 1480 4714 Caallu:
1705 4670 2080 4696 υυιιθττιιιαιιιεω.
2192 4708 2201 4718 '
2375 4670 2658 4693 ηωῐιιιαιιυο
3180 4670 3232 4711 o

782 4712 844 4852 ξ
1097 4700 1271 4753 Nullus
1289 4705 1434 4754 homo
1455 4712 1617 4764 justus
1642 4713 1740 4768 est,
2062 4706 2232 4758 Omnis
2268 4706 2411 4757 homo
2445 4716 2539 4754 non
2584 4706 2743 4767 iustus
2781 4707 2859 4753 εει
3169 4714 3222 4853 εξ

1294 4825 1552 4853 Λαξρηηιιςη
2341 4828 2549 4853 Μαι-..ειη
3225 4840 3232 4848 -

796 4825 844 4852 ⁸⁵·
1285 4825 1569 4877 Aﬁirmatio.
2340 4828 2486 4891 Negsl

796 4854 839 4919 Β
1102 4887 1308 4948 Quidam
1352 4888 1498 4939 homo
1530 4889 1691 4950 justus
1711 4890 2170 5006 εεᾶωθωωεὲοη
2199 4893 2357 4943 omnis
2402 4892 2486 4943 hom

2506 4830 2516 4840 .
3186 4825 3227 4853 η

1537 4839 1691 4950 iustus
1711 4894 1805 4941 est.
2063 4890 2170 4943 Non
2199 4828 2563 4943 omnisNelgoigg'
2585 4902 2677 4938 non
2699 4888 2855 4951 inane
2878 4893 2973 4940 εει.
3187 4856 3227 4916 δ

1717 4964 1739 4989 ο
1752 4952 2127 5006 Coasentaneae.

453 5099 549 5156 Est
572 5109 750 5157 autem
781 5099 1099 5156 universalis
1132 5099 1346 5171 negatio
1369 5115 1436 5157 ea
1476 5115 1593 5172 quae
1622 5101 1771 5169 dicit,
1794 5103 1973 5158 nullus

380 5191 543 5248 homo
585 5193 758 5264 justus
795 5201 899 5258 est,
948 5192 1073 5249 huic
1110 5194 1357 5264 opposita
1405 5202 1506 5258 est,
1545 5194 1974 5251 contradictoris:

379 5284 718 5355 particularis
747 5284 1057 5350 afﬁrmatio,
1080 5284 1299 5353 quidam
1324 5284 1489 5339 homo
1508 5284 1683 5354 justus
1713 5294 1815 5341 est.
1840 5284 1975 5340 Ruro

379 5386 475 5431 sus
503 5376 823 5431 universalis
865 5375 1152 5431 afﬁrmatio
1190 5384 1272 5431 est
1310 5374 1576 5430 inﬁnitum
1607 5374 1810 5431 habens
1838 5390 1977 5444 prae-

693 5486 754 5523 ea
786 5484 905 5537 qua:
934 5470 1095 5537 dicit,
1126 5469 1301 5524 omnis
1333 5471 1494 5523 homo
1535 5485 1641 5523 non
1668 5467 1843 5540 justus
1877 5478 1977 5533 est,

384 5556 513 5613 huic
554 5559 990 5614 contradictoriae
1022 5559 1360 5629 particularis
1400 5559 1687 5627 opponitur
1718 5558 1982 5613 inﬁnitum

386 5655 595 5711 habens
636 5653 1007 5723 praedicatum,
1049 5666 1112 5707 ea
1152 5667 1271 5724 quae
1298 5650 1451 5717 dicit,
1485 5667 1589 5706 nun
1617 5630 1796 5706 omnis
1827 5649 1987 5705 homo

390 5768 495 5814 neu
532 5751 705 5807 ‘ustus
726 5758 826 5806 est.
860 5745 952 5806 liae
981 5748 1142 5822 igitur
1169 5762 1289 5807 sese
1316 5745 1605 5820 perimunt,
1634 5744 1731 5809 sed
1762 5745 1981 5806 μαίνει-ο

2085 5104 2212 5160 salis
2239 5104 2527 5160 afﬁrmatio
2555 5104 2788 5159 nominis
2821 5102 3047 5165 inﬁniti,
3087 5101 3136 5156 id
3165 5110 3267 5166 εει,
3310 5097 3484 5153 omnis
3515 5096 3674 5149 lltlttm

2086 5211 2192 5252 non
2230 5196 2408 5266 justus
2446 5206 2549 5265 est,
2580 5199 2819 5266 sequitur
2852 5195 3191 5264 negationem
3219 5205 3336 5247 eam
3373 5204 3492 5260 quae
3522 5187 3673 5249 dicit,

2088 5289 2265 5345 nullus
2307 5288 2468 5345 homo
2509 5291 2687 5360 justus
2725 5298 2829 5344 est.
2876 5288 3006 5341 Nam
3048 5286 3093 5339 si
3134 5298 3321 5339 verum
3360 5292 3441 5338 est
3473 5280 3676 5335 nullum

2089 5394 2209 5437 esse
2250 5380 2518 5436 hominem
2558 5381 2781 5450 justum,
2827 5393 3010 5432 verum
3038 5386 3119 5432 est
3158 5390 3372 5432 omnem
3404 5374 3676 5429 hominem

2090 5485 2212 5527 esse
2258 5486 2365 5527 non
2389 5472 2608 5540 justum.
2646 5470 2750 5525 Sed
2797 5468 2879 5522 his
2908 5466 3170 5539 oppositas
3216 5479 3403 5521 rursus
3444 5464 3679 5532 sibiipsaa

2092 5564 2453 5618 consentiunt.
2502 5562 2629 5615 Nam
2662 5562 2704 5615 si
2739 5574 2920 5613 verum
2952 5566 3035 5613 est
3062 5557 3241 5612 dicere
3266 5556 3519 5628 quoniam
3557 5554 3678 5627 qui-

2093 5655 2215 5709 dam
2264 5655 2424 5708 homo
2462 5654 2635 5723 justus
2677 5659 2778 5717 est,
2814 5665 2997 5704 verum
3035 5657 3119 5704 est
3151 5649 3334 5706 dicere
3372 5664 3477 5705 non
3507 5649 3684 5704 omnis

2089 5740 2252 5809 homo
2305 5760 2413 5806 non
2459 5746 2641 5831 justus
2699 5750 2801 5803 est.
2844 5742 2904 5805 Si
2939 5742 3085 5803 enim
3132 5755 3239 5801 non
3293 5741 3473 5821 omnis
3523 5738 3689 5805 homo
