4280 6268
595 365 692 423 551

1836 364 1945 422 ΑΝ.
1989 360 2199 420 MANL.
2243 363 2393 422 SEV.
2437 358 2661 418 BOETII

3782 354 3888 416 551

595 480 702 538 non
737 482 915 552 justus
971 489 1088 549 est,
1121 479 1353 551 aliquem
1391 479 1593 551 justum
1648 494 1769 536 esse
1816 495 2037 537 necesse
2088 489 2191 538 est.
2222 488 2275 547 Α
2370 478 2503 537 Cum
2532 480 2599 535 de
2627 476 3084 549 propositionibus
3110 491 3175 532 ex
3204 474 3427 532 inﬁnitis
3455 474 3761 545 loqueretur
3790 493 3888 533 no-

666 584 1003 653 Manifestum
1029 592 1101 639 est
1121 584 1362 654 quoniam
1388 584 1538 637 etiam
1567 584 1619 637 in
1650 581 2014 654 singularibus,
2039 585 2084 639 si
2116 593 2193 639 est

593 688 767 730 verum
813 674 1187 744 interrogatum
1226 689 1433 746 negare,
1475 674 1613 744 quod
1647 683 1694 729 et
1736 676 1989 744 afﬁrmare
2016 691 2192 729 verum

592 780 688 836 est,
719 782 796 836 ut,
830 767 1059 824 Putasne
1101 768 1338 825 Socrates
1373 770 1576 838 sapiens
1614 778 1688 824 est
1710 770 1735 822 ?
1782 769 1922 824 Non.
1952 769 2192 826 Socrates

590 861 752 933 igitur
793 876 897 915 non
942 860 1141 931 sapiens
1178 869 1274 914 est.
1321 857 1388 914 In
1425 861 1789 915 universalibus
1828 877 1946 916 vero
1986 879 2088 917 non
2117 870 2193 918 est

590 981 708 1017 rem
759 975 873 1031 quis
907 960 1141 1015 similiter
1170 959 1379 1013 dicitur.
1418 957 1552 1013 Vera
1579 968 1654 1014 est
1687 968 1853 1013 autem
1880 960 2101 1030 negatio,
2135 970 2193 1014 ut

595 1047 826 1106 Putasne
862 1052 1023 1105 omnis
1060 1050 1213 1105 homo
1248 1052 1450 1122 sapiens
1489 1053 1611 1105 est?
1647 1050 1789 1106 Non.
1833 1049 2011 1105 Omnis
2036 1053 2193 1122 igitur

594 1142 745 1198 homo
778 1162 877 1199 non
914 1145 1118 1214 sapiens
1147 1155 1245 1212 est,
1292 1144 1388 1199 hoc
1433 1146 1567 1199 enim
1602 1154 1673 1200 est
1705 1146 1928 1216 falsum;
1957 1146 2047 1199 sed
2089 1162 2192 1199 non

595 1236 752 1305 igitur
780 1239 947 1293 omnis
978 1240 1130 1294 homo
1153 1240 1354 1309 sapiens
1378 1250 1473 1308 est,
1504 1254 1621 1295 vera
1646 1251 1743 1295 est.
1777 1239 1907 1295 Hac
1932 1240 2070 1296 enim
2098 1255 2192 1309 op-

590 1330 755 1397 p0sita
781 1338 875 1396 est,
909 1332 1003 1387 illa
1030 1349 1145 1388 vero
1169 1334 1451 1389 contraria.

659 1430 881 1496 Quoties
911 1432 1123 1503 aliquis,
1142 1432 1332 1503 inquit,
1365 1435 1415 1487 in
1444 1432 1807 1504 singularibus
1829 1433 1988 1489 rebus
2021 1433 2188 1490 interc

595 1532 777 1593 rogat.
799 1533 853 1579 et
883 1523 926 1577 is
953 1525 1042 1594 qui
1067 1524 1453 1593 interrogatur,
1476 1535 1657 1594 negat,
1690 1535 1815 1581 tunc
1844 1526 1890 1581 is
1910 1528 1998 1597 qui
2021 1527 2190 1583 inter-

589 1625 745 1685 rogat
794 1624 943 1672 recte
973 1618 1308 1689 negationem
1352 1633 1471 1674 cum
1520 1620 1779 1689 singulari
1819 1621 2072 1692 jungens,
2118 1635 2188 1677 ex

588 1708 806 1764 inﬁnito
851 1711 1068 1766 nomine
1114 1713 1269 1766 faciet
1318 1711 1756 1779 afﬁrmationetn,
1790 1721 1850 1766 ut
1899 1711 1945 1766 si
1994 1712 2186 1783 aliquis

587 1803 775 1861 dicat:
809 1805 1041 1862 Putasne
1088 1805 1338 1862 Socrates
1385 1807 1601 1876 sapiens
1646 1806 1773 1862 est?
1812 1816 1997 1862 contra
2045 1806 2184 1862 alius

585 1901 933 1968 respondeat,
974 1899 1113 1965 Non,
1145 1901 1251 1956 erit
1287 1910 1431 1956 recta
1470 1899 1745 1955 conclusio
1772 1899 1999 1955 dicentis
2028 1915 2044 1954 :
2075 1900 2178 1955 So-

2300 572 2534 627 minibus
2563 572 2678 639 ipse
2706 570 2909 625 infinita
2935 570 3155 625 nomina
3184 568 3299 624 sola
3340 568 3586 639 sumpsit,
3619 576 3674 623 et
3712 573 3780 624 de
3804 570 3888 626 his

2297 667 2477 739 qualia
2508 666 2795 721 videantur
2822 679 2945 721 esse
2973 672 3284 734 pertractat.
3316 663 3667 732 Sertnonum,
3696 664 3886 734 inquit,

2296 760 2650 830 prolationes,
2702 774 2820 830 qua:
2865 757 3162 813 secundum
3205 756 3624 826 contrajacentia
3674 759 3889 813 nomina

2296 855 2379 910 vel
2410 855 2572 910 verba
2608 854 2707 909 sibi
2741 854 3001 925 opposita:
3029 863 3176 919 sunt,
3208 861 3267 907 ut
3296 853 3350 908 in
3374 867 3440 908 eo
3466 853 3606 923 quod
3638 854 3886 925 dicimus,

2296 947 2478 1016 homo,
2508 965 2613 1003 non
2650 947 2838 1014 homo;
2870 948 3057 1018 currit,
3076 964 3182 1004 non
3208 952 3410 1017 currit,
3435 950 3647 1018 quoties
3673 950 3885 1006 ﬁnitum

2295 1039 2504 1095 inﬁnito
2532 1051 2899 1111 comparatur,
2928 1041 3176 1097 videntur
3201 1043 3351 1113 quasi
3372 1041 3614 1111 quaedam
3639 1058 3761 1099 esse
3794 1058 3887 1098 ne-

2292 1131 2556 1200 gationes.
2590 1130 2695 1187 Sed
2726 1130 2795 1185 ita
2830 1146 2934 1185 non
2958 1139 3062 1196 est,
3092 1132 3269 1186 omnis
3294 1147 3528 1202 namque
3560 1132 3773 1202 negatio
3803 1131 3887 1187 vel

2293 1236 2419 1276 vera
2446 1223 2534 1277 vel
2566 1220 2695 1276 falsa
2724 1230 2827 1277 est.
2859 1221 2958 1289 Qui
2985 1231 3163 1277 autem
3192 1222 3321 1277 dicit
3348 1237 3454 1277 non
3478 1225 3665 1287 currit,
3693 1232 3747 1276 et
3779 1238 3884 1279 non

2292 1312 2521 1379 laborat,
2545 1324 2600 1371 et
2623 1330 2729 1369 non
2753 1314 2934 1381 homo,
2962 1331 3137 1387 neque
3158 1332 3343 1372 verum
3366 1317 3565 1387 aliquid
3591 1317 3884 1373 enuntiavit

2292 1420 2469 1475 neque
2497 1406 2709 1469 falsum,
2743 1416 2797 1460 et
2823 1406 3051 1461 fortasse
3080 1408 3257 1462 minus
3287 1407 3491 1477 aliquid
3519 1409 3626 1463 veri
3655 1410 3737 1462 vel
3766 1407 3884 1464 falsi

2291 1495 2632 1567 significavit,
2680 1513 2839 1567 quam
2872 1496 2919 1552 is
2948 1497 3038 1567 qui
3082 1497 3284 1551 ﬁnitum
3315 1512 3510 1552 nomen
3542 1498 3711 1567 ponit.
3752 1497 3885 1554 Natu

2292 1590 2383 1662 qui
2412 1590 2617 1645 ﬁnitum
2642 1605 2838 1644 nomen
2862 1592 3161 1656 constituit,
3184 1590 3319 1644 nihil
3345 1590 3564 1660 quidem
3592 1591 3765 1646 adhuc
3794 1606 3884 1649 ve-

2289 1698 2409 1738 rum
2440 1683 2701 1739 falsumve
2723 1682 3039 1748 enuntiavit,
3071 1682 3168 1738 sed
3197 1683 3452 1751 quoniam
3480 1683 3732 1751 quiddam
3764 1684 3884 1740 ﬁni-

2296 1784 2407 1832 tum
2455 1778 2654 1848 posuit,
2701 1775 3047 1847 propinquior
3076 1786 3158 1831 est
3200 1775 3503 1846 hujusmodi
3543 1777 3771 1846 prolatio
3815 1776 3881 1835 ad

2212 1877 2260 1938 Β
2288 1867 2598 1934 veritatem,
2646 1882 2764 1938 qua:
2805 1867 3007 1938 aliquid
3045 1866 3249 1922 ﬁnitunt
3287 1868 3458 1938 ponit,
3488 1883 3548 1924 ea
3586 1869 3880 1937 prolatione

587 1959 767 2046 crates
798 1959 959 2061 igitur
986 1959 1333 2062 non'sapiens
1368 2005 1471 2049 est.
1502 1993 1581 2047 Ex
1622 1993 1905 2061 negatione
1934 2007 2063 2063 ergo
2095 2010 2181 2049 re-
2209 2012 2229 2037 ο
2283 1961 2638 2063 αυτθθϋίίξήά
2667 1959 2954 2063 inﬁmum}
2988 1959 3137 2017 sicut
3160 1960 3257 2063 fu?
3287 1976 3406 2030 qui”
3432 1960 3628 2063 aliqiml
3652 1961 3881 2063 .Signiri‘

585 2082 906 2151 spondentis
934 2092 989 2139 et
1014 2082 1225 2139 inﬁnito
1268 2085 1486 2141 nomine
1518 2100 1623 2140 non
1656 2086 1901 2155 sapiens,
1936 2087 2070 2141 facta
2098 2095 2183 2143 est

585 2169 876 2228 afﬁrmatio
895 2215 912 2242 ,
942 2175 1191 2232 Socrates
1220 2193 1326 2232 non
1358 2178 1572 2247 sapiens
1599 2187 1709 2244 est,
1744 2187 1903 2248 atque
1930 2177 2030 2234 hoc
2058 2180 2181 2248 qui-

585 2264 709 2322 dem
740 2265 793 2321 in
825 2267 1211 2338 singularibus.
1259 2269 1412 2337 Quod
1459 2270 1503 2325 si
1549 2270 1649 2325 hoc
1688 2270 1741 2325 in
1785 2269 2179 2329 universalibus

583 2356 677 2411 ﬁat
705 2359 1085 2415 universaliter
1118 2361 1445 2430 praedicatis,
1480 2363 1819 2431 negationem
1854 2362 2029 2431 potius
2063 2362 2177 2418 ﬁeri

584 2450 844 2522 contingit
869 2466 1030 2523 quam
1058 2451 1493 2520 afﬁrmationem,
1527 2465 1582 2509 ut
1613 2455 1658 2509 si
1690 2456 1811 2525 quis
1840 2455 2136 2525 interroget
2162 2473 2176 2511 :

584 2547 823 2605 Putasne
860 2551 1036 2605 omnis
1075 2551 1235 2606 homo
1260 2552 1519 2620 sapiens?
1548 2552 1637 2607 ille
1664 2553 2008 2620 respondeat,
2036 2552 2176 2621 Non,

583 2651 689 2695 non
721 2655 947 2696 necesse
968 2652 1050 2696 est
1082 2642 1154 2695 ita
1181 2643 1501 2698 concludere
1531 2654 1589 2696 ut
1616 2642 1844 2710 dicatur,
1876 2645 2050 2699 omnis
2077 2645 2179 2715 lgi-

583 2735 670 2787 tur
714 2731 877 2787 homo
899 2747 1002 2788 non
1028 2733 1245 2803 sapiens
1274 2746 1376 2790 eat.
1412 2734 1516 2789 ltoc
1550 2735 1693 2789 enim
1726 2735 1912 2790 falsum
1942 2744 2045 2801 est,
2082 2752 2180 2793 nec

582 2820 687 2879 hoc
707 2823 891 2880 evenit
919 2827 1225 2882 necessario
1247 2841 1315 2882 ex
1341 2828 1657 2897 interrogati
1681 2828 2054 2896 responsione.
2072 2827 2176 2883 Sed

582 2920 753 2988 magis
785 2917 938 2988 illud,
973 2934 1075 2975 non
1109 2921 1286 2975 onmis
1316 2919 1478 2975 homo
1504 2920 1719 2991 sapiens
1750 2928 1856 2974 est.
1888 2918 2021 2974 Nam
2053 2935 2175 2975 cum

580 3010 778 3082 aliquis
806 3011 1126 3082 interrogat,
1171 3012 1405 3069 Putasne
1429 3014 1606 3068 omnis
1639 3011 1799 3067 homo
1823 3010 2040 3081 sapiens
2070 3022 2173 3081 est,

580 3101 627 3157 si
659 3101 751 3158 ille
773 3110 951 3173 neget,
995 3102 1201 3170 dicens,
1231 3103 1369 3169 Non,
1403 3113 1456 3158 tu
1486 3103 1777 3160 concludas
1804 3113 2035 3172 oportet,
2070 3118 2173 3157 non

581 3194 757 3248 omnis
799 3192 961 3264 igitur
1006 3185 1169 3249 homo
1208 3196 1424 3263 sapiens
1461 3203 1563 3250 est.
1597 3195 1710 3250 Hoc
1747 3194 1889 3249 enim
1928 3209 1992 3248 ex
2031 3194 2173 3249 illius

580 3291 932 3361 responsione
954 3306 1177 3347 necesse
1190 3300 1273 3347 est
1290 3292 1526 3347 evenire.
1546 3290 1650 3346 Sed
1676 3289 1789 3344 haec
1803 3290 2176 3359 contrajacens

579 3392 661 3440 est
692 3382 1118 3453 interrogationi,
1154 3382 1206 3436 id
1245 3392 1329 3437 est
1355 3382 1619 3453 opposita.
1654 3381 2001 3450 lntcrrogasti
2031 3381 2173 3436 enim

578 3474 937 3530 universalem
985 3473 1398 3529 afﬁrmationem
1448 3472 1670 3538 dicens,
1720 3472 1954 3528 Putasne
1998 3473 2174 3529 omnis

579 3567 742 3621 homo
768 3566 964 3621 animal
994 3565 1114 3621 est?
1142 3566 1439 3636 respondit,
1473 3563 1615 3631 Non,
1644 3564 1933 3620 concludes
1966 3573 2023 3619 tu
2054 3579 2175 3634 par-

578 3659 854 3714 ticularetn
894 3657 1232 3729 negationem
1252 3698 1267 3722 ,
1301 3671 1405 3710 non
1431 3657 1609 3711 omnis
1638 3656 1800 3711 homo
1838 3654 2037 3708 animal
2067 3664 2171 3721 est,

577 3760 633 3808 et
658 3751 774 3806 haec
800 3750 992 3807 dividit
1024 3764 1212 3805 verum
1240 3748 1326 3804 vel
1356 3749 1566 3803 falsum.
1598 3748 1731 3802 Nam
1760 3747 1804 3802 si
1835 3754 2024 3802 contra
2052 3760 2171 3801 eam

578 3843 1057 3912 interrogationem
1081 3858 1174 3912 per
1192 3857 1352 3913 quam
1375 3841 1735 3897 univcrsalem
1756 3840 2169 3896 alﬁrmationem

575 3932 945 4005 interrogasti,
971 3935 1063 3991 ille
1090 3944 1272 4006 neget,
1298 3945 1356 3991 et
1386 3944 1440 3990 tu
1469 3934 1759 3991 concludas
1788 3949 1905 3990 eam
1929 3936 2173 4007 proposi-

576 4029 777 4085 tionem
806 4044 925 4100 quas
947 4029 1097 4087 dicit.
1118 4031 1294 4085 omnis
1317 4030 1477 4083 homo
1504 4029 1665 4099 igitur
1687 4044 1794 4085 non
1824 4030 2037 4100 sapiens
2064 4039 2169 4097 est,

579 4133 687 4175 non
732 4122 908 4189 petius
936 4122 1389 4193 contrajacentem
1418 4164 1432 4189 ,
1493 4123 1588 4178 sed
1626 4123 1950 4179 contrariam
1983 4123 2169 4191 facies,

576 4212 692 4267 lucc
722 4215 865 4269 enim
908 4230 1027 4284 quae
1066 4214 1219 4281 dicit,
1264 4215 1442 4270 omnis
1478 4214 1639 4270 homo
1668 4232 1772 4271 non
1801 4216 2017 4286 sapiens
2060 4225 2165 4282 est,

574 4306 844 4360 consentit
870 4306 920 4360 ei
948 4321 1068 4376 quae
1091 4307 1222 4360 dicit
1245 4307 1422 4361 ttullus
1448 4307 1608 4363 homo
1629 4308 1843 4378 sapiens
1871 4317 1975 4363 est.
1990 4309 2168 4375 Quare

572 4398 711 4453 nihil
740 4398 939 4467 dill'ert,
982 4411 1156 4454 utrum
1200 4400 1337 4454 hanc
1361 4399 1555 4470 aliquis
1592 4416 1656 4455 ex
1701 4400 1910 4455 inﬁnito
1948 4402 2167 4455 nomine

572 4488 984 4545 atﬁrmationem
1024 4491 1369 4559 reSpondeat,
1402 4505 1468 4545 an
1510 4506 1575 4545 ex
1610 4492 1758 4545 linito
1804 4491 2022 4544 nomine
2051 4490 2168 4544 tnti-

571 4586 834 4640 versulem
881 4582 1224 4655 negationem
1264 4601 1385 4657 quas
1412 4601 1532 4642 cum
1565 4586 1922 4640 afﬁrmatione
1954 4584 2167 4640 univer—

571 4674 692 4741 sali,
740 4691 898 4745 quam
931 4677 1295 4748 interrogasti,
1351 4694 1532 4733 verum
1568 4678 1867 4748 falsumque
1901 4694 2003 4732 non
2036 4677 2170 4733 divi-

572 4765 669 4820 dit.
700 4765 806 4822 Sed
841 4768 932 4820 illa
976 4769 1089 4822 sola
1120 4769 1489 4825 concludenda
1517 4782 1663 4838 sunt,
1697 4771 1748 4824 in
1783 4770 1978 4841 quibus
2007 4787 2169 4827 unum

572 4875 760 4915 verum
798 4869 905 4926 est,
931 4862 1159 4916 alterum
1196 4863 1409 4918 falsum.
1440 4863 1551 4918 Non
1582 4863 1743 4933 igitur
1772 4863 1839 4919 ita
1864 4864 2025 4919 debet
2058 4863 2173 4919 fieri

572 4953 625 5007 itt
668 4950 1092 5017 universalibus,
1129 4962 1187 5007 ut
1226 4954 1549 5025 interrogata
1594 4955 1880 5009 universali
1927 4955 2170 5009 affirma-

578 5046 746 5111 tione,
793 5047 837 5099 si
888 5046 1024 5101 alius
1071 5048 1409 5114 negationem
1450 5046 1796 5116 respondeat,
1848 5046 2169 5101 universalis

574 5137 866 5193 afﬁrmatio
895 5154 959 5194 ex
994 5138 1203 5193 inﬁnito
1233 5139 1447 5194 nomine
1476 5137 1845 5202 concludatur,
1869 5137 1964 5193 sed
1990 5138 2167 5207 potius

575 5234 914 5301 particularis
946 5235 1159 5302 negatio
1187 5248 1253 5288 ex
1288 5234 1507 5287 nomine
1537 5231 1705 5285 ﬁnito.

642 5326 760 5381 Illa:
789 5344 903 5382 vero
935 5343 1047 5399 qua:
1078 5337 1196 5382 sunt
1223 5326 1623 5397 contrajacentes
1655 5321 1937 5377 secundum
1966 5322 2168 5390 inﬁnita

569 5424 776 5477 nomina
806 5426 881 5478 vel
931 5425 1100 5490 verba,
1152 5434 1204 5478 ut
1236 5426 1286 5478 in
1318 5440 1376 5478 eo
1417 5421 1553 5491 quod
1595 5429 1686 5486 est,
1736 5436 1837 5474 non
1868 5420 2037 5484 homo,
2090 5419 2168 5473 vel

569 5530 670 5567 non
716 5517 914 5584 justus,
965 5517 1113 5587 quasi
1168 5517 1459 5589 negationes
1513 5513 1622 5569 sine
1679 5512 1881 5566 nomine
1918 5520 1967 5565 et
2020 5510 2169 5565 verba

568 5622 678 5659 esse
728 5609 1051 5679 videbuntur,
1102 5612 1190 5667 sed
1246 5627 1349 5664 non
1407 5615 1524 5663 sunt
1579 5622 1596 5660 :
1652 5622 1850 5678 semper
1901 5607 2032 5661 enim
2094 5604 2170 5660 vel

568 5713 737 5750 rerum
777 5717 883 5755 esse
911 5703 987 5755 vel
1018 5704 1204 5770 falsam
1231 5718 1431 5757 necesse
1452 5710 1526 5755 est
1561 5701 1898 5770 negationem.
1936 5696 2035 5763 Qui
2057 5712 2171 5750 vero

570 5790 700 5843 dixit
742 5809 842 5845 non
888 5795 1070 5863 homo,
1104 5812 1217 5857 non
1266 5797 1381 5867 plus
1411 5796 1612 5849 dicente
1665 5792 1840 5861 homo,
1892 5791 1982 5844 sed
2018 5791 2172 5844 etiam

570 5884 760 5945 minus.
812 5901 958 5942 verus
992 5888 1068 5944 vel
1111 5884 1282 5951 falsus
1306 5888 1428 5956 fuit,
1476 5886 1521 5943 si
1550 5901 1659 5943 non
1698 5880 1900 5954 aliquid
1926 5880 2171 5937 addatur.

2284 2053 2671 2125 propinquiora
2709 2063 2832 2109 sunt
2873 2052 2940 2108 ad
2989 2052 3415 2109 enuntiationem
3458 2052 3755 2108 faciendam
3797 2052 3881 2109 his

2281 2160 2404 2217 quae
2435 2145 2567 2200 nihil
2589 2144 2912 2216 signiﬁcant,
2954 2160 3123 2216 quare
3148 2147 3203 2201 in
3229 2146 3312 2201 his
3342 2160 3462 2216 quae
3486 2146 3691 2200 inﬁnita
3721 2153 3879 2211 sunt;

2283 2241 2463 2294 minus
2503 2238 2591 2294 illa
2634 2239 2832 2294 veritas
2859 2239 3132 2294 falsitasve
3161 2238 3500 2309 perSpicitur,
3528 2253 3689 2309 quam
3716 2237 3766 2292 in
3798 2237 3879 2291 his

2282 2332 2533 2388 omnibus
2558 2348 2679 2404 qua:
2706 2340 2830 2387 sunt
2858 2331 3029 2387 ﬁnita.
3059 2334 3135 2387 Ac
3157 2332 3328 2386 multo
3353 2331 3525 2401 magis
3548 2330 3679 2385 nihil
3704 2328 3879 2386 adhuc

2280 2438 2466 2480 verum
2497 2423 2756 2481 lalsumve
2785 2424 3052 2495 designat,
3078 2424 3131 2479 id
3162 2424 3308 2495 quod
3336 2424 3531 2479 dicitur
3552 2439 3660 2478 non
3693 2424 3874 2492 homo,

2282 2516 2369 2573 vel
2396 2532 2503 2571 non
2531 2522 2723 2582 currit,
2754 2516 2857 2572 nisi
2883 2516 3083 2587 aliquid
3111 2517 3359 2584 addatur,
3387 2516 3528 2587 quod
3554 2516 3877 2571 enuntiatio-

2282 2624 2408 2664 nem
2439 2608 2609 2678 possit
2637 2609 2872 2664 efﬁcere.
2916 2607 3070 2672 Quod
3099 2617 3277 2662 autem
3308 2606 3477 2672 dixit,
3517 2607 3670 2678 quasi
3718 2622 3873 2677 nega-

2283 2699 2459 2754 tiones
2487 2700 2607 2756 sine
2639 2701 2858 2756 nomine
2877 2708 2933 2755 ct
2961 2699 3126 2755 verbo
3150 2714 3271 2755 esse
3302 2698 3645 2766 vid‘ebuntur,
3676 2698 3875 2755 idcirco

2280 2796 2430 2852 addit
2454 2798 2707 2868 quoniam
2740 2796 2945 2852 inﬁnita
2978 2796 3191 2852 ttomina
3223 2796 3308 2851 vel
3339 2796 3525 2862 verba,
3576 2808 3753 2867 neque
3778 2810 3874 2851 no-

2279 2891 2425 2946 mina
2452 2891 2950 2963 sunt'simpliciter,
2984 2906 3158 2962 neque
3184 2890 3371 2957 verba,
3400 2902 3453 2946 et
3482 2890 3735 2946 videntur
3766 2906 3874 2947 non

2279 2985 2464 3050 ltomo,
2491 2993 2545 3039 et
2571 3000 2678 3039 non
2707 2984 2895 3051 currit,
2924 2984 3237 3054 negationes
3263 2997 3404 3039 esse.
3432 2983 3584 3052 Quod
3606 2983 3648 3038 si
3675 2983 3744 3038 ita
3770 2992 3872 3050 est,

2279 3075 2396 3131 sine
2423 3075 2642 3130 nomine
2670 3085 2725 3129 et
2750 3075 2935 3142 verbo,
2968 3090 3090 3130 esse
3122 3077 3434 3145 negationes
3466 3073 3734 3130 videntur.
3765 3074 3874 3129 Ad-

2279 3168 2412 3223 didit
2442 3168 2603 3223 etiam
2643 3168 2769 3222 illud
2810 3167 2944 3223 niltil
2981 3168 3150 3239 magis
3182 3167 3249 3223 de
3290 3167 3530 3234 homine,
3577 3167 3673 3223 sed
3715 3168 3874 3225 etiam

2206 3252 2250 3316 C
2282 3263 2456 3317 minus
2483 3276 2642 3317 verus
2666 3261 2762 3316 fuit
2788 3263 2869 3317 vel
2895 3260 3081 3317 falsus.
3106 3261 3208 3327 Qui
3239 3260 3384 3317 enim
3407 3260 3537 3317 dicit
3559 3260 3742 3329 homo,
3761 3275 3873 3317 rem

2277 3353 2577 3417 constituit,
2608 3354 2697 3424 qui
2744 3353 2875 3409 dicit
2911 3370 3019 3408 non
3062 3353 3247 3422 homo,
3281 3354 3449 3422 ipsam
3493 3354 3710 3423 quidem
3754 3368 3869 3408 rem

2280 3447 2531 3507 tulit,sed
2555 3447 2685 3502 nihil
2714 3446 3218 3515 addidit.Quocirca
3242 3446 3398 3517 longe
3425 3445 3598 3501 minus
3617 3444 3871 3515 quiddam

2276 3539 2580 3595 enuntiavit
2611 3540 2679 3595 de
2710 3541 2950 3608 homine,
2975 3539 3067 3613 qui
3090 3538 3357 3596 inﬁnitum
3387 3539 3455 3595 de
3475 3539 3691 3595 homine
3711 3538 3870 3607 dixit,

2278 3647 2437 3703 quam
2464 3633 2556 3703 qui
2590 3633 2817 3688 ﬁnitum.

2348 3733 2621 3806 Signiﬁcat
2663 3742 2855 3804 autem,
2885 3741 2961 3789 est
3000 3734 3167 3788 omnis
3200 3749 3304 3789 non
3339 3732 3491 3789 homo
3526 3736 3702 3806 justus
3742 3727 3872 3787 nulli

2272 3825 2485 3881 illarum
2514 3825 2669 3891 idem,
2703 3841 2794 3880 nec
2837 3824 2959 3879 huic
2998 3825 3230 3896 opposita
3270 3840 3331 3878 ea
3366 3840 3483 3894 qua:
3518 3833 3607 3889 est,
3654 3839 3754 3877 non
3793 3829 3871 3877 est

2275 3922 2441 3978 omnis
2467 3937 2571 3975 non
2601 3922 2750 3975 homo
2782 3922 2980 3993 justus.
3010 3916 3117 3972 Illa
3144 3933 3263 3973 vero
3304 3933 3420 3989 qua:
3449 3928 3542 3986 est,
3574 3917 3738 3971 omnis
3768 3931 3869 3969 non

2267 4019 2442 4088 justus
2471 4031 2573 4068 non
2602 4014 2753 4068 homo
2782 4020 2874 4077 est,
2900 4011 2980 4067 illi
3004 4026 3120 4083 qua:
3144 4018 3243 4080 est,
3274 4011 3451 4066 nullus
3477 4018 3550 4065 est
3569 4011 3745 4082 justus
3771 4024 3871 4063 non

2275 4108 2450 4173 homo,
2478 4108 2614 4161 idem
2639 4105 2917 4177 signiﬁcat.

2345 4211 2454 4265 lllae
2491 4208 2889 4280 propositiones
2920 4208 2974 4262 in
3016 4207 3210 4278 quibus
3248 4206 3452 4262 inﬁnita
3484 4207 3701 4261 nomina
3732 4206 3861 4260 sub-

2267 4300 2408 4372 jecta
2422 4312 2568 4366 sunt,
2593 4297 2927 4369 longealiud,
2957 4299 3147 4369 inquit,
3172 4296 3566 4368 signiﬁcattt,et
3587 4312 3692 4351 non
3721 4296 3863 4351 idem

2280 4392 2366 4447 bis
2392 4391 2850 4462 propositionibus
2878 4408 2998 4461 quas
3025 4392 3111 4447 vel
3138 4391 3432 4447 secundum
3465 4390 3632 4457 ﬁnita,
3660 4390 3748 4445 vel
3772 4404 3866 4447 se-

2271 4487 2503 4543 cundum
2536 4486 2745 4541 inﬁnita
2792 4486 3082 4555 praedicata
3125 4486 3374 4541 dicuntur
3402 4500 3418 4550 ;
3445 4500 3506 4539 ea
3551 4483 3696 4539 enim
3746 4497 3868 4553 quas

2274 4580 2426 4645 dicit,
2473 4589 2554 4635 est
2581 4579 2759 4633 omnis
2788 4594 2893 4634 non
2926 4578 3089 4634 homo
3120 4579 3321 4649 justus,
3352 4578 3483 4632 nihil
3518 4577 3657 4632 idem
3699 4576 3868 4645 signis

2277 4674 2403 4727 ﬁcttt
2425 4671 2497 4726 illi
2521 4688 2640 4742 qua:
2667 4670 2820 4740 dicit,
2851 4680 2935 4727 est
2964 4671 3139 4726 omnis
3169 4670 3329 4727 homo
3348 4669 3548 4740 justus,
3576 4670 3661 4724 vel
3690 4668 3868 4723 nullus

2277 4765 2439 4821 homo
2484 4765 2661 4837 justus
2704 4776 2808 4831 est,
2841 4765 2925 4820 vel
2963 4767 3181 4829 iterum,
3223 4773 3304 4819 est
3354 4764 3531 4819 omnis
3574 4762 3734 4817 homo
3762 4775 3867 4816 non

2270 4858 2471 4928 justus,
2505 4860 2593 4913 vel
2624 4858 2797 4913 nullus
2828 4857 2989 4912 homo
3021 4872 3127 4911 non
3156 4856 3356 4925 justus,
3387 4854 3518 4911 nttlli
3551 4854 3693 4909 enim
3720 4852 3871 4908 simi-

2281 4952 2345 5006 lis
2372 4960 2455 5006 est
2478 4966 2685 5015 earum,
2715 4966 2777 5006 ea
2806 4966 2925 5020 qua:
2956 4950 3104 5015 dicit,
3136 4958 3220 5004 est
3250 4947 3428 5004 omnis
3459 4962 3565 5002 non
3598 4946 3761 5001 homo
3786 4946 3871 5015 ju-

2275 5054 2409 5109 stus,
2445 5058 2544 5097 nec
2577 5042 2697 5097 lnic
2727 5042 2973 5113 opposita
3009 5042 3220 5113 negatio
3266 5040 3625 5110 particularis,
3655 5055 3716 5093 ea
3747 5052 3870 5108 qua:

2279 5135 2430 5199 dicit,
2465 5150 2570 5187 non
2617 5143 2698 5188 est
2734 5134 2909 5188 omnis
2955 5150 3060 5189 non
3113 5133 3275 5188 homo
3321 5133 3518 5205 justus;
3552 5131 3645 5186 ulli
3682 5142 3868 5185 earum

2277 5227 2419 5283 idem
2452 5225 2717 5296 signiﬁcat
2745 5243 2863 5297 qua:
2894 5228 3145 5298 superius
3173 5226 3458 5295 descripta:
3488 5234 3634 5289 sunt,
3663 5222 3744 5277 vel
3774 5223 3869 5276 ali-

2276 5317 2359 5374 cui
2386 5334 2570 5374 earnm
2611 5333 2731 5386 qua:
2760 5326 2886 5373 sunt
2912 5319 2964 5373 in
2993 5319 3242 5389 superius
3268 5317 3528 5388 opposita?
3558 5314 3867 5384 descriptis.

2276 5408 2384 5465 Illa:
2411 5426 2537 5471 vero
2565 5426 2683 5480 qua:
2709 5427 2774 5466 ex
2807 5412 3017 5466 duobus
3045 5411 3287 5467 terminis
3314 5410 3537 5465 inﬁnitis
3565 5409 3869 5463 constituta

2274 5514 2419 5569 Sttnl,
2464 5503 2568 5559 illis
2607 5516 2731 5559 sunt
2761 5505 2983 5569 similes,
3031 5519 3150 5571 qua:
3182 5503 3518 5560 universales
3556 5502 3869 5571 negationes

2272 5609 2398 5655 sunt
2426 5600 2683 5656 habentes
2717 5601 3017 5669 subjecmm
3050 5600 3348 5664 inﬁnitum,
3394 5607 3453 5653 ttt
3480 5613 3541 5653 ea
3573 5612 3692 5666 quae
3718 5592 3868 5659 dicit.

2273 5705 2357 5750 est
2385 5696 2560 5751 omnis
2591 5695 2694 5750 nbit
2722 5695 2900 5766 justus
2931 5710 3036 5750 non
3080 5694 3262 5761 homo,
3311 5694 3385 5749 illi
3417 5693 3556 5748 idem
3582 5689 3868 5761 signiﬁcat,

2273 5789 2431 5859 e‘que
2450 5790 2721 5845 consentit
2743 5805 2860 5859 qua:
2881 5789 3033 5855 dicit,
3050 5799 3131 5845 est
3154 5788 3334 5843 nullus
3354 5786 3531 5856 justus
3552 5799 3656 5839 non
3682 5781 3867 5847 homo,

2278 5891 2333 5941 et
2357 5884 2507 5951 prior
2530 5884 2747 5954 quidem
2779 5893 3029 5953 utrosque
3064 5882 3324 5939 terminos
3362 5881 3557 5938 retinet
3597 5874 3864 5943 infinitus,
