4280 6268
315 299 417 357 ῖ55
1106 293 1171 351 ΙΝ
1207 290 1466 351 LIBRUM
1506 291 1594 348 DE
1634 289 2283 350 INTERPRETATIONE
2321 290 2549 351 EDl'l'lO
2589 289 2825 349 PRIMA.

3491 292 3599 352 εει

315 419 431 471 haec
463 425 596 468 vero
634 409 872 469 secunda
896 406 1243 483 praedicatum
1271 406 1486 479 quidem
1508 406 1742 473 ﬁnitum,
1772 406 1902 461 sub-
1928 407 1983 471 Α
2005 406 2149 477 gatio
2189 421 2311 461 nem
2340 420 2461 462 esse
2490 422 2611 478 qute
2637 407 2769 462 dicit
2823 415 2906 463 est
2951 407 3107 465 albus
3138 408 3320 479 homo,
3359 416 3606 483 utrmque

316 509 512 579 jectum
556 520 690 560 vero
728 503 1028 567 inﬁnitum;
1062 511 1115 556 et
1143 500 1235 555 illa
1265 499 1477 571 quidem
1508 508 1591 553 est
1619 497 1905 554 afﬁrmatio

316 616 383 656 ex
414 597 625 653 duobus
668 595 922 663 inﬁnitis,
957 594 1073 649 hac
1098 607 1228 648 vero
1254 607 1319 647 ex
1350 590 1500 646 ﬁnito
1531 589 1820 661 praedicato
1853 598 1908 648 et

318 691 559 764 subjecto
594 690 802 746 inﬁnito
828 688 1042 760 negatio
1068 687 1407 746 universalis.

388 792 718 865 Transposita
744 807 860 846 vero
883 788 1093 844 nomina
1112 798 1161 843 et
1186 787 1335 842 verba
1359 786 1493 841 idem
1518 786 1833 859 signiﬁcant,
1852 796 1906 839 ut

321 896 394 943 est
420 886 564 941 albus
592 885 764 952 homo,
795 892 869 938 est
896 882 1046 937 homo
1076 884 1245 937 albus.
1281 881 1420 935 Nam
1461 882 1506 937 si
1536 888 1635 935 hoc
1662 897 1767 935 non
1810 887 1906 947 est,

323 982 549 1053 ejusdem
569 980 740 1033 multa:
754 986 904 1032 erunt
930 977 1242 1047 negationes.
1269 974 1376 1031 Sed
1398 986 1657 1029 ostensum
1677 982 1751 1027 est
1774 974 1910 1045 quod

321 1090 425 1129 una
452 1074 598 1128 unius
624 1080 717 1127 est.
750 1070 881 1142 Ejus
911 1071 1046 1125 enim
1073 1085 1190 1141 qua:
1215 1078 1310 1137 est,
1333 1076 1408 1123 est
1444 1067 1594 1122 albus
1617 1066 1791 1131 homo,
1823 1082 1910 1120 ne-

319 1165 451 1236 gatio
478 1172 587 1229 εει,
636 1178 739 1216 non
768 1171 840 1216 est
868 1161 1014 1215 albus
1041 1160 1216 1230 homo,
1260 1161 1370 1229 ejus
1398 1175 1515 1213 vero
1542 1174 1656 1229 qua:
1693 1167 1791 1224 est,
1839 1168 1911 1213 est

321 1259 469 1310 homo
497 1256 666 1322 albus,
694 1256 738 1309 si
784 1270 888 1308 non
937 1254 1111 1308 eadem
1158 1262 1233 1308 est
1282 1252 1326 1307 ei
1368 1269 1484 1322 quae
1526 1261 1618 1317 est,
1646 1261 1719 1307 est
1766 1251 1913 1306 albus

321 1346 494 1416 homo,
541 1348 633 1401 erit
676 1347 882 1416 negatio
923 1343 1001 1398 vel
1042 1360 1101 1399 ea
1129 1358 1242 1411 quae
1277 1351 1371 1410 est,
1404 1359 1505 1396 non
1537 1354 1608 1397 est
1639 1358 1740 1397 non
1764 1342 1913 1396 homo

321 1438 490 1505 albus,
521 1437 599 1492 vel
627 1453 691 1492 ea
718 1452 832 1506 qua:
858 1445 952 1500 est,
994 1450 1097 1488 non
1125 1442 1200 1489 est
1244 1435 1394 1489 homo
1421 1434 1589 1489 albus.
1623 1433 1728 1488 Sed
1757 1435 1917 1488 altera

322 1530 530 1600 quidem
558 1538 632 1583 est
662 1528 867 1599 negatio
909 1527 1019 1598 ejus
1059 1541 1173 1597 qua:
1213 1534 1308 1594 est,
1337 1535 1411 1580 est
1437 1541 1538 1579 non
1566 1525 1717 1578 Itomo
1747 1525 1913 1591 albus,

323 1622 490 1676 altera
518 1636 636 1675 vero
663 1621 773 1689 ejus
802 1634 919 1690 qua:
944 1625 1037 1685 est,
1069 1625 1141 1671 est
1169 1616 1313 1670 albus
1355 1616 1528 1670 homo.
1573 1616 1742 1680 Quare
1770 1624 1915 1668 erunt

323 1711 463 1777 dum,
516 1711 687 1765 unius.
749 1709 1007 1777 Quoniam
1052 1708 1209 1778 igitur
1259 1707 1571 1776 transposito
1615 1708 1817 1761 nomine
1867 1718 1917 1761 et

325 1805 473 1860 verba
501 1802 679 1858 eadem
707 1801 767 1871 ﬁt
792 1801 1062 1871 afﬁrmatio
1085 1807 1132 1852 et
1155 1799 1718 1870 negatio,manifestum
1746 1807 1841 1852 est.

399 1905 644 1974 Quoties,
669 1904 861 1974 inquit,
888 1902 1104 1957 nomina
1133 1900 1576 1971 permutanturiet
1602 1901 1786 1966 verba,
1811 1915 1915 1955 ete-

328 1999 453 2055 dem
495 1995 921 2068 propositionum
963 1993 1379 2062 signiﬁcationes
1406 2001 1743 2061 permanent.
1773 1992 1918 2060 Quo-

330 2092 436 2149 ties
468 2101 646 2146 autem
676 2089 885 2159 negatio
920 2094 1276 2159 permutatur,
1316 2101 1420 2140 non
1457 2084 1686 2151 eaedem,
1719 2100 1842 2139 nam
1872 2084 1918 2139 si

330 2184 453 2256 quis
504 2182 646 2237 dicat
679 2197 693 2235 :
740 2181 836 2236 Est
863 2194 968 2235 ιιοιι
1015 2178 1175 2234 humo
1207 2178 1381 2245 albus,
1426 2186 1479 2232 et
1510 2192 1615 2233 non
1646 2186 1728 2233 est
1756 2176 1920 2231 homo

332 2277 507 2340 albus,
531 2289 634 2329 non
659 2270 796 2327 idem
825 2271 1092 2341 signiﬁcat
1115 2278 1413 2340 permutata
1437 2269 1643 2324 scilicet
1663 2278 1717 2324 et
1742 2278 1917 2323 trans-

333 2366 505 2437 posita
554 2352 1124 2434 negatione.'Qttoties
1170 2370 1349 2416 autem
1399 2360 1611 2425 dicitur,
1644 2368 1728 2416 est
1765 2360 1920 2415 albus

335 2458 521 2521 homo,
555 2463 611 2509 et
650 2467 838 2507 rursus
879 2461 961 2506 est
1004 2452 1163 2506 homo
1205 2451 1380 2518 albus,
1421 2451 1561 2507 idem
1595 2452 1920 2522 transposita

334 2548 499 2603 verba
543 2545 866 2616 nominaque
891 2545 1213 2615 signiﬁcant,
1247 2554 1301 2599 et
1329 2555 1484 2601 erunt
1526 2546 1729 2601 eaedem
1774 2544 1924 2600 afﬁr-

335 2639 599 2695 tnationes
626 2655 637 2689 ε
670 2652 791 2691 nam
820 2637 864 2691 si
896 2636 1015 2707 quis
1048 2638 1148 2691 hoc
1175 2647 1358 2707 negat,
1389 2638 1653 2706 contingit
1682 2647 1740 2692 ut
1767 2639 1925 2694 unius

337 2729 727 2797 afﬁrmationis,
768 2727 890 2782 dua:
916 2729 1224 2799 negationes
1252 2730 1380 2785 sint.
1425 2729 1539 2785 Hoc
1566 2737 1745 2784 autem
1774 2744 1926 2785 mon-

336 2834 564 2881 stratum
586 2832 669 2879 est
684 2822 931 2894 superius
953 2823 1067 2879 ﬁeri
1090 2838 1196 2877 non
1225 2838 1397 2891 posse,
1415 2824 1509 2879 scd
1530 2837 1748 2894 semper
1768 2824 1927 2879 unius

339 2916 716 2972 afﬁrtuationis
747 2931 907 2970 unam
944 2928 1065 2970 esse
1094 2916 1456 2986 negationem.
1496 2915 1644 2972 Illius
1693 2931 1927 2988 namque

339 3008 709 3064 afﬁrmationis
736 3022 856 3077 qua:
882 3006 1035 3075 dicit,
1058 3016 1140 3063 est
1176 3009 1329 3062 albus
1361 3008 1541 3075 homo,
1583 3009 1673 3063 illa
1711 3010 1928 3080 negatio

338 3112 445 3167 εει,
472 3116 591 3171 (λικε
619 3100 767 3164 dicit,
795 3114 901 3155 non
924 3108 1007 3156 est
1033 3100 1187 3155 albus
1218 3102 1407 3166 ltomo;
1442 3102 1581 3155 illius
1607 3109 1782 3156 autem
1810 3118 1930 3172 qua

1947 1807 1993 1868 Β

2008 502 2151 559 enim
2182 516 2370 557 verum
2394 502 2532 556 inter
2553 515 2613 556 se
2642 501 2943 573 falsumque
2962 503 3227 559 dividunt.
3255 504 3439 575 Neque
3459 520 3604 564 enim

2008 594 2125 651 ﬁeri
2149 602 2329 666 potest
2355 602 2414 649 ut
2434 595 2477 649 si
2502 594 2570 649 de
2591 608 2699 648 uno
2721 594 3019 665 eodemque
3042 595 3259 653 homine
3279 596 3608 668 dicatur,est

2009 686 2159 742 albus
2191 685 2372 754 homo,
2400 693 2457 741 et
2493 698 2599 739 non
2629 694 2714 739 est
2742 684 2902 740 homo
2930 686 3107 753 albus,
3140 698 3200 743 ut
3228 697 3470 761 utraque
3495 692 3607 746 sint

2008 793 2152 834 vet-te
2180 797 2195 834 :
2228 778 2370 849 quod
2414 777 2461 833 si
2492 778 2564 833 ita
2594 788 2653 834 ut
2691 793 2835 836 nunc
2870 788 2994 833 sunt
3026 781 3211 848 positae
3239 783 3526 853 aliquando
3552 785 3607 840 in

2010 871 2237 927 veritate
2269 872 2622 935 concordant,
2669 871 2769 926 hoc
2815 869 3016 925 idcirco
3050 873 3231 928 evenit
3258 875 3380 943 quia
3419 874 3610 932 indeﬁ-

2013 965 2139 1019 nitae
2166 974 2311 1032 sunt,
2336 978 2443 1019 non
2474 964 2597 1035 quia
2621 964 2801 1020 verbis
2830 964 2967 1019 ﬁunt
2991 964 3407 1037 nominibusque
3436 979 3612 1023 trans-

2015 1058 2224 1129 positis:
2247 1073 2415 1128 quare
2440 1059 2621 1115 evenit
2651 1068 2708 1112 ut
2737 1059 2895 1114 unius
2919 1057 3294 1114 afﬁrmationis
3320 1059 3516 1128 duplex
3539 1063 3614 1119 sit

2014 1149 2247 1219 negatio.
2298 1147 2452 1215 Quod
2487 1157 2664 1205 autem
2705 1147 2942 1205 diximus
2973 1147 3219 1206 inferiori
3248 1146 3613 1221 descriptione

2016 1244 2187 1313 magis
2225 1239 2468 1312 liquebit.

2641 1394 2997 1450 Contradictio.

2142 1460 2229 1514 Est
2250 1459 2391 1511 albus
2408 1458 2554 1510 homo
3020 1458 3130 1511 Non
3148 1465 3227 1512 est
3247 1459 3388 1513 albus
3406 1460 3551 1513 homo

2504 1582 2666 1701 00011;,
2991 1587 3130 1677 δδδῦο

2494 1828 2663 1931 φὼρ
2996 1838 3138 1935 dictio

2145 2000 2231 2050 Est
2252 1999 2397 2049 homo
2416 1998 2557 2049 albus
3020 2002 3127 2052 Non
3156 2010 3233 2053 est
3252 2004 3397 2057 homo
3415 2005 3555 2056 albus

2636 2060 2990 2121 Contradictio.

2168 2242 2234 2283 DE
2272 2242 2587 2284 CONJUNCTIS
2626 2244 2696 2285 Ετ
2749 2244 2933 2287 υιγιειε
2970 2246 3467 2290 εΝυΝτΙΑι-ιοιηιευε.

2093 2352 2158 2407 Αι
2184 2368 2301 2408 vero
2321 2369 2476 2408 unum
2497 2356 2560 2407 de
2580 2353 2838 2424 pluribus,
2853 2354 2931 2410 vel
2953 2357 3105 2425 plura
3132 2362 3195 2411 de
3214 2371 3317 2410 uno
3344 2357 3598 2426 affirmare

2022 2444 2102 2500 vel
2131 2462 2336 2518 negare,
2368 2447 2413 2501 si
2441 2463 2543 2501 non
2573 2456 2647 2501 est
2677 2464 2837 2501 unum
2864 2464 2927 2502 ea:
2956 2448 3213 2519 pluribus,
3261 2466 3366 2505 non
3390 2460 3463 2506 est
3487 2453 3600 2521 απτ

2024 2543 2184 2598 matio
2213 2559 2337 2608 una,
2384 2559 2545 2613 neque
2587 2545 2811 2613 negatio.
2856 2542 2986 2599 Dico
3028 2553 3199 2599 autem
3238 2562 3421 2614 unum,
3450 2564 3552 2601 non
3580 2550 3621 2605 si

2025 2653 2183 2692 unum
2217 2652 2398 2691 nomen
2418 2638 2642 2709 positum
2666 2637 2774 2692 sit:
2810 2653 2913 2692 non
2937 2639 2995 2707 ﬁt
3022 2648 3194 2694 autem
3218 2655 3377 2693 unum
3405 2656 3469 2695 ex
3495 2642 3623 2709 illis,

2028 2740 2085 2785 ut
2115 2732 2267 2785 homo
2289 2740 2362 2786 est
2390 2732 2608 2802 fortasse
2627 2741 2675 2786 et
2701 2732 2914 2795 animal,
2936 2740 2987 2785 et
3011 2732 3173 2803 bipes,
3202 2740 3248 2786 et
3278 2745 3623 2801 mansuetum;

2027 2824 2201 2896 sed_ea:
2227 2824 2306 2879 his
2331 2825 2487 2878 etiam
2514 2841 2673 2878 unum
2703 2824 2785 2893 ﬁt.
2817 2823 2902 2877 Ex
2926 2824 3041 2877 albo
3064 2834 3234 2879 autem
3263 2834 3312 2879 et
3337 2827 3555 2893 homine,
3580 2836 3626 2881 et

2031 2916 2295 2971 ambulare
2330 2932 2431 2969 non
2462 2916 2520 2982 ﬁt
2549 2932 2730 2970 unum.
2780 2921 2952 2984 Quare
2978 2932 3066 2971 nec
3089 2917 3135 2970 si
3162 2932 3319 2970 unum
3345 2917 3542 2987 aliquid
3566 2918 3628 2971 de

2032 3009 2114 3063 his
2144 3010 2356 3079 afﬁrmet
2386 3009 2596 3079 aliquis,
2625 3010 2723 3062 erit
2744 3010 3014 3079 afﬁrmatio
3037 3025 3165 3077 una,
3190 3011 3280 3063 sed
3300 3025 3399 3065 vox
3422 3011 3627 3080 quidem

2032 3116 2158 3166 una,
2190 3101 2550 3171 a/ﬁrmationes
2580 3115 2696 3154 vero
2726 3101 2922 3156 multce.
2956 3099 3070 3155 Nec
3098 3101 3140 3155 si
3173 3100 3238 3155 de
3259 3115 3362 3155 uno
3390 3102 3507 3169 ista,
3539 3103 3629 3157 sed

338 3196 616 3267 proponit,
648 3202 730 3249 est
754 3193 915 3248 homo
942 3194 1118 3259 albus,
1149 3195 1191 3248 si
1222 3209 1327 3249 non
1356 3204 1439 3249 est
1461 3194 1650 3249 eadem
1683 3195 1757 3249 illi
1784 3195 1930 3250 afﬁr-
1958 3202 2004 3267 ς,
2033 3193 2268 3248 similiter
2292 3193 2487 3263 plures.

340 3288 569 3345 mationi
598 3302 715 3358 quae
743 3288 1002 3352 enuntiat,
1032 3296 1114 3341 est
1139 3286 1293 3341 albus
1323 3286 1505 3350 homo,
1536 3287 1631 3342 sed
1660 3295 1743 3341 est
1771 3288 1839 3343 ab
1867 3303 1931 3342 ea

342 3381 574 3450 diversa,
618 3381 689 3434 sit
734 3379 949 3451 negatio
996 3379 1080 3433 vel
1130 3394 1193 3433 ea
1232 3394 1351 3449 qua:
1398 3379 1547 3446 dicit,
1583 3394 1687 3434 non
1715 3391 1797 3436 est
1824 3396 1933 3437 non

342 3473 504 3530 homo
532 3473 715 3543 albus,
748 3473 835 3527 vel
866 3486 929 3527 ea
957 3486 1074 3543 quae
1105 3471 1268 3540 dicit,
1303 3488 1411 3526 non
1442 3481 1524 3527 est
1554 3472 1714 3527 homo
1744 3474 1931 3542 albus;

342 3568 438 3623 sed
460 3567 549 3620 illa
574 3580 693 3636 qua:
719 3566 994 3635 proponit,
1015 3580 1121 3619 non
1144 3574 1224 3619 est
1253 3579 1358 3619 non
1380 3565 1541 3619 homo
1572 3565 1747 3631 albus,
1774 3565 1936 3621 habet

343 3676 493 3716 suam
526 3658 939 3714 afﬁrmationem
961 3658 1026 3713 ad
1053 3674 1213 3729 quam
1235 3658 1424 3713 referri
1453 3659 1665 3726 debeat,
1685 3675 1802 3716 eam
1830 3662 1936 3716 sci-

342 3749 469 3807 licet
487 3767 603 3821 quae
629 3750 893 3814 enuntiat,
918 3759 1129 3805 estnon
1154 3749 1315 3805 homo
1343 3750 1517 3805 albus.
1536 3751 1628 3805 Illa
1662 3767 1791 3809 vero
1818 3768 1937 3823 qua:

345 3843 496 3906 dicit,
532 3858 635 3895 non
665 3851 749 3897 est
775 3841 935 3895 homo
964 3842 1139 3908 albus,
1175 3844 1388 3912 negatio
1420 3854 1503 3898 est
1531 3844 1649 3912 ejus
1675 3859 1793 3914 qure
1816 3861 1941 3914 pro-

341 3936 526 4007 ponit,
574 3943 657 3988 cst
686 3934 845 3988 homo
872 3934 1046 3989 albus.
1090 3935 1196 3991 Sed
1242 3936 1288 3989 si
1320 3935 1707 3990 alﬁrmationes
1747 3951 1935 3991 eurum

344 4028 579 4082 diversae
604 4034 746 4091 sunt,
771 4025 995 4080 diversae
1023 4034 1180 4081 erunt
1206 4026 1367 4080 etiam
1392 4026 1799 4096 negationes.Si
1820 4031 1940 4098 quis

346 4132 478 4190 ergo
520 4118 664 4172 dicat
711 4116 1119 4172 afﬁrntationem
1169 4134 1288 4188 qua:
1335 4118 1603 4188 proponit,
1657 4129 1742 4175 est
1786 4120 1942 4175 albus

346 4212 531 4277 homo,
578 4210 841 4266 diversam
873 4225 991 4266 esse
1018 4212 1085 4266 ab
1109 4226 1193 4275 ea,
1225 4227 1343 4280 quae
1373 4213 1636 4279 enuntiat,
1669 4223 1753 4269 est
1779 4213 1942 4269 homo

347 4305 520 4368 albus,
554 4303 682 4357 illud
708 4317 921 4374 quoque
954 4304 1214 4359 concedat
1242 4319 1463 4360 necesse
1491 4314 1572 4360 est
1612 4315 1668 4360 ut
1699 4306 1942 4377 negatio-

346 4412 448 4452 nes
478 4410 687 4467 qnoque
721 4396 954 4465 ipsarum
986 4397 1215 4450 diversa:
1244 4397 1373 4464 sint,
1407 4406 1490 4452 est
1524 4408 1700 4453 autem
1731 4402 1945 4470 negatio

348 4488 494 4543 illius
518 4502 635 4557 quae
659 4487 807 4554 dicit,
832 4500 912 4542 est
934 4488 1086 4541 albus
1114 4487 1295 4555 homo,
1323 4489 1413 4543 illa
1445 4490 1650 4545 scilicet
1674 4506 1792 4561 qua:
1815 4507 1942 4561 pro-

2114 3286 2277 3341 Multa
2306 3285 2675 3354 Peripateticis
2701 3285 2769 3343 de
2790 3286 3159 3345 discernendis
3180 3290 3631 3360 propositionibus

2039 3392 2158 3446 quae
2187 3384 2370 3433 essent
2398 3393 2521 3445 una,
2552 3394 2673 3448 qua:
2707 3380 3281 3446 multae,consideratio
3312 3382 3430 3440 fuit.
3462 3382 3643 3456 Atque

2040 3470 2163 3526 ideo
2194 3486 2335 3525 nunc
2369 3471 2471 3526 hoc
2502 3472 2651 3538 dicit,
2683 3480 2739 3528 et
2766 3473 2812 3528 si
2857 3488 2957 3527 una
2991 3490 3101 3542 res,
3142 3475 3332 3546 inquit,
3375 3476 3443 3531 de
3474 3478 3636 3543 pluri-

2041 3561 2144 3617 bus
2174 3563 2496 3633 praadicetur
2534 3564 2587 3618 in
2636 3567 3092 3635 propositionibus
3138 3569 3221 3623 vel
3273 3568 3634 3640 afﬁrmativis,

2040 3654 2127 3708 vel
2171 3655 2457 3725 negativis,
2490 3656 2573 3711 vel
2615 3673 2800 3712 rursus
2842 3673 2929 3713 res
2970 3660 3152 3728 plures
3198 3660 3265 3716 de
3306 3677 3411 3717 una
3442 3663 3636 3719 iterum

2041 3748 2423 3818 praedicentur,
2456 3758 2511 3804 et
2544 3749 2589 3803 si
2634 3749 2880 3819 pluribus
2920 3751 3025 3807 illis
3056 3752 3215 3807 rebus
3247 3770 3408 3810 unum
3441 3771 3637 3813 nomen

2042 3838 2112 3893 sit
2136 3841 2389 3908 positum,
2414 3840 2496 3894 vel
2520 3855 2620 3893 una
2645 3855 2731 3894 res
2774 3842 2841 3893 de
2874 3856 2979 3895 uno
3013 3843 3230 3896 nomine
3260 3846 3407 3913 plura
3429 3847 3640 3917 signifl»

2042 3930 2183 3983 canti
2236 3930 2579 3998 praedicetur,
2611 3931 2655 3983 si
2698 3946 2765 3984 ex
2813 3930 2917 3984 illis
2967 3931 3216 3986 omnibus
3266 3936 3427 3990 rebus
3476 3952 3637 3991 unum

2042 4020 2243 4089 aliquid
2273 4036 2380 4074 non
2406 4020 2497 4084 ﬁt,
2531 4035 2639 4074 non
2671 4029 2755 4075 est
2785 4036 2891 4075 una
2920 4019 3229 4088 afﬁrmatio,
3271 4039 3371 4079 nec
3415 4041 3517 4079 una
3544 4042 3639 4082 ne-

2043 4111 2186 4181 gatio
2210 4128 2222 4163 :
2255 4112 2298 4165 si
2323 4111 2442 4180 quis
2466 4112 2609 4165 enim
2625 4109 2766 4166 dicat
2787 4111 2983 4166 animal
3010 4112 3276 4168 rationale
3303 4115 3455 4185 bipes
3478 4115 3640 4173 homo

2046 4212 2149 4269 est,
2183 4217 2345 4256 unum
2391 4203 2659 4258 hominem
2706 4203 2951 4274 pluribus
2996 4206 3341 4276 praedicando
3371 4207 3636 4276 subjecit;

2045 4297 2141 4352 sed
2192 4297 2304 4351 inec
2353 4297 2623 4366 sigillatim
2673 4298 2889 4369 quidem
2928 4299 3068 4355 dicta
3098 4301 3258 4371 ‘plura
3299 4310 3445 4367 sunt,
3478 4317 3639 4357 unam

2047 4403 2178 4444 vero
2206 4390 2493 4459 quamdam
2545 4391 2898 4445 substantiam
2950 4389 3263 4446 informant.
3309 4392 3640 4451 Coeuntibus

2050 4498 2283 4553 namque
2308 4483 2546 4549 animali,
2577 4485 2845 4550 rationali,
2878 4493 2933 4538 et
2961 4485 3154 4553 bipede
3184 4486 3245 4539 ﬁt
3265 4500 3368 4540 una
3399 4486 3644 4542 substan-

346 4579 523 4650 ponit,
552 4593 658 4633 non
687 4588 765 4632 cst
797 4578 949 4632 albus
982 4579 1163 4633 homo.
1202 4579 1408 4634 Rursus
1454 4580 1596 4634 illius
1625 4596 1747 4651 qua:
1773 4598 1946 4637 enun-
1972 4578 2119 4661 Dtia
2171 4578 2367 4632 animal
2423 4578 2684 4632 rationale
2750 4582 2939 4647 bipes,
3001 4579 3144 4648 quod
3197 4588 3280 4634 εει
3335 4578 3519 4635 homo.
3578 4580 3645 4635 Et

348 4674 472 4737 tiat,
505 4681 587 4726 est
613 4671 773 4725 homo
800 4672 974 4736 albus,
998 4681 1081 4725 est
1104 4672 1336 4739 negatio,
1356 4686 1459 4726 non
1484 4681 1566 4726 est
1589 4673 1748 4727 homo
1768 4675 1945 4730 albus.

347 4765 531 4833 Quare
571 4765 652 4817 ita:
695 4763 813 4817 dum
852 4764 1190 4832 negationes,
1225 4778 1331 4818 non
1379 4773 1462 4820 est
1494 4756 1653 4820 homo
1682 4768 1859 4834 albus,
1892 4776 1949 4823 et

348 4874 460 4913 non
491 4869 569 4911 est
601 4856 750 4910 albus
784 4856 944 4909 homo
976 4870 1004 4908 a
1040 4869 1100 4911 se
1128 4854 1356 4911 diversa:
1394 4866 1541 4911 sunt.
1589 4858 1794 4913 Rursus
1823 4873 1945 4914 cum

346 4949 579 5004 dicimus
605 4989 619 5013 ,
661 4958 744 5003 est
770 4948 922 5002 albus
954 4947 1149 5015 homo,
1183 4956 1236 5003 et
1267 4959 1490 5020 negatur
1518 4965 1623 5005 non
1656 4959 1738 5004 est
1788 4951 1941 5006 albus

346 5046 537 5109 homo,
567 5046 611 5099 si
644 5044 710 5098 de
751 5044 940 5099 eodem
973 5044 1191 5099 homine
1219 5055 1457 5115 utrzeque
1486 5044 1757 5113 dicantur,
1785 5062 1945 5101 unam

344 5151 529 5192 veram
562 5138 783 5190 alteram
815 5136 1003 5191 falsam
1035 5152 1155 5193 esse
1184 5151 1404 5192 necesse
1446 5149 1561 5202 est;
1600 5148 1654 5191 ut
1681 5138 1723 5191 si
1752 5138 1819 5192 de
1848 5138 1950 5194 So-

345 5238 502 5283 erate
529 5228 763 5292 dicatur,
806 5239 889 5283 est
922 5229 1074 5284 albus
1105 5229 1289 5293 homo,
1329 5244 1435 5283 non
1469 5239 1552 5283 est
1581 5228 1734 5283 albus
1763 5229 1947 5299 homo,

344 5336 467 5392 qua:
506 5335 625 5375 cum
665 5321 737 5375 ita
783 5323 913 5387 sint,
964 5338 1187 5378 necesse
1223 5330 1309 5376 est
1348 5329 1407 5376 ut
1437 5320 1555 5391 ejus
1585 5335 1704 5390 quae
1744 5323 1821 5376 ait
1869 5333 1954 5377 est

345 5413 505 5468 albus
551 5412 714 5467 homo
768 5417 980 5483 negatio
1010 5416 1079 5467 sit
1111 5429 1171 5467 ea
1203 5429 1323 5482 qua:
1352 5412 1485 5466 dicit
1529 5425 1633 5464 non
1676 5422 1759 5466 est
1798 5413 1950 5468 albus

345 5512 515 5563 homo
546 5523 563 5572 ;
590 5505 685 5559 sed
716 5509 884 5573 posita
915 5516 997 5559 est
1018 5506 1234 5575 quidem
1260 5505 1407 5573 prius
1436 5502 1650 5571 negatio
1673 5518 1795 5573 quae
1822 5503 1955 5560 dicit

344 5615 453 5656 non
483 5608 568 5653 est
604 5599 761 5651 albus
788 5596 949 5649 homo
973 5598 1087 5665 ejus
1104 5594 1479 5649 afﬁrmationis
1505 5610 1627 5651 esse
1651 5610 1772 5666 qua
1822 5596 1955 5653 dicit

348 5703 431 5749 est
456 5692 614 5747 albus
642 5688 828 5744 homo.
855 5686 1007 5743 Nunc
1028 5703 1160 5743 vero
1184 5695 1548 5743 monstramus
1571 5687 1717 5743 illam
1740 5703 1954 5761 quoque

350 5799 469 5852 quae
498 5785 621 5843 dicit
654 5793 761 5837 non
792 5787 876 5837 est
896 5780 1051 5838 albus
1080 5781 1244 5837 homo
1268 5778 1385 5851 ejus
1434 5779 1807 5840 aflirmationis
1859 5796 1952 5838 ne-

2053 4685 2355 4742 quanquam
2407 4670 2522 4725 haec
2570 4668 2840 4739 sigillatim
2890 4669 3030 4724 dicta
3087 4670 3253 4725 multa
3280 4671 3409 4741 sint,
3444 4672 3489 4727 si
3525 4671 3646 4742 quis

2053 4768 2195 4822 enim
2227 4764 2368 4820 dicat
2392 4764 2612 4829 animal,
2644 4773 2700 4819 et
2726 4778 2910 4820 rursus
2938 4764 3221 4829 rationale,
3252 4774 3307 4820 et
3336 4766 3647 4823 intermisso

2054 4868 2295 4928 tempore
2319 4857 2493 4927 bipes,
2522 4856 2795 4913 discretim
2846 4856 3012 4911 multa
3059 4858 3436 4929 signiﬁcantia,
3469 4870 3645 4914 tamen

2052 4957 2234 5026 juncta
2267 4954 2319 5008 in
2360 4968 2521 5007 unum
2552 4967 2714 5007 unam
2754 4952 2954 5007 faciunt
3000 4962 3268 5023 naturam,
3318 4963 3369 5008 et
3415 4954 3517 5007 hoc
3566 4963 3651 5008 est

2057 5046 2198 5118 quod
2230 5048 2343 5100 ait:
2374 5044 2443 5101 Ut
2474 5044 2636 5099 homo
2674 5054 2755 5100 est
2797 5045 3023 5100 fortasse
3048 5053 3103 5099 et
3129 5043 3350 5109 animal,
3390 5055 3441 5099 et
3474 5045 3647 5112 bipes,

2056 5152 2109 5196 et
2134 5150 2501 5203 mansuetum;
2534 5138 2627 5193 sed
2650 5153 2715 5194 ει
2741 5138 2825 5193 bis
2852 5154 3014 5192 unum
3046 5138 3120 5202 ﬁt,
3152 5146 3400 5208 tanquam
3430 5137 3475 5191 si
3506 5136 3652 5191 dice-

2058 5241 2182 5290 ret:
2216 5233 2386 5287 Homo
2415 5232 2557 5287 enim
2587 5231 2738 5301 plura
2770 5228 3051 5298 signiﬁcat,
3081 5228 3174 5283 sed
3222 5229 3311 5292 ita,
3354 5225 3399 5282 si
3432 5242 3493 5281 ea
3530 5242 3650 5298 quas

2061 5324 2430 5395 signiﬁcantur
2459 5322 2767 5391 discerptim
2795 5320 3059 5375 dicantur.
3104 5318 3237 5373 Nam
3267 5326 3321 5373 et
3347 5318 3567 5384 animal,
3595 5326 3651 5373 et

2060 5419 2235 5488 bipes,
2267 5425 2322 5472 et
2348 5423 2680 5470 mansuetum
2725 5412 2991 5481 designat.
3026 5409 3263 5465 Dicimus
3288 5409 3435 5465 enim
3477 5408 3650 5464 humi-

2061 5525 2183 5566 nem
2233 5522 2354 5564 esse
2397 5504 2617 5571 animal,
2662 5511 2715 5558 et
2761 5502 3032 5571 bipedem,
3062 5511 3118 5557 ει
3144 5509 3517 5567 mansuetum;
3551 5501 3650 5557 sed
3710 5546 3711 5549 η

2060 5601 2177 5656 hrcc
2210 5600 2391 5671 juncta
2434 5597 2487 5652 in
2520 5610 2680 5651 unum
2725 5608 2921 5664 corpus
2962 5593 3201 5650 efﬁciunt
3239 5609 3405 5649 unum
3444 5586 3649 5651 animal

2064 5698 2401 5745 mansuetum
2432 5689 2606 5758 bipes,
2637 5685 2779 5757 quod
2805 5694 2889 5741 est
2925 5687 3106 5742 homo.
3138 5686 3314 5754 Quare
3342 5701 3648 5759 quanquam

2061 5784 2130 5840 de
2153 5798 2259 5839 uno
2284 5782 2431 5850 plura
2455 5779 2746 5854 pradicant
2770 5780 2899 5852 sint,
2923 5788 3102 5839 tamen
3124 5782 3376 5855 quoniam
3398 5781 3649 5842 exomni-
