4280 6268
656 417 760 474 355

1849 408 1954 467 ΑΝ.
2000 408 2206 465 MANL.
2248 409 2400 468 SEV.
2444 412 2662 470 ΒΟΕΤΙΙ

3822 419 3933 475 356

652 532 755 589 bus
785 541 947 596 unum
977 524 1177 597 aliquid
1209 525 1290 592 iit,
1313 538 1379 582 ex
1402 525 1503 579 hoc
1526 537 1628 579 una
1659 531 1743 579 est
1763 523 2052 579 afﬁrmatio
2082 532 2241 593 atque
2267 527 2323 589 Α
2348 530 2797 600 propositionibus
2854 546 2957 589 una
2998 536 3101 592 erit
3136 533 3505 592 contradictio.
3558 534 3735 604 Quare
3776 538 3924 607 quis-

651 631 890 701 negatio.
917 626 1070 696 Quod
1101 642 1147 681 SI
1176 624 1294 679 duae
1321 637 1408 678 res
1432 633 1565 676 tates
1613 618 1870 690 subjects:
1892 622 1998 675 sint
2026 620 2093 675 de
2122 622 2241 690 qui-

653 725 754 780 bus
786 736 888 777 una
917 735 1005 776 res
1028 718 1367 790 praedicetur,
1395 726 1452 770 ut
1481 715 1550 770 de
1576 714 1660 770 bis
1688 728 1849 769 unum
1882 713 1995 768 ﬁeri
2037 714 2237 783 aliquid

650 824 902 887 nequeat,
935 829 1043 869 non
1072 819 1159 866 est
1183 825 1285 865 una
1310 807 1616 870 afﬁrmatio,
1662 820 1760 861 nec
1787 820 1891 861 una
1917 806 2146 875 negatio.
2182 806 2238 861 Si

652 913 771 982 quis
796 908 940 964 enim
970 905 1198 961 candido
1245 901 1425 972 aliquo
1472 900 1688 955 homine
1730 899 2037 954 ambulante
2073 899 2235 965 dicat,

647 1005 826 1059 album
856 1009 911 1056 et
939 995 1220 1053 ambulans
1248 993 1413 1048 homo
1444 1001 1547 1058 est,
1577 993 1757 1046 album
1789 1000 1842 1047 et
1868 990 2143 1046 ambulare
2185 992 2237 1044 in

648 1110 808 1150 uuam
839 1101 1081 1147 naturam
1113 1104 1222 1143 non
1246 1084 1597 1151 conveniunt,
1630 1098 1730 1140 nec
1778 1083 1835 1138 ﬁt
1883 1097 1946 1138 ex
1995 1083 2236 1151 utrisque

644 1187 841 1259 aliquid
856 1201 1049 1252 uuttm,
1081 1187 1151 1239 ita
1182 1191 1241 1238 ut
1260 1181 1486 1253 alicujus
1514 1180 1630 1234 hac
1654 1179 1761 1233 duo
1780 1176 1966 1247 juncta
1990 1176 2238 1230 substan-

647 1282 772 1337 tiam
798 1280 1049 1335 forment.
1076 1277 1253 1345 Quare
1280 1276 1397 1330 sive
1421 1274 1784 1336 afﬁrmentur,
1813 1270 1929 1325 sive
1952 1279 2233 1339 negentur,

646 1375 763 1430 sive
792 1353 1030 1441 subjecta
1058 1370 1185 1433 sint,
1212 1369 1325 1423 sive
1355 1365 1661 1436 praedicata,
1694 1378 1799 1418 non
1831 1362 1934 1418 erit
1960 1377 2061 1417 una
2086 1364 2235 1416 affir-

605 1532 607 1535 ι
645 1468 830 1535 matio,
851 1479 949 1521 nec
973 1479 1079 1518 una
1114 1460 1345 1531 negatio,
1373 1459 1469 1515 sed
1500 1468 1602 1513 vo:
1636 1457 1852 1527 quidem
1876 1471 1978 1510 una
2011 1465 2110 1511 est.
2136 1456 2238 1510 'l‘ot

644 1570 821 1617 autem
846 1558 897 1613 in
923 1572 987 1613 ea
1007 1563 1132 1611 sunt
1151 1552 1537 1609 afﬁrmationes
1559 1559 1612 1604 et
1630 1548 1961 1620 negationes,
1979 1554 2107 1617 quot
2130 1556 2232 1601 ter-

645 1651 774 1707 mini
800 1658 927 1705 sunt
962 1647 1121 1718 positi
1158 1660 1224 1701 ex
1255 1644 1448 1715 quibus
1476 1657 1640 1698 unum
1671 1654 1774 1696 non
1808 1639 1884 1706 ﬁt,
1917 1639 2032 1695 sive
2054 1648 2232 1693 autem

643 1744 709 1799 de
742 1742 983 1812 pluribus
998 1752 1161 1794 unum
1182 1735 1521 1807 praedicetur,
1546 1733 1662 1788 sive
1689 1733 1837 1801 plura
1870 1732 1938 1787 de
1969 1745 2075 1785 uno
2100 1745 2226 1799 pra:-

642 1836 905 1898 dicentur,
921 1832 1060 1887 idem
1076 1829 1265 1885 modus
1281 1834 1384 1894 est,
1404 1833 1463 1881 ut
1477 1823 1521 1881 si
1540 1825 1659 1895 quis
1677 1823 1837 1890 dicat,
1855 1823 2014 1878 homo
2035 1821 2232 1876 animal

2346 622 2466 693 quis
2496 625 2647 695 plura
2694 626 3084 698 signiﬁcantem
3126 629 3545 699 propositionem
3581 629 3802 691 dixerit,
3837 631 3933 687 ille

2346 731 2450 771 non
2500 717 2626 773 facit
2673 720 3090 789 propositionem
3146 720 3214 777 ad
3241 737 3401 793 quam
3438 722 3507 777 sit
3536 738 3637 777 una
3686 723 3927 795 negatio.

2344 810 2604 876 Quocirca
2636 812 2939 881 hujusmodi
2960 814 3371 884 interrogationi
3394 828 3512 884 Quae
3541 815 3693 884 plura
3722 815 3928 886 signiﬁ-

2343 911 2447 969 cat,
2479 918 2575 958 nec
2597 904 2639 956 si
2669 919 2789 959 vera
2814 905 2922 972 sit,
2944 905 3105 960 debet
3131 919 3250 961 esse
3276 920 3377 960 una
3400 907 3702 975 responsio.
3734 906 3931 976 Siquis

2343 994 2636 1066 interroget
2677 996 3045 1054 substantiane
3097 998 3165 1052 sit
3194 999 3373 1061 canis,
3403 1012 3707 1068 quanquam
3743 1013 3927 1055 verum

2342 1088 2409 1141 sit
2453 1087 2632 1144 dicere
2682 1089 2978 1143 substantia
3041 1097 3153 1156 est,
3186 1088 3435 1158 quoniam
3471 1097 3529 1144 et
3575 1088 3838 1144 latrabilis
3877 1097 3933 1147 et

2340 1178 2576 1233 marinus
2629 1179 2941 1234 substantia:
2991 1189 3151 1243 sunt,
3196 1188 3371 1234 tamen
3403 1193 3506 1233 non
3549 1191 3631 1234 est
3673 1179 3740 1233 ad
3792 1180 3929 1234 hanc

2340 1284 2441 1324 una
2494 1269 2733 1324 facienda
2766 1270 3071 1339 reSponsio.
3113 1269 3218 1325 Sed
3247 1269 3535 1327 dicendum
3578 1279 3659 1325 est
3704 1268 3773 1325 de
3820 1284 3927 1340 quo

2338 1376 2473 1417 cane
2518 1363 2845 1433 interroget,
2892 1362 3035 1432 quod
3061 1362 3105 1416 si
3128 1361 3215 1417 ille
3247 1363 3447 1419 dixerit
3472 1363 3540 1418 de
3568 1364 3810 1427 marino,
3842 1362 3926 1416 vel

2340 1467 2523 1508 rursus
2549 1454 2616 1508 de
2640 1454 2891 1522 latrabili,
2921 1462 3047 1509 tunc
3075 1469 3197 1510 cum
3222 1469 3317 1524 per
3338 1454 3484 1509 illius
3513 1454 3924 1509 determinatio-

2340 1560 2459 1601 ncm
2501 1544 2971 1616 delinitionemque
2996 1546 3434 1616 interrogationis
3459 1546 3597 1601 facta
3631 1546 3791 1602 fuerit
3823 1563 3923 1602 una

2339 1642 2663 1711 pra-positio,
2698 1657 2980 1712 imumque
3018 1641 3353 1712 signiﬁcans,
3386 1640 3683 1696 adhibenda
3712 1651 3795 1696 est
3823 1657 3921 1698 una

2339 1734 2637 1801 responsio.
2672 1734 2747 1788 lle
2773 1734 2855 1788 his
2883 1742 3060 1788 autem
3085 1732 3134 1787 in
3161 1732 3378 1803 Topicis
3400 1732 3601 1787 dictum
3629 1747 3751 1788 esse
3778 1747 3921 1788 com-

2337 1834 2620 1879 memorat.
2652 1824 2915 1880 Similiter
2945 1834 3123 1880 autcm
3156 1825 3501 1879 manifestum
3530 1834 3641 1891 est,
3671 1826 3920 1895 quoniam

642 1927 903 1985 rationale
949 1925 1099 1994 bipes
1127 1932 1233 1988 est,
1263 1920 1518 1991 quoniam
1548 1934 1611 1972 cx
1654 1918 1734 1972 his
1776 1931 1936 1971 unum
1980 1912 2231 1983 quiddam
2266 1910 2312 1973 B
2342 1931 2440 1971 nec
2488 1916 2589 1970 hoc
2620 1917 2791 1985 ipsum
2823 1918 2950 1989 quid
2981 1927 3066 1973 est
3091 1958 3104 1980 ,
3136 1917 3419 1973 dialectica
3447 1927 3529 1974 est
3550 1918 3917 1991 interrogatio,

644 2022 721 2089 lit,
757 2034 859 2073 una
888 2026 975 2072 est
1000 2014 1315 2086 propositio.
1347 2011 1440 2067 Sin
1463 2024 1593 2065 vero
1615 2008 1943 2078 quis.ducat,
1976 2006 2136 2059 homo
2158 2004 2234 2057 al-

642 2111 740 2168 bus
790 2110 1069 2166 ambulans
1116 2114 1222 2173 est,
1268 2103 1522 2175 quoniam
1571 2114 1638 2157 ex
1685 2099 1768 2153 his
1801 2097 1930 2153 nihil
1964 2112 2123 2151 unum
2155 2098 2230 2160 lit,

643 2220 745 2260 non
777 2216 858 2259 εει
886 2216 989 2257 una
1021 2197 1338 2270 propositio.
1374 2193 1616 2263 Amplius
1643 2206 1858 2262 quoque
1886 2189 2030 2255 sLde
2061 2188 2231 2258 pluri—

643 2302 742 2356 bus
770 2298 933 2354 rebus
954 2308 1122 2351 unum
1157 2304 1351 2349 nomen
1376 2291 1451 2346 sit
1487 2288 1744 2360 positum,
1770 2299 1846 2342 ex
1874 2285 2067 2355 quibus
2098 2299 2228 2338 con-

641 2394 835 2466 iunctis
884 2392 1027 2447 nulla
1078 2403 1179 2444 una
1237 2396 1425 2442 natura
1460 2384 1555 2450 sit,
1580 2390 1637 2439 et
1664 2383 1730 2436 tle
1760 2380 1851 2435 illo
1880 2394 1984 2432 uno
2014 2379 2230 2431 nomine

640 2502 803 2541 unum
834 2482 1112 2554 quodlibet
1150 2479 1291 2535 aliud
1325 2476 1668 2547 praedicetur,
1701 2487 1806 2528 non
1839 2480 1925 2527 est
1952 2486 2051 2524 una
2082 2469 2227 2523 aflir-

632 2577 822 2643 matio,
858 2591 957 2631 nec
986 2588 1092 2630 una
1133 2571 1367 2642 negatio.
1404 2568 1640 2623 Marinus
1689 2579 1921 2634 namque
1948 2572 2002 2617 et
2036 2561 2123 2615 hic
2155 2561 2231 2613 la—

639 2672 847 2728 trahitis
878 2684 984 2724 uno
1030 2665 1290 2722 vocabulo
1320 2676 1486 2719 canes
1514 2669 1791 2715 vocantur.
1824 2660 1876 2712 Si
1922 2656 2041 2727 quis
2071 2656 2231 2723 igitur

639 2765 800 2830 dicat,
826 2762 975 2817 canis
998 2759 1193 2815 animal
1221 2754 1588 2826 est,quoniam
1617 2766 1684 2805 ex
1716 2752 1799 2805 his
1825 2764 1942 2820 quae
1966 2745 2152 2817 signaﬁ'
2174 2754 2230 2799 at

638 2858 789 2911 canis
818 2857 869 2909 in
896 2869 1064 2910 unum
1091 2850 1293 2923 junctis
1323 2848 1453 2905 nihil
1487 2862 1648 2902 unum
1678 2844 1911 2900 efﬁcitur
1952 2844 2041 2910 (ex
2093 2856 2227 2897 cane

639 2951 782 3007 enim
809 2958 865 3006 et
889 2946 1118 3004 latrabili
1150 2953 1205 3000 et
1226 2943 1435 2999 marino
1454 2940 1655 3012 junctis
1684 2938 1823 2992 nulla
1848 2951 1948 2991 una
1977 2937 2227 2991 substan-

638 3045 710 3100 tia
737 3043 864 3112 est),
900 3041 990 3095 illa
1020 3036 1314 3109 propositio
1344 3033 1622 3101 multiplex
1655 3041 1760 3093 est,
1791 3037 1845 3084 et
1877 3029 2039 3082 multa
2062 3026 2224 3095 signi-

639 3136 826 3201 ﬁcans,
854 3143 1035 3187 etnon
1066 3144 1190 3185 una.
1223 3127 1400 3196 Quare
1427 3120 1879 3195 quemadmodum
1912 3120 1956 3173 si
1986 3118 2103 3189 quis
2129 3118 2224 3171 bu-

640 3223 867 3280 ‘usmodi
897 3220 1292 3292 propositiones
1324 3216 1637 3283 interroget,
1663 3212 1858 3267 debeat
1881 3208 2221 3278 responderi,

638 3318 793 3372 docet
818 3315 1002 3368 dicens
1027 3328 1043 3367 :

711 3406 773 3461 Si
806 3420 926 3477 ergo
952 3403 1219 3457 dialectica
1251 3398 1583 3469 interrogatio
1612 3394 1958 3466 responsionis
1989 3404 2060 3448 est
2094 3394 2225 3461 prli-

637 3506 727 3560 tto,
759 3493 832 3547 vel
855 3490 1241 3563 prepositionis,
1267 3489 1340 3543 rel
1363 3487 1577 3542 alterius
1602 3485 1761 3556 partis
1784 3483 2221 3547 contradictionis,

636 3582 919 3657 propositio
957 3596 1072 3636 vero
1125 3580 1275 3633 unius
1334 3576 1758 3631 contradictionis
1801 3591 1919 3644 pars
1970 3582 2073 3637 est,
2122 3589 2221 3628 non

635 3680 726 3735 erit
754 3694 858 3731 una
879 3673 1141 3744 responsio
1168 3673 1235 3727 ad
1263 3671 1390 3727 lucc.
1420 3669 1597 3739 Neque
1628 3669 1761 3723 enim
1784 3679 1856 3723 est
1884 3683 1983 3721 una
2007 3667 2222 3721 interro-

634 3780 795 3841 gatio,
814 3783 901 3821 nec
931 3766 1051 3821 sisit
1077 3781 1214 3820 vera.
1235 3761 1442 3817 Dictum
1460 3770 1715 3816 estautem
1738 3761 1800 3815 de
1821 3761 1900 3815 his
1921 3761 1971 3813 in
1990 3759 2219 3829 Tapicis,

634 3860 785 3916 simul
815 3868 985 3913 autem
1025 3856 1357 3925 manifestum
1387 3864 1489 3921 est,
1513 3855 1754 3924 quoniam
1788 3869 1876 3907 nec
1908 3855 2001 3907 hoc
2032 3853 2221 3922 ipsum,

634 3952 755 4023 quid
777 3958 872 4018 est,
893 3950 1160 4005 dialectica
1181 3948 1512 4019 interrogatio
1534 3956 1626 4001 est.
1657 3946 1865 4016 Oportet
1887 3946 2018 3999 enim
2044 3946 2225 3998 datum

632 4060 737 4100 esse
766 4052 821 4097 ut
862 4056 926 4097 ex
953 4039 1351 4114 interrogatione
1377 4039 1559 4111 eligat,
1586 4048 1753 4092 utram
1793 4037 1909 4091 velit
1933 4035 2225 4091 contradic-

632 4137 784 4192 tionis
833 4143 1027 4201 partem
1079 4133 1367 4187 enuntiare.
1404 4130 1509 4187 Sed
1550 4140 1745 4201 oportet
1793 4131 2219 4198 interrogantem,

632 4227 999 4292 determinare,
1031 4235 1202 4279 utrum
1228 4226 1323 4280 hoc
1350 4225 1415 4279 sit
1442 4224 1617 4290 homo,
1649 4241 1716 4277 an
1737 4240 1837 4278 non
1866 4224 1980 4277 hoc.

700 4319 903 4375 Sensus
951 4315 1256 4386 huiusmodi
1301 4324 1415 4379 est,
1468 4313 1777 4384 quicunque
1830 4315 2125 4383 interrogat
2176 4312 2223 4368 si

631 4413 698 4468 ab
727 4418 843 4465 arte
886 4407 1169 4464 dialectica
1212 4421 1318 4462 non
1354 4405 1629 4470 declinet,
1678 4405 1882 4460 idcirco
1928 4406 2224 4475 interrogat

631 4511 688 4556 ut
729 4503 780 4557 ei
828 4497 1239 4572 respondeatur.
1290 4497 1703 4567 Respondeatur
1744 4504 1918 4550 autem
1974 4506 2059 4549 aut
2112 4506 2220 4551 tota

632 4591 951 4663 prepositio,
979 4599 1071 4647 aut
1091 4587 1534 4646 contradictionis
1572 4604 1676 4644 una
1710 4588 1985 4659 particula.
2019 4587 2071 4643 Si
2099 4588 2220 4657 quis

2337 2011 2511 2079 qualis
2555 2011 2716 2065 debet
2760 2025 2881 2066 esse
2919 2010 3109 2066 modus
3148 2010 3446 2067 dialectica:
3494 2012 3920 2083 interregationis

2336 2102 2667 2173 exsequitur.
2722 2103 2811 2157 Ait
2851 2104 3032 2169 enim,
3073 2101 3129 2159 Si
3170 2104 3293 2173 quis
3327 2104 3617 2174 interroget
3659 2104 3785 2175 quid
3840 2114 3922 2161 est

2335 2195 2555 2259 animal,
2589 2196 2703 2249 lucc
2736 2209 2839 2248 non
2872 2202 2953 2249 est
2979 2193 3255 2250 dialectica
3296 2195 3663 2265 interrogatio.
3696 2196 3921 2264 Oportet

2335 2287 2478 2340 etiim
2517 2301 2613 2355 per
2641 2285 2976 2340 dialecticam
3020 2285 3490 2356 interrogationem
3528 2285 3800 2354 optionem
3840 2302 3921 2342 rc-

2334 2376 2617 2447 spondenti
2635 2376 2787 2443 dare,
2811 2385 2987 2430 utrum
3013 2374 3284 2430 afﬁrmare
3302 2374 3449 2442 velit,
3467 2389 3537 2429 an
3560 2389 3757 2445 negare
3778 2376 3920 2445 quod

2335 2468 2549 2531 dicitur,
2581 2476 2637 2521 ut
2658 2468 2701 2521 si
2726 2468 2847 2536 quis
2868 2468 2944 2523 sic
2964 2468 3279 2537 interroget,
3306 2466 3538 2523 Putasne
3559 2468 3759 2523 bonum
3779 2471 3921 2526 malo

2335 2560 2663 2614 contrarium
2736 2560 2853 2613 est?
2915 2569 3040 2614 tunc
3112 2559 3454 2629 respondenti
3516 2558 3672 2614 datur
3720 2561 3912 2616 electio

2336 2660 2511 2705 utrum
2536 2649 2806 2705 amrmare
2836 2651 2968 2704 velit
2999 2665 3068 2704 an
3098 2664 3313 2719 negare.
3344 2649 3481 2704 Dicit
3507 2650 3653 2705 enim
3681 2651 3797 2717 ille,
3829 2661 3919 2706 aut

2334 2752 2437 2809 est,
2466 2753 2556 2799 aut
2590 2758 2697 2797 non
2730 2752 2813 2799 est
2850 2742 2950 2810 Qui
2978 2750 3155 2799 autem
3186 2744 3257 2797 ita
3305 2744 3596 2813 interrogat
3621 2784 3635 2807 ,
3672 2745 3798 2813 quid
3831 2753 3916 2801 est

2339 2836 2576 2891 animal?
2617 2836 2818 2891 nullum
2853 2835 2929 2890 illi
2961 2835 3133 2891 locum
3176 2843 3267 2890 aut
3292 2835 3665 2891 afﬁrmationis
3696 2847 3786 2891 aut
3827 2853 3915 2895 ue-

2331 2928 2561 2998 gationis
2584 2928 2863 2997 relinquit;
2889 2927 3015 2997 quid
3034 2927 3175 2982 enim
3198 2926 3440 2983 dicturus
3454 2940 3536 2985 est
3558 2930 3915 2999 interrogante

2330 3020 2543 3089 aliquo,
2577 3018 2711 3086 Quid
2743 3028 2825 3074 est
2852 3018 3089 3074 animali
3114 3019 3354 3075 dicturus
3387 3028 3497 3087 est,
3532 3021 3682 3075 Non?
3732 3025 3913 3077 incon-

2331 3114 2552 3167 veniens
2581 3111 2686 3168 erit
2710 3115 3014 3182 responsio.
3042 3114 3242 3171 Eodem
3276 3116 3435 3170 modo
3462 3131 3673 3188 quoque
3710 3120 3753 3172 si
3779 3119 3915 3174 dicat

2329 3214 2411 3259 est
2432 3204 2661 3267 animal,
2691 3205 2756 3259 ad
2787 3218 3024 3261 causam.
3063 3204 3187 3261 Sola
3221 3205 3378 3275 igitur
3406 3207 3491 3263 illa
3520 3219 3604 3263 est
3638 3209 3915 3265 dialectica

2248 3296 2303 3361 ‘C
2338 3298 2713 3369 interrogatio,
2764 3300 2814 3352 in
2846 3313 2948 3369 qua
2993 3299 3149 3354 datur
3188 3302 3533 3371 respondenti
3577 3318 3642 3357 ex
3693 3304 3915 3359 interro-

2322 3392 2535 3461 gatione
2584 3393 2733 3462 optio
2790 3401 2965 3447 utrum
3018 3392 3147 3449 velit
3214 3404 3416 3462 partem
3469 3393 3915 3451 contradictionis

2280 3498 2282 3501 '
2326 3484 2565 3553 eligere,
2609 3497 2835 3554 eamque
2886 3485 3171 3540 enuntiare
3215 3486 3297 3541 Vel
3339 3485 3657 3540 affirmando
3703 3486 3917 3545 scilicet

2326 3578 2409 3633 vel
2451 3576 2715 3647 negando.
2756 3577 2983 3647 Oportet
3018 3578 3166 3633 enim
3206 3579 3619 3649 interrogantem
3659 3580 3917 3637 determi-

2327 3684 2478 3737 nare,
2515 3679 2717 3735 utrum,
2748 3670 2896 3725 verbi
2925 3670 3131 3739 gratia,
3164 3670 3361 3726 animal
3391 3670 3549 3728 homo
3572 3674 3661 3739 sit,
3686 3689 3752 3729 an
3786 3690 3914 3741 non,

2328 3771 2385 3816 ut
2412 3776 2475 3816 ex
2509 3761 2597 3815 illa
2630 3761 3084 3834 interrogatione,
3116 3777 3273 3831 quam
3302 3762 3430 3819 velit
3467 3774 3669 3834 partem
3699 3776 3916 3823 contra-

2327 3854 2577 3910 dictionis
2608 3856 2800 3925 possit,
2835 3855 2879 3910 is
2911 3855 3003 3927 qui
3038 3856 3331 3926 respondet
3351 3857 3570 3928 eligere.

2403 3945 2658 4013 Quoniam
2690 3962 2805 4001 vero
2848 3946 2956 4003 ha’c
2992 3947 3197 4016 quidem
3232 3949 3580 4018 prwdicantur
3607 3951 3914 4018 composita,

2328 4050 2382 4093 ut
2412 4055 2571 4093 unum
2600 4040 2665 4094 sit
2694 4056 2839 4094 omne
2867 4040 3326 4109 praedicamentnm
3355 4057 3529 4097 eorum
3556 4057 3670 4114 quis
3706 4059 3915 4114 separa-

2329 4132 2417 4185 tim
2450 4132 2817 4201 prazdicautur,
2842 4132 2949 4185 alia
2978 4146 3095 4186 vero
3121 4147 3244 4197 non,
3268 4147 3383 4202 qua:
3402 4131 3692 4200 differentia
3719 4144 3813 4187 est.
3842 4131 3917 4189 De

2330 4222 2529 4275 homine
2564 4224 2696 4276 enim
2724 4238 2896 4277 verum
2924 4231 2999 4277 est
3022 4222 3187 4277 dicere
3229 4233 3276 4277 et
3316 4224 3591 4294 separatim
3615 4225 3811 4278 animal
3830 4266 3844 4289 ,
3868 4232 3917 4280 et

2326 4316 2600 4385 separatim
2623 4315 2779 4387 bipes,
2805 4324 2850 4369 et
2873 4316 2980 4370 hare
3005 4325 3058 4369 ut
3082 4331 3271 4384 unum;
3289 4326 3334 4370 et
3356 4315 3625 4380 hominem,
3648 4324 3695 4368 et
3715 4317 3915 4386 album,

2327 4416 2372 4460 ct
2400 4406 2508 4459 [nec
2534 4416 2590 4459 nt
2615 4422 2792 4461 unum.
2820 4406 2925 4462 Sed
2944 4423 3043 4462 non
3065 4408 3109 4462 si
3128 4407 3436 4464 citharoedus
3457 4417 3529 4462 est
3555 4416 3601 4461 ct
3623 4407 3806 4475 bonus,
3840 4418 3916 4465 est

2327 4508 2377 4551 et
2409 4499 2711 4554 citharoedus
2734 4500 2915 4554 bonus.
2940 4501 3002 4555 Si
3025 4501 3160 4557 enim
3185 4502 3428 4570 quoniam
3456 4501 3763 4556 alterutrum
3788 4501 3914 4557 dici-

2328 4586 2432 4660 tur,
2464 4602 2510 4645 et
2552 4603 2821 4663 utrumque
2858 4595 3075 4662 dicetur,
3117 4596 3279 4649 multa
3306 4596 3710 4651 inconvenientia
3746 4605 3915 4653 erunt.

629 4689 775 4745 enim
809 4688 890 4744 sic
915 4686 1058 4742 dicat
1084 4685 1447 4757 interrogans,
1472 4684 1737 4741 Animane
1762 4683 2073 4740 immortalis
2096 4684 2210 4740 est?
2240 4686 2292 4748 Ι)
2321 4681 2395 4738 De
2424 4684 2625 4737 homine
2648 4683 2780 4738 enim
2800 4701 2974 4740 verum
2999 4694 3070 4739 est
3099 4696 3145 4739 et
3175 4686 3433 4741 hominem
3453 4696 3500 4739 et
3528 4686 3699 4741 album
3726 4688 3912 4743 dicere.

628 4780 781 4833 Tunc
846 4778 1179 4848 respondens
1234 4785 1326 4833 aut
1375 4787 1461 4835 est
1529 4778 1911 4847 respondebit,
1952 4788 2035 4833 aut
2088 4794 2212 4833 non.

628 4871 739 4926 Hoc
768 4878 947 4923 autem
991 4881 1074 4925 est
1113 4871 1275 4926 totius
1305 4870 1754 4927 contradictionis
1788 4887 1889 4924 una
1934 4870 2213 4939 particula.

626 4960 991 5021 Contradictio
1021 4959 1165 5014 enim
1189 4971 1306 5025 est,
1338 4961 1515 5015 anima
1549 4959 1870 5014 immortalis
1900 4974 1975 5013 est
1998 5001 2011 5024 ,
2038 4961 2218 5015 anima

627 5053 943 5115 immortalis
975 5066 1082 5107 non
1108 5059 1229 5119 est,
1254 5065 1385 5122 ergo
1406 5061 1521 5119 est,
1556 5063 1610 5109 ct
1639 5067 1746 5107 non
1774 5051 2217 5108 contradictionis

625 5158 750 5207 sunt
789 5143 1085 5219 particulae.
1132 5141 1286 5213 Quod
1330 5142 1377 5199 si
1418 5144 1538 5215 quis
1570 5145 1902 5215 interroget,
1950 5142 2212 5199 Animane

626 5238 946 5299 immortalis
982 5248 1068 5296 est
1111 5251 1179 5295 an
1211 5238 1353 5295 non?
1402 5247 1527 5295 tunc
1576 5239 1665 5295 ille
1707 5238 1777 5295 ita
1806 5237 2129 5311 respondeat
2162 5239 2209 5294 si

624 5332 753 5389 velit
810 5341 973 5387 totam
1032 5330 1453 5403 propositionem
1508 5330 1695 5386 dicens
1728 5371 1745 5398 ,
1794 5329 2020 5386 Videtur
2081 5329 2209 5384 mihi

602 5423 942 5495 immortalis
980 5437 1124 5493 esse,
1164 5422 1249 5479 vel
1279 5436 1497 5489 rursus,
1534 5420 1754 5478 Videtur
1787 5420 1919 5478 mihi
1953 5436 2057 5477 non
2088 5436 2211 5478 esse

622 5515 965 5572 immortalis.
998 5515 1140 5589 Ergo
1162 5515 1403 5587 quisquis
1430 5514 1503 5573 ita
1531 5516 1939 5593 reSponsionem
1969 5516 2125 5588 petit,
2152 5524 2212 5571 ut

622 5611 714 5667 illa
751 5613 1120 5684 responsionis
1144 5614 1341 5684 petitio
1377 5613 1467 5669 vel
1492 5612 1873 5682 propositionis
1897 5613 2086 5683 petitio
2116 5610 2210 5677 sit,

621 5709 702 5764 vel
749 5708 907 5766 unius
954 5709 1125 5780 partis
1170 5707 1634 5765 contradictionis.
1680 5707 1986 5779 Propositio
2032 5713 2212 5761 autem

624 5802 782 5857 unius
802 5799 1245 5857 contradictionis
1270 5813 1394 5869 pars
1416 5810 1523 5865 est,
1549 5799 1599 5854 id
1629 5808 1730 5863 est,
1766 5800 1942 5856 omnis
1972 5797 2212 5852 affirma-

622 5898 697 5956 tio
748 5909 851 5953 uua
921 5908 1079 5948 uuam
1128 5891 1345 5948 habebit
1384 5893 1755 5963 negationem,
1798 5904 1851 5950 et
1901 5895 1953 5949 iu
2001 5894 2209 5951 duabus

2327 4776 2499 4845 Quare
2529 4787 2572 4832 et
2605 4793 2771 4834 onme.
2805 4776 3001 4833 liursus
3032 4779 3075 4834 si
3104 4780 3276 4834 album
3296 4818 3312 4846 ,
3355 4790 3404 4834 et
3426 4795 3603 4847 omne,
3637 4797 3794 4850 quare
3818 4781 3916 4837 erit

2323 4868 2470 4923 homo
2496 4870 2644 4924 albus
2675 4870 2844 4937 albus,
2869 4880 2915 4925 et
2946 4870 3040 4925 hoc
3069 4871 3119 4925 in
3147 4871 3429 4941 inﬁnitum.
3459 4869 3526 4924 Et
3548 4886 3727 4927 rursus
3754 4873 3915 4929 musi-

2323 4977 2410 5014 cus
2443 4959 2589 5015 albus
2619 4962 2908 5029 ambulans,
2943 4971 2988 5017 et
3018 4962 3126 5016 Ilth
3148 4964 3325 5018 eadem
3355 4962 3640 5034 frequenter
3664 4963 3915 5034 implicita

2323 5053 2373 5104 in
2404 5053 2683 5120 inﬁnitum.
2720 5054 2954 5123 Amplius
2987 5054 3250 5110 Socrates.
3286 5054 3526 5111 Socrates
3545 5065 3643 5126 est,
3665 5064 3711 5111 et
3733 5057 3913 5128 homo,

2323 5155 2367 5195 et
2393 5144 2633 5198 Socrates
2654 5144 2893 5200 Socrates
2919 5148 3090 5202 homo.
3118 5144 3245 5202 Etsi
3266 5146 3418 5201 homo
3441 5154 3489 5201 et
3510 5146 3670 5217 bipes,
3694 5158 3741 5201 et
3764 5147 3914 5203 homo

2321 5236 2472 5289 homo
2518 5236 2672 5307 bipes.
2720 5236 2975 5305 Quoniam
3028 5254 3150 5311 ergo
3178 5241 3224 5293 si
3271 5238 3383 5310 quis
3421 5240 3720 5311 simpliciter
3778 5241 3914 5296 dicat

2322 5331 2691 5403 complexiones
2745 5330 2858 5401 ﬁeri
2905 5335 3129 5405 plurima
3162 5333 3618 5401 inconvenientia,
3665 5335 3913 5406 contingit

2320 5426 2519 5489 dicere,
2548 5425 2874 5497 manifestum
2912 5436 3005 5481 est.
3035 5425 3481 5494 Quemadmodum
3509 5436 3681 5483 autem
3719 5442 3912 5495 ponen-

2320 5517 2441 5571 dum
2470 5517 2565 5585 sit,
2596 5534 2731 5573 nunc
2761 5518 2991 5574 dicamus
3015 5534 3033 5573 :

2392 5612 2680 5685 Postquam
2731 5612 2799 5670 de
2851 5614 3057 5672 unitate
3086 5614 3475 5687 propositionis
3523 5615 3813 5688 explicuit,
3851 5626 3911 5676 et

2318 5708 2444 5779 quid
2473 5718 2617 5765 esset
2650 5708 2931 5765 dialectica
2965 5710 3266 5780 propositio
3307 5710 3635 5766 terminavit.
3668 5708 3817 5764 Nunc
3838 5708 3907 5765 ad

2321 5802 2410 5856 illa
2442 5802 2585 5858 venit
2644 5802 2693 5856 in
2742 5803 2937 5873 quibus
2986 5804 3136 5871 plura
3186 5816 3333 5873 smpe
3374 5802 3444 5858 de
3479 5818 3588 5858 uno
3636 5800 3905 5871 sigillatim

2322 5896 2583 5952 veraciter
2610 5896 2921 5964 praedicant,
2938 5891 3073 5964 'quze
3097 5896 3253 5953 simul
3280 5897 3591 5967 praadicata,
3617 5894 3745 5950 alias
3777 5910 3908 5953 vera
