4280 6268
369 297 463 357 53:7

1151 301 1218 358 ιιι
1255 299 1512 363 menon
1553 292 1639 357 os
1677 296 2326 359 [NTERI‘RETATIONE
2366 302 2597 363 sotrto
2635 289 2867 366 PRIMA.

3538 309 3644 367 558

373 424 525 482 sunt,
558 416 695 471 alias
726 415 874 470 falsa.
894 413 964 469 ηεξ
990 414 1106 485 quis
1137 415 1278 470 enim
1305 416 1380 471 sic
1407 414 1550 469 dicat
1582 430 1594 466 τ
1625 414 1821 472 Marius
1849 428 1965 473 ma-
1992 411 2048 476 Α
2071 414 2367 485 praedicam
2392 429 2579 471 verum
2625 426 2744 483 est,
2777 420 2878 475 erit
2921 420 3081 491 igitur
3110 422 3267 477 tertio
3294 422 3456 478 homo
3495 425 3651 482 albus

377 510 465 565 lus
498 519 601 574 est,
644 508 871 563 fortasse
891 518 1075 569 verum
1107 517 1207 564 est.
1229 508 1435 561 Rursus
1466 524 1483 559 ι
1504 506 1701 562 Marius
1720 507 1826 563 dux
1857 518 1959 574 est,

378 612 435 658 et
467 600 571 656 hoc
600 617 791 657 verum
824 612 925 657 est.
960 604 1089 668 Quae
1119 604 1398 671 conjuncta
1434 602 1484 654 in
1518 617 1680 657 unum
1710 602 1849 658 nulla
1882 616 1966 655 ra-

374 695 528 750 tione
558 704 681 748 sunt
722 708 884 757 vera,
935 694 1078 748 velut
1109 696 1151 761 si
1196 694 1311 763 quis
1351 693 1490 747 dicat
1532 693 1767 749 :Marins
1796 694 1966 749 malus

373 787 482 844 dux
519 797 633 853 est,
675 796 756 842 est
794 800 1024 855 namque
1063 786 1294 855 optimus
1316 786 1419 839 dus
1467 786 1727 855 oﬂnium.
1756 787 1966 843 Rursus

372 875 539 934 homo
564 878 757 932 animal
802 885 911 942 cst,
936 892 1119 931 verum
1146 886 1249 941 est,
1293 887 1341 932 et
1372 875 1533 931 hom‘d
1560 877 1713 947 bipes
1741 887 1841 943 est,
1871 894 1965 935 vce

375 985 491 1027 rum
539 979 650 1036 est,
693 978 749 1025 et
779 971 893 1025 htec
920 971 1101 1039 juncta
1146 984 1273 1024 vera
1323 984 1508 1025 rursus
1549 981 1693 1025 sunt.
1738 967 1795 1027 Si
1848 972 1967 1041 quis

374 1066 514 1122 enim
538 1064 677 1120 dicat
699 1064 864 1119 homo
886 1065 1084 1118 animal
1110 1065 1267 1133 bipes
1300 1074 1404 1129 est,
1430 1078 1615 1123 verum
1637 1073 1739 1121 est.
1767 1066 1964 1121 Horum

375 1170 501 1229 ergo
522 1158 608 1225 qui
642 1157 830 1211 modus
859 1155 951 1224 sit,
980 1156 1060 1211 vel
1092 1157 1310 1225 quando
1334 1171 1393 1212 ea
1430 1170 1546 1229 quae
1578 1157 1782 1227 singula
1813 1166 1965 1215 extra

376 1250 757 1319 ’prrcdicantur,
784 1250 990 1319 juncta,
1014 1264 1140 1303 vera
1166 1249 1250 1306 vel
1281 1249 1413 1308 falsa
1440 1251 1567 1314 sint,
1601 1251 1840 1321 reguiam
1866 1252 1964 1306 da-

380 1352 533 1397 turus
563 1342 900 1413 aggreditur,
935 1346 989 1397 ει
1017 1350 1210 1397 sensus
1246 1341 1473 1413 quidem
1510 1340 1819 1413 huiusmodi
1862 1354 1964 1399 est.

378 1436 525 1491 Ordo
574 1443 750 1489 autem
783 1442 1092 1490 sermonum
1117 1432 1233 1487 tatis
1256 1442 1357 1488 est.
1392 1432 1658 1500 Quoniam
1688 1446 1845 1496 vera,
1888 1435 1967 1488 in-

383 1530 545 1596 quit,
597 1525 840 1595 quwdam
892 1534 1049 1591 sunt,
1083 1539 1199 1595 quae
1242 1526 1309 1579 ita
1346 1526 1632 1593 conjuncta
1674 1526 1747 1589 de,
1792 1527 1967 1593 aliquo

380 1617 761 1688 praedicantur,
797 1622 852 1670 ut
879 1630 1064 1671 eorum
1100 1616 1568 1683 prirdicamentttm
1598 1628 1756 1673 unum
1790 1619 1887 1679 sit,
1913 1626 1967 1673 ct

384 1710 443 1764 in
486 1724 648 1763 unum
681 1716 938 1778 congruat
965 1707 1133 1761 forma
1164 1720 1352 1761 eorum
1392 1723 1511 1777 qua!
1539 1718 1691 1765 extra
1720 1723 1846 1765 vere
1874 1725 1966 1778 po-

2071 504 2225 562 aihus
2247 506 2418 574 albus,
2463 517 2515 562 et
2542 509 2646 564 hoc
2676 511 2727 564 in
2760 512 3020 566 inﬁnitum
3052 516 3408 584 progreditur.
3440 515 3508 570 Et
3536 532 3651 572 rur-

2070 608 2163 654 sus
2192 598 2239 655 si
2274 614 2459 656 verum
2483 608 2566 656 est
2593 601 2771 658 dicere
2799 602 2867 658 de
2892 602 3109 660 homine
3136 609 3384 675 quoniam
3414 609 3652 665 musicus

2073 703 2190 756 est,
2219 702 2273 748 et
2294 706 2479 748 rursus
2503 693 2753 761 quoniam
2796 696 2950 751 albus
2974 703 3074 758 est,
3107 707 3161 752 et
3186 700 3436 767 quoniam
3467 700 3652 756 ambu-

2071 782 2188 839 lans
2234 794 2339 851 est,
2370 794 2425 840 et
2451 784 2566 840 bare
2588 799 2772 841 rursus
2817 786 2869 840 in
2898 802 3062 842 unum
3090 788 3369 857 dicuntur,
3396 794 3650 861 quoniam

2074 875 2235 930 homo
2263 876 2500 931 musicus
2526 876 2677 933 albus
2698 878 2981 934 ambulans
2997 888 3099 935 est.
3135 880 3337 937 Rursus
3362 884 3453 954 qui
3481 888 3651 940 musi-

2072 983 2166 1025 cus
2188 968 2344 1024 albus
2372 970 2655 1026 ambulans
2684 980 2788 1039 est,
2818 979 2871 1027 et
2892 972 3044 1027 albus
3059 981 3143 1027 est
3171 981 3227 1029 et
3247 976 3523 1033 ambulans
3546 987 3647 1045 est,

2070 1059 2374 1117 etmusicus
2391 1071 2493 1117 est.
2519 1061 2780 1118 Dicuntur
2799 1064 2914 1119 haec
2937 1063 3097 1133 igitur
3113 1074 3301 1122 rursus
3319 1067 3473 1122 simul
3492 1068 3651 1124 homo

2072 1152 2225 1208 albus
2238 1153 2389 1209 albus
2412 1155 2651 1211 musicus
2665 1157 2925 1227 musicus,
2954 1156 3233 1215 ambulans
3248 1159 3527 1216 ambulans
3548 1172 3649 1230 est,

2070 1254 2123 1301 et
2138 1246 2252 1302 haec
2267 1247 2480 1304 assidue
2499 1249 2777 1319 complexa
2798 1250 2985 1308 eadem
3010 1251 3213 1307 faciunt
3232 1254 3554 1324 superﬂuam
3580 1257 3649 1312 lo.

2072 1338 2365 1394 cntionem.
2400 1336 2506 1395 Nec
2536 1342 2712 1397 nonin
2740 1343 3100 1414 singularibus
3122 1356 3333 1415 quoque
3364 1346 3503 1403 idem
3528 1364 3649 1404 eve-

2072 1429 2171 1485 nit.
2189 1428 2244 1486 Si
2274 1433 2415 1487 enim
2439 1432 2692 1491 Socrates
2708 1445 2759 1492 et
2774 1434 3023 1493 Socrates
3042 1447 3126 1493 est
3152 1446 3208 1493 et
3230 1437 3411 1505 homo,
3435 1441 3538 1496 erit
3557 1442 3647 1498 So-

2020 1536 2023 1537 ⁷
2070 1532 2247 1579 crates
2278 1523 2531 1580 Socrates
2556 1525 2741 1592 homo,
2771 1536 2826 1582 et
2857 1528 2901 1583 si
2930 1527 3182 1585 Socrates
3209 1530 3461 1587 Socrates
3491 1542 3650 1592 estet

2072 1614 2235 1670 homo
2261 1625 2317 1671 et
2344 1616 2527 1683 bipes,
2560 1618 2665 1672 erit
2686 1617 2941 1674 Socrates
2983 1618 3233 1676 Socrates
3282 1620 3442 1677 homo
3468 1622 3649 1693 bipes;

2069 1715 2121 1760 et
2143 1720 2330 1761 rursus
2359 1706 2403 1761 si
2437 1707 2524 1761 hic
2552 1708 2693 1763 idem
2715 1708 2868 1778 bipes
2893 1720 2973 1765 est
2999 1720 3055 1766 et
3080 1710 3265 1778 homo,
3289 1712 3650 1772 eritSocrates

380 1809 556 1855 terant
608 1799 887 1870 przcdicari
915 1845 927 1866 ,
954 1809 1010 1853 ut
1044 1801 1094 1852 in
1126 1813 1191 1853 eo
1215 1799 1355 1868 quod
1378 1809 1457 1854 est
1491 1800 1689 1854 animal
1718 1801 1870 1871 bipes
1895 1800 1964 1857 de
1994 1798 2041 1863 B
2069 1795 2322 1853 Socrates
2355 1797 2517 1854 homo
2546 1799 2711 1855 homo
2739 1800 2891 1871 bipes
2924 1802 3096 1872 bipes.
3122 1803 3253 1872 Quae
3281 1807 3459 1861 omnia
3490 1819 3649 1878 quam

379 1893 597 1947 homine
650 1893 827 1963 juncta
878 1895 1286 1963 compositaque
1336 1894 1618 1960 dicuntur,
1658 1906 1712 1951 ct
1749 1896 1808 1951 ﬁt
1858 1911 1962 1953 una

382 1986 777 2058 quodammodo
809 1985 1149 2056 praedicatio:
1176 1996 1297 2042 cum
1321 1988 1518 2042 animal
1545 1998 1593 2043 et
1625 1989 1775 2059 bipes
1808 1996 1963 2043 extra

386 2078 659 2147 sigillatim
720 2077 923 2132 valeant
974 2077 1287 2145 praedicari,
1335 2080 1563 2135 dicimus
1606 2079 1756 2137 enim
1801 2080 1964 2136 homo

382 2169 584 2224 animal
617 2179 716 2232 est,
753 2178 803 2224 et
830 2184 1015 2225 rursus
1038 2170 1386 2242 bomobipes
1421 2182 1535 2236 est,
1568 2174 1671 2228 alia
1695 2188 1821 2229 vero
1845 2188 1965 2244 qua:

378 2277 487 2316 non
519 2268 642 2317 sunt
671 2274 738 2317 eo
754 2262 947 2329 modo,
990 2270 1110 2333 qua:
1140 2264 1413 2334 sigillatim
1434 2266 1655 2337 quidem
1684 2266 1965 2336 praedicari

378 2369 566 2411 verum
616 2363 720 2419 est,
745 2354 1043 2423 composita
1080 2370 1208 2411 vero
1251 2356 1478 2420 lalsum,
1508 2357 1603 2413 sed
1625 2368 1742 2427 quae
1774 2358 1961 2416 horum

380 2447 680 2503 tlili‘erentia
705 2456 811 2512 est,
836 2448 920 2501 vei
945 2448 1159 2516 quando
1184 2448 1337 2516 illud,
1360 2449 1576 2517 quando
1594 2448 1702 2505 hoc
1730 2449 1961 2517 eveniat,

382 2539 667 2595 dicendum
709 2546 821 2603 est,
870 2547 923 2593 et
964 2540 1069 2593 hoc
1106 2540 1266 2593 docet
1294 2542 1702 2610 exemplisube
1744 2542 1967 2601 homine

382 2631 524 2685 enim
552 2674 566 2697 ,
588 2624 817 2702 inquit,
839 2642 1024 2688 verum
1066 2632 1352 2690 estdicere
1379 2642 1527 2693 extra
1561 2633 1786 2700 anitnai,
1818 2640 1964 2689 extra

384 2721 564 2790 bipes,
594 2730 647 2776 et
676 2731 731 2776 ut
760 2737 947 2789 unum,
995 2732 1051 2776 ut
1076 2722 1143 2777 de
1172 2736 1234 2778 eo
1276 2723 1507 2785 dicatur,
1550 2724 1745 2778 animal
1793 2724 1961 2794 bipes.

383 2812 616 2867 Rursum
638 2814 941 2883 quemlibet
994 2814 1293 2880 hominem,
1352 2824 1407 2867 ut
1452 2816 1727 2870 Socratem
1776 2830 1967 2886 possu-

376 2917 501 2960 mus
529 2905 709 2961 dicere
735 2945 747 2968 ,
800 2905 891 2961 ille
936 2906 1095 2959 homp
1122 2906 1272 2960 albus
1300 2916 1410 2971 est,
1439 2919 1627 2960 rursus
1659 2907 1747 2961 ille
1804 2908 1967 2963 homo

324 3018 329 3021 >
385 2996 549 3051 homo
569 3006 672 3063 est,
694 3007 748 3053 et
763 2998 885 3052 iniec
908 3005 964 3051 ut
991 3010 1152 3052 unum
1174 2996 1356 3065 juncta
1379 2996 1624 3055 dicentes
1650 3017 1661 3051 :
1687 2998 1777 3073 ille
1806 2998 1967 3055 homo

322 3118 327 3121 »
384 3089 551 3143 homo
596 3090 754 3144 alius
796 3098 900 3145 est.
948 3090 1055 3144 Sed
1098 3090 1382 3160 aliquoties
1427 3091 1608 3147 evenit
1663 3101 1723 3147 ut
1774 3093 1968 3162 aliquis

322 3212 323 3215 η
386 3182 551 3235 homo
570 3180 899 3237 cithar-(udus
922 3182 993 3237 sit
1020 3182 1233 3251 quidem
1261 3193 1315 3237 et
1344 3184 1639 3253 imperitus.
1672 3184 1852 3241 Bonus
1872 3200 1966 3240 au-

382 3281 493 3327 tem
504 3271 763 3338 ᾒεπιη,ει
787 3274 829 3328 si
842 3273 917 3328 de
948 3274 1066 3342 ipso
1094 3273 1308 3331 dicatur
1324 3274 1579 3342 quoniam
1606 3284 1689 3331 est
1708 3275 1968 3333 cithara)-

380 3368 503 3431 dus,
546 3381 730 3423 verum
757 3379 857 3436 est,
894 3377 947 3423 et
960 3369 1091 3440 quia
1123 3370 1295 3423 bonus
1316 3376 1398 3423 est
1418 3370 1519 3429 hoc
1542 3383 1757 3441 quoque
1783 3385 1965 3428 verum

380 3471 484 3518 est.
511 3460 617 3518 Sed
639 3470 821 3517 nonet
835 3461 880 3517 si
898 3461 1230 3518 cithartedus
1245 3470 1328 3517 est
1347 3470 1403 3519 et
1417 3462 1617 3529 bonus,
1634 3460 1835 3520 idcirco
1854 3463 1965 3533 jam

382 3554 556 3609 bonus
583 3562 666 3608 est
697 3552 857 3608 etiam
875 3552 1231 3618 citharmdus,
1267 3552 1491 3609 fortasse
1518 3553 1659 3609 enim
1686 3561 1773 3611 est
1798 3553 1966 3625 impe-

381 3645 705 3711 ritissimus,
760 3644 924 3701 homo
954 3652 1133 3699 autem
1176 3643 1368 3699 bonus.
1412 3642 1471 3702 Si
1518 3645 1662 3700 enim
1712 3645 1965 3716 quoniam

380 3735 694 3791 alterutrum
722 3735 945 3803 dicitur,
975 3744 1031 3790 et
1066 3743 1363 3805 utrumque
1412 3734 1645 3802 dicetur,
1674 3737 1843 3793 mlta
1881 3739 1966 3794 in-

383 3827 758 3882 convenientia
785 3834 962 3882 erunt.
990 3826 1046 3881 Si
1078 3825 1199 3896 quis
1220 3826 1368 3881 enim
1388 3826 1567 3896 sitqui
1595 3826 1757 3895 dicat,
1784 3830 1965 3886 omnia

391 3933 723 3989 quaecunque
748 3919 1021 3989 sigillatim
1045 3933 1172 3974 vere
1198 3917 1470 3984 dicuntur,
1496 3932 1560 3975 ea
1588 3920 1770 3989 juncta
1796 3922 1963 3979 etiam

388 4024 517 4066 vere
547 4019 769 4080 possunt
797 4012 933 4073 dici,
985 4011 1150 4066 multa
1174 4012 1608 4068 inconvenientia
1630 4022 1689 4068 et
1716 4014 1967 4083 impossi-

382 4104 511 4160 bilia
528 4106 862 4175 contingunt.
895 4104 1006 4161 Hoc
1018 4112 1106 4160 est
1120 4105 1270 4159 enim
1299 4104 1438 4174 quod
1459 4103 1550 4170 ait,
1572 4104 1633 4161 Si
1656 4106 1798 4162 enim
1824 4121 1960 4178 quo-

381 4196 525 4251 niam
549 4196 860 4251 alterutrom
883 4196 1101 4264 dicitur,
1130 4203 1181 4251 et
1200 4204 1495 4269 utrumque
1520 4195 1732 4261 dicitur;
1751 4198 1796 4253 si
1817 4198 1959 4255 enim

379 4290 579 4360 aliquis
598 4290 741 4346 dicat
766 4292 1014 4361 quoniam
1038 4291 1356 4347 alterutrum
1378 4300 1532 4347 extra
1562 4305 1688 4346 vere
1733 4290 1929 4348 dicitur
1944 4331 1959 4358 ,

376 4392 435 4439 et
483 4391 772 4453 utrumque
800 4382 956 4437 simul
983 4395 1111 4438 vere
1142 4396 1363 4451 semper
1388 4394 1550 4451 posse
1590 4382 1698 4437 dici
1727 4424 1741 4449 ,
1782 4384 1960 4446 multa

377 4485 505 4533 sunt
530 4475 873 4544 impossibilia
896 4491 1015 4546 qua!
1034 4476 1368 4545 contingunt;
1387 4485 1508 4545 quae
1527 4484 1707 4532 autem
1730 4477 1839 4533 sint
1855 4477 1956 4533 im-

380 4566 657 4636 possibilia
712 4581 829 4634 quac
871 4567 1227 4637 contingunt,
1278 4566 1391 4621 bsic
1430 4576 1581 4621 sum.
1629 4550 1960 4622 Ds'homine

374 4660 522 4714 enim
547 4673 830 4727 possumus
856 4657 1042 4713 dicere
1068 4659 1321 4726 quoniam
1354 4658 1515 4711 homo
1542 4667 1653 4723 est,
1681 4668 1738 4711 et
1777 4671 1962 4714 rursus

377 4765 664 4820 possumus
691 4750 870 4806 dicere
895 4750 1149 4820 quoniam
1188 4748 1341 4803 albus
1370 4757 1483 4813 est;
1522 4747 1759 4804 dicimus
1802 4748 1961 4817 igitur

372 4855 431 4900 et
478 4844 639 4899 simul
679 4842 748 4898 de
794 4841 1049 4906 homine,
1083 4840 1243 4896 homo
1291 4839 1448 4894 albus
1489 4847 1591 4893 est.
1640 4839 1843 4898 Rursus
1890 4840 1960 4897 de

375 4938 593 4992 homine
632 4937 754 4993 albo
784 4949 1074 5005 possumus
1110 4933 1295 4989 dicere
1348 4935 1598 5004 quoniam
1628 4934 1790 4990 homo
1838 4941 1950 5000 est,

370 5043 659 5100 possumus
714 5030 894 5086 dicere
930 5026 1183 5097 quoniam
1215 5026 1368 5081 albus
1398 5034 1511 5089 est;
1552 5023 1714 5095 igitur
1748 5034 1803 5080 et
1840 5024 1954 5082 haec

370 5122 552 5191 ittucta
585 5122 853 5190 dicuntur,
886 5118 1046 5175 homo
1068 5118 1241 5173 homo
1266 5117 1421 5171 albus
1439 5116 1591 5175 albus
1617 5128 1718 5172 est.
1753 5116 1883 5171 Nsm
1910 5116 1957 5173 si

300 5274 303 5275 ν
371 5228 556 5267 verum
586 5222 671 5268 est
716 5213 895 5267 dicere
922 5212 993 5266 de
1019 5208 1235 5265 homine
1260 5207 1512 5279 quoniam
1545 5206 1705 5262 homo
1744 5216 1857 5273 est,
1899 5214 1955 5263 et

366 5304 439 5357 de
468 5304 591 5357 albo
624 5304 883 5371 quoniam
913 5301 1067 5355 albus
1094 5309 1211 5364 est,
1241 5306 1301 5355 et
1328 5312 1489 5353 omne
1534 5298 1636 5353 hoc
1684 5312 1807 5355 vere
1851 5298 1956 5355 dici

368 5401 570 5463 ρσιιεει,
590 5393 741 5445 idest
771 5392 931 5447 homo
952 5393 1112 5446 homo
1133 5390 1286 5446 albus
1310 5389 1465 5451 albus
1490 5397 1591 5442 est.
1619 5388 1684 5443 Et
1704 5389 1748 5443 si
1770 5388 1837 5442 de
1853 5388 1955 5445 hoc

365 5487 570 5540 iterum
598 5482 810 5536 homine
832 5482 977 5545 albo,
1003 5495 1189 5535 verum
1208 5489 1292 5535 est
1309 5478 1493 5533 dicere
1524 5478 1777 5548 quoniam
1802 5480 1955 5536 albus

362 5587 479 5641 est,
521 5585 577 5631 et
604 5589 786 5631 verum
815 5583 899 5629 est
923 5576 989 5628 de
1020 5589 1085 5631 eo
1124 5572 1305 5627 album
1337 5570 1731 5640 praedicare,“
1772 5585 1955 5629 rursus

360 5670 445 5726 de
490 5667 709 5722 homine
736 5666 1034 5736 prtedicare
1074 5664 1250 5721 album
1304 5678 1489 5718 verum
1518 5674 1635 5728 est;
1684 5665 1786 5719 erit
1826 5679 1956 5736 ergo

364 5760 539 5816 homo
562 5756 718 5814 albus
762 5755 953 5824 albus,
985 5762 1039 5812 et
1057 5766 1255 5811 meus
1282 5753 1355 5809 de
1384 5753 1485 5811 hoc
1514 5750 1736 5811 heroine
1776 5753 1953 5812 album

2067 1889 2174 1944 sint
2203 1890 2637 1948 inconvenientia
2671 1894 2848 1950 nullus
2883 1896 3113 1967 ignorat.
3136 1898 3251 1955 Non
3282 1901 3443 1971 igitur
3467 1901 3649 1959 dicem

2056 1981 2194 2036 dum
2226 1988 2310 2037 est
2336 1985 2587 2053 quoniam
2619 1988 2800 2042 omnia
2832 2002 3163 2060 quaecunque
3192 1993 3467 2063 sigillatim
3515 2011 3649 2064 prte~

2060 2072 2329 2140 dicantur,
2369 2076 2559 2132 eadem
2587 2076 2773 2147 juncta
2799 2090 3016 2151 semper
3063 2092 3318 2153 poterunt
3338 2087 3647 2155 praedicari;

2067 2176 2196 2234 ergo
2218 2176 2339 2236 quae
2356 2166 2540 2237 iuncta
2565 2183 2691 2225 vere
2722 2170 2829 2226 dici
2859 2182 3108 2241 possunt,
3140 2184 3194 2230 et
3228 2191 3348 2246 quae
3374 2178 3530 2244 falso,
3561 2194 3648 2236 eo-

2067 2268 2188 2313 rum
2214 2272 2336 2329 qute
2366 2260 2639 2329 sigillatim
2665 2271 2827 2332 atque
2853 2272 3005 2321 extra
3044 2274 3169 2323 ante
3206 2282 3333 2324 vere
3378 2270 3647 2345 dicuntur,

2067 2351 2306 2419 exponit.
2358 2351 2469 2407 Hoc
2513 2352 2655 2407 enim
2698 2354 2870 2410 solum
2922 2355 3183 2415 hactenus
3227 2359 3649 2423 demonstratum

2068 2449 2151 2495 est
2189 2442 2443 2511 quaniam
2494 2443 2538 2499 si
2567 2443 2687 2514 quis
2718 2446 3033 2516 simpliciter
3060 2456 3117 2505 et
3153 2454 3299 2507 omni
3336 2454 3497 2510 modo
3534 2455 3650 2515 ﬁeri

2066 2535 2468 2603 complexiones
2517 2536 2700 2600 dicat.
2745 2539 2911 2595 multa
2948 2540 3388 2601 inconvenientia
3439 2549 3649 2608 evenire

2070 2638 2293 2682 necesse
2316 2636 2419 2682 est.
2452 2627 2911 2695 Quemadmodum
2942 2640 3121 2689 autem
3166 2635 3297 2691 ﬂant
3321 2638 3649 2709 complexio-

2069 2731 2187 2785 nes,
2234 2720 2537 2789 ponendum
2571 2731 2731 2792 atque
2763 2726 3099 2781 tractandum
3134 2735 3235 2783 est.

2149 2809 2342 2864 Eorum
2368 2811 2527 2880 igitur
2552 2828 2666 2882 qua:
2695 2814 3063 2885 pmdicantur,
3085 2828 3134 2871 et
3162 2820 3225 2873 de
3246 2823 3423 2888 quibus
3463 2824 3650 2894 prwdi-

2069 2914 2271 2971 rantur,
2302 2919 2610 2975 qurecunque
2651 2910 2932 2963 secundum
2959 2911 3194 2967 accidens
3224 2913 3465 2969 dicuntur
3483 2918 3560 2971 vel
3588 2919 3649 2974 ds

2067 2992 2264 3061 eadem,
2297 2994 2374 3048 vel
2400 2996 2615 3049 alterum
2649 2998 2709 3051 de
2738 2999 2923 3065 altera,
2952 3000 3061 3055 ἠως
3084 3016 3185 3056 non
3211 3013 3357 3057 erunt
3387 3021 3564 3074 unum,
3595 3020 3649 3064 ut

2069 3084 2217 3138 homo
2240 3085 2384 3138 albus
2412 3095 2487 3139 est
2513 3096 2557 3139 et
2587 3088 2829 3141 musicus.
2871 3086 2977 3143 Sed
3007 3107 3107 3144 non
3138 3100 3212 3146 est
3240 3094 3375 3148 idem
3399 3096 3572 3151 album
3605 3110 3649 3154 et

1995 3168 2041 3232 C
2070 3176 2337 3229 musicum.
2371 3177 2662 3233 Arcidentia
2688 3180 2818 3233 enim
2841 3189 3054 3248 utraque
3084 3182 3267 3250 eidem,
3297 3202 3387 3239 nec
3408 3189 3453 3241 si
3473 3188 3647 3245 album

2071 3267 2317 3320 musicum
2345 3283 2515 3320 verum
2555 3278 2627 3324 est
2655 3272 2850 3333 dicere,
2881 3281 3046 3325 tamen
3080 3275 3174 3327 erit
3203 3276 3373 3329 album
3400 3279 3647 3336 musicum

2069 3372 2228 3411 unum
2269 3359 2486 3429 aliquid.
2523 3360 2815 3415 Secundum
2861 3364 3091 3417 accidens
3121 3367 3255 3419 enim
3298 3368 3647 3426 olbummusi-

2068 3464 2182 3503 cum
2211 3450 2416 3505 dicitur.
2452 3451 2622 3518 Quare
2651 3469 2754 3506 non
2783 3454 2876 3507 erit
2896 3456 3070 3509 album
3094 3460 3343 3512 musicum
3374 3476 3534 3514 unum
3552 3463 3646 3517 ali-

2066 3540 2213 3608 quid.
2263 3540 2514 3603 Quocirca
2541 3558 2632 3596 nec
2669 3544 2972 3600 cithamdus
3005 3544 3163 3601 bonus
3211 3548 3530 3618 simpliciter,
3559 3556 3646 3609 sed

2067 3636 2262 3689 animal
2302 3637 2459 3706 bipes.
2490 3637 2607 3692 Non
2636 3640 2769 3692 enim
2795 3651 2911 3694 sunt
2950 3642 3223 3695 secundant
3250 3644 3502 3699 accidens.

2140 3727 2193 3779 In
2220 3727 2321 3792 his,
2357 3731 2547 3798 inquit.
2584 3745 2701 3798 qua!
2731 3731 3111 3799 praedicantur,
3140 3744 3196 3790 et
3219 3736 3286 3791 de
3327 3738 3409 3793 bis
3443 3739 3508 3794 de
3532 3741 3645 3811 qui-

2067 3820 2167 3876 bus
2198 3820 2286 3876 illa
2310 3824 2423 3892 ipsa
2454 3823 2834 3892 praedicantur,
2861 3825 3054 3892 duplex
3078 3828 3217 3881 ratio
3246 3838 3347 3884 est.
3375 3835 3479 3886 Aut
3506 3835 3645 3890 enim

2065 3909 2174 3966 duo
2205 3913 2499 3967 accidentia
2533 3914 2601 3967 de
2644 3928 2749 3967 uno
2780 3914 3024 3979 subjecto
3053 3915 3321 3981 dicuntur,
3354 3930 3410 3973 ut
3454 3922 3645 3981 Marius

2067 4004 2238 4058 malus
2259 4013 2360 4068 est,
2391 4004 2586 4057 Marius
2609 4004 2715 4057 dux
2745 4013 2855 4067 est;
2881 4012 3135 4059 autunum
3181 4008 3430 4063 accidens
3452 4012 3518 4064 de
3541 4028 3644 4068 uno

2066 4095 2309 4164 subjecto
2351 4095 2674 4164 praedicatur
2708 4135 2721 4159 ,
2774 4095 2924 4149 aliud
2961 4110 3090 4150 vero
3140 4098 3388 4154 accidens
3441 4101 3507 4155 de
3551 4102 3644 4158 illo

2066 4187 2360 4257 prmdicato
2411 4187 2677 4242 accidenti
2730 4187 3084 4255 praedicatur,
3129 4200 3185 4244 ut
3223 4192 3267 4243 si
3295 4192 3412 4259 quis
3450 4192 3588 4246 dicat
3628 4212 3639 4248 :

2065 4278 2256 4335 Cicero
2284 4288 2368 4334 est
2395 4280 2603 4344 calvus,
2632 4280 2812 4335 calvus
2841 4290 3023 4337 orator
3048 4293 3148 4338 est.
3180 4284 3273 4338 llic
3298 4284 3437 4337 enim
3464 4286 3643 4342 calvus

2065 4372 2131 4426 de
2180 4372 2420 4441 subjecto
2458 4370 2751 4438 Cicerone,
2782 4382 2966 4427 orator
2993 4374 3060 4429 de
3107 4375 3257 4429 calvo
3300 4376 3642 4442 prtedicatur.

2062 4462 2177 4517 Hoc
2201 4473 2283 4519 est
2300 4463 2450 4517 enim
2488 4463 2628 4531 quod
2662 4464 2734 4517 ait
2766 4479 2778 4516 :
2804 4463 3145 4534 Quaecunque
3171 4466 3462 4521 secundum
3497 4468 3641 4525 acci-

1988 4540 2042 4600 D
2064 4557 2195 4610 (lens
2225 4556 2494 4621 dicuntur,
2530 4555 2613 4608 vel
2644 4555 2710 4608 de
2738 4554 2950 4620 eodem,
2986 4558 3066 4610 vel
3092 4557 3319 4611 alterum
3349 4559 3416 4613 de
3463 4562 3632 4615 altero

2062 4647 2131 4703 de
2156 4646 2343 4701 eodem
2372 4686 2385 4708 ,
2419 4655 2475 4699 ut
2523 4646 2567 4700 si
2605 4660 2707 4714 qua
2735 4645 2841 4699 duo
2866 4647 3160 4702 accidentia
3209 4649 3276 4704 de
3313 4664 3417 4703 uno
3450 4653 3641 4718 praedi-

2062 4746 2292 4803 centur;
2346 4739 2571 4791 alterum
2600 4737 2668 4791 de
2703 4737 2902 4801 altero,
2944 4746 3000 4792 ut
3020 4740 3065 4793 si
3090 4755 3252 4795 unum
3294 4742 3540 4798 accidens
3577 4746 3643 4802 de

2060 4830 2233 4887 altero
2278 4829 2539 4883 accidenti
2582 4828 2809 4893 dicatur,
2859 4836 2917 4884 ut
2943 4830 3115 4901 ipsum
3151 4834 3400 4889 accidens
3435 4836 3503 4891 de
3535 4851 3642 4905 quo

2059 4924 2253 4979 dicitur
2300 4923 2368 4977 de
2406 4921 2575 4977 altero
2613 4934 2801 4976 rursus
2825 4923 3069 4992 subjecto
3112 4926 3449 4993 praedicetur.
3489 4927 3641 4993 Quod

2063 5016 2110 5073 si
2141 5017 2214 5071 ita
2246 5015 2337 5069 ﬂat
2364 5013 2694 5083 przedicstio,
2726 5013 2779 5067 in
2801 5029 2964 5069 unum
2983 5014 3135 5086 jungi
3159 5017 3455 5071 accidentia
3479 5030 3641 5085 copu.

2054 5109 2266 5179 darique
2292 5123 2401 5163 non
2424 5116 2683 5177 possunt;
2713 5107 2913 5162 etenim
2942 5110 2988 5163 si
3014 5110 3135 5179 quis
3163 5110 3239 5163 sic
3263 5109 3435 5176 dicat,
3471 5110 3632 5165 homo

2056 5199 2215 5254 albus
2269 5209 2383 5266 est,
2438 5200 2599 5254 homo
2647 5199 2886 5254 musicus
2939 5208 3057 5266 est,
3105 5200 3220 5255 haec
3258 5200 3439 5269 juncta
3479 5201 3636 5256 simut‘

2063 5300 2227 5345 unum
2251 5305 2358 5345 non
2382 5289 2605 5355 faciunt,
2630 5298 2687 5344 ut
2705 5298 2789 5344 est
2812 5291 3049 5344 musicus
3069 5290 3243 5355 albus,
3270 5288 3354 5345 vel
3382 5291 3427 5346 si
3455 5306 3639 5350 rursus

2065 5385 2325 5440 musicum
2348 5383 2665 5454 praedicetur
2691 5382 2759 5437 de
2787 5382 2945 5446 albo,
2972 5390 3041 5436 iut
3080 5381 3257 5436 album
3306 5382 3375 5437 de
3422 5384 3639 5443 homine

2059 5478 2379 5548 praedicetur
2418 5484 2475 5532 et
2511 5475 2738 5539 dicatur,
2782 5482 2841 5528 ut
2856 5473 2993 5528 illud
3020 5472 3198 5528 album
3226 5476 3514 5544 musicum,
3548 5488 3639 5534 est

2046 5584 2163 5624 non
2196 5570 2334 5625 idem
2362 5577 2446 5624 est
2473 5567 2647 5621 album
2669 5567 2955 5633 musicum,
2983 5580 3084 5620 uec
3104 5566 3156 5620 in
3194 5582 3355 5624 unam
3388 5574 3639 5628 substan-

2054 5665 2187 5719 tiam
2212 5671 2408 5719 coeunt
2450 5674 2781 5731 quaecunque
2814 5674 2940 5716 vere
2969 5659 3248 5729 medicari
3286 5676 3511 5733 possunt
3562 5668 3638 5722 si.

2052 5751 2319 5822 gillatim:
2359 5752 2557 5808 idcirco
2578 5749 2728 5805 enim
2771 5753 2886 5809 haec
2916 5750 2984 5808 de
3020 5764 3080 5807 se
3120 5752 3355 5812 invicem
3388 5756 3637 5815 videntur
