4280 6268
656 372 762 436 55ῧ

1890 362 2003 419 AN.
2043 360 2250 419 MANL.
2291 359 2441 419 sev.
2467 326 2705 417 "eoartt

3829 367 3935 427 560

655 509 814 569 posse
868 490 1145 564 pradicari
1215 489 1338 562 quia
1392 488 1463 545 de
1494 502 1598 543 uno
1645 483 1941 554 eodemque
2006 483 2247 552 subjecto
2273 484 2326 547 Α
2351 484 2503 557 Quod
2526 485 2570 540 si
2597 499 2695 542 nec
2727 487 3021 544 accidentia
3047 489 3191 556 sint,
3216 503 3317 547 nec
3337 489 3564 547 alterum
3593 490 3645 546 in
3667 490 3854 554 altero,
3876 497 3935 546 et

658 589 1039 663 praedicantur,
1104 599 1211 638 non
1240 582 1381 654 quod
1427 597 1490 637 ex
1534 579 1618 635 his
1664 593 1827 633 unum
1875 577 2075 647 aliquid
2123 578 2236 646 ﬁat,

659 678 958 736 accidentia
991 676 1132 733 enim
1168 684 1292 729 sunt
1320 682 1566 740 utraque.
1596 671 1776 737 Quare
1799 683 1905 723 non
1934 669 2039 723 erit
2063 670 2243 726 album

654 775 947 831 musicum:
967 770 1058 826 sed
1082 768 1331 839 quoniam
1361 769 1521 822 homo
1542 765 1695 819 albus
1718 763 1857 819 idem
1883 764 2117 817 musicus
2137 770 2241 829 est,

654 882 752 939 per
778 866 829 922 id
851 863 991 937 quod
1021 870 1245 930 utraque
1269 860 1358 914 uni
1391 857 1638 913 accidunt
1663 871 1759 926 per
1784 854 2035 911 accidens
2065 855 2243 911 albqu

653 962 722 1018 de
754 958 957 1015 musico
986 954 1330 1027 praedicatur.
1362 951 1472 1006 Nec
1499 963 1686 1003 rursus
1715 947 1760 1002 si
1806 946 2139 1001 citharoedus
2163 955 2247 1002 est

652 1063 707 1111 et
737 1053 930 1117 bonus,
962 1046 1164 1104 idcirco
1190 1045 1300 1114 jam
1328 1043 1501 1098 bonus
1530 1040 1635 1096 dici
1665 1038 1863 1109 poterit
1888 1038 2242 1105 citharoedus,

651 1160 825 1216 neque
850 1143 1005 1198 enim'
1024 1141 1198 1195 bonus
1226 1146 1280 1193 et
1302 1134 1637 1192 citharoedus
1672 1133 1794 1188 talia
1831 1141 1958 1187 sunt
1985 1140 2045 1187 ut
2068 1147 2135 1187 ex
2162 1131 2245 1186 bis

652 1253 812 1295 unum
841 1235 958 1291 ﬁeri
988 1234 1175 1305 possit.
1202 1230 1309 1288 Sed
1338 1229 1597 1301 quoniam
1632 1235 1859 1296 utraque
1896 1225 2075 1281 eidem
2104 1223 2245 1279 acci-

649 1334 798 1394 dunt,
833 1329 1034 1384 idcirco
1058 1326 1127 1382 de
1157 1340 1217 1381 se
1238 1322 1536 1380 secundum
1570 1319 1824 1375 accidens
1851 1316 2235 1387 praedicantur.

650 1425 757 1482 Sed
799 1421 970 1493 magis
1002 1420 1235 1475 fortasse
1266 1428 1551 1486 possumus
1581 1412 1764 1468 dicere
1797 1428 1811 1465 :
1844 1409 2017 1465 Homo
2042 1408 2241 1463 animal

649 1529 763 1583 est,
790 1517 947 1570 homo
979 1513 1134 1583 bipes
1163 1519 1265 1579 est,
1313 1518 1371 1563 ut
1393 1508 1508 1562 haec
1529 1507 1718 1578 juncta
1750 1505 2022 1569 dicamus,
2048 1499 2243 1556 animal

650 1612 831 1682 bipes,
854 1619 907 1665 et
937 1608 1021 1663 his
1056 1604 1256 1677 junctis
1284 1600 1579 1659 secundum
1612 1598 1969 1655 substantiam
2015 1611 2122 1652 non
2150 1610 2242 1651 se-

650 1702 883 1759 cundum
913 1697 1164 1755 accidens
1192 1703 1277 1751 est
1306 1693 1444 1748 facta
1486 1690 1820 1762 prtedicatio.

718 1792 953 1863 Amplius
974 1805 1063 1844 nec
1081 1801 1393 1860 quaecunque
1415 1784 1591 1837 insunt
1606 1784 1661 1835 in
1679 1783 1860 1836 altera.
1883 1781 2059 1847 Quare
2072 1794 2232 1851 neque

2351 600 2411 641 ea
2435 583 2711 653 sigillatim
2742 582 3126 653 prtedicentnr,
3159 594 3306 641 recte
3335 587 3517 656 juncta
3547 585 3932 655 prmdicantnr;

2351 677 2397 732 si
2423 676 2542 747 quis
2571 676 2713 731 enim
2754 676 2899 731 dicat
2940 675 3010 732 de
3053 677 3272 732 homine
3302 679 3555 745 quoniam
3585 676 3779 733 animal
3822 684 3935 742 est,

2353 785 2541 825 verum
2573 768 2787 833 dixerit,
2822 777 2875 824 et
2901 783 3089 825 rursus
3119 769 3371 840 quoniam
3404 769 3590 838 bipes,
3617 783 3804 824 verum
3837 766 3938 824 hoc

2350 877 2560 933 quoque
2587 861 2801 917 dixerit.
2829 862 2954 916 Haec
2976 861 3019 915 si
3042 861 3251 932 jungat,
3289 860 3471 927 faciet,
3499 861 3663 915 homo
3688 870 3773 915 est
3824 860 3938 914 ani-

2353 956 2457 1009 mal
2482 954 2655 1025 bipes,
2690 954 2790 1010 hic.
2806 962 2954 1010 recte
2983 955 3327 1024 prmdicatur.
3352 953 3483 1009 Nam
3504 968 3679 1024 neque
3694 952 3942 1008 acciden-

2355 1047 2423 1102 tia
2479 1047 2761 1114 dicuntur,
2813 1061 2914 1102 nec
2960 1050 3187 1101 alterum
3218 1045 3372 1101 alteri
3408 1046 3569 1100 inest.
3626 1043 3741 1099 Non
3794 1041 3938 1098 enim

2352 1138 2582 1191 sumitur
2611 1138 2663 1192 in
2695 1136 3007 1192 definitione
3028 1137 3228 1191 animal
3252 1152 3278 1191 s
3306 1137 3476 1207 bipes,
3502 1152 3566 1191 ac
3589 1151 3683 1206 per
3704 1141 3808 1190 hoc
3835 1149 3943 1189 non

2348 1231 2491 1285 inest
2534 1231 2607 1284 illi
2656 1230 3103 1285 substantialiter.
3150 1230 3244 1284 Illa
3285 1238 3463 1285 autem
3513 1228 3626 1282 sola
3674 1227 3723 1281 al
3747 1225 3943 1296 quibus

2348 1324 2530 1377 insunt
2560 1321 2987 1377 substantialitcr
3044 1334 3379 1392 quaecunque
3424 1320 3477 1373 in
3517 1333 3703 1373 eorum
3744 1315 3942 1370 delini-

2350 1412 2495 1467 tione
2525 1420 2840 1478 sumuntur,
2881 1421 2942 1467 ut
2985 1411 3039 1467 in
3079 1410 3397 1466 deﬁnitione
3441 1409 3676 1464 hominis
3715 1408 3942 1462 sumitur

2351 1503 2591 1571 animal,
2637 1513 2691 1559 et
2741 1506 2792 1559 in
2841 1504 3155 1559 deﬁnitione
3194 1517 3387 1559 rursus
3432 1502 3666 1557 hominis
3715 1499 3940 1555 sumitur

2353 1597 2532 1667 bipes:
2563 1597 2705 1655 inest
2728 1613 2860 1670 ergo
2886 1608 2942 1654 et
2970 1599 3122 1669 bipes
3147 1598 3199 1654 in
3234 1599 3472 1653 homine.
3502 1598 3679 1665 Quare
3709 1596 3799 1651 illa
3826 1595 3940 1653 sola

2347 1692 2620 1762 sigillatim
2664 1692 2952 1762 praedicata
2992 1701 3143 1747 recte
3181 1690 3369 1761 juncta
3410 1688 3791 1760 praedicantur,
3823 1702 3939 1758 quae

2345 1801 2522 1858 neque
2549 1786 2845 1841 accidentia
2868 1795 3010 1849 sunt,
3050 1799 3149 1840 nec
3173 1784 3402 1840 alterum
3424 1783 3476 1837 in
3508 1780 3679 1837 altero
3700 1789 3812 1845 est,
3855 1780 3940 1838 vel

649 1845 830 1941 album.
858 1845 1164 1953 frequenter,
1211 1892 1372 1948 neque
1403 1877 1554 1928 homo
1576 1914 1592 1940 ,
1631 1873 1784 1928 homo
1809 1871 2004 1926 animal
2039 1881 2116 1926 est
2160 1871 2235 1925 vel
2264 1845 2315 1907 B
2351 1845 2652 1947 prdlatitine
2672 1874 2754 1931 vel
2785 1883 2971 1929 natura
2998 1890 3013 1926 :
3048 1873 3210 1944 idque
3242 1872 3329 1929 ﬁet
3352 1871 3688 1927 manifestum
3712 1910 3728 1937 ,
3756 1871 3803 1926 si
3847 1886 3939 1927 eo-

650 1980 811 2046 bipes,
834 1984 954 2031 sunt
981 1975 1116 2029 enim
1144 1973 1197 2026 in
1220 1968 1427 2026 homine
1452 1968 1590 2040 bipes
1617 1974 1663 2021 et
1692 1966 1910 2020 animal.

719 2070 1062 2138 Quaecunque
1088 2064 1361 2135 sigillatim
1390 2061 1682 2117 secundum
1706 2057 1960 2113 accidens
1981 2056 2242 2127 prtedica-

650 2176 770 2220 ntus
790 2175 855 2217 ea
883 2158 1039 2214 simul
1079 2156 1361 2228 prmdicari
1384 2169 1490 2210 non
1526 2166 1683 2223 posse
1713 2150 2056 2206 monstravit.
2086 2148 2241 2205 Nunc

650 2262 829 2310 autem
876 2250 1009 2306 illud
1039 2248 1199 2304 etiam
1225 2248 1419 2311 docet,
1465 2243 1719 2315 quoniam
1751 2242 1839 2297 illa
1876 2256 2092 2312 quoque
2117 2255 2240 2310 qua:

650 2343 1072 2402 substantialiter
1094 2338 1473 2410 praedicantur,
1503 2351 1608 2390 non
1632 2350 1848 2404 semper
1870 2332 2030 2387 simul
2052 2332 2239 2402 juncta

652 2436 1028 2508 przedicentur,
1052 2442 1107 2486 et
1130 2431 1245 2486 haec
1266 2428 1402 2486 ratio
1428 2437 1483 2483 et
1502 2427 1872 2483 accidentibus
1897 2425 2158 2481 convenit
2182 2433 2238 2480 et

653 2524 1091 2584 substantialihus
1120 2522 1302 2578 rebus.
1333 2520 1558 2587 Quoties
1585 2522 1727 2574 enim
1770 2519 1909 2573 inest
1940 2517 2233 2587 praedicato

654 2618 873 2690 aliquid,
902 2626 956 2672 et
980 2631 1079 2672 nos
1110 2614 1237 2671 illud
1264 2622 1415 2669 extra
1447 2614 1695 2668 volumus
1724 2612 2024 2681 praedicare
2054 2652 2068 2677 ,
2096 2620 2155 2667 et
2184 2609 2241 2665 in

653 2724 817 2767 unum
846 2723 1032 2764 rursus
1060 2707 1170 2763 duo
1200 2705 1485 2776 przedicata
1516 2708 1865 2774 conjungere,
1904 2710 2031 2757 tune
2059 2701 2120 2757 ﬁt
2158 2699 2247 2757 in-°

655 2814 884 2871 congrua
913 2797 1243 2868 praedicatio;
1269 2804 1325 2852 et
1347 2798 1461 2851 hrec
1486 2795 1775 2864 aliquoties
1803 2794 2020 2865 quidem
2045 2795 2101 2849 in
2125 2795 2241 2863 ipsa

654 2891 929 2949 hominum
968 2888 1270 2959 prolatione
1299 2887 1643 2959 perspicitur,
1668 2886 1965 2956 aliquoties
1995 2901 2123 2941 vero
2160 2886 2244 2940 in-

653 2984 864 3041 venitur
885 2982 937 3038 in
961 2981 1258 3047 intellectu,
1285 2989 1447 3050 atque
1476 2981 1528 3035 in
1557 2978 1774 3035 termini
1801 2978 2157 3034 continentia.
2182 2976 2242 3033 Si

655 3078 772 3149 quis
805 3074 949 3131 enim
1002 3074 1073 3128 sit
1102 3074 1261 3128 homo
1287 3072 1442 3126 albus
1469 3113 1484 3138 ,
1530 3079 1585 3126 et
1632 3071 1698 3126 de
1725 3086 1791 3125 eo
1827 3070 2060 3138 dicatur,
2094 3069 2241 3125 verbi

655 3168 821 3239 gratia
849 3186 861 3222 :
895 3166 1092 3222 Callias
1117 3166 1279 3220 homo
1303 3164 1457 3219 albus
1488 3172 1592 3231 est,
1623 3173 1679 3217 et
1700 3177 1888 3218 rursus
1909 3164 1975 3219 de
2004 3177 2069 3218 eo
2096 3162 2244 3217 dica-

656 3271 760 3326 tur,
787 3259 983 3315 Callias
1012 3258 1162 3312 albus
1188 3265 1291 3322 est,
1318 3256 1361 3310 si
1391 3256 1512 3326 quis
1536 3256 1588 3309 id
1612 3256 1741 3310 velit
1778 3255 2072 3325 adjungere
2090 3298 2105 3322 ,
2158 3253 2241 3308 in-

656 3348 1164 3407 convenientissime
1194 3346 1598 3416 prmdicabitur.
1629 3345 1766 3401 Dicit
1789 3346 1934 3401 enim
1980 3363 1994 3399 :
2044 3345 2242 3402 Callias

658 3440 815 3498 Itomo
843 3439 997 3494 albus
1024 3437 1176 3491 albus
1210 3445 1316 3502 est,
1346 3437 1548 3492 idcirco
1582 3439 1839 3507 quoniam
1870 3438 2025 3493 albus
2058 3439 2110 3492 in
2145 3440 2242 3493 ho-

656 3534 797 3589 mine
824 3532 950 3586 alho
969 3531 1367 3595 continebatur,
1401 3530 1545 3600 quod
1585 3540 1711 3586 ante
1742 3531 1812 3587 tle
1841 3531 2009 3586 Callia
2042 3532 2238 3602 praedi-

655 3635 829 3686 catum
868 3634 970 3682 est.
1019 3629 1190 3693 Atque
1240 3623 1342 3700 hoc
1385 3631 1468 3678 est
1509 3623 1650 3693 quod
1692 3623 1767 3678 ait
1800 3642 1812 3678 :
1845 3624 2024 3691 Quare
2066 3640 2239 3692 neque

657 3720 836 3777 album
864 3718 1197 3789 frequenter.
1234 3716 1357 3773 Alia
1389 3731 1519 3772 vero
1554 3727 1679 3771 sunt
1705 3733 1822 3786 qua:
1845 3717 2024 3773 hocin
2059 3718 2239 3787 prola-

656 3811 801 3866 tione
832 3823 936 3863 non
984 3806 1219 3873 habent,
1251 3805 1347 3862 sed
1397 3807 1449 3861 in
1501 3817 1691 3862 natura
1718 3850 1732 3874 ,
1776 3808 1821 3862 si
1845 3808 1963 3879 quis
1994 3810 2241 3865 enimsic

655 3901 794 3957 dicat
844 3916 858 3954 :
913 3900 1163 3956 Socrates
1200 3898 1451 3955 Socrates
1492 3910 1611 3967 cst,
1663 3908 1717 3955 et
1756 3914 1943 3956 rursus
1988 3901 2241 3958 Socrates

656 3998 815 4049 homo
844 4000 957 4058 est,
1003 4000 1056 4046 ct
1103 3990 1219 4046 haec
1247 3991 1407 4047 simul
1433 3992 1643 4063 jungat,
1687 4002 1747 4047 ut
1790 3992 1935 4049 dicat
1990 3993 2241 4050 Socrates

656 4089 905 4147 Socrates
937 4087 1097 4141 homo
1118 4094 1223 4152 est,
1257 4100 1364 4139 non
1394 4096 1537 4141 recte
1556 4086 1745 4143 iecerit
1776 4087 2239 4155 praedicationem.

656 4180 785 4237 Nam
814 4179 977 4234 homo
1022 4179 1075 4233 in
1118 4176 1343 4233 Socrate
1387 4178 1593 4243 inerat,
1638 4188 1693 4235 et
1731 4194 1916 4234 rursus
1956 4179 2117 4235 homo
2175 4180 2245 4236 de

655 4271 873 4328 Socrate
920 4267 1264 4338 praedicatum
1315 4276 1416 4322 est.
1470 4269 1617 4323 Talis
1673 4280 1756 4325 est
1809 4285 1940 4341 ergo
1989 4274 2078 4342 qui
2128 4273 2245 4328 htcc

657 4366 856 4435 juncta,
891 4362 941 4418 id
969 4372 1081 4427 est,
1112 4362 1386 4417 Socratem
1412 4369 1467 4416 et
1512 4363 1813 4428 hominem,
1844 4364 2076 4419 voluerit
2103 4380 2240 4434 prae-

657 4456 834 4513 dicare
861 4454 929 4510 de
954 4455 1204 4517 Socrate,
1230 4463 1481 4524 tanquam
1523 4454 1568 4508 si
1616 4455 1762 4509 dicat
1797 4456 2051 4513 Socrates
2080 4457 2245 4515 homo

2267 3213 2315 3278 C

2349 1984 2469 2024 rum
2498 1968 2728 2024 alterius
2755 1966 2997 2022 deﬁnitio
3028 1975 3297 2031 sumatur,
3325 1966 3471 2021 velut
3494 1966 3537 2020 si
3568 1973 3839 2035 quazratur
3868 1978 3937 2021 an

2347 2064 2416 2121 de
2441 2064 2660 2119 homine
2701 2062 2863 2117 homo
2887 2071 2943 2117 et
2985 2061 3138 2132 bipes
3168 2059 3449 2132 praedicari
3496 2059 3657 2113 simul
3694 2057 3937 2127 possint,

2347 2153 2692 2209 dil‘ﬁniendus
2704 2164 2785 2208 est
2800 2152 2984 2219 homo,
3000 2162 3052 2207 et
3070 2153 3116 2207 si
3131 2152 3181 2207 in
3200 2150 3434 2207 hominis
3453 2149 3767 2205 deﬁnitione
3788 2148 3939 2218 bipes

2349 2246 2677 2314 incurrerit,
2720 2245 3003 2301 dicendum
3045 2254 3130 2301 est
3174 2245 3328 2315 bipes
3385 2245 3564 2298 inesse
3601 2242 3838 2307 homini,
3884 2251 3938 2297 et

2348 2346 2635 2410 utrumque
2659 2338 2903 2409 junctum
2932 2337 2999 2394 de
3032 2337 3251 2392 homine
3288 2351 3394 2392 non
3430 2349 3586 2407 posse
3613 2334 3935 2403 praedicari,

2344 2432 2466 2503 quia
2495 2446 2617 2487 cum
2659 2431 2859 2487 dixeris
2902 2431 3064 2485 homo
3094 2431 3255 2484 homo
3282 2429 3457 2499 bipes,
3501 2428 3607 2482 tale
3635 2436 3718 2482 est
3775 2425 3931 2497 quasi

2346 2525 2527 2593 dicas,
2562 2524 2727 2580 homo
2755 2524 2907 2594 bipes
2927 2523 3098 2592 bipes,
3132 2522 3275 2593 quod
3304 2530 3386 2577 est
3433 2522 3806 2591 incongruum.

2426 2616 2620 2671 Verum
2647 2627 2719 2671 est
2749 2626 2918 2670 autem
2947 2616 3113 2670 dicere
3142 2615 3204 2670 de
3230 2615 3404 2685 aliqua
3441 2622 3489 2668 et
3515 2613 3838 2682 simpliciter,
3877 2620 3934 2666 ut

2348 2711 2621 2781 quemdam
2651 2709 2908 2763 hominem
2934 2708 3211 2777 hominem,
3241 2717 3333 2761 aut
3360 2706 3629 2778 quemdam
3648 2705 3825 2759 album
3843 2702 3935 2758 Ito-

2351 2806 2533 2858 minem
2557 2804 2815 2858 hominem
2843 2802 3041 2857 album.

2424 2898 2634 2955 Dudum
2663 2899 2912 2970 quiesivit
2935 2907 3111 2953 utrum
3152 2896 3333 2952 omnia
3356 2910 3475 2967 qua:
3509 2894 3781 2965 sigillatim
3809 2907 3934 2949 vere

2352 2992 2714 3063 praedicantur
2754 3007 2816 3047 ea
2864 2991 3050 3060 juncta
3102 2991 3367 3047 veraciter
3406 2988 3734 3044 dicerentur.
3784 2984 3935 3042 Nunc

2348 3095 2528 3139 autem
2552 3083 2857 3138 considerat
2878 3092 3039 3152 atque
3066 3082 3349 3154 perpendit
3376 3090 3556 3136 utrum
3585 3080 3767 3135 omnia
3787 3093 3934 3149 quae-

2350 3193 2562 3249 cunque
2584 3179 2739 3233 simul
2768 3192 2895 3233 vere
2922 3177 3195 3242 dicuntur,
3219 3184 3275 3232 et
3304 3176 3624 3246 simpliciter
3650 3190 3778 3231 vere
3799 3188 3936 3245 prae-

2348 3276 2618 3332 dicentur.
2652 3276 2889 3330 Dicimus
2932 3274 3077 3329 enim
3118 3274 3398 3329 Socratem
3428 3272 3713 3344 quemdam
3756 3272 3934 3327 homi-

2350 3384 2470 3424 nem
2510 3382 2653 3436 esse,
2700 3376 2755 3423 et
2799 3383 2986 3423 rursus
3031 3367 3347 3437 simpliciter
3390 3367 3617 3422 dicimus
3656 3366 3935 3423 Socratem

2350 3462 2622 3516 hominem
2671 3472 2812 3516 esse.
2859 3460 3065 3515 Rursus
3105 3459 3351 3527 dicimus,
3384 3459 3531 3515 verbi
3574 3458 3765 3529 gratia,
3816 3457 3938 3531 Cal-

2350 3553 2474 3607 liam
2498 3552 2677 3607 album
2703 3552 2974 3606 hominem
2998 3565 3140 3617 esse,
3163 3550 3303 3607 etde
3327 3566 3392 3606 eo
3417 3545 3597 3606 albuin
3619 3550 3939 3620 simpliciter

2350 3643 2727 3713 praedicamus,
2761 3642 2990 3697 dicimus
3034 3642 3203 3708 enim,
3233 3642 3435 3698 Callias
3464 3642 3617 3697 albus
3646 3650 3748 3697 est.
3776 3642 3940 3708 Qum-

2353 3737 2423 3792 rit
2461 3752 2591 3807 ergo
2638 3748 2817 3792 utrum
2862 3736 2965 3790 hoc
3005 3734 3055 3789 in
3106 3734 3357 3790 omnibus
3400 3749 3521 3790 esse
3562 3734 3827 3801 videatur,
3881 3742 3940 3791 ut

2349 3845 2680 3901 quacunque
2707 3842 2892 3885 verum
2922 3839 3005 3884 est
3028 3828 3215 3898 juncta
3242 3828 3559 3898 praedicare,
3581 3827 3767 3883 eadem
3801 3840 3937 3898 quo-

2349 3936 2454 3992 que
2480 3937 2665 3977 verum
2721 3922 2790 3976 sit
2836 3920 3153 3991 simpliciter
3197 3920 3415 3986 dicere;
3462 3920 3557 3975 sed
3603 3920 3705 3975 hoc
3739 3935 3846 3975 non
3878 3920 3935 3975 in

2349 4015 2598 4070 omnibus
2628 4014 2860 4070 eveniet.
2901 4013 3034 4068 Nam
3084 4017 3128 4067 si
3160 4028 3261 4082 qua
3296 4012 3604 4082 hujusmodi
3647 4013 3719 4067 sit
3750 4012 3939 4083 prardi-

2351 4108 2510 4173 catio,
2538 4106 2591 4161 in
2620 4120 2723 4176 qua
2763 4104 2962 4174 aliquid
2990 4104 3293 4174 oppositum
3336 4104 3564 4160 addatur
3612 4106 3712 4173 ipsi
3747 4105 3939 4174 praedi-

2352 4197 2569 4263 cationi,
2600 4207 2796 4267 prmter
2823 4197 2952 4252 illud
2982 4198 3307 4267 oppositum,
3341 4197 3658 4266 simpliciter
3679 4195 3768 4249 illa
3799 4211 3939 4265 prae-

2354 4291 2549 4347 dicatio
2578 4306 2682 4346 non
2722 4299 2896 4362 potest
2918 4291 3221 4362 praediczlri,
3254 4299 3313 4345 ut
3340 4291 3386 4345 si
3414 4290 3534 4359 quis
3560 4289 3701 4343 dicat
3732 4288 3801 4344 de
3832 4289 3940 4345 So-

2352 4394 2501 4440 crate
2543 4385 2652 4455 jam
2694 4395 2928 4453 mortuo,
2975 4388 3228 4457 quoniam
3274 4387 3377 4441 hoc
3408 4385 3547 4455 quod
3574 4385 3737 4456 jacet,
3774 4385 3939 4441 homo

2351 4487 2595 4535 mortuus
2621 4488 2724 4549 est,
2750 4492 2876 4534 vere
2896 4478 3046 4545 dicit,
3076 4478 3392 4549 simpliciter
3415 4487 3590 4533 autem
3616 4476 3800 4534 dicere
3829 4493 3936 4533 non

656 4549 817 4605 homo
973 4546 1117 4642 ΑΝ³¹¹Ῑ
1140 4547 1193 4600 i“
1217 4548 1439 4642 59mm
1465 4546 1607 4601 ίηεδί
1631 4546 1866 4642 hominis
1897 4561 2107 4604 “a'm‘a-
2141 4550 2240 4607 vel
2274 4582 2327 4642 D
2353 4578 2549 4640 potest,
2593 4546 2868 4640 hocvquod
2905 4569 3051 4639 jacet
3099 4546 3263 4625 homo
3312 4582 3415 4626 est.
3450 4569 3650 4624 Idcirco
3680 4569 3938 4638 quoniam

656 4658 839 4698 rursus
885 4639 1020 4695 side
1048 4639 1230 4711 aliquo
1280 4638 1528 4705 hom‘ne,
1570 4640 1701 4696 velit
1729 4642 1920 4713 aliquis
1968 4643 2239 4699 hominem

656 4736 972 4808 prazdicare,
1013 4744 1070 4790 et
1099 4749 1283 4789 rursus
1308 4734 1539 4800 animal,
1587 4747 1642 4790 et
1669 4734 1834 4799 dicat.
1868 4737 2049 4802 homo,
2082 4736 2243 4792 homo

657 4838 758 4892 est,
788 4837 843 4883 et
879 4828 1101 4882 animal.
1137 4827 1306 4881 llomo
1349 4824 1492 4882 enim
1531 4825 1672 4882 idem
1712 4836 1794 4883 est
1822 4828 1965 4897 quod
2012 4828 2237 4892 animal;

656 4932 782 4989 ergo
805 4918 897 4987 qui
922 4917 1041 4972 haec
1068 4916 1177 4972 duo
1194 4916 1379 4986 juncta
1404 4918 1698 4985 componit,
1723 4919 1856 4973 nihil
1881 4919 2060 4974 diﬁert
2082 4935 2243 4990 quam

657 5009 700 5062 si
751 5010 931 5074 dicat,
974 5007 1135 5063 homo
1179 5007 1377 5062 animal
1404 5010 1601 5064 animal
1648 5018 1750 5064 est.
1791 5010 1962 5065 H-mo
2011 5026 2243 5082 namque

659 5100 853 5155 animal
876 5109 980 5155 est.
1012 5097 1213 5154 Eodem
1242 5100 1403 5156 modo
1433 5111 1487 5157 et
1514 5102 1560 5157 si
1590 5101 1655 5157 Je
1679 5102 1862 5170 aliquo
1906 5102 2120 5158 homine
2143 5102 2244 5158 ho-

660 5194 857 5248 minem
900 5189 1158 5261 prtzdicet
1197 5190 1425 5262 aliquis,
1456 5201 1513 5249 et
1554 5208 1740 5247 rursus
1782 5193 2053 5263 bipedem,
2085 5202 2245 5266 atque

663 5285 775 5340 haec
798 5287 978 5354 juncta
1009 5282 1136 5339 velit
1160 5283 1365 5348 dicere,
1393 5284 1745 5355 incongruam
1789 5285 1835 5339 fa
1849 5285 1955 5341 ciet
1978 5286 2241 5354 prtedica-

665 5378 884 5433 tionem.
914 5374 1058 5431 Nihil
1094 5375 1238 5431 enim
1284 5376 1431 5431 aliud
1472 5376 1632 5443 dicit,
1686 5377 1773 5446 qui
1804 5375 2038 5446 dixerit,
2085 5380 2248 5437 homo

665 5470 828 5526 homo
841 5469 994 5539 bipes
1021 5477 1123 5533 est,
1152 5483 1310 5540 quam
1333 5469 1379 5524 si
1410 5469 1575 5537 dicat,
1606 5471 1767 5526 homo
1794 5470 1943 5541 bipes
1966 5474 2116 5544 bipes
2139 5484 2242 5545 est,

665 5566 865 5621 etenim
892 5564 1053 5618 homo
1076 5562 1230 5633 bipes
1258 5573 1357 5618 est.
1395 5562 1573 5631 Quare
1602 5579 1773 5635 neque
1799 5580 1861 5621 ea
1889 5582 2009 5637 quae
2040 5569 2090 5624 in
2134 5570 2249 5638 ipsa

668 5658 967 5729 prolatione
998 5657 1052 5711 in
1111 5656 1281 5712 altero
1313 5656 1495 5712 insunt
1536 5672 1662 5713 cum
1700 5671 1853 5715 extra
1895 5663 2252 5731 prmdicantur

670 5760 817 5804 recte
850 5746 1168 5818 junguntur,
1213 5761 1313 5803 nec
1342 5762 1404 5803 ea
1440 5764 1561 5819 qua:
1612 5753 1663 5804 in
1696 5753 1995 5821 prolatione
2036 5753 2248 5825 quidem

672 5856 781 5900 non
817 5850 976 5908 sunt,
1022 5840 1119 5899 sed
1163 5850 1366 5899 tantum
1414 5842 1467 5899 in
1504 5852 1692 5901 natura
1732 5855 1893 5917 atque
1930 5848 2247 5906 substantia.

2354 4664 2591 4719 additum
2622 4672 2705 4718 est
2748 4663 3057 4734 praedicata,
3103 4663 3153 4717 id
3185 4674 3269 4719 est
3314 4665 3538 4729 homini,
3582 4663 3632 4717 id
3670 4663 3810 4732 quod
3846 4663 3939 4717 ho-

2354 4756 2483 4811 mini
2510 4756 2814 4827 oppositum
2838 4763 2941 4821 est,
2966 4754 3017 4810 id
3048 4764 3131 4810 est
3155 4764 3417 4810 mortuus.
3455 4756 3663 4809 Dictum
3695 4762 3777 4809 cst
3797 4754 3938 4809 enim

2354 4850 2455 4904 hoc
2484 4849 2622 4920 quod
2646 4849 2791 4918 jacet
2816 4848 2976 4903 homo
2999 4856 3242 4904 mortuus
3272 4857 3376 4903 est.
3408 4847 3649 4902 Mortuus
3676 4855 3855 4899 autem
3886 4853 3941 4900 et

2354 4946 2516 4998 homo
2539 4943 2783 5014 opposita
2806 4941 3202 5012 quodammodo
3227 4950 3371 4997 sunt.
3403 4941 3532 4995 Nam
3560 4940 3605 4995 si
3636 4953 3823 4995 eorum
3847 4939 3941 4994 de-

2353 5036 2624 5092 ﬁnitiones
2655 5050 2950 5103 sumamus,
2976 5034 3133 5091 facile
3156 5034 3258 5090 hoc
3286 5034 3516 5103 perspici
3544 5043 3743 5104 potest.
3766 5030 3941 5087 Homo

2354 5143 2585 5199 namque
2633 5136 2717 5183 est
2765 5128 3062 5193 animatus,
3113 5135 3359 5181 mortuus
3404 5141 3534 5181 vero
3578 5132 3777 5193 praeter
3819 5121 3940 5177 ani-

2353 5236 2493 5278 mam
2528 5239 2540 5275 :
2584 5230 2745 5291 atque
2789 5223 2913 5278 ideo
2963 5222 3214 5293 quoniam
3260 5220 3504 5292 quaedam
3553 5228 3637 5276 est
3674 5218 3942 5288 oppositio

2353 5315 2646 5371 secundum
2692 5313 3045 5385 privationem
3091 5322 3254 5385 atque
3303 5315 3563 5380 habitum,
3611 5310 3847 5368 hominis
3887 5319 3943 5367 et

2354 5409 2553 5463 mortui
2607 5417 2661 5464 et
2712 5417 2935 5478 utraque
2979 5406 3139 5462 simul
3178 5420 3306 5462 vere
3352 5404 3731 5475 praedicantur,
3773 5416 3942 5459 unum

2355 5504 2615 5573 ipsorum,
2648 5501 2790 5573 quod
2822 5510 2905 5556 est
2936 5501 3116 5569 homo,
3136 5500 3452 5571 simpliciter
3482 5509 3537 5556 et
3565 5510 3762 5569 praeter
3792 5511 3941 5553 mor-

2354 5606 2503 5650 tuum
2545 5598 2611 5650 de
2651 5594 2914 5651 cadavere
2943 5610 3049 5650 non
3098 5603 3275 5667 potest
3303 5592 3605 5667 praedicari,
3649 5602 3809 5664 atque
3837 5589 3942 5647 hoc

2353 5689 2762 5815 e‘lzilgidaZiiii
2792 5777 3011 5834 semper,
3042 5778 3131 5818 sea
3172 5764 3380 5834 quando
3407 5762 3461 5817 in
3501 5761 3707 5833 adjecto
3742 5754 3941 5826 aliquid

2354 5851 2559 5921 ηαίάεηι
2613 5853 2967 5924 apparitorum
2998 5855 3129 5913 inest
3156 5856 3295 5926 quod
3314 5854 3637 5926 consequitur
3672 5848 3940 5907 contradi-
