4280 6268
385 337 476 386 3ῧὶ

1149 333 1214 392 IN
1255 333 1502 393 mentm
1545 335 1630 391 DE
1673 318 2312 389 IN’tERPRETATIONE
2355 330 2581 389 EBthO
2619 329 2851 392 PRIMA.

3537 327 3639 391 562

381 452 502 510 ctio,
528 465 627 501 nou
659 463 852 512 verum,
875 447 962 500 sed
989 451 1177 516 falsum
1207 461 1298 511 est,
1324 458 1375 502 ut
1401 451 1651 503 hominem
1677 457 1952 508 mortuum,
1985 441 2048 509 Α⁹
2063 445 2292 501 fortasse
2323 447 2547 515 dixerit,
2579 458 2633 504 et
2663 467 2846 505 rursus
2865 450 2953 506 hic
2981 451 3136 508 albus
3155 462 3256 508 est.
3293 452 3404 507 Hoc
3428 469 3639 523 quoque

387 543 637 594 hominem
658 544 839 593 dicrre.
875 541 1083 606 Quando
1107 553 1275 596 autem
1299 559 1399 596 non
1421 555 1515 606 est,
1546 558 1717 595 verum
1739 550 1832 594 est.
1863 536 1957 594 Vel

383 635 534 686 etiam
579 634 782 698 quando
823 634 970 698 inest,
1017 649 1213 704 semper
1258 651 1356 687 non
1392 651 1563 688 verum
1603 645 1712 697 est;
1753 633 1957 702 quando

385 741 499 777 vero
523 741 623 776 non
660 729 810 784 inest,
849 739 948 777 non
978 741 1173 792 semper
1197 743 1370 778 verum
1401 735 1492 788 est,
1525 736 1578 778 ut
1618 725 1866 779 Homerus
1890 733 1961 777 est

387 816 605 886 aliquid,
645 827 698 867 ut
737 827 904 884 porta,
937 833 1054 884 ergo
1083 819 1232 869 etiam
1266 827 1359 882 est,
1408 835 1473 870 an
1507 833 1640 880 non;
1681 818 1960 869 secundum

389 910 618 962 accidens
667 912 800 960 enim
841 909 1150 978 praedicatur
1194 927 1298 962 esse
1342 911 1404 962 de
1446 908 1672 962 Homero
1715 909 1959 977 quoniam

388 1011 457 1055 est
481 1011 644 1067 poeta,
668 1000 757 1052 sed
788 1017 888 1052 non
920 1000 1202 1053 secundum
1223 1017 1276 1054 se
1306 1002 1616 1069 prwdicatur
1640 999 1702 1052 dc
1732 997 1959 1052 Homero

386 1092 624 1160 quoniam
651 1098 744 1144 est.

453 1181 582 1248 Qua:
615 1193 862 1252 utraque,
895 1183 945 1236 id
976 1195 1058 1238 est
1085 1194 1141 1238 et
1171 1185 1512 1253 praedicatum
1555 1194 1608 1238 et
1632 1185 1773 1253 quod
1807 1183 1960 1236 addi-

387 1285 472 1329 tur
505 1276 812 1343 praedicam,
857 1291 919 1329 ex
963 1278 1074 1343 ipsa
1105 1279 1441 1345 Oppositione
1481 1276 1832 1330 contradictio
1871 1288 1963 1327 co-

388 1370 626 1433 mitatur,
658 1379 713 1422 ut
740 1369 990 1438 quentiam
1014 1369 1177 1423 homo
1210 1378 1264 1423 et
1287 1383 1528 1423 mortuus
1555 1370 1797 1439 Opposita
1821 1378 1962 1429 sunt,

389 1477 450 1518 ea
475 1461 718 1529 quaedam
756 1462 1230 1532 comitaturatque
1259 1462 1608 1530 consequitur
1629 1477 1722 1530 per
1753 1461 1966 1528 Opposi-

391 1556 590 1609 tionem
611 1554 984 1609 contradictio.
1015 1554 1248 1608 Dicimus
1276 1553 1440 1620 enim,
1476 1555 1565 1622 qui
1599 1555 1757 1606 homo
1784 1562 1864 1605 est
1891 1552 1966 1604 vi-

393 1650 490 1713 vit,
532 1650 620 1716 qui
651 1657 894 1702 mortuus
921 1659 1001 1701 est
1047 1663 1151 1700 non
1190 1647 1348 1710 vivit;
1381 1645 1512 1698 vivit
1544 1654 1720 1699 autem
1766 1653 1820 1698 et
1860 1656 1966 1697 non

393 1744 542 1806 vivit,
575 1743 818 1810 qumdam
865 1740 1218 1795 contradictio
1256 1749 1355 1794 est.
1395 1739 1532 1808 Ergo
1576 1739 1626 1792 in
1661 1738 1964 1807 ltujusmodi

2063 555 2247 594 verum
2289 550 2371 594 est
2411 541 2611 609 dicere,
2645 543 2844 597 idcirco
2879 540 3236 614 quoniam'de
3275 561 3340 599 eo
3380 561 3482 599 non
3515 544 3638 599 ideo

2063 631 2241 685 album
2293 632 2627 701 praedicavit,
2659 633 2781 702 quia
2823 635 2957 690 dixit
2984 637 3130 690 illum
3177 651 3298 690 esse
3342 635 3636 702 hominem,

2062 723 2203 779 sicut
2229 725 2295 778 de
2325 724 2579 790 Homero,
2605 726 2803 778 idcirco
2831 742 2947 779 csse
2978 727 3314 794 praedicatur,
3338 728 3460 796 quia
3485 735 3638 796 poeta

2062 827 2182 868 esse
2211 814 2426 880 dicitur,
2453 815 2547 870 sed
2583 817 2724 886 quod
2757 832 2853 886 per
2881 832 2939 870 se
2961 817 3114 871 albus
3139 826 3249 880 est;
3281 819 3374 872 sed
3405 819 3507 872 hoc
3535 832 3640 871 non

2062 906 2355 960 secundum
2405 907 2654 962 accidens
2694 909 3040 977 praedicatur,
3081 909 3174 963 sed
3217 925 3308 978 per
3353 925 3431 963 se.
3466 911 3643 976 Quare

2064 1006 2212 1053 recte
2257 999 2456 1053 dictum
2493 1009 2577 1055 est
2616 1001 2671 1054 in
2710 1002 2902 1072 quibus
2936 1003 3137 1072 junctis
3176 1003 3641 1072 praedicationibus

2066 1105 2242 1161 neque
2283 1093 2553 1162 oppositio
2591 1097 2833 1166 quaedam
2873 1098 3030 1161 inest,
3072 1112 3170 1151 nec
3215 1097 3327 1165 ipsa
3371 1113 3462 1165 per
3505 1099 3643 1154 acci-

2067 1185 2200 1240 dens
2225 1188 2537 1255 przedicatio
2559 1197 2662 1254 est,
2689 1189 2777 1243 illa
2803 1191 3117 1259 simpliciter
3137 1191 3300 1243 etiam
3326 1205 3481 1258 posse
3505 1205 3645 1259 prc-

2068 1278 2260 1334 dicari.
2292 1278 2442 1344 Quod
2471 1293 2649 1336 autem
2680 1297 2783 1335 non
2823 1292 2927 1351 εει,
2969 1283 3220 1352 quoniam
3253 1282 3518 1351 opinabile
3537 1291 3640 1348 est,

2067 1383 2176 1423 non
2225 1379 2310 1424 est
2354 1386 2537 1426 verum
2585 1372 2765 1429 dicere
2812 1389 2929 1429 esse
2957 1375 3177 1445 aliquid.
3210 1374 3458 1443 Opinatio
3503 1375 3646 1430 enim

2067 1475 2172 1516 ηοω
2204 1472 2305 1525 εει,
2332 1464 2580 1532 quoniam
2607 1474 2710 1529 est,
2742 1465 2835 1519 sed
2865 1467 3118 1536 quoniam
3155 1482 3260 1520 non
3288 1476 3387 1520 est.
3418 1466 3645 1533 Quidam

2068 1559 2310 1612 vofeutcs
2348 1556 2398 1610 id
2432 1559 2571 1627 quod
2623 1574 2729 1612 non
2769 1570 2871 1623 est,
2913 1561 3093 1628 aliquo
3137 1561 3295 1614 modo
3335 1575 3455 1613 esse
3495 1573 3646 1612 mon-

2067 1660 2261 1718 strare,
2291 1650 2378 1704 tali
2405 1650 2689 1706 utebantur
2719 1652 3046 1722 syllogismo,
3075 1654 3218 1722 quod
3247 1664 3350 1715 est,
3375 1651 3646 1721 opinabile

2071 1753 2176 1797 est.
2209 1741 2613 1798 Concludcbant
2637 1745 2780 1815 quod
2816 1761 2922 1800 non
2952 1755 3036 1801 est
3064 1746 3223 1815 igitur
3259 1757 3361 1810 est,
3395 1747 3648 1802 docentes

393 1833 863 1902 prwdicationibus
917 1848 1019 1885 non
1070 1844 1150 1886 est
1207 1848 1388 1886 verum
1448 1848 1610 1886 unum
1655 1833 1976 1900 simpliciter
2004 1816 2053 1877 Β
2081 1850 2142 1889 ea
2173 1852 2291 1905 qua:
2331 1830 2771 1904 esseng’scibilia
2811 1839 3008 1907 patius,
3048 1855 3152 1893 non
3179 1839 3465 1909 opinabilia
3495 1852 3644 1902 esse;
3711 1846 3717 1853 '

395 1923 696 1993 praedicari.
726 1923 950 1989 Quando
992 1933 1169 1977 autem
1208 1922 1509 1991 bujusmodi
1552 1924 1876 1994 oppositioni
1923 1922 1973 1978 ei

397 2017 537 2085 quod
587 2015 928 2085 praedicatur,
982 2032 1086 2069 non
1136 2016 1400 2086 jungitur,
1447 2025 1621 2084 potest
1662 2015 1976 2084 simpliciter

401 2123 529 2162 vere
562 2109 862 2177 praedicari,
892 2109 981 2162 sed
1019 2121 1120 2161 nec
1151 2107 1248 2161 hoc
1273 2123 1509 2178 semper,
1543 2109 1816 2177 magisque
1844 2105 1976 2160 illud

401 2203 578 2256 verius
607 2201 819 2265 dicitur,
852 2203 1103 2271 quoniam
1137 2217 1257 2255 cum
1299 2204 1395 2256 ista
1424 2200 1690 2270 oppositio
1711 2209 1814 2264 est,
1840 2215 1977 2252 nun-

381 2299 556 2363 quam
587 2307 768 2347 verum
809 2305 890 2348 εει
926 2310 1112 2348 eorum
1153 2309 1272 2362 ipim
1298 2293 1482 2364 juncta
1516 2309 1642 2347 vere
1673 2293 1974 2362 pradican-

402 2398 506 2453 tur,
551 2386 866 2455 simpliciter
896 2404 1020 2442 vere
1063 2389 1262 2457 aliquid
1305 2389 1582 2457 appellari.
1622 2387 1756 2442 Cum
1800 2397 1977 2442 autem

407 2482 506 2534 ista
527 2469 802 2548 'oiipOsitio
831 2496 935 2534 non
964 2481 1122 2547 inest,
1149 2497 1251 2534 non
1281 2497 1493 2551 semper
1515 2497 1640 2536 vere
1666 2481 1979 2548 simpliciter

407 2571 684 2641 praedicari
716 2587 899 2626 eorum
939 2571 1155 2642 aliquid,
1187 2589 1305 2641 quae
1332 2573 1396 2627 de
1432 2575 1612 2642 aliquo
1642 2589 1766 2628 vere
1795 2574 1978 2642 juncta

409 2666 675 2719 dicuntur.
704 2666 756 2720 Si
782 2667 898 2735 quis
928 2667 1068 2722 enim
1099 2668 1174 2721 sic
1204 2666 1379 2720 dicat:
1407 2665 1670 2721 Homerus
1699 2680 1850 2738 poeta
1875 2677 1977 2732 est,

405 2773 586 2811 verum
618 2757 848 2822 dixerit;
881 2760 1018 2826 quod
1055 2758 1098 2811 si
1128 2759 1307 2812 dicat:
1332 2758 1591 2813 llomerus
1613 2768 1695 2813 cst
1723 2759 1978 2826 simpiici-

405 2863 486 2906 ter
515 2864 707 2922 praeter
741 2863 972 2921 poetam,
1003 2853 1191 2906 falsum
1218 2864 1323 2906 est.
1359 2850 1520 2922 Atqui
1551 2867 1670 2906 esse
1717 2863 1769 2906 et
1803 2863 1977 2920 poeta,

406 2963 511 3002 non
543 2957 665 3002 sunt
695 2948 962 3015 Opposita.
989 2947 1128 3014 Ergo
1157 2961 1262 3000 non
1287 2961 1503 3015 semper
1523 2945 1738 3015 quando
1767 2948 1983 3013 opposi-

409 3040 482 3091 tio
515 3056 613 3090 nou
645 3047 727 3091 εει
758 3041 808 3090 in
841 3038 1165 3105 prmdicatis,
1209 3050 1393 3090 verum
1436 3045 1518 3088 est
1553 3034 1752 3104 aliquid
1777 3033 1978 3102 simpli-

411 3134 545 3186 citer
571 3132 865 3200 prmdicari.
897 3132 1030 3184 Cum
1066 3138 1242 3183 autem
1273 3129 1539 3199 oppositio
1571 3130 1732 3192 inest,
1763 3142 1980 3194 semper

2077 1926 2217 1997 quod
2275 1936 2451 1982 autem
2496 1945 2603 1982 non
2659 1941 2762 1997 est,
2802 1930 3042 1998 opinioni
3089 1939 3292 1985 tantum
3339 1932 3648 2000 subjacere,

2078 2019 2220 2072 nulla
2269 2019 2429 2073 etiam
2475 2021 2695 2075 scientia
2751 2021 2946 2075 claudi.
2993 2023 3141 2087 Quod
3192 2023 3507 2080 Aristoteles
3550 2021 3650 2076 hoc

2078 2111 2238 2164 modo
2265 2109 2486 2165 discutit
2513 2129 2527 2165 :
2559 2112 2633 2166 ait
2659 2113 2825 2176 enim,
2857 2129 2962 2168 non
2998 2115 3198 2169 idcirco
3236 2125 3317 2170 est
3359 2113 3650 2183 opinabile,

2078 2205 2330 2274 quoniam
2357 2215 2460 2268 est,
2495 2205 2588 2258 sed
2621 2204 2822 2260 idcirco
2851 2208 3123 2276 opinabile
3142 2218 3244 2269 est,
3271 2208 3520 2277 quoniam
3545 2220 3653 2262 non

2066 2309 2194 2362 est;
2230 2298 2324 2352 sed
2350 2297 2449 2351 hoc
2481 2298 2618 2366 quod
2658 2314 2762 2352 non
2804 2308 2904 2362 ρει,
2942 2309 3024 2353 εει
3057 2299 3271 2368 quidem
3310 2297 3528 2367 aliquid,
3559 2296 3653 2352 sed

2079 2400 2162 2447 est
2204 2404 2307 2444 uon
2356 2404 2450 2457 per
2493 2405 2584 2450 se,
2630 2389 2722 2444 sed
2761 2391 3053 2458 Opinabile.
3095 2389 3158 2445 Et
3206 2389 3653 2458 quemadmodum

2080 2483 2340 2536 Homerus
2366 2479 2574 2550 quidem
2605 2493 2688 2536 est
2717 2481 2993 2550 quiddam,
3033 2482 3082 2536 id
3121 2492 3201 2535 est
3238 2491 3416 2551 poeta,
3448 2496 3557 2535 non
3579 2491 3653 2535 ta-

2082 2589 2204 2627 men
2227 2583 2310 2626 est
2340 2587 2433 2640 per
2463 2586 2542 2637 se,
2571 2573 2639 2625 ita
2683 2571 2733 2626 id
2759 2572 2898 2643 quod
2928 2588 3032 2626 non
3070 2582 3169 2638 est,
3194 2581 3277 2627 est
3305 2573 3522 2642 quidem
3555 2573 3656 2627 ali-

2080 2665 2229 2735 quid,
2272 2664 2323 2718 id
2357 2675 2438 2718 est
2466 2664 2754 2732 opinabile,
2799 2665 2882 2719 vel
2921 2665 3237 2736 ignorabile,
3267 2667 3347 2721 vel
3379 2666 3656 2730 nescibile,

2081 2772 2186 2811 non
2215 2768 2391 2812 tamen
2419 2766 2501 2811 cst
2524 2757 2720 2826 aliquid
2753 2771 2847 2824 per
2873 2772 2930 2812 se
2958 2758 3008 2811 in
3033 2766 3240 2812 natura.
3351 2765 3361 2773 '

2084 2867 2150 2904 DE
2196 2865 2668 2905 ENUNTIATIONIBUS
2701 2863 2972 2914 Μοιιοιιυει,
3006 2865 3304 2914 Ροεειειιιε,
3340 2866 3656 2907 CONTINGBH-

2394 2957 2498 3003 'I'IS,
2542 2954 2896 3003 IHPOSSIBILIS,
2931 2955 2995 2992 ET
3026 2954 3350 2993 NECESSARII.
3408 2979 3415 2986 .

2159 3030 2259 3085 His
2299 3046 2416 3084 vero
2451 3030 2643 3084 determ
2669 3033 2824 3096 natis,
2860 3031 3267 3101 perspiciendum
3301 3040 3375 3086 est
3415 3033 3658 3102 quemad-

2094 3124 2296 3176 modum
2342 3139 2450 3176 sese
2489 3123 2670 3176 habent
2700 3122 3056 3192 oﬂirmationes
3090 3135 3138 3175 et
3177 3124 3466 3191 negationes
3502 3123 3570 3176 ad
3608 3137 3659 3178 se

415 3222 602 3277 falsum
641 3234 720 3278 est
762 3240 920 3276 unum
963 3221 1494 3289 prirdicainontoium
1538 3235 1657 3288 quae
1694 3220 1874 3287 juncta
1905 3218 1987 3271 di-
2013 3185 2061 3248 θ
2091 3215 2323 3279 invicem,
2355 3212 2436 3267 lue
2470 3213 2660 3266 scilicet
2691 3228 2804 3280 quae
2831 3221 2948 3265 sunt
2981 3214 3042 3265 de
3067 3212 3294 3283 possibili
3329 3229 3436 3265 esse
3475 3221 3525 3297 et
3561 3229 3660 3266 non

413 3326 626 3381 cuntur,
657 3315 968 3381 simpliciter
995 3324 1047 3367 et
1080 3323 1274 3382 prartcr
1300 3313 1443 3367 aliud
1472 3311 1672 3366 dicere.
1698 3310 1828 3363 Nam
1865 3325 1985 3363 cum

413 3408 478 3461 de
511 3407 738 3461 Homero
766 3407 992 3460 dit-imus
1015 3405 1267 3474 quoniam
1292 3413 1373 3457 est
1401 3403 1619 3473 aliquid,
1657 3401 1709 3456 id
1740 3412 1823 3457 est
1851 3416 1985 3471 quo-

413 3502 550 3556 niam
581 3501 845 3555 i-lomerus
877 3509 1031 3569 poeta
1063 3509 1168 3566 est,
1201 3514 1382 3553 verum
1413 3509 1516 3553 est.
1553 3498 1798 3566 Nunquid
1829 3496 1986 3550 etiam

414 3591 692 3646 dicendum
731 3601 813 3646 est
859 3607 952 3661 per
997 3606 1056 3645 se
1087 3592 1338 3659 quoniam
1388 3599 1488 3649 est,
1535 3607 1599 3644 an
1650 3592 1826 3659 potius
1869 3605 1988 3643 esse

416 3701 518 3738 non
551 3685 887 3754 simpliciter,
918 3685 1011 3738 sed
1041 3683 1332 3738 secundum
1375 3682 1625 3736 accidens
1649 3683 1714 3735 de
1758 3683 1990 3735 llomero

417 3777 760 3844 prccdicatuni
800 3785 899 3830 est.
935 3775 1046 3829 Non
1079 3777 1220 3829 enim
1254 3774 1375 3844 quia
1419 3785 1522 3836 εει,
1557 3773 1650 3827 sed
1681 3773 1800 3841 quia
1835 3783 1987 3842 poeta

418 3877 521 3933 est,
555 3877 609 3922 et
635 3870 882 3936 quoniam
910 3869 955 3921 ei
979 3877 1032 3920 et
1063 3875 1212 3935 poeta
1243 3861 1362 3920 esse
1390 3866 1602 3920 accidit.
1637 3865 1840 3919 Idcirco
1871 3880 1991 3920 esse

425 3977 637 4028 quoque
667 3961 949 4013 Homerum
977 3961 1192 4029 aliquid,
1219 3958 1268 4013 id
1299 3970 1377 4012 est
1410 3967 1642 4028 poetam,
1679 3975 1782 4012 non
1815 3973 1911 4026 per
1933 3973 1992 4013 se

423 4067 542 4106 esse
567 4051 951 4120 praedicamus;
980 4053 1240 4107 concludit
1263 4052 1422 4121 igitur
1448 4054 1547 4106 hoc
1576 4051 1735 4105 modo
1759 4070 1772 4103 ε

496 4147 666 4212 Quare
701 4147 753 4198 in
791 4147 1163 4216 quibuscunque
1206 4147 1498 4215 prwdicatis
1529 4145 1854 4198 contrarietas
1895 4159 1995 4196 non

420 4243 578 4302 inest,
629 4239 672 4290 si
712 4238 1024 4304 deﬁnitiones
1070 4254 1164 4309 pro
1205 4239 1493 4290 nominibus
1534 4237 1780 4295 dicantur,
1823 4245 1872 4287 et
1914 4249 1995 4288 se-

422 4332 644 4384 cundum
685 4349 737 4385 se
777 4333 1154 4397 praedicantur,
1199 4340 1246 4385 et
1299 4349 1397 4384 non
1439 4331 1716 4403 secundum
1759 4330 1995 4383 accidens

424 4427 475 4477 in
511 4426 587 4478 his
622 4425 838 4495 aliquid,
873 4435 916 4480 et
947 4427 1247 4495 simpliciter
1285 4443 1459 4479 verum
1505 4426 1594 4478 erit
1627 4426 1812 4477 dicere.
1846 4423 1997 4489 Quod

425 4524 590 4568 autem
617 4531 713 4568 non
757 4526 854 4583 est,
889 4519 1128 4582 quoniam
1159 4517 1410 4586 apinabile
1450 4527 1542 4580 est,
1583 4534 1681 4569 non
1719 4525 1792 4568 est
1823 4531 1993 4568 verum

428 4607 595 4661 dicere
627 4624 730 4662 esse
768 4608 984 4677 aliquid.
1020 4609 1259 4679 Opinatio
1288 4610 1562 4679 eniot'rjus
1604 4617 1694 4670 est,
1736 4623 1836 4659 non
1868 4621 1996 4676 quo-

427 4700 564 4752 niam
589 4710 679 4762 esl,
709 4700 795 4752 sed
816 4700 1056 4769 quoniam
1087 4715 1192 4751 non
1217 4712 1310 4752 est.

501 4790 554 4841 In
583 4788 896 4858 quibusdam
935 4789 1076 4842 cnim
1108 4789 1410 4843 nominibus
1448 4787 1604 4842 dictis
1635 4803 1737 4841 non
1782 4796 2003 4856 apparet

429 4882 726 4951 oppositio:
755 4882 893 4951 quod
919 4880 963 4934 si
994 4881 1336 4948 deﬁniantur,
1370 4896 1490 4934 mox
1523 4894 1640 4934 sese
1665 4880 1753 4932 illa
1780 4879 2000 4948 opposi—

432 4976 506 5026 tio
530 4973 796 5042 patefacit,
822 4982 877 5026 ut
901 4972 952 5025 in
985 4988 1052 5027 eo
1079 4972 1218 5040 quod
1240 4982 1322 5028 est
1351 4975 1508 5026 homo
1535 4983 1589 5026 et
1617 4981 1877 5032 mortuus,
1909 4984 2003 5023 no-

431 5065 575 5117 mina
621 5063 833 5132 quidem
867 5063 980 5132 ipsa
1030 5065 1275 5132 Opposita
1316 5081 1419 5117 non
1460 5075 1600 5128 sunt,
1651 5063 1745 5118 sed
1782 5063 2002 5116 detinita

430 5155 774 5208 inveniuntur
797 5139 1063 5226 opposiia.
1092 5155 1148 5210 In
1181 5155 1481 5225 hujusmodi
1512 5157 1677 5226 igitur
1705 5155 2001 5225 oppositio-

434 5250 592 5300 uibus
619 5247 696 5301 vel
726 5247 932 5317 quoties
957 5263 1061 5300 non
1092 5248 1385 5302 secundum
1415 5247 1663 5302 accidens
1684 5246 2004 5316 praedicatur

429 5339 648 5409 aiiquid,
681 5350 736 5393 ut
762 5354 881 5393 esse
913 5343 980 5393 de
1012 5339 1247 5394 Homero
1274 5337 1566 5392 secundum
1592 5344 1824 5404 poetam,
1860 5335 2007 5388 scili-

430 5445 517 5487 cet
542 5434 681 5503 quod
719 5433 950 5485 llomero
991 5431 1246 5487 accidens
1275 5440 1379 5495 est,
1411 5429 1508 5484 sed
1541 5443 1634 5497 per
1661 5443 1720 5482 se
1749 5437 1801 5480 et
1827 5442 2010 5480 secun-

434 5533 561 5577 dum
613 5527 781 5592 ipsum
832 5524 1170 5593 subjectum,
1232 5522 1570 5577 mattiiestum
1629 5529 1710 5573 est
1762 5518 2011 5587 quoniam

434 5613 694 5685 quidquid
727 5612 1013 5679 conjuuete
1045 5628 1172 5665 vere
1203 5613 1306 5667 dici
1331 5620 1526 5681 potest,
1556 5598 1701 5665 idem
1733 5623 1857 5661 vere
1889 5606 2016 5662 dici-

437 5721 526 5760 tur
567 5717 617 5757 et
649 5703 958 5771 simpliciter
999 5704 1369 5770 praedicatum,
1405 5713 1460 5758 ut
1512 5703 1559 5758 si
1596 5702 1716 5773 quis
1761 5701 1903 5756 dicat
1949 5701 2015 5755 de

439 5803 617 5868 aliquo
663 5795 878 5853 nomine
908 5795 1169 5868 quoniam
1200 5795 1286 5852 hic
1317 5800 1473 5857 homo
1500 5797 1655 5857 albus
1685 5806 1792 5866 est,
1832 5811 2014 5853 verum

723 5903 954 5961 Ρλτιιοι
1042 5899 1260 5963 LXIV.

2089 3305 2336 3374 possibili,
2372 3304 2434 3355 de
2455 3304 2768 3373 contingenti
2802 3312 2849 3356 et
2879 3319 2980 3356 non
3011 3305 3346 3374 contingenti,
3374 3305 3436 3356 de
3472 3308 3661 3373 impos-

2089 3397 2225 3451 sibili
2257 3407 2302 3450 et
2333 3396 2633 3450 necessario.
2667 3394 2873 3449 Habent
2906 3395 3038 3448 enim
3071 3394 3269 3465 aliquas
3299 3395 3660 3449 dubitationes.

2162 3488 2593 3556 Propositionum
2616 3489 2732 3540 alim
2755 3495 2880 3542 sunt
2902 3502 3022 3555 qua:
3042 3487 3355 3555 simpliciter
3376 3486 3662 3555 proferun-

2092 3589 2197 3643 tur,
2241 3580 2359 3633 aliie
2392 3580 2583 3649 quibus
2624 3580 2812 3648 aliquis
2848 3579 3037 3633 modus
3074 3579 3128 3632 in
3171 3581 3534 3633 enuntiatione
3563 3579 3662 3633 mi-

2089 3683 2288 3726 scetur.
2325 3673 2378 3726 Si
2411 3678 2531 3740 quis
2567 3673 2709 3725 enim
2750 3673 2928 3726 dicat:
2957 3671 3208 3726 Socrates
3234 3671 3492 3740 disputat,
3529 3672 3663 3724 sim-

2091 3766 2283 3832 plicem
2327 3761 2746 3832 propositionem
2791 3761 2948 3825 fecit;
2985 3763 3028 3815 si
3068 3776 3197 3815 vero
3245 3762 3438 3830 aliquis
3480 3761 3659 3815 dicat:

2091 3857 2341 3911 Socrates
2377 3855 2513 3909 bene
2563 3854 2818 3920 diSputat,
2855 3853 3070 3904 modum
3115 3853 3462 3920 propositioni
3499 3869 3661 3922 quam

2093 3949 2408 4004 enuntiabat
2446 3943 3010 4013 adjunxit;quomodu
3050 3945 3191 3998 cnim
3239 3945 3536 4013 disputaret
3565 3959 3662 4014 ap—

2091 4043 2286 4110 posuit,
2333 4053 2450 4091 cum
2506 4038 2635 4090 dixit
2665 4037 2817 4091 bene.
2860 4034 3009 4090 Nunc
3047 4050 3173 4102 ergo
3219 4035 3321 4089 hoc
3359 4038 3666 4105 speculatur
3700 4107 3703 4110 _

2094 4127 2541 4201 quemadmodum
2564 4145 2622 4181 se
2648 4128 2840 4181 habent
2871 4126 3253 4180 aitirmationes
3276 4135 3331 4180 et
3354 4115 3670 4196 negationes

2095 4241 2277 4280 earum
2313 4222 2758 4292 proiiositionum,
2788 4237 2907 4290 qua:
2943 4235 3064 4275 cum
3097 4221 3257 4274 modo
3286 4219 3464 4290 aquuo
3491 4219 3670 4289 profea

2097 4328 2306 4382 runtur,
2337 4316 2463 4369 utsi
2487 4315 2604 4384 quis
2625 4315 2786 4378 dicat,
2815 4313 3067 4383 possibile
3091 4325 3166 4368 est
3187 4314 3287 4368 hoc
3317 4313 3452 4377 lieri,
3479 4324 3530 4367 et
3548 4328 3666 4367 rur-

2099 4424 2214 4475 sus,
2258 4423 2362 4461 non
2388 4406 2642 4475 possibile
2671 4416 2751 4460 est
2779 4406 2879 4458 hoc
2910 4405 3046 4471 ﬁeri,
3072 4404 3516 4474 quemadmodum
3549 4419 3670 4461 sese

2105 4503 2156 4556 in
2182 4501 2264 4555 his
2288 4499 2664 4554 al'ﬁitnationis
2701 4501 2895 4552 habeat
2926 4501 3324 4566 nt-gationisque
3347 4507 3550 4552 natura.
3587 4499 3670 4555 Sic

2102 4596 2297 4651 utiliter
2328 4603 2504 4648 autem
2547 4604 2602 4647 et
2631 4593 2682 4645 in
2719 4607 2784 4646 eo
2805 4591 2946 4660 quod
2981 4601 3062 4644 est
3099 4590 3424 4660 impossibile
3449 4606 3590 4659 esse,
3615 4601 3670 4646 et

2102 4691 2158 4743 in
2187 4703 2253 4742 eo
2291 4685 2431 4756 quod
2461 4695 2542 4739 est
2577 4699 2798 4745 necesse
2841 4698 2981 4746 esse,
3023 4692 3074 4738 et
3111 4684 3163 4736 in
3198 4698 3263 4736 eo
3299 4683 3438 4752 quod
3479 4682 3689 4768 dicitur!

2103 4782 2414 4850 coiitiugere
2461 4793 2601 4844 case,
2643 4785 2698 4830 ct
2743 4792 2845 4830 non
2891 4775 3202 4843 contingere
3245 4791 3382 4829 esse.
3438 4769 3712 4860 Qua-que;

2106 4874 2295 4929 horum
2348 4871 2453 4926 sint
2502 4870 2918 4934 aiﬁrmationes,
2967 4884 3154 4937 quaeve
3203 4867 3526 4938 negationes,
3582 4879 3689 4938 aut,

2107 4983 2262 5037 quant
2305 4964 2714 5019 atﬁrmationem
2755 4961 2839 5016 cui
2877 4961 3146 5030 negatioui
3186 4969 3326 5014 recte
3351 4961 3539 5026 aliquis
3579 4945 3687 5027 0p-'

2105 5070 2306 5132 ponat:
2342 5060 2416 5114 De
2464 5059 2545 5112 his
2589 5056 2835 5111 omnibus
2867 5054 3315 5124 perspiciendum,
3351 5052 3535 5120 inquit.
3566 5061 3666 5117 est,

2107 5154 2358 5225 quoniam
2389 5167 2448 5206 ea
2480 5165 2598 5220 quae
2623 5151 2690 5205 de
2719 5147 3019 5218 conjunctis
3044 5157 3098 5201 et
3123 5145 3448 5214 simplicibus
3480 5143 3670 5213 priedi-

2109 5241 2406 5297 cationibus
2449 5238 2671 5294 dicenda
2707 5237 2938 5302 fuerant,
2971 5237 3246 5290 terminata
3275 5241 3416 5287 sunt.
3449 5235 3574 5284 eam
3604 5232 3673 5286 de

2109 5349 2291 5391 earum
2335 5334 2752 5403 propositionum
2792 5345 2911 5397 qua:
2949 5343 3072 5380 cum
3113 5325 3269 5378 modo
3313 5324 3670 5392 proferuntur,

2112 5427 2552 5498 oppositionibus,
2599 5422 2762 5479 multa
2787 5418 3020 5474 causatio
3054 5429 3153 5472 est.
3185 5419 3314 5484 Qua:
3350 5425 3528 5470 autem
3573 5417 3676 5469 siut

2114 5523 2490 5582 dubitationes,
2523 5516 2605 5571 vel
2641 5509 3085 5583 quemadmodum
3123 5508 3178 5562 in
3208 5508 3290 5561 his
3319 5507 3679 5576 oppositiones

2118 5609 2446 5667 invenienda:
2478 5613 2623 5674 sunt,
2660 5602 2908 5658 continua
2945 5597 3303 5667 disputatione
3326 5599 3676 5666 persequitur.

2190 5701 2328 5756 Nam
2357 5702 2399 5754 si
2433 5715 2603 5751 eorum
2631 5709 2745 5765 qtae
2776 5694 3178 5765 complectuntur
3207 5691 3311 5743 ίιιω
3339 5689 3431 5742 sibi
3473 5691 3678 5742 invicem

2121 5796 2364 5867 oppositi:
2411 5799 2528 5847 sunt
2569 5786 3012 5852 contradictiones,
3064 5782 3680 5928 quacunqueis'ecundunt

2466 5998 2538 6012 ~.,s
2555 5999 2598 6009 --σ
