4280 6268
1892 178 1905 209 ζ

635 344 739 402 365

1861 345 1968 402 an.
2011 328 2218 404 um.
2256 344 2407 404 sev.
2447 346 2669 406 socru

3778 340 3881 402 564

632 477 740 516 esse
759 468 804 514 et
842 475 942 513 non
965 473 1069 511 esse
1094 455 1451 526 disponuntur,
1478 464 1528 509 ut
1558 458 1669 528 ejus
1690 472 1804 526 qua:
1832 468 1905 511 est
1930 502 1946 524 ,
1979 475 2081 513 esse
2112 460 2204 512 lto-
2230 458 2282 520 Δ
2309 477 2530 531 quarum
2566 470 2749 516 natura
2782 459 2836 516 in
2869 457 3240 531 complexione
3260 467 3363 524 est,
3387 459 3494 514 illa:
3522 458 3621 515 sibi
3654 458 3878 514 invicem

633 556 839 613 minem,
867 549 1066 621 negatio
1098 560 1191 611 est,
1238 565 1339 600 non
1382 567 1485 602 esse
1516 549 1787 617 hominem,
1817 568 1935 615 non,
1968 569 2075 606 esse
2102 569 2206 607 non

632 646 905 697 hominem.
940 640 1000 693 Et
1032 641 1141 712 ejus
1161 657 1272 709 qua:
1299 650 1393 704 εει,
1417 658 1521 695 esse
1550 641 1720 694 album
1749 644 2016 707 hominem,
2051 662 2202 715 nega-

632 736 703 788 tio
725 745 793 788 est
825 750 881 786 ea
907 749 1020 802 quae
1048 743 1143 795 est,
1184 749 1282 785 non
1312 749 1418 786 esse
1446 731 1617 785 album
1648 732 1921 797 hominem,
1950 738 2039 788 sed
2079 753 2200 804 non,

631 843 856 883 essenon
895 826 1065 877 album
1092 823 1366 882 hominem.
1399 824 1458 880 Si
1480 825 1612 878 enim
1648 827 1710 880 de
1751 827 1982 881 omnibus
2008 841 2096 882 aut
2126 830 2205 883 di-

631 919 728 969 ctio
754 926 846 979 est,
877 925 966 968 aut
995 915 1215 984 negatio,
1244 914 1433 984 lignum
1455 917 1550 968 erit
1580 931 1751 968 verum
1778 919 1944 970 dicere
1969 934 2079 971 esse
2102 936 2205 973 non

630 1008 801 1061 album
821 1007 1093 1094 hominem.
1130 1005 1278 1070 Quod
1307 1007 1348 1057 si
1378 1005 1484 1059 Ιιιει·
1513 993 1806 1071 Ιιοσίιιοάο,
1837 1020 1880 1061 ει
1903 1009 2205 1077 quibuscun-

630 1119 725 1172 que
752 1119 854 1156 esse
876 1117 975 1154 non
1004 1101 1235 1164 additur,
1270 1100 1400 1152 idem
1440 1100 1590 1168 faciet
1622 1100 1675 1153 id
1713 1101 1849 1171 quod
1872 1119 1963 1172 pro
1991 1119 2097 1155 esse
2125 1104 2206 1156 di-

630 1197 781 1260 citur,
818 1203 870 1247 ut
898 1194 1007 1259 eius
1033 1210 1145 1249 aute
1172 1201 1245 1247 est
1264 1235 1277 1257 ,
1311 1194 1536 1245 ambulat
1566 1193 1735 1258 homo,
1763 1196 1961 1264 negatio
1989 1205 2080 1263 est,
2106 1212 2207 1250 non

628 1304 689 1341 ea
719 1302 829 1356 qua:
852 1293 947 1348 est,
974 1284 1201 1338 ambulat
1240 1300 1340 1337 non
1378 1285 1549 1349 homo,
1581 1285 1670 1337 sed
1716 1301 1775 1337 ea
1816 1302 1926 1354 qua:
1969 1294 2063 1353 est,
2106 1304 2208 1342 non

628 1380 850 1432 ambulat
878 1379 1045 1431 homo.
1088 1375 1239 1429 Nihil
1259 1378 1407 1441 enim,
1428 1376 1599 1444 (ti/fert
1625 1377 1791 1429 dicere
1818 1378 2069 1430 hominem
2098 1395 2210 1431 am-

628 1474 821 1537 bulare,
850 1469 926 1524 vel
972 1470 1225 1523 hominem
1263 1470 1604 1523 ambulantem
1644 1486 1769 1523 esse.
1819 1470 1989 1536 Quare
2027 1472 2071 1524 si
2114 1474 2210 1524 hoc

628 1568 776 1620 modo
794 1567 844 1619 in
869 1564 1116 1626 omnibus,
1142 1574 1187 1617 et
1211 1565 1321 1633 ejus
1347 1580 1459 1632 qua:
1480 1571 1574 1629 est,
1606 1561 1845 1632 possibile
1871 1573 1942 1616 est
1973 1561 2096 1629 esse,
2121 1581 2209 1617 ne-

626 1658 764 1731 gatio
790 1667 884 1724 εει,
916 1654 1153 1725 possibile
1184 1667 1254 1708 est
1294 1672 1397 1708 non
1432 1671 1557 1717 esse,
1588 1653 1681 1707 sed
1717 1671 1817 1707 non
1865 1671 1923 1706 ea
1959 1672 2071 1721 qua:
2111 1666 2204 1721 est,

628 1763 725 1799 non
756 1743 991 1814 possibile
1018 1753 1089 1795 est
1114 1757 1256 1805 esse;
1282 1740 1480 1793 videtur
1504 1750 1669 1792 autem
1694 1741 1827 1792 idem
1856 1757 1999 1810 posse
2024 1757 2131 1793 esse
2159 1749 2207 1793 et

2308 555 2567 625 opposita:
2597 565 2720 609 sunt
2744 552 3225 620 Contradictiones;
3238 568 3566 623 quaecunque
3591 553 3880 605 secundum

2308 663 2427 703 esse
2449 657 2502 703 et
2533 663 2636 701 tton
2672 662 2792 703 esse
2819 646 3195 716 disponuntur,
3246 660 3297 701 ut
3336 646 3418 701 hae
3446 660 3580 715 quas
3620 661 3777 712 supra
3805 644 3886 697 di-

2307 741 2593 809 gessimus,
2622 756 2951 810 quarumque
2981 741 3097 810 ipse
3122 740 3361 805 exempla
3392 741 3657 810 proponit.
3686 748 3744 793 ut
3773 744 3888 805 ejus

2308 849 2426 904 quae
2458 844 2555 897 est,
2588 849 2707 888 esse
2733 834 3024 896 hominem,
3059 834 3269 901 negatio
3294 841 3393 888 est.
3430 848 3536 886 non
3566 847 3686 886 esse
3711 830 3887 885 homi-

2310 939 2451 978 nem.
2481 924 2604 977 Haec
2633 927 2773 976 enim
2820 923 2986 990 ipsius
3015 922 3388 977 afﬁrtnationis
3420 922 3711 976 secundum
3745 935 3887 984 esse,

2308 1027 2361 1072 et
2385 1032 2489 1072 non
2515 1033 2635 1071 esse
2662 1016 2871 1085 negatio
2893 1026 2994 1082 est,
3022 1027 3075 1070 et
3099 1016 3183 1071 hic
3205 1017 3626 1073 subaudiendum
3656 1026 3758 1080 est,
3784 1032 3891 1071 non

2308 1110 2394 1163 illa
2432 1110 2643 1179 negatio
2672 1119 2772 1174 est,
2808 1125 2900 1177 per
2925 1125 3084 1179 quam
3115 1111 3242 1165 dicit
3275 1126 3396 1165 csse
3435 1127 3540 1164 non
3589 1111 3885 1175 hominem,

2312 1211 2367 1256 ut
2408 1203 2477 1255 sit
2503 1217 2695 1258 sensus
2739 1202 3110 1257 attirmationis
3148 1219 3266 1272 quae
3306 1214 3387 1258 est
3422 1218 3542 1258 esse
3596 1202 3888 1267 hominem,

2311 1294 2524 1363 negatio
2570 1305 2653 1349 est
2700 1310 2804 1348 non
2850 1310 2973 1349 esse
3019 1294 3307 1349 hominem.
3344 1278 3455 1349 Non
3487 1296 3575 1349 illa
3606 1311 3723 1362 quae
3763 1293 3892 1348 dicit

2310 1401 2560 1459 essenon
2608 1387 2899 1440 hominem.
2946 1388 3011 1440 Et
3055 1388 3154 1441 hoc
3200 1387 3412 1455 quidem
3442 1388 3508 1441 de
3539 1386 3885 1450 simplicibus.

2312 1476 2516 1531 Rursus
2538 1477 2603 1532 de
2636 1479 2717 1532 his
2759 1480 2808 1532 in
2841 1478 3031 1548 quibus
3061 1489 3144 1534 est
3170 1482 3381 1533 tertium
3413 1478 3744 1549 prmdicatur,
3777 1480 3893 1545 ejus

2312 1585 2430 1639 qua:
2457 1580 2559 1633 est,
2589 1585 2707 1624 esse
2737 1570 2917 1624 album
2963 1572 3260 1637 hominem,
3295 1587 3399 1625 non
3447 1570 3532 1625 hic
3571 1571 3893 1626 subaudien-

2314 1660 2436 1712 dum
2468 1668 2569 1723 εει,
2600 1659 2686 1713 illa
2719 1670 2802 1714 est
2844 1660 3054 1729 negatio
3082 1676 3199 1730 quae
3241 1662 3389 1726 dicit,
3424 1675 3542 1715 esse
3582 1676 3684 1714 non
3716 1662 3892 1715 album

2315 1750 2605 1803 hominem.
2661 1750 2764 1806 Sed
2813 1750 2897 1805 hic
2940 1766 3150 1819 quoque
3180 1750 3605 1805 subaudiendum
3645 1760 3747 1820 est,
3802 1734 3893 1807 illa

622 1854 727 1896 non
765 1856 894 1907 esse,
926 1855 1070 1892 omne
1105 1838 1237 1890 enim
1265 1837 1401 1907 quod
1431 1847 1502 1889 est
1540 1853 1656 1906 pass
1680 1835 1780 1889 bile
1810 1838 1969 1890 dividi
1994 1837 2070 1891 vel
2102 1855 2213 1890 ant-
2240 1835 2289 1894 Β
2317 1856 2434 1911 quas
2465 1841 2611 1904 dicit,
2641 1856 2746 1895 non
2770 1856 2889 1896 esse
2918 1842 3096 1895 album
3127 1842 3417 1907 hominem,
3448 1851 3507 1896 ut
3543 1843 3611 1896 sit
3658 1842 3744 1897 hic
3772 1857 3894 1897 sen~

627 1934 821 1999 bulare,
853 1942 899 1986 et
928 1948 1028 1984 non
1054 1929 1317 1981 ambulare
1344 1937 1390 1981 et
1422 1944 1522 1981 non
1560 1927 1718 1980 dividi
1748 1927 1985 1995 possibile
2011 1940 2101 1982 est.

674 2024 882 2081 'Ontttis
934 2021 1225 2093 propositio
1252 2019 1534 2075 verborum
1573 2032 1626 2073 et
1669 2021 1940 2075 nominum
1971 2022 2206 2089 comple-

626 2116 785 2172 xione
806 2113 1091 2180 formatur;
1111 2126 1238 2183 ergo
1257 2114 1678 2181 propositionum
1705 2130 1822 2183 quae
1841 2114 2207 2182 complectun-

626 2220 735 2275 tur,
766 2217 817 2262 et
844 2222 1067 2278 quarum
1102 2214 1286 2259 natura
1320 2204 1371 2258 in
1402 2203 1772 2272 complexione
1803 2215 1906 2272 εει,
1946 2206 2048 2260 illa:
2079 2208 2206 2263 sola:

625 2313 770 2371 sunt,
798 2301 987 2372 inquit,
1017 2299 1488 2357 contradictiones.
1527 2299 1867 2368 Quaecunque
1909 2301 2205 2355 secundum

624 2407 746 2452 esse
766 2406 818 2450 et
850 2409 955 2447 non
986 2407 1105 2448 esse
1130 2402 1418 2461 ponuntur,
1455 2400 1511 2446 ut
1538 2394 1588 2445 in
1611 2407 1671 2447 ea
1705 2392 2063 2461 prepositione
2087 2410 2207 2464 qua:

624 2488 773 2552 dicit,
803 2498 885 2541 εει
919 2487 1099 2553 homo,
1132 2501 1240 2540 non
1280 2496 1359 2540 εει
1389 2486 1478 2540 illa
1528 2488 1741 2553 negatio
1781 2488 1939 2556 hujus
1969 2487 2206 2541 alhrma—

627 2581 785 2635 tionis
812 2595 930 2649 quae
978 2579 1250 2646 proponit,
1280 2586 1496 2631 estnon
1549 2578 1729 2641 homo,
1774 2579 1865 2632 sed
1914 2579 1996 2631 illa
2032 2579 2207 2648 potius

624 2669 742 2740 quae
763 2670 1023 2729 enuntiat,
1050 2681 1157 2719 non
1182 2677 1261 2719 est
1295 2667 1471 2730 homo,
1509 2676 1565 2719 ut
1595 2670 1665 2722 sit
1706 2670 1991 2724 afﬁrmatio
2030 2680 2083 2724 ει
2114 2686 2208 2725 ηε-

623 2761 783 2831 gatio,
817 2758 1108 2833 estltnmo,
1142 2774 1244 2811 non
1278 2768 1359 2812 est
1391 2758 1571 2812 homo.
1618 2757 1712 2812 Illa
1741 2774 1869 2813 vero
1897 2777 2012 2827 qua:
2054 2761 2203 2825 dicit,

624 2862 703 2909 est
734 2867 842 2907 non
867 2850 1047 2917 homo,
1078 2864 1185 2904 non
1210 2859 1293 2904 est
1319 2850 1530 2917 negatio
1551 2850 1809 2920 ejus-quae
1836 2852 2091 2918 enuntiat,
2123 2861 2207 2907 est

624 2944 816 3011 homo,
864 2945 957 2999 Sed
1010 2952 1095 2999 est
1136 2941 1427 2997 affirmatio
1457 2943 1572 3013 ejus
1611 2944 1906 3012 negationis
1950 2960 2069 3014 mue
2098 2955 2201 3016 est,

625 3050 729 3095 non
770 3047 853 3094 est
884 3052 986 3092 non
1022 3037 1202 3091 homo.
1244 3036 1449 3091 Rursus
1489 3052 1607 3091 cum
1650 3035 1899 3105 dicimus,
1933 3046 2023 3091 est
2048 3038 2205 3093 albus

624 3131 805 3197 homo,
837 3146 943 3185 non
978 3140 1060 3184 est
1102 3130 1314 3201 negatio
1357 3128 1447 3183 illa
1489 3128 1646 3197 hujus
1682 3130 2054 3184 affirmatiouis
2085 3149 2204 3201 qua:

2309 1947 2433 1987 sus:
2469 1934 2637 2003 Hujus
2665 1933 3039 1987 atlirtnatioiiis
3070 1950 3185 2003 qum
3212 1945 3314 1997 est,
3347 1949 3469 1989 esse
3497 1934 3673 1988 album
3719 1934 3893 1989 homi-

2314 2042 2457 2089 nem,
2490 2041 2594 2078 non
2625 2034 2708 2079 est
2740 2025 2823 2078 illa
2854 2026 3067 2094 negatio
3114 2041 3234 2095 qua:
3266 2026 3396 2080 dicit
3426 2040 3545 2081 esse
3572 2040 3679 2079 non
3716 2026 3895 2083 album

2310 2117 2615 2180 hominem;
2665 2115 2757 2170 sed
2802 2116 2888 2171 illa
2939 2119 3115 2185 potius
3158 2133 3277 2185 qua:
3324 2115 3589 2185 proponit,
3634 2132 3739 2170 non
3777 2130 3896 2171 esse

2310 2212 2485 2265 album
2507 2210 2799 2275 hominem,
2819 2219 2873 2264 et
2894 2209 2992 2265 hoc
3015 2210 3273 2279 approbat
3298 2210 3625 2264 inductione.
3650 2208 3704 2264 Si
3727 2209 3894 2277 enim,

2311 2300 2503 2371 inquit,
2537 2300 2605 2354 de
2636 2300 2882 2354 omnibus
2915 2309 3007 2353 aut
3040 2300 3201 2354 dictio
3243 2311 3346 2363 est,
3388 2299 3441 2355 id
3483 2310 3564 2355 est
3609 2300 3895 2353 afﬁrmatio

2309 2406 2399 2447 aut
2434 2393 2643 2461 negatio
2675 2407 2818 2456 vera,
2854 2408 2974 2445 cum
3014 2392 3213 2460 lignum
3247 2392 3441 2445 falsum
3471 2391 3541 2445 sit
3569 2390 3747 2445 dicere
3773 2406 3896 2446 esse

2310 2484 2487 2538 album
2520 2483 2811 2547 hominem,
2844 2496 3027 2536 verum
3055 2482 3217 2537 debet
3245 2498 3365 2537 esse
3394 2482 3462 2537 de
3485 2496 3551 2536 eo
3577 2483 3753 2537 dicere
3773 2496 3897 2537 esse

2314 2590 2417 2627 non
2442 2574 2619 2627 album
2654 2574 2947 2640 hominem,
2980 2576 3023 2627 si
3058 2574 3173 2628 haec
3220 2576 3432 2644 negatio
3473 2584 3555 2630 est
3603 2574 3897 2642 superioris

2312 2665 2705 2731 afﬁrmationis,
2735 2666 2826 2719 sed
2852 2674 3092 2735 utrmque
3119 2666 3266 2721 falsa:
3294 2676 3436 2720 sunt.
3467 2666 3592 2721 Haec
3610 2666 3768 2736 igitur
3789 2682 3897 2723 non

2312 2771 2395 2812 est
2427 2758 2569 2812 illius
2604 2756 2977 2811 affirmationis
3009 2760 3239 2825 negatio.
3272 2757 3413 2827 Ergo
3441 2757 3735 2812 secundum
3778 2772 3898 2814 esse

2310 2858 2486 2903 etnon
2511 2865 2630 2903 esse
2651 2850 3105 2904 contradictiones
3125 2849 3340 2904 sibimet
3360 2860 3723 2919 opponuntur.
3745 2850 3897 2917 Quod

2311 2941 2354 2992 si
2382 2939 2482 2993 hoc
2508 2940 2665 2993 modo
2693 2948 2747 2993 et
2774 2940 3201 3010 quantiscunque
3228 2954 3349 2994 esse
3373 2954 3476 2993 non
3499 2939 3732 3005 additur,
3756 2939 3896 2996 idem

2312 3032 2465 3087 faciet
2498 3034 2637 3102 quod
2668 3049 2760 3102 pro
2788 3049 2913 3090 esse
2943 3034 3155 3089 dicitur.
3183 3035 3320 3090 Sunt
3356 3035 3601 3107 quaedam
3648 3037 3893 3107 pr0posi-

2313 3124 2486 3177 tiones
2513 3125 2563 3177 in
2591 3125 2785 3194 quibus
2810 3139 2931 3180 esse
2960 3140 3063 3179 non
3093 3125 3329 3191 additur,
3347 3129 3446 3180 sed
3480 3125 3531 3180 id
3562 3128 3701 3196 quod
3735 3129 3785 3181 in
3816 3128 3895 3183 his

624 3224 773 3292 dicit,
804 3233 885 3279 est
909 3238 1013 3277 non
1046 3223 1200 3279 albus
1231 3222 1411 3283 homo,
1454 3223 1547 3276 sed
1581 3224 1662 3276 illa
1698 3226 1873 3292 potius
1904 3240 2020 3294 quae
2050 3224 2198 3289 dicit,
2228 3208 2275 3271 C
2309 3224 2619 3268 enuntiatur
2663 3214 2803 3269 idem
2855 3215 2996 3269 valet
3049 3226 3297 3286 tauquam
3344 3216 3389 3271 si
3426 3233 3547 3272 esse
3589 3228 3892 3289 poneretur,

624 3332 727 3373 non
763 3324 845 3371 est
891 3316 1046 3368 albus
1088 3315 1277 3381 homo;
1326 3314 1426 3368 hoc
1457 3324 1633 3367 autem
1669 3316 1923 3381 probatur
1954 3318 2066 3370 sic:
2102 3317 2204 3371 Νε-

625 3420 774 3464 εεεεε
795 3415 877 3461 est
893 3404 1035 3460 enim
1067 3406 1117 3458 in
1151 3404 1663 3458 contradictionibus
1690 3421 1846 3459 unam
1881 3423 2059 3461 veram
2081 3424 2203 3465 εκεθ

624 3515 856 3571 semper,
882 3499 1102 3553 alteram
1131 3511 1343 3565 semper
1362 3496 1579 3561 falsam;
1607 3513 1735 3566 ergo
1759 3497 1803 3551 si
1826 3498 1940 3567 ejus
1969 3499 2206 3554 afﬁrma-

626 3594 787 3651 tionis
816 3609 934 3663 qua:
964 3590 1115 3656 dicit,
1147 3598 1231 3645 est
1259 3590 1411 3644 albus
1454 3578 1634 3655 homo,
1681 3592 1891 3659 negatio
1920 3600 2085 3654 esset,
2125 3601 2206 3646 est

627 3702 731 3744 non
760 3688 911 3743 albus
942 3686 1120 3749 homo,
1154 3699 1312 3736 unam
1344 3698 1544 3747 Vt‘l‘alll,
1587 3683 1805 3735 alteram
1841 3682 2026 3735 falsam
2060 3696 2201 3747 esse,

625 3791 911 3840 constaret.
964 3780 1113 3834 Nunc
1150 3789 1327 3832 autem
1376 3778 1418 3829 si
1470 3777 1587 3844 quis
1629 3778 1695 3831 de
1740 3777 1882 3845 ligno
1918 3778 2091 3844 dicat,
2123 3784 2207 3830 est

629 3878 782 3933 albus
831 3876 1011 3938 homo,
1060 3872 1247 3925 falsum
1288 3870 1515 3934 dixerit;
1546 3871 1588 3923 si
1629 3870 1746 3937 quis
1794 3884 1919 3923 vero
1950 3870 2017 3924 de
2062 3869 2206 3937 ligno

626 3970 816 4027 eodem
848 3979 1001 4038 neget
1034 3966 1238 4027 dicens,
1273 3972 1355 4018 est
1386 3979 1487 4015 non
1528 3962 1679 4016 albus
1711 3961 1889 4025 homo,
1940 3961 2039 4014 hoc
2067 3976 2201 4030 quo-

627 4077 729 4132 que
761 4061 950 4113 falsum
988 4068 1107 4121 est;
1162 4056 1274 4110 haec
1302 4053 1440 4109 enim
1475 4052 1765 4123 propositio
1791 4067 1909 4121 qua:
1940 4052 2089 4113 dicit,
2121 4058 2206 4105 est

626 4169 730 4209 non
761 4152 913 4206 albus
959 4151 1137 4214 homo,
1174 4148 1273 4201 hoc
1312 4147 1492 4213 sentit,
1544 4146 1810 4199 hominem
1840 4146 2053 4213 quidem
2086 4159 2207 4198 esse

627 4262 732 4302 non
763 4256 935 4298 tamen
968 4242 1169 4304 album,
1200 4239 1338 4310 quod
1372 4240 1437 4292 de
1482 4238 1623 4306 ligno
1664 4238 1851 4290 falsum
1899 4245 1982 4290 est
2013 4235 2207 4305 praedi-

628 4353 770 4392 care.
805 4335 942 4403 Ergo
973 4342 1027 4386 et
1063 4347 1124 4384 ea
1155 4345 1270 4395 quae
1298 4329 1447 4393 dicit,
1480 4337 1562 4381 est
1591 4327 1743 4380 albus
1788 4331 1965 4390 homo,
2011 4335 2065 4378 et
2117 4327 2205 4380 illa

628 4443 746 4499 quae
772 4426 1038 4495 protionit,
1058 4430 1140 4475 est
1168 4435 1269 4472 non
1296 4418 1443 4471 albus
1464 4416 1642 4479 homo,
1662 4431 1899 4482 utraeque
1924 4415 2207 4484 aliquando

630 4517 773 4575 falsae
799 4527 940 4578 sunt,
967 4522 1027 4570 ut
1054 4514 1105 4567 in
1137 4515 1304 4581 ligno;
1324 4527 1487 4580 quare.
1515 4526 1618 4561 non
1647 4518 1769 4563 sunt
1797 4510 2010 4562 sibimet
2037 4524 2207 4576 “ppo-

2313 3319 2369 3361 ut
2404 3310 2453 3361 in
2472 3322 2532 3361 ea
2556 3324 2672 3376 quae
2703 3317 2805 3369 est,
2838 3308 2998 3363 homo
3028 3311 3284 3376 ambulat,
3316 3309 3455 3379 quod
3486 3309 3608 3364 diro
3638 3309 3893 3381 ambulat,

2313 3397 2420 3451 tale
2445 3409 2525 3451 est
2552 3410 2799 3465 tauquam
2823 3398 2867 3454 si
2890 3398 3117 3466 dicatur,
3143 3402 3301 3453 homo
3326 3400 3607 3456 ambulans
3631 3410 3732 3456 est.
3755 3397 3895 3472 Ergo

2313 3492 2364 3546 in
2392 3492 2473 3546 his
2502 3506 2717 3562 quoque
2739 3509 2857 3562 quae
2888 3510 2991 3547 non
3023 3492 3222 3547 habent
3246 3504 3330 3548 est
3360 3495 3581 3565 verbum
3618 3493 3888 3565 junctum,

2313 3586 2355 3637 si
2408 3585 2744 3653 negationem
2779 3584 2842 3638 ad
2873 3586 3094 3640 verbum
3128 3584 3257 3639 illud
3302 3585 3556 3654 junxero,
3605 3585 3747 3655 quod
3803 3600 3895 3655 pro

2313 3690 2432 3731 esse
2462 3678 2691 3745 positum
2723 3688 2826 3744 est,
2857 3676 2980 3732 talis
3028 3676 3155 3731 mihi
3193 3678 3404 3747 negatio
3431 3679 3694 3744 redditur,
3723 3679 3895 3748 qualis

2313 3781 2454 3823 esset
2487 3770 2529 3822 si
2555 3770 2765 3838 negatio
2794 3769 2858 3823 ad
2887 3784 3008 3824 esse
3040 3780 3342 3837 poneretur,
3375 3782 3433 3826 ut
3462 3772 3512 3826 in
3545 3787 3608 3828 eo
3625 3772 3765 3842 quod
3788 3783 3888 3839 est,

2314 3861 2553 3915 ambulat
2585 3862 2770 3927 homo,
2802 3865 3039 3917 ambulat
3070 3879 3167 3933 pro
3195 3879 3315 3920 esse
3342 3867 3571 3935 positum
3595 3877 3698 3921 est.
3731 3868 3895 3936 Hujus

2272 3948 2281 3955 “
2314 3970 2442 4024 ergo
2472 3954 2865 4023 amrmationis,
2893 3958 3130 4013 ambulat
3160 3959 3341 4027 homo,
3372 3975 3477 4014 non
3496 3969 3579 4016 est
3605 3961 3815 4031 negatio
3834 3976 3898 4016 ea

2314 4062 2431 4115 quae
2461 4047 2609 4113 dicit,
2641 4049 2877 4103 ambulat
2920 4065 3025 4103 non
3073 4049 3251 4113 homo,
3297 4051 3393 4106 sed
3434 4051 3522 4105 illa
3575 4054 3751 4121 potius
3780 4068 3899 4121 qua:

2316 4139 2462 4203 dicit,
2498 4157 2603 4195 non
2634 4142 2871 4196 ambulat
2893 4141 3074 4198 homo.
3112 4144 3165 4197 In
3199 4142 3299 4197 hac
3319 4145 3459 4198 enim
3482 4144 3545 4197 ad
3579 4145 3629 4198 id
3652 4144 3793 4214 quod
3815 4153 3898 4199 est

2317 4232 2555 4286 ambulat
2603 4235 2816 4302 negatio
2853 4235 3031 4302 juncta
3076 4245 3180 4299 est,
3220 4236 3359 4305 quod
3405 4234 3640 4289 ambulat
3687 4235 3897 4288 homini

2318 4338 2415 4389 pro
2441 4339 2506 4377 eo
2535 4326 2674 4393 quod
2704 4338 2783 4380 est
2817 4342 2937 4381 esse
2964 4327 3308 4397 coniunctum
3350 4336 3453 4383 est.
3485 4326 3611 4381 Tale
3640 4325 3781 4380 enim
3811 4336 3896 4382 est

2314 4413 2517 4476 dicere,
2572 4416 2731 4471 hmno
2770 4420 3028 4485 ambulat,
3062 4432 3309 4491 tanquam
3358 4420 3402 4474 si
3446 4420 3566 4491 quis
3612 4421 3773 4487 dicat,
3813 4430 3898 4476 est

2316 4506 2595 4561 ambulans
2628 4509 2808 4563 ltomo.
2839 4512 3016 4579 Quare
3060 4514 3104 4567 si
3136 4512 3237 4569 hoc
3266 4513 3424 4569 modo
3464 4514 3518 4568 in
3547 4515 3817 4580 omnibus,
3846 4523 3900 4570 et

628 4613 765 4667 sita.
798 4610 961 4680 Igitur
1002 4623 1098 4660 nec
1126 4621 1183 4659 ea
1215 4620 1329 4674 qum
1361 4605 1445 4656 dic
1472 4612 1509 4666 t,
1560 4614 1641 4657 est
1685 4604 1835 4656 albus
1870 4618 1970 4656 non
2021 4602 2202 4668 homo,
2234 4587 2290 4648 D
2316 4598 2429 4665 ejus
2459 4616 2575 4667 qua:
2604 4615 2686 4656 est
2719 4606 2974 4681 possibile
2994 4617 3075 4659 est
3104 4622 3244 4674 esse,
3276 4609 3490 4677 negatio
3517 4618 3617 4676 est,
3649 4608 3901 4677 possibile

630 4704 843 4773 negatio
864 4711 945 4755 est
966 4699 1082 4768 ejus
1105 4714 1217 4759 uuae
1247 4696 1395 4760 dicit,
1429 4706 1506 4749 est
1530 4697 1679 4748 albus
1705 4694 1895 4759 homo;
1925 4710 2087 4764 quare
2112 4695 2203 4748 il‘a

630 4797 784 4865 hujus
817 4794 1026 4861 negatio
1058 4788 1299 4860 ponenda
1329 4798 1431 4854 εει,
1468 4804 1583 4855 quae
1617 4787 1765 4851 dicit,
1797 4806 1899 4841 non
1931 4799 2015 4841 est
2054 4789 2205 4843 albus

631 4889 811 4942 homo.
856 4884 911 4937 In
954 4884 1035 4937 bis
1067 4897 1290 4949 namque
1321 4897 1421 4934 una
1455 4896 1665 4949 semper
1696 4896 1816 4934 vera
1849 4891 1950 4945 cst,
1996 4897 2208 4949 semper

633 4978 797 5033 altera
828 4972 979 5026 falsa.
1004 4972 1153 5038 Quod
1184 4971 1225 5023 si
1265 4970 1333 5022 ita
1366 4980 1466 5033 est,
1504 4971 1793 5023 secundum
1824 4986 1942 5025 esse
1973 4988 2207 5040 semper,

635 5079 684 5124 et
707 5080 809 5120 non
835 5079 976 5127 esse,
1001 5072 1189 5114 natura
1210 5059 1645 5112 contradictionis
1665 5060 1909 5112 el'licitur.
1932 5059 2062 5113 Nam
2084 5077 2206 5116 cum

636 5159 779 5222 dico,
806 5165 887 5210 est
926 5153 1106 5217 homo,
1138 5152 1430 5203 secundum
1464 5148 1512 5201 id
1544 5150 1681 5217 qtiod
1715 5161 1795 5202 est
1818 5165 1936 5203 esse
1962 5151 2019 5204 ﬁt
2049 5168 2213 5221 nega-

635 5253 728 5314 tio,
763 5262 866 5301 non
903 5257 985 5299 est
1017 5244 1192 5296 homo.
1247 5240 1312 5293 Et
1358 5254 1539 5294 rursus
1575 5255 1693 5293 cum
1738 5241 1879 5306 dico,
1931 5253 2012 5297 est
2056 5244 2207 5299 albus

637 5341 814 5399 homo,
854 5337 1140 5392 secundum
1168 5332 1218 5387 id
1249 5331 1387 5401 quod
1415 5341 1638 5385 estesse
1670 5347 1850 5387 rursus
1880 5336 2088 5404 negatio
2125 5336 2199 5404 ﬁt,

636 5444 739 5485 non
772 5438 853 5484 est
894 5429 1044 5483 albus
1088 5434 1263 5480 homo.
1299 5424 1363 5479 Et
1397 5440 1583 5478 sensus
1609 5426 1817 5493 quidem
1854 5440 1992 5483 totus
2022 5429 2209 5496 hujus-

636 5520 779 5573 modi
808 5528 909 5573 est.
950 5518 1051 5581 Ipsi
1095 5527 1269 5572 autem
1304 5520 1351 5569 in
1382 5527 1624 5569 oratu-ne
1668 5534 1941 5575 sermones
1984 5532 2201 5589 propter

638 5611 1031 5665 similitudinem
1063 5612 1307 5665 videntur
1351 5610 1562 5680 quidem
1602 5612 1833 5668 obscuri.
1884 5616 1993 5668 Erit
2025 5629 2202 5671 autem

641 5703 847 5770 planius
878 5704 1337 5771 pronuntiantibus
1363 5716 1413 5756 ει
1449 5706 1881 5762 subaudientibus
1925 5709 2019 5764 sic.
2068 5710 2197 5764 Nam

641 5793 685 5848 oi
716 5806 897 5846 eorum
923 5809 1038 5863 qua:
1070 5796 1507 5865 complectuntur,
1542 5797 1591 5849 id
1634 5809 1735 5867 est,
1782 5800 2197 5869 propositionum

2318 4700 2400 4745 est
2432 4707 2537 4745 non
2566 4707 2706 4761 esse,
2738 4695 2831 4749 sed
2874 4710 2979 4749 non
3010 4711 3070 4749 ea
3103 4713 3220 4767 quae
3248 4710 3331 4754 εει
3370 4713 3476 4753 non
3524 4699 3778 4767 possibile
3816 4708 3901 4755 est

2319 4798 2469 4851 esse;
2488 4785 2532 4838 si
2554 4786 2605 4839 in
2629 4788 2894 4854 omnibus,
2915 4789 3102 4856 inquit,
3119 4791 3409 4845 secundum
3422 4806 3540 4846 esse
3552 4792 3898 4847 contradictio

2323 4876 2400 4943 ﬁt,
2435 4879 2484 4931 in
2518 4877 2602 4932 his
2627 4895 2838 4949 quoque
2869 4897 2989 4950 qua:
3025 4882 3295 4951 possibilia
3328 4884 3579 4940 dicuntur
3605 4887 3897 4941 secundum

2320 4982 2440 5022 esse
2469 4978 2522 5022 ει
2550 4986 2653 5023 non
2676 4985 2795 5026 esse
2821 4973 3171 5027 contradictio
3194 4974 3432 5030 facienda
3454 4988 3566 5043 est;
3598 4978 3648 5031 in
3672 4992 3736 5032 eo
3757 4980 3901 5033 enim

2321 5061 2461 5129 quod
2495 5063 2719 5117 dicimus
2746 5067 3000 5134 possibile
3027 5077 3109 5122 est
3136 5082 3277 5137 esse,
3311 5069 3398 5123 illa
3419 5071 3522 5124 crit
3546 5072 3755 5140 negatio
3782 5086 3901 5141 qua

2320 5151 2449 5205 dicit
2480 5154 2730 5221 possibile
2774 5167 2855 5211 est
2905 5172 3009 5212 non
3052 5174 3193 5227 esse,
3230 5177 3334 5216 non
3381 5162 3473 5217 illa
3510 5178 3627 5233 qua!
3657 5173 3759 5225 est,
3795 5181 3902 5220 non

2322 5243 2573 5311 possibile.
2612 5255 2692 5301 est
2735 5263 2872 5302 esse.
2908 5250 3036 5304 Nam
3082 5254 3125 5304 si
3171 5250 3217 5306 ei
3249 5268 3368 5322 quae
3404 5263 3486 5309 est
3532 5256 3785 5322 possibile
3820 5262 3901 5310 est

2319 5350 2463 5401 esse,
2492 5337 2578 5391 illa
2607 5352 2908 5408 Opponatur
2934 5357 3053 5411 quae
3083 5352 3163 5397 est
3197 5359 3304 5398 non
3336 5345 3589 5415 possibile
3630 5358 3712 5402 est
3756 5362 3897 5410 esse,

2322 5442 2426 5481 non
2459 5432 2749 5485 secundum
2791 5447 2912 5488 esse
2938 5444 2993 5489 et
3032 5449 3136 5490 non
3168 5451 3286 5491 esse
3324 5438 3587 5506 oppositio
3616 5438 3754 5494 facta
3795 5447 3894 5493 est.

2311 5522 2573 5588 Quocirctl
2603 5528 2851 5596 quoniam
2879 5542 3040 5597 supra
3057 5530 3235 5585 docuit
3261 5530 3552 5587 secundum
3578 5548 3698 5587 esse
3713 5542 3765 5588 et
3792 5547 3895 5586 non

2310 5632 2449 5681 esse,
2480 5616 2592 5671 ﬁeri
2620 5620 3137 5685 contradictionem,
3172 5623 3457 5678 dicendum
3495 5633 3579 5680 est
3629 5624 3741 5694 ejus
3779 5638 3896 5693 qua:

2308 5720 2412 5775 est,
2447 5711 2695 5778 possibile
2718 5723 2801 5769 est
2831 5729 2972 5779 esse,
3003 5713 3145 5770 illam
3187 5731 3307 5773 esse
3351 5716 3747 5786 oppositionem
3775 5728 3895 5783 qua:

2310 5802 2458 5868 dicit,
2485 5803 2733 5871 possibile
2761 5814 2845 5862 est
2870 5821 2976 5863 non
3002 5821 3144 5864 esse.
3170 5807 3279 5865 Sed
3305 5806 3448 5865 aliud
3476 5820 3664 5865 rursus
3685 5812 3816 5863 occtt
3830 5818 3891 5862 ra
