4280 6268
327 342 416 399 3(νὶῙί

1094 336 1159 397 IN
1196 336 1455 395 usuum
1498 337 1582 392 DE
1620 316 2266 389 INTEBPBETATIONE
2305 324 2534 381 sumo
2573 322 2805 383 Ριιιιιιι.

3483 319 3587 377 366

330 465 405 523 ιιι,
435 460 577 529 quod
610 474 709 513 nos
738 461 807 515 ab
830 459 927 514 hac
951 458 1202 524 opinione
1229 456 1517 511 dimoveat.
1557 453 1614 508 ln
1649 448 1902 508 omnibus
1937 446 1981 504 Α
2012 442 2314 515 eligendum
2336 452 2391 497 ut
2419 459 2522 497 non
2548 442 2837 496 secundum
2864 454 2985 495 esse
3009 447 3063 493 et
3085 454 3194 494 non
3216 452 3335 492 esse
3357 438 3589 492 iiatcon.

333 556 463 607 enint
496 564 583 607 aut
614 553 898 606 allirmatio
916 567 1034 605 vera
1060 561 1159 618 est,
1187 560 1277 604 aut
1302 550 1536 620 negatio.
1568 548 1623 602 ln
1654 548 1736 603 his
1754 547 1899 602 enim

334 656 564 713 utra-que
605 656 728 698 sunt
780 660 943 709 veras,
989 660 1109 697 nam
1158 642 1298 712 quod
1348 642 1599 706 possibile
1634 650 1716 697 est
1760 656 1902 706 esse,

334 735 576 804 possmile
606 747 683 790 εει
721 752 821 787 non
853 750 989 799 esse,
1018 745 1071 788 ut
1095 736 1215 802 quia
1249 734 1499 802 possibile
1521 745 1602 789 est
1633 734 1902 787 hominem

334 827 624 880 ambulare.
655 827 907 895 possible
936 836 1017 881 est
1060 828 1330 881 hominem
1372 843 1474 881 non
1528 826 1825 891 ambulare,
1852 834 1907 880 et

336 920 467 985 quod
511 918 759 988 possibile
800 928 885 973 est
911 920 1099 985 videri,
1139 921 1396 988 possibile
1441 928 1525 975 est
1573 935 1677 974 non
1711 908 1904 974 videri.

334 1010 526 1063 Rursus
549 1013 687 1081 quod
722 1012 975 1080 possibile
1004 1021 1085 1066 est
1112 1015 1283 1068 seeari
1307 1025 1359 1068 et
1390 1013 1575 1079 dividi,
1608 1023 1663 1067 et
1684 1028 1789 1067 non
1817 1028 1907 1067 se-

332 1104 430 1157 cari
471 1116 525 1158 et
563 1120 666 1157 non
714 1104 875 1158 dividi
925 1105 1174 1171 possibile
1207 1114 1307 1159 est.
1349 1106 1525 1171 Quare
1568 1116 1809 1174 utrmque
1855 1104 1909 1158 in

334 1195 510 1251 eodeni
544 1212 682 1250 verm
710 1207 853 1261 sunt,
882 1198 1132 1264 po~sihile
1163 1208 1244 1251 est
1271 1213 1391 1252 esse
1440 1208 1493 1253 et
1530 1198 1785 1265 possibile
1826 1206 1911 1253 est

333 1301 430 1339 non
459 1300 599 1341 esse.
636 1286 762 1341 Nam
794 1288 933 1354 quod
955 1287 1206 1353 dicimus,
1237 1288 1495 1356 possibile
1524 1299 1606 1342 est
1633 1305 1737 1342 non
1767 1302 1909 1353 esse,

332 1380 394 1435 ita
436 1383 841 1452 intelligendum
871 1393 953 1437 est
1002 1392 1057 1436 ut
1090 1385 1132 1437 si
1176 1382 1501 1446 diceremus,
1535 1382 1790 1453 possibile
1832 1389 1915 1436 est

254 1550 257 1551 ν
336 1473 488 1527 hodie
516 1474 745 1541 pluviam
774 1491 879 1527 non
908 1489 1052 1539 esse,
1087 1490 1205 1527 cmn
1237 1474 1300 1528 sit
1334 1476 1586 1541 possibile
1614 1484 1669 1529 ut
1698 1475 1786 1529 sit.
1809 1472 1915 1531 Cur

334 1575 422 1619 aut
460 1582 507 1618 ιιι
540 1564 644 1620 hoc
673 1568 742 1619 ita
775 1568 1007 1628 eveniat,
1050 1566 1162 1634 ipse
1191 1567 1548 1633 tlellltlnSll‘al,
1578 1566 1763 1620 dicens
1791 1584 1803 1618 :

404 1661 557 1715 Ratio
582 1670 749 1713 autem
772 1670 842 1714 est
864 1663 1097 1728 quoniam
1123 1677 1270 1714 omne
1294 1662 1432 1730 quod
1462 1661 1535 1713 sic
1558 1660 1798 1727 possibile
1818 1668 1912 1724 est,

335 1769 428 1806 non
450 1769 649 1818 semper
669 1753 721 1803 in
751 1762 866 1803 actu
884 1760 976 1804 est.
1002 1751 1173 1817 Quare
1202 1753 1351 1803 inerit
1380 1751 1477 1820 ipsi
1499 1751 1653 1803 etiam
1678 1750 1915 1819 negatio;

2012 539 2282 601 tradictio,
2315 537 2405 591 sed
2436 537 2611 606 potius
2640 536 2931 589 secundum
2964 535 3199 588 modum.
3231 533 3381 600 Quod
3412 540 3590 587 autem

2010 629 2163 696 dixit,
2196 631 2238 684 si
2263 646 2389 699 ergo
2427 631 2554 684 illud
2596 630 2973 697 itnpossibilius
3011 638 3112 691 est,
3150 629 3249 683 hoc
3286 639 3387 683 erit
3424 629 3592 697 magis

2012 722 2337 793 eligendum,
2381 738 2484 775 non
2518 722 2596 777 sic
2621 723 2821 775 dictum
2856 731 2935 775 est
2964 722 3102 789 quod
3137 733 3357 790 utraque
3392 726 3591 787 impos-

2010 818 2181 872 sibilia
2210 820 2315 871 sint
2333 828 2385 873 et
2401 817 2809 871 allirtnationem
2828 827 2879 869 et
2903 816 3234 883 negationem
3257 831 3432 870 veram
3451 829 3590 877 esse,

2011 918 2065 964 et
2096 924 2200 963 non
2232 909 2525 962 secundum
2558 923 2699 971 esse,
2733 908 2813 961 Vel
2861 923 2964 959 non
2995 922 3114 958 esse
3160 905 3273 959 fieri
3320 903 3593 959 contradi-

2013 1002 2270 1054 ctionem.
2327 998 2457 1053 Illud
2496 999 2662 1064 enim,
2708 998 2758 1051 id
2798 1008 2881 1052 est
2917 996 3393 1050 contradictionem
3437 996 3595 1049 simul

2015 1108 2196 1147 veram
2240 1107 2384 1156 esse,
2424 1090 2750 1159 impossibile
2779 1101 2881 1145 εει.
2917 1089 3221 1145 Secundum
3266 1103 3385 1142 es~e
3418 1098 3597 1143 autem

2016 1192 2071 1238 ει
2099 1200 2205 1237 non
2237 1198 2356 1238 esse
2386 1182 2799 1237 affirmatioucm
2848 1198 2951 1237 non
3001 1183 3113 1237 ﬁeri
3164 1191 3217 1236 et
3260 1182 3598 1250 negationem

2017 1293 2123 1331 non
2151 1292 2273 1331 esse
2302 1276 2633 1343 impossibile
2664 1287 2765 1342 εει,
2799 1276 2891 1330 sed
2917 1275 2979 1329 ad
3014 1277 3112 1329 hoc
3129 1275 3328 1339 retulit,
3358 1276 3599 1343 impossi-

2018 1369 2178 1423 bllius
2206 1379 2307 1435 est,
2341 1380 2590 1439 tanquam
2618 1369 2660 1421 si
2685 1369 2907 1432 diceret,
2937 1370 3112 1422 minus
3132 1369 3401 1438 possibile.
3431 1368 3600 1423 Minus

2019 1463 2160 1517 enim
2198 1462 2452 1530 possibile
2480 1471 2563 1515 est
2590 1470 2647 1514 ut
2677 1462 2934 1530 opposita:
2968 1463 3018 1515 in
3057 1462 3249 1517 eodem
3285 1467 3602 1533 propositio-

2021 1568 2117 1608 nes
2142 1567 2283 1607 νει-τε
2309 1553 2437 1615 sint,
2469 1568 2626 1623 quam
2657 1563 2712 1605 ut
2746 1568 2849 1605 non
2891 1554 3185 1607 secundum
3238 1570 3358 1610 esse
3401 1565 3455 1613 et
3498 1574 3601 1613 non

2021 1659 2141 1699 εεμε
2180 1645 2491 1713 negationes
2538 1654 2822 1710 ponantur.
2868 1646 3125 1710 Quocirca
3179 1645 3480 1716 eligendum
3526 1660 3605 1703 est

2025 1735 2125 1791 hoc
2152 1736 2292 1805 quod
2325 1747 2400 1791 est
2431 1735 2761 1805 possibilius,
2788 1747 2840 1789 ut
2866 1739 3161 1792 secundum
3187 1740 3401 1792 modum
3434 1743 3607 1809 potius

340 1855 497 1917 potest
536 1847 696 1915 igitur
714 1855 761 1899 et
788 1863 888 1899 non
926 1844 1190 1909 ambulare
1218 1845 1354 1915 quod
1384 1855 1455 1898 est
1500 1845 1828 1909 ambulabile,
1875 1852 1923 1898 et
1951 1829 1998 1890 Β
2026 1846 2182 1900 illm“
2217 1827 2509 1883 δενυηὼηη
2542 1842 2663 1883 esse
2696 1838 2749 1882 ει
2795 1845 2899 1882 ¹¹⁰η
2942 1846 3061 1884 esse
3106 1830 3415 1900 negationes
3458 1832 3609 1888 ﬁam-

340 1957 434 1992 nou
465 1941 779 2009 videtiquod
807 1949 880 1992 est
912 1940 1126 1993 uisibile.
1164 1941 1226 1991 Αι
1260 1955 1372 1993 vero
1404 1938 1713 2009 impossibile
1754 1948 1827 1992 est
1859 1936 1923 1991 de

340 2034 510 2086 eodem
547 2033 805 2101 appositas
837 2048 943 2085 esse
986 2048 1127 2084 veras
1161 2032 1421 2084 dictiones.
1469 2031 1589 2083 Non
1627 2032 1781 2101 igitur
1811 2031 1923 2095 ejus

341 2139 449 2189 qua:
470 2135 573 2184 est,
602 2121 838 2189 possibile
868 2130 940 2176 est
968 2138 1103 2185 esse,
1138 2123 1336 2190 negotio
1361 2131 1433 2174 est
1458 2121 1696 2187 possibile
1726 2130 1799 2173 est
1825 2135 1924 2172 non

350 2233 476 2269 isse.
510 2214 765 2282 Contingit
788 2215 920 2266 enim
952 2229 1014 2267 ea:
1034 2214 1112 2265 his
1137 2225 1227 2265 aut
1256 2212 1389 2265 idem
1417 2213 1582 2279 ipsum
1605 2212 1858 2280 afﬁrmare
1876 2218 1924 2264 et

341 2324 519 2378 negare
548 2308 699 2359 simul
729 2308 791 2358 de
811 2306 1009 2369 eodem,
1035 2316 1121 2358 aut
1165 2321 1267 2357 non
1304 2304 1582 2357 secundum
1610 2320 1716 2358 esse
1746 2313 1793 2356 et
1823 2319 1927 2357 non

350 2419 455 2455 esse
484 2418 596 2467 qua:
616 2412 961 2472 apponuntur,
997 2399 1109 2468 ﬁeri
1149 2400 1503 2469 afﬁrmationes
1529 2409 1576 2453 et
1611 2400 1925 2469 negationes.

343 2492 401 2546 Si
426 2508 543 2562 ergo
561 2491 691 2543 illud
714 2488 1080 2559 iutpossibtlius
1098 2502 1192 2554 est,
1209 2492 1303 2543 hoc
1324 2492 1415 2544 erit
1438 2492 1595 2561 magis
1615 2490 1925 2562 eligendum.

413 2583 523 2636 Hoc
552 2582 853 2652 hujnsmodi
899 2594 1001 2648 est,
1035 2597 1365 2651 quaecunque
1398 2583 1468 2636 ita
1500 2593 1623 2635 sunt
1657 2582 1927 2649 possibilia

346 2684 400 2731 ut
432 2676 532 2730 sint
572 2688 691 2730 actu
717 2686 769 2729 et
802 2689 986 2744 opt-re,
1023 2676 1106 2727 illa
1139 2675 1277 2729 nulla
1323 2676 1529 2728 ratione
1562 2683 1783 2741 possunt
1822 2690 1929 2730 non

347 2786 484 2836 esse,
518 2780 572 2825 ut
596 2772 735 2826 ctnlo
757 2786 970 2839 semper
989 2780 1109 2823 actu
1136 2770 1278 2823 inest
1300 2771 1524 2823 moveri.
1542 2768 1767 2837 Semper
1787 2770 1929 2823 enim

348 2876 609 2931 movetur,
629 2875 682 2919 et
714 2863 965 2930 dicimus,
992 2862 1245 2931 possibile
1273 2873 1350 2915 est
1382 2862 1574 2916 caelum
1599 2863 1824 2927 moveri,
1848 2861 1927 2914 id-

350 2960 492 3014 circo
520 2959 769 3025 quoniam
801 2958 920 3012 caeli
965 2969 1138 3012 motus
1183 2966 1302 3010 actu
1343 2966 1446 3018 est,
1488 2956 1588 3010 hoc
1617 2966 1720 3020 est,
1762 2956 1812 3011 id
1856 2956 1930 3011 illi

350 3067 561 3119 semper
589 3051 782 3115 agitur.
832 3052 1067 3104 Movelur
1099 3050 1241 3103 enim
1284 3063 1531 3117 semper;
1578 3049 1628 3102 in
1677 3048 1775 3103 hac
1803 3061 1932 3118 ergo

352 3144 705 3216 possibilitate
733 3144 851 3197 talis
881 3142 1173 3211 ριοιιιιεὶιὶυ
1197 3159 1299 3195 non
1329 3151 1502 3211 potest
1530 3141 1837 3203 convenire,
1876 3148 1934 3194 ιιι

2028 1923 2178 1989 Quod
2204 1922 2319 1990 ipse
2349 1922 2557 1989 planius
2582 1922 2891 1991 exsequitur
2924 1924 3145 1978 dicens:

2102 2014 2191 2068 Es:
2230 2014 2383 2084 igitur
2407 2016 2612 2084 negatio
2642 2016 2753 2084 ejus
2774 2031 2891 2085 qua:
2909 2026 2983 2069 est
3010 2017 3249 2087 possibile
3269 2035 3396 2084 esse,
3428 2035 3610 2088 eaqut:

2031 2116 2103 2160 est
2134 2122 2234 2159 nou
2260 2105 2496 2175 possibile
2519 2123 2597 2160 ess
2618 2127 2647 2173 ι,
2692 2117 2739 2161 et
2772 2124 2870 2160 non
2907 2124 2967 2159 ea
2992 2124 3103 2177 qua:
3134 2119 3207 2162 est
3239 2111 3476 2178 possibile
3510 2130 3612 2168 non

2033 2212 2160 2250 esse.
2196 2194 2387 2249 Eadem
2413 2212 2613 2268 quoque
2638 2200 2767 2250 ratio
2790 2208 2859 2252 est
2882 2199 2933 2252 in
2958 2217 3015 2254 eo
3045 2204 3179 2271 quod
3203 2212 3275 2256 est
3320 2206 3614 2275 conlingens

2033 2304 2156 2351 esse,
2190 2290 2371 2342 etenim
2399 2291 2600 2356 negatio
2623 2290 2733 2359 ejus
2762 2298 2837 2344 est
2864 2308 2965 2344 non
2995 2294 3288 2366 contingens
3304 2313 3431 2350 esse.

2110 2381 2203 2435 Ha:
2230 2395 2455 2448 namque
2476 2380 2635 2435 simul
2676 2397 2813 2437 verte
2838 2385 3059 2439 inveniri
3083 2401 3187 2441 non
3216 2399 3468 2458 possunt;
3493 2406 3616 2446 nam

2036 2474 2080 2527 si
2113 2473 2238 2543 quid
2269 2485 2350 2527 est
2383 2474 2637 2539 possibile
2663 2488 2807 2541 esse,
2850 2487 2906 2530 ut
2953 2477 3095 2532 idem
3129 2479 3258 2534 illud
3291 2482 3619 2549 impossibile

2038 2566 2129 2626 sit,
2170 2566 2282 2621 ﬁeri
2326 2582 2431 2621 non
2482 2576 2676 2637 potest,
2726 2584 2825 2625 nec
2868 2569 2969 2626 hoc
3012 2572 3064 2627 in
3104 2574 3232 2629 solis
3278 2578 3621 2645 possibilibus

2038 2659 2422 2727 speculandum
2453 2668 2553 2726 est,
2585 2662 2679 2717 sed
2711 2664 2760 2717 in
2791 2665 3041 2720 omnibus
3074 2682 3285 2739 quoque
3319 2671 3505 2726 eadem
3538 2690 3621 2729 ra-

2042 2751 2116 2805 tio
2144 2764 2249 2806 εει.
2278 2752 2408 2807 Nam
2433 2753 2486 2809 in
2513 2769 2577 2810 eo
2599 2756 2741 2826 quod
2775 2770 2856 2812 est
2882 2762 3195 2831 contingere
3219 2778 3360 2827 esse,
3398 2782 3501 2820 non
3541 2775 3623 2823 est

2042 2843 2131 2897 illa
2181 2845 2393 2915 negatio
2434 2847 2574 2915 quod
2617 2848 2743 2902 dicit
2794 2852 3105 2921 contingere
3162 2870 3265 2908 non
3310 2872 3449 2912 esse.
3503 2858 3625 2914 "me

2043 2936 2186 2989 enim
2218 2940 2493 2992 consentit
2522 2940 2571 2994 ei
2602 2940 2742 3009 quod
2768 2952 2871 3007 εει,
2904 2945 3215 3015 contingere
3244 2962 3383 3013 esse,
3415 2950 3505 3003 sed
3539 2951 3626 3004 illa

2042 3028 2205 3098 quod
2234 3032 2482 3100 proponit
2522 3048 2624 3087 non
2651 3034 2964 3100 contingere
2999 3052 3139 3094 esse.
3184 3040 3291 3096 Has
3317 3045 3458 3097 enim
3495 3043 3627 3100 duas

2043 3120 2204 3173 atmul
2227 3135 2383 3175 veras
2412 3121 2640 3178 ἰηιεηίιί
2671 3125 3000 3193 impossibile
3022 3137 3123 3184 est.
3556 3120 3561 3123 ’

355 3239 618 3302 dicamus,
651 3236 899 3305 possibile
929 3244 1012 3290 εει
1038 3236 1229 3290 caelum
1260 3251 1366 3289 nun
1406 3233 1626 3299 moveri,
1660 3234 1761 3288 hoc
1790 3234 1932 3288 enim
1959 3211 2010 3281 α
2115 3237 2182 3292 Et
2210 3242 2262 3292 in
2302 3241 2419 3295 aliis
2449 3259 2646 3313 quoque
2675 3245 2835 3299 simili
2870 3248 3040 3306 modo.
3085 3257 3142 3302 ut
3180 3250 3232 3303 in
3272 3254 3551 3306 necessario
3582 3263 3629 3307 ει

356 3328 685 3395 impossibile
723 3337 821 3381 est.
874 3328 1015 3395 Ergo
1057 3329 1105 3379 in
1151 3326 1231 3379 his
1258 3341 1586 3396 quaecunque
1629 3337 1747 3379 aelu
1786 3334 1930 3388 sunt,

359 3422 441 3475 ba:
473 3422 592 3474 duae
623 3418 1009 3488 propositiones
1032 3417 1286 3486 possibile
1306 3427 1547 3482 estesse,
1580 3416 1831 3485 possibile
1853 3424 1936 3471 est

360 3528 465 3566 non
487 3527 627 3577 esse,
658 3512 798 3564 nulla
833 3510 1036 3563 ratione
1064 3508 1408 3563 conveniunt.
1434 3509 1486 3561 In
1519 3509 1601 3562 his
1622 3518 1797 3561 autem
1820 3523 1937 3578 qua:

363 3621 469 3659 non
501 3620 714 3671 semper
739 3613 861 3657 actu
894 3613 1037 3665 sunt,
1083 3612 1134 3655 et
1164 3613 1288 3655 sunt
1332 3601 1599 3670 possibilia
1630 3594 1771 3665 esse,
1801 3617 1940 3655 con-

363 3698 546 3751 venire
578 3705 801 3765 poSsunl
850 3694 1265 3764 propositiones,
1309 3695 1358 3748 id
1408 3703 1510 3760 est,
1558 3694 1810 3762 possibile
1857 3701 1944 3748 est

348 3806 487 3846 .eSse
515 3799 570 3845 et
600 3790 851 3858 possibile
882 3797 964 3842 est
993 3805 1095 3841 non
1126 3804 1267 3843 esse.
1302 3789 1413 3841 Non
1443 3799 1522 3842 est
1554 3789 1693 3841 enim
1730 3801 1942 3853 semper

367 3890 491 3935 actu
533 3880 730 3948 pluvia,
770 3889 827 3934 et
869 3880 1117 3948 possibile
1158 3891 1239 3934 est
1280 3895 1399 3934 esse
1444 3880 1748 3950 aliquando,
1777 3893 1944 3947 quare

372 3972 631 4041 possibile
655 3982 736 4026 est
761 3986 879 4024 eam
910 3972 1192 4040 aliquando
1224 3988 1329 4026 non
1352 3986 1494 4026 esse.
1525 3971 1647 4025 Ha'c
1676 3971 1833 4039 igitur
1861 3984 1947 4023 ra-

374 4065 451 4119 tio
482 4073 565 4117 est
595 4079 689 4117 cur
732 4074 966 4132 utrmque
1003 4064 1341 4118 inveniuntur
1370 4078 1531 4127 verae,
1577 4063 1717 4133 quod
1763 4062 1813 4116 in
1862 4062 1946 4116 bis

371 4154 841 4225 possibilitatibus,
871 4172 987 4223 qua:
1032 4172 1133 4208 non
1163 4171 1376 4222 semper
1405 4144 1531 4209 sunt
1557 4169 1698 4221 actu,
1732 4165 1785 4211 et
1825 4169 1948 4211 esse

374 4250 597 4319 aliquid,
628 4257 679 4302 et
706 4265 810 4301 non
838 4265 958 4304 esse
984 4250 1274 4317 contingit;
1300 4266 1461 4318 quare
1490 4250 1533 4303 si
1562 4249 1675 4318 ejus
1702 4250 1840 4317 quod
1865 4258 1950 4303 est

375 4343 629 4413 possibile
650 4356 729 4398 est
751 4359 892 4403 esse.
926 4346 1135 4410 negatio
1157 4356 1233 4398 est
1267 4361 1325 4398 ea
1358 4360 1476 4414 qua:
1512 4344 1660 4409 dicit,
1696 4343 1950 4412 possibile

377 4443 460 4501 est
494 4452 596 4489 non
629 4450 769 4504 esse,
791 4435 844 4489 in
869 4437 1059 4491 eodem
1092 4438 1249 4492 simul
1280 4448 1333 4490 et
1355 4440 1638 4491 allirmatio
1664 4446 1715 4491 et
1741 4436 1952 4506 negatio

378 4539 535 4585 erunt
565 4546 725 4591 verae.
757 4539 812 4583 et
839 4530 923 4583 t-ui
967 4529 1043 4584 rei
1092 4530 1229 4583 inest
1268 4529 1572 4595 afﬁrmatio,
1616 4539 1672 4583 ut
1718 4531 1787 4583 sit
1830 4544 1953 4583 esse

2041 3330 2366 3400 inpossibili.
2403 3331 2568 3387 Fiunt
2595 3338 2731 3390 enim
2770 3339 3198 3407 quemadmodum
3227 3343 3277 3395 in
3308 3343 3411 3396 illis
3445 3362 3552 3399 esse
3585 3356 3631 3400 et

2045 3442 2148 3479 non
2176 3443 2283 3480 esse
2331 3427 2696 3496 oppositiones,
2729 3429 2957 3502 subjecta
2996 3448 3111 3487 vero
3149 3451 3249 3502 res,
3298 3439 3392 3488 hoc
3433 3439 3633 3505 quidem

2043 3516 2241 3584 album,
2274 3517 2403 3571 illud
2430 3536 2544 3573 vero
2570 3523 2742 3576 homo.

2123 3608 2187 3661 Et
2222 3610 2274 3662 in
2306 3609 2446 3671 aliis,
2484 3611 2677 3681 inquit,
2709 3614 2960 3669 omnibus
2998 3614 3140 3669 idem
3184 3616 3483 3671 faciendum
3515 3628 3636 3676 est:

2053 3704 2352 3757 secundum
2386 3704 2601 3758 modum
2631 3710 2772 3759 enim
2813 3709 3025 3770 negatio
3061 3708 3303 3776 ponenda
3343 3720 3443 3769 est.
3495 3722 3551 3765 ut
3591 3711 3638 3765 si

2048 3795 2373 3864 contingens
2400 3803 2484 3849 est
2515 3795 2581 3848 ad
2609 3796 2941 3864 contingere,
2978 3797 3018 3849 si
3054 3799 3322 3864 pOSsibilis
3367 3801 3430 3853 ad
3472 3801 3640 3869 possi-

2056 3884 2186 3952 bile,
2215 3886 2257 3939 si
2289 3885 2633 3953 impossibilis
2653 3886 2718 3937 ad
2750 3885 3095 3948 impossibile.
3123 3888 3164 3939 si
3191 3890 3550 3942 necessarium
3573 3890 3641 3944 ad

2058 3977 2423 4032 necessarium
2486 3979 2699 4045 negatio
2749 3976 3121 4044 conjungatur.
3182 3978 3642 4043 Quemadmodum

2059 4069 2226 4134 enim,
2285 4067 2474 4137 inquit,
2522 4068 2573 4121 in
2618 4068 2699 4122 his
2736 4083 2854 4137 qua:
2905 4076 3097 4137 praeter
3153 4069 3364 4121 modum
3410 4069 3643 4138 aliquem

2063 4168 2209 4224 sunt,
2244 4169 2297 4213 et
2336 4159 2532 4229 aliquid
2566 4174 2687 4213 esse
2718 4170 3043 4229 proponunt,
3077 4176 3195 4216 esse
3225 4160 3436 4229 quidem
3467 4171 3519 4214 et
3542 4175 3644 4217 non

2056 4267 2185 4309 esse
2211 4252 2575 4322 appositiones
2591 4253 2745 4324 qua‘d
2787 4271 2859 4322 ιιι,
2890 4253 2939 4307 id
2965 4262 3047 4309 est
3076 4254 3481 4323 praedicationes
3497 4262 3644 4320 sunt,

2064 4361 2153 4401 res
2191 4361 2319 4401 vero
2359 4345 2634 4417 subiectat,
2670 4358 2724 4399 ut
2772 4347 2823 4400 in
2874 4360 2940 4400 eo
2989 4348 3126 4414 quod
3155 4357 3257 4413 est,
3294 4347 3451 4400 homo
3472 4355 3570 4411 est,
3593 4354 3649 4401 et

2068 4439 2230 4493 homo
2270 4454 2373 4492 non
2422 4449 2522 4503 est,
2560 4438 2719 4493 homo
2769 4439 2910 4507 quod
2953 4447 3034 4492 est
3078 4450 3164 4493 re's
3228 4438 3525 4507 subjectum
3565 4447 3650 4494 est

2063 4528 2350 4602 Appositio
2392 4542 2570 4585 autem
2607 4531 2848 4600 qumdatn
2897 4540 2950 4584 et
2995 4532 3298 4595 praedicatio
3349 4542 3429 4586 est
3456 4543 3508 4587 et
3544 4548 3649 4587 non

376 4621 653 4691 possibile,
676 4623 846 4676 eidem
877 4637 1058 4695 rursus
1080 4622 1239 4676 inerit
1270 4624 1496 4690 negatio,
1530 4634 1583 4675 ιιι
1613 4622 1678 4675 sit
1702 4621 1953 4689 possibile
1978 4589 2033 4651 Β
2066 4636 2172 4693 εει,
2211 4626 2296 4679 vel
2327 4624 2378 4678 in
2409 4640 2474 4678 eo
2503 4626 2645 4693 quod
2675 4625 2869 4678 dicitur
2899 4624 3077 4678 album
3107 4634 3190 4680 est
3238 4635 3293 4681 et
3332 4625 3510 4680 album
3546 4641 3652 4679 non

381 4730 485 4767 non
514 4728 665 4777 esse,
695 4730 859 4782 quare
884 4724 936 4768 et
960 4715 1099 4783 quod
1132 4714 1452 4768 ambulabile
1482 4722 1585 4777 est,
1614 4713 1665 4766 id
1698 4723 1781 4767 est
1809 4713 1950 4783 quod

380 4806 651 4858 ambulare
674 4815 864 4873 potest,
898 4814 1069 4873 potest
1106 4821 1209 4858 non
1241 4807 1538 4867 ambulare.
1567 4818 1620 4860 et
1649 4806 1787 4874 quod
1820 4807 1951 4860 visi-

382 4896 490 4950 bile
517 4904 617 4958 est,
642 4896 692 4950 id
720 4909 799 4951 est
828 4904 969 4966 quod
1003 4897 1172 4950 videri
1217 4905 1408 4965 ιιοιεει,
1443 4908 1612 4966 potest
1650 4901 1811 4953 etiam
1846 4914 1951 4954 non

383 4990 581 5055 videri;
609 4990 701 5045 sed
744 4992 1073 5059 impossibile
1100 5002 1179 5046 est
1212 5001 1268 5046 ut
1292 4994 1358 5047 de
1388 4993 1575 5048 eodem
1616 4996 1876 5062 opposita:
1901 5004 1957 5048 et

385 5083 804 5152 contrajacentes
834 5086 1095 5140 dictiones
1123 5086 1281 5141 simul
1310 5103 1446 5142 vera:
1474 5089 1599 5143 sint.
1629 5088 1682 5142 lu
1713 5089 1962 5143 omnibus

385 5176 525 5229 enim
566 5186 655 5231 aut
691 5178 973 5232 allirmzitio
1012 5196 1135 5232 vera
1171 5191 1255 5234 est
1298 5192 1388 5235 aut
1436 5182 1670 5251 negatio.
1709 5181 1764 5236 Si
1832 5197 1963 5250 ergo

387 5268 540 5321 fartis
587 5271 953 5337 negationibns
990 5273 1287 5325 secundum
1333 5287 1451 5325 esse
1498 5282 1555 5326 et
1595 5288 1698 5325 non
1729 5286 1867 5337 esse,
1909 5273 1962 5325 in

385 5361 470 5413 his
496 5376 612 5426 qua:
640 5363 932 5416 seiundum
973 5364 1204 5433 aliquem
1252 5366 1465 5417 modum
1506 5364 1777 5427 dicuntur,
1816 5365 1966 5418 allir-

384 5454 551 5507 matio
581 5464 636 5506 et
664 5456 874 5521 negatio
907 5467 1143 5524 utra-que
1175 5466 1301 5511 sunt
1340 5473 1498 5521 verm,
1533 5457 1673 5524 quod
1708 5456 1820 5509 ﬂeri
1861 5473 1965 5510 non

385 5553 585 5615 potest,
616 5545 741 5597 illud
767 5547 934 5614 inagis
960 5548 1245 5601 dicendum
1276 5557 1378 5613 est,
1423 5564 1526 5601 non
1570 5548 1840 5602 faciendas
1884 5563 1968 5602 εε-

385 5639 619 5693 cundum
651 5652 769 5691 esse
804 5648 857 5691 cl
894 5655 996 5691 non
1025 5654 1146 5694 esse
1187 5642 1521 5707 negationes,
1554 5640 1646 5694 sed
1674 5639 1849 5705 potius
1886 5654 1972 5695 se-

386 5734 619 5786 cundum
653 5731 902 5795 modum;
935 5733 1076 5801 quod
1117 5734 1158 5786 si
1200 5732 1323 5786 illud
1351 5744 1431 5788 est
1464 5735 1865 5805 impassibilius,
1911 5744 1971 5788 ut

393 5826 680 5878 afﬁrmatio
712 5833 765 5877 et
787 5826 997 5884 negatio
1023 5824 1181 5880 simul
1208 5840 1346 5881 verae
1376 5828 1500 5892 sint,
1529 5829 1656 5885 illud
1690 5829 1857 5898 magis
1887 5833 1970 5883 est

2067 4725 2174 4781 est,
2208 4716 2383 4769 album
2412 4716 2624 4785 quidem
2656 4731 2744 4770 res
2774 4715 3010 4784 subjecta
3035 4718 3451 4786 est,appositum
3477 4728 3652 4771 autem

2074 4821 2129 4867 et
2166 4810 2533 4880 prtedicatum,
2558 4818 2639 4863 est
2660 4820 2713 4865 et
2734 4824 2839 4864 non
2868 4818 2971 4864 est.
3004 4810 3074 4862 lta
3104 4825 3312 4879 quoque
3344 4812 3394 4864 in
3430 4811 3509 4865 his
3538 4827 3656 4879 quas

2073 4901 2365 4957 secundum
2408 4899 2637 4971 aliquem
2689 4902 2903 4954 modum
2953 4899 3223 4968 dicuntur,
3274 4915 3394 4954 esse
3442 4900 3655 4969 quidem

2075 4996 2375 5067 subjectum
2428 5006 2539 5061 est,
2592 4995 2737 5049 velut
2791 4993 3033 5063 quaedam
3089 5009 3193 5048 res.
3248 4991 3434 5047 Modus
3482 5000 3658 5044 autem

2081 5092 2271 5146 deesse
2294 5076 2647 5161 praedicatur;
2672 5105 2792 5142 nam
2822 5103 2944 5142 cum
2978 5087 3224 5152 dicimus,
3246 5086 3402 5139 hodie
3428 5084 3659 5153 pluviam

2074 5197 2202 5237 esse
2234 5180 2487 5250 p055ibile
2517 5186 2617 5243 est,
2644 5194 2763 5233 esse
2807 5177 3152 5245 subjeciinus,
3188 5174 3440 5243 possibile
3476 5172 3662 5239 ιιτςεᾱὶ-

2084 5287 2287 5337 camus,
2318 5280 2373 5325 et
2398 5271 2475 5325 sic
2503 5280 2663 5324 lotam
2698 5271 2802 5321 vim
2841 5269 2893 5319 iu
2926 5262 3374 5335 propositionibus
3407 5261 3663 5331 [medica-

2087 5366 2160 5421 tio
2195 5374 2355 5422 tenet.
2396 5373 2448 5417 et
2492 5361 2844 5429 simplicibus,
2888 5367 2939 5410 et
2989 5368 3180 5424 praeter
3209 5353 3424 5406 modum
3459 5352 3667 5420 quoties

2087 5458 2285 5525 aliquid
2336 5470 2454 5511 esse
2502 5454 2871 5523 pra-dicamus,
2922 5458 2978 5499 ut
3029 5449 3079 5500 in
3119 5461 3184 5500 eo
3230 5443 3369 5514 quod
3418 5444 3669 5505 dicimus,

2082 5548 2250 5602 'bomo
2280 5556 2383 5613 est,
2429 5558 2588 5597 totum
2624 5540 3002 5612 prepositionis
3033 5539 3137 5589 vim
3178 5537 3414 5591 continet
3451 5541 3672 5589 verbum

2082 5651 2191 5699 est,
2223 5640 2236 5691 i
2262 5652 2290 5689 a
2321 5632 2539 5705 quoque
2563 5637 2613 5688 iu
2648 5636 2729 5687 his
2760 5648 2877 5701 qua:
2906 5630 3199 5685 secundum
3243 5628 3459 5681 modum
3490 5627 3674 5679 dicun-

2087 5742 2193 5798 tur,
2224 5730 2472 5799 quoniam
2504 5737 2664 5781 totam
2713 5724 3138 5794 prepositionem
3182 5722 3424 5775 continet
3467 5719 3674 5776 modus.

2067 5833 2171 5894 naut
2198 5822 2483 5890 pttSslblllS,
2517 5831 2608 5876 aut
2639 5820 3024 5890 contingentis,
3057 5822 3147 5868 aut
3182 5812 3547 5883 impossibilis,
3577 5816 3664 5860 aut
