4280 6268
633 330 731 384 367

1868 336 1975 393 AN.
2005 336 2209 392 MANL.
2251 337 2399 393 εει.
2444 340 2663 395 ΒΟΕΤΙΙ

3784 344 3886 399 368

632 451 937 514 necessarii,
974 448 1086 502 bare
1132 449 1429 517 praedicari,
1492 466 1575 507 res
1618 466 1746 506 vero
1784 451 1899 505 alias
1944 451 2199 522 subjecta:
2223 455 2357 514 Αει
2380 466 2485 507 non
2518 451 2776 521 possibile
2800 462 2882 507 est
2907 468 3048 508 esse.
3076 452 3167 508 Hae
3193 453 3335 508 enim
3368 454 3438 508 ita
3464 469 3491 507 ε
3520 471 3580 509 se
3608 454 3882 524 disjuncta:

631 557 747 596 esse
776 542 1042 596 dicuntur.
1072 543 1181 597 Hoc
1209 544 1349 596 enim
1378 545 1515 614 quod
1544 535 1693 625 ait.:'

705 653 791 707 Sic
822 652 916 704 hoc
944 653 1070 717 loco,
1102 670 1209 707 esse
1234 653 1435 722 quidem
1460 663 1505 706 et
1531 669 1631 706 non
1658 669 1763 706 esse
1791 654 2019 723 subjecta
2046 653 2199 721 ﬁunt,

630 759 777 813 posse
815 759 929 795 vero
981 753 1025 794 et
1072 744 1361 813 contingere
1408 743 1749 812 oppositiones
1810 743 2203 797 determinantes

630 833 1053 901 quemadmodum
1081 835 1132 884 in
1156 833 1259 884 illis
1280 849 1387 884 esse
1417 842 1461 885 et
1485 848 1588 885 non
1611 849 1718 886 esse
1746 835 2004 886 veritatem
2028 844 2073 886 et
2101 833 2203 901 {al-

630 924 848 989 sitatem,
878 926 949 976 sic
976 924 1055 975 Itic
1092 925 1145 976 in
1189 940 1245 976 eo
1274 922 1410 992 quod
1441 932 1534 992 est,
1568 940 1674 977 esse
1702 923 1961 999 possibile,
2002 934 2049 978 et
2093 939 2201 978 esse

632 1030 731 1067 non
764 1012 1016 1080 possibile.

700 1105 827 1157 Nam
868 1104 1311 1173 quemadmodum
1358 1107 1409 1159 in
1455 1105 1784 1176 simplicibus
1825 1109 1869 1163 si
1907 1106 1971 1163 ad
2002 1122 2121 1164 esse
2147 1116 2203 1163 et

630 1215 733 1253 non
760 1214 880 1253 esse
900 1200 1211 1268 negationes
1233 1200 1381 1266 tiant,
1406 1215 1506 1254 una
1530 1215 1743 1269 semper
1761 1218 1885 1256 vera
1908 1210 2008 1267 est,
2031 1201 2200 1256 altera

627 1305 837 1358 semper
867 1290 1016 1353 falsa,
1051 1292 1117 1344 ita
1145 1306 1359 1360 quoque
1392 1289 1443 1345 in
1487 1291 1570 1346 bis
1606 1308 1727 1361 qua:
1756 1293 2047 1347 secundum
2086 1307 2200 1347 mo-

628 1381 750 1434 dum
784 1380 1053 1446 dicantur,
1085 1382 1126 1434 si
1169 1382 1233 1435 ad
1268 1384 1439 1450 ipsum
1471 1382 1683 1437 modum
1714 1384 2010 1438 enuntiatio
2041 1398 2200 1453 nega-

628 1471 784 1525 tionis
814 1481 1043 1539 aptctur,
1074 1472 1221 1527 velut
1245 1472 1309 1525 ad
1335 1472 1592 1542 quasdam
1620 1472 1983 1542 oppositiones
2010 1471 2203 1542 praedi-

625 1562 966 1635 cationesque
997 1563 1197 1617 veritas
1223 1564 1275 1616 in
1313 1564 1740 1631 appositionibus
1768 1572 1823 1619 et
1862 1564 2061 1618 falsitas
2090 1572 2198 1619 ter-

625 1658 819 1710 minata
850 1657 1125 1711 dividitur.
1174 1658 1347 1728 Atque
1389 1658 1489 1712 hoc
1518 1658 1764 1727 estquod
1798 1659 1891 1712 ait.
1939 1657 2198 1711 Similiter

624 1751 708 1804 bse
736 1752 893 1805 etiam
924 1751 977 1805 in
1010 1766 1073 1803 eo
1104 1752 1241 1820 quod
1271 1761 1354 1806 est
1396 1766 1516 1806 esse
1560 1752 1812 1820 possibile
1837 1761 1892 1805 et
1941 1765 2060 1805 ease.
2086 1766 2192 1805 non

626 1843 904 1911 possibile.
936 1844 1193 1898 Similiter
1222 1846 1362 1899 enim
1393 1845 1686 1900 secundum
1719 1845 1975 1919 possibile
2010 1854 2067 1900 et
2094 1858 2197 1898 non

625 1936 877 2004 possibile
907 1936 1041 1991 facta
1066 1938 1351 2007 oppositio,
1382 1940 1662 1992 veritatem
1696 1938 2081 2006 falsitatcmque
2108 1937 2201 1991 deo

627 2028 895 2090 terminat,
929 2029 1068 2082 sicut
1099 2029 1150 2081 in
1180 2028 1511 2097 simplicibus
1540 2037 1594 2082 et
1620 2037 1815 2098 printer
1856 2027 2074 2081 modum
2110 2042 2203 2095 po-

624 2119 737 2173 sitis
759 2119 1048 2173 secundum
1074 2135 1195 2174 esse
1218 2130 1268 2172 et
1299 2135 1403 2174 non
1438 2134 1557 2174 esse
1584 2123 1816 2190 negatio.
1847 2119 1981 2172 [line
2008 2119 2058 2171 in
2084 2133 2199 2172 om-

624 2212 778 2267 nibus
800 2211 1090 2267 secundum
1116 2212 1329 2266 modum
1351 2211 1814 2277 afﬁrmationibus,
1838 2211 2201 2280 oppositiones

623 2304 818 2376 digerit
843 2306 1277 2360 convenientium
1309 2305 1676 2374 negationum,
1708 2305 1837 2359 dicit
1865 2304 1951 2359 eni
1976 2323 2034 2356 n:

694 2423 828 2496 Ejus
848 2441 963 2479 vero
992 2441 1104 2495 quw
1122 2434 1215 2489 est,
1243 2424 1481 2492 possibile
1501 2432 1572 2478 est
1599 2439 1699 2476 non
1726 2438 1851 2486 esse,
1880 2423 2080 2491 negatio
2102 2433 2197 2488 est,

623 2531 723 2568 non
747 2532 807 2569 ea
828 2531 942 2584 quae
969 2525 1061 2579 εει,
1093 2532 1195 2568 non
1224 2515 1461 2584 possibile
1484 2523 1559 2568 est
1583 2530 1708 2577 esse,
1738 2514 1825 2567 sed
1866 2530 1924 2567 ea
1956 2529 2069 2581 quae
2106 2525 2199 2577 est,

622 2620 723 2659 non
753 2605 995 2671 possibile
1015 2616 1086 2658 est
1112 2620 1212 2657 non
1232 2621 1359 2658 esse.
1389 2604 1452 2656 Et
1479 2606 1588 2674 ejus
1613 2620 1726 2671 qua:
1748 2613 1844 2669 est,
1866 2606 2106 2673 possibile
2129 2614 2202 2658 est

623 2711 750 2764 esse,
780 2712 879 2748 non
907 2712 964 2747 ea
992 2711 1106 2763 qua:
1130 2704 1221 2761 est,
1255 2694 1495 2765 possibile
1517 2706 1589 2749 est
1613 2712 1712 2749 non
1743 2712 1868 2759 esse,
1897 2698 1984 2749 sed
2008 2714 2065 2750 ea
2090 2712 2204 2761 quae

623 2798 716 2855 est,
743 2805 839 2842 non
869 2790 1106 2860 possibile
1130 2801 1201 2843 est
1224 2805 1349 2843 esse.
1393 2790 1564 2853 Quare
1604 2800 1649 2844 et
1682 2792 1823 2860 sequi
1849 2808 1954 2844 sese
1992 2794 2201 2845 invicem

623 2880 943 2946 videbuntur,
977 2880 1058 2934 ha:
1089 2880 1325 2941 possibile
1346 2890 1418 2935 est
1442 2897 1565 2947 esse,
1592 2882 1828 2952 possibile
1850 2891 1921 2936 est
1952 2900 2052 2936 non
2071 2899 2197 2957 esse.

623 2973 771 3028 Idem
802 2976 934 3027 enim
979 2974 1215 3041 possibile
1250 2983 1321 3027 est
1353 2991 1477 3040 esse,
1511 2987 1555 3028 et
1587 2992 1689 3028 non
1726 2992 1855 3029 esse.
1908 2975 2028 3030 Non
2068 2978 2201 3031 enim

623 3067 1048 3121 contradiCJiones
1077 3076 1191 3120 sunt
1221 3066 1315 3120 sibi
1354 3068 1565 3120 invicem
1593 3066 1915 3140 hujusmodi,
1968 3072 2203 3138 possibile

623 3176 728 3213 esse
776 3168 823 3212 et
867 3158 1104 3227 possibile
1152 3175 1251 3211 non
1292 3176 1416 3212 esse.
1461 3158 1563 3214 Sed
1603 3162 1843 3230 possibile
1878 3168 1951 3213 est
1994 3179 2119 3225 esse,
2156 3171 2202 3215 et
2228 3182 2275 3244 ο

622 3267 724 3304 non
748 3250 985 3320 possibile
1025 3263 1095 3303 est
1129 3266 1254 3315 esse,
1292 3267 1554 3320 nunquam
1584 3253 1736 3305 simul
1772 3253 1824 3303 in
1853 3252 2027 3305 eodem
2074 3270 2203 3308 verte

623 3355 760 3413 sunt,
796 3354 1121 3415 opponuntur
1146 3346 1297 3398 enim.
1323 3347 1385 3396 At
1408 3360 1545 3408 vero,
1578 3359 1666 3397 nec
1705 3343 1946 3414 possibile
1987 3354 2060 3398 est
2101 3364 2203 3400 non

622 3450 747 3500 esse,
771 3446 817 3488 et
844 3452 945 3489 non
979 3436 1214 3502 possibile
1237 3444 1310 3487 est
1336 3452 1436 3487 non
1463 3451 1589 3501 esse,
1618 3451 1876 3506 nunquam
1902 3437 2055 3489 simul
2077 3454 2205 3492 verte

621 3537 755 3582 sunt.
789 3526 1039 3583 Similiter
1067 3538 1236 3579 autem
1262 3535 1309 3580 et
1340 3530 1451 3598 ejus
1471 3542 1585 3597 qua:
1608 3535 1681 3580 est
1708 3529 2043 3581 necessarium
2075 3545 2200 3595 esse,

620 3634 724 3671 non
754 3634 813 3671 ea
842 3633 952 3684 qua:
977 3626 1068 3680 est,
1102 3618 1439 3670 necessarium
1465 3635 1567 3671 non
1595 3634 1724 3684 esse,
1768 3618 1971 3690 negatio
1992 3632 2084 3686 est,
2115 3622 2205 3675 sed

620 3726 678 3763 ea
707 3724 819 3778 qua:
845 3718 937 3773 est,
982 3724 1085 3762 non
1114 3710 1450 3762 necessarium
1472 3725 1619 3763 esse.
1658 3709 1789 3778 Eius
1815 3727 1933 3765 vero
1959 3729 2076 3782 qui:
2104 3724 2198 3779 est,

620 3800 958 3855 necessarium
980 3812 1051 3854 est
1081 3817 1182 3854 non
1222 3816 1348 3865 esse,
1376 3817 1433 3854 ea
1454 3817 1567 3870 qua:
1592 3813 1687 3867 est,
1720 3819 1819 3857 non
1864 3806 2201 3858 necessarium

619 3905 691 3949 est
726 3911 829 3949 non
854 3912 979 3950 esse.
1012 3895 1079 3949 Et
1110 3900 1219 3968 ejus
1241 3912 1355 3965 qua!
1377 3906 1471 3963 est,
1506 3898 1815 3969 impossibile
1846 3916 1976 3964 esse,
2010 3917 2110 3953 non
2140 3916 2200 3953 ea

618 4002 728 4056 quia
746 3998 839 4055 est,
873 3988 1186 4056 impossibile
1207 4004 1309 4042 non
1330 4004 1457 4054 esse,
1487 3990 1575 4042 sed
1605 4006 1708 4043 non
1734 3991 2042 4061 impossibile
2070 4009 2194 4058 esse,

616 4082 726 4150 ejus
749 4095 861 4133 vero
881 4096 997 4150 qua:
1021 4090 1117 4145 est,
1146 4080 1453 4150 impossibile
1477 4097 1580 4135 non
1608 4098 1734 4149 esse,
1760 4098 1819 4136 ea
1841 4100 1955 4151 quae
1975 4094 2069 4149 est,
2099 4101 2197 4139 non

616 4172 925 4241 impossibile
946 4182 1017 4225 est
1045 4189 1147 4225 non
1176 4189 1302 4226 esse.

689 4284 756 4341 Ut
799 4285 1130 4341 demonstret
1160 4302 1279 4342 eam
1319 4303 1436 4355 quae
1477 4289 1628 4353 dicit,
1683 4290 1936 4357 possibile
1967 4300 2050 4345 est
2090 4307 2194 4346 non

615 4391 758 4440 esse,
789 4392 893 4432 non
923 4380 1081 4433 modo
1113 4395 1216 4434 non
1248 4394 1369 4435 esse
1400 4381 1740 4449 negationem
1777 4382 1893 4451 ejus
1938 4398 2058 4451 quae
2083 4394 2189 4450 est,

616 4471 869 4538 possibile
893 4481 975 4525 est
1005 4488 1147 4534 esse,
1170 4473 1263 4526 sed
1295 4473 1512 4526 omnino
1547 4472 1880 4542 negationem
1917 4488 2021 4529 non
2050 4489 2193 4542 esse,

2307 550 2451 605 sunt,
2477 552 2532 596 ut
2569 542 2728 597 simul
2756 557 2875 598 esse
2917 560 3021 598 nou
3071 544 3297 614 possint.
3330 544 3533 599 Idcirco
3564 555 3740 599 autem
3782 546 3880 600 hoc

2305 636 2502 697 evenit,
2526 638 2773 702 quoniam
2802 647 2925 689 sunt
2952 637 3246 705 opposita);
3275 652 3489 705 semper
3514 637 3675 705 igitur
3697 652 3885 691 secun-

2304 728 2427 782 dum
2462 728 2674 782 modum
2699 729 2940 797 ponenda
2974 730 3186 797 negatio
3210 740 3311 798 est,
3348 731 3391 783 si
3437 719 3640 799 integra
3668 732 3886 798 opposi-

2304 819 2463 872 tionis
2493 828 2677 872 natura
2710 819 2945 874 iacienda
2983 829 3085 884 est,
3114 821 3254 889 quod
3293 821 3604 889 planissime
3638 823 3884 892 exsequi-

2305 922 2411 975 tur,
2435 912 2662 981 singulis
2695 912 3122 980 propositionum
3142 913 3313 967 modis
3335 916 3643 982 negationes
3675 928 3887 967 accom-

2302 1006 2546 1069 modans,
2589 1015 2746 1076 atque
2786 1007 3018 1077 integras
3048 1009 3357 1062 naturaliter
3385 1009 3633 1063 efficiens
3674 1011 3887 1077 opposi-

2303 1099 2498 1154 tiones.
2528 1099 2597 1153 At
2619 1115 2767 1164 vero,
2794 1100 2984 1169 inquit,
3018 1115 3078 1154 ea
3110 1116 3226 1168 qua:
3257 1112 3340 1155 est
3369 1101 3621 1169 possibile
3661 1109 3746 1154 est
3778 1117 3885 1156 non

2303 1204 2443 1254 esse,
2471 1204 2592 1245 cum
2638 1205 2699 1245 ea
2744 1206 2861 1259 qua:
2893 1191 3048 1256 dicit,
3082 1206 3185 1245 non
3216 1192 3467 1259 possibile
3497 1204 3575 1245 est
3608 1206 3710 1245 non
3742 1207 3883 1255 esse,

2302 1284 2463 1338 simul
2494 1298 2613 1338 esse
2642 1299 2747 1338 non
2773 1284 2989 1351 poterit.
3021 1283 3257 1353 Namque
3274 1285 3548 1352 appositas
3577 1299 3697 1339 esse
3719 1284 3887 1337 mani-

2304 1374 2495 1429 festum
2526 1383 2633 1440 est,
2661 1375 2931 1444 s‘quidem
2964 1376 3150 1429 barum
3195 1378 3407 1445 negatio
3449 1377 3515 1430 ad
3562 1378 3775 1431 modum
3804 1387 3887 1432 est

2307 1466 2497 1534 posita,
2533 1467 2623 1536 qui
2659 1474 2742 1521 est
2784 1466 3039 1533 possibile
3077 1483 3216 1535 esse,
3260 1468 3379 1536 ejus
3425 1479 3599 1523 autem
3640 1485 3758 1537 quae
3804 1479 3889 1526 εει

2305 1561 2669 1614 necessarium
2719 1570 2803 1614 est
2849 1575 2989 1626 esse,
3036 1576 3141 1614 non
3180 1570 3393 1631 oportet
3439 1561 3545 1616 dici
3596 1563 3737 1616 illam
3768 1578 3887 1619 esse

2303 1652 2664 1722 negationem,
2700 1668 2794 1720 per
2822 1668 2981 1723 quam
3014 1654 3227 1718 dicitur,
3262 1654 3625 1708 necessarium
3665 1666 3746 1710 est
3778 1670 3883 1710 non

2303 1758 2455 1809 esse;
2489 1744 2649 1813 hujus
2672 1745 2813 1798 enim
2858 1745 2958 1799 alia
3001 1747 3214 1814 negatio
3257 1747 3480 1813 inveniri
3528 1757 3722 1815 potest,
3753 1762 3886 1817 quo-

2307 1842 2447 1895 niam
2494 1852 2573 1896 est
2602 1841 2890 1895 affirmatio
2910 1842 3176 1905 quazdam,
3207 1851 3289 1896 est
3318 1851 3491 1895 autem
3534 1842 3650 1911 ejus
3678 1841 3885 1912 negatio

2308 1947 2368 1986 ea
2403 1947 2523 2002 qua:
2548 1932 2675 1987 dicit
2700 1974 2715 1999 ,
2742 1949 2848 1986 non
2875 1935 3230 1987 necessarium
3255 1944 3335 1987 est
3357 1949 3461 1987 non
3492 1947 3630 1987 esse.
3658 1933 3762 1988 Sed
3794 1948 3883 2000 po-

2309 2028 2411 2080 tius
2436 2028 2485 2081 ei
2518 2043 2636 2095 qum
2654 2027 2783 2082 dicit
2810 2028 3171 2081 necessarium
3205 2034 3290 2080 est
3314 2041 3455 2091 esse,
3487 2042 3549 2079 ea
3572 2020 3903 2095 Opponenda'

2305 2128 2387 2175 est
2422 2135 2539 2188 qua:
2575 2119 2722 2184 dicit,
2766 2135 2869 2173 non
2900 2119 3260 2174 necessarium
3311 2127 3395 2173 est
3434 2132 3590 2183 esse;
3628 2118 3690 2170 ad
3739 2118 3885 2171 illam

2305 2224 2535 2282 namque
2562 2227 2680 2279 qua;
2708 2211 2857 2278 dicit,
2894 2211 3252 2266 necessarium
3276 2220 3358 2265 est
3382 2224 3485 2265 non
3517 2225 3637 2265 esse
3666 2211 3887 2278 Opponi-

2306 2315 2391 2357 tnr
2424 2305 2501 2374 (ut
2533 2304 2730 2357 dictum
2763 2304 2893 2375 est),
2947 2320 3050 2357 non
3085 2304 3447 2357 necessarium
3493 2311 3576 2358 est
3606 2318 3711 2357 non
3743 2317 3882 2358 esse.

2307 2397 2436 2466 Ejus
2487 2412 2699 2467 quoque
2729 2413 2847 2466 qum
2894 2406 3000 2463 est,
3030 2396 3361 2465 impossibile
3387 2407 3469 2451 est
3497 2411 3637 2462 esse,
3670 2411 3773 2451 non
3801 2395 3883 2451 di-

2305 2490 2472 2541 conda
2513 2500 2593 2541 est
2638 2489 2725 2541 illa
2753 2503 2871 2542 esse
2915 2488 3127 2557 negatio
3158 2504 3250 2556 per
3277 2504 3435 2557 quam
3480 2488 3726 2555 dicimus,
3783 2488 3885 2543 im-

2307 2581 2563 2649 possibile
2600 2589 2684 2635 est
2717 2597 2819 2633 non
2848 2596 2988 2647 esse,
3040 2580 3132 2635 sed
3162 2596 3223 2635 ea
3253 2582 3427 2647 potius
3466 2596 3584 2651 quae
3616 2581 3883 2651 proponit,

2305 2690 2411 2727 non
2445 2674 2776 2741 impossibile
2803 2684 2885 2728 cst
2913 2688 3055 2729 esse.
3087 2674 3322 2739 Namque
3345 2674 3884 2743 altirmatioqmedam

2306 2777 2409 2835 est,
2436 2767 2766 2836 impossibile
2794 2776 2875 2820 est
2920 2782 3024 2819 non
3056 2782 3198 2821 esse.
3232 2766 3400 2836 Ilujus
3431 2768 3575 2821 enim
3618 2768 3885 2822 invenitur

2308 2861 2516 2928 negatio
2544 2874 2660 2927 quae
2682 2868 2785 2922 est.
2817 2875 2922 2914 non
2955 2859 3286 2925 impossibile
3312 2868 3398 2913 est
3422 2874 3527 2912 non
3558 2875 3701 2914 esse.

2378 2950 2742 3004 Universaliter
2767 2966 2881 3003 vero
2920 2950 3362 3018 (quemadmodum
3409 2951 3600 3004 dictum
3647 2951 3742 3020 est)
3774 2968 3880 3006 esse

2304 3041 2504 3105 quidem
2528 3050 2573 3093 et
2603 3058 2702 3093 non
2733 3057 2839 3093 esse
2869 3050 3061 3107 oportet
3104 3057 3292 3111 ponere
3338 3051 3582 3111 tauquam
3622 3042 3881 3114 subjecta,

2306 3132 2702 3201 afﬁrmationem
2744 3148 2863 3186 vero
2892 3143 2939 3185 ει
2985 3135 3296 3205 negationem
3348 3136 3453 3189 lues
3506 3136 3775 3203 facientem
3814 3120 3883 3189 ad

2306 3239 2412 3277 esse
2438 3232 2484 3275 et
2516 3239 2616 3277 non
2643 3240 2752 3277 esse
2795 3240 3081 3293 apponere,
3121 3234 3165 3277 et
3204 3224 3297 3277 has
3331 3236 3512 3295 putare
3548 3236 3745 3295 oportet
3780 3243 3882 3280 esse

2306 3315 2566 3383 oppositas
2591 3315 2853 3379 dictiones,
2881 3315 3139 3385 possibile,
3162 3332 3265 3370 non
3284 3318 3542 3385 possibile,
3567 3320 3878 3389 contingens,

2306 3424 2405 3460 non
2434 3408 2761 3478 contingens,
2782 3408 3124 3476 impossibile,
3157 3426 3259 3463 non
3288 3411 3618 3477 impossibile,
3647 3429 3877 3469 necessa~

2304 3484 2457 3565 rium,
2491 3515 2592 3552 non
2621 3500 2984 3563 necessarium,
3017 3516 3213 3568 verum,
3244 3517 3343 3553 non
3364 3518 3553 3556 verum.

2380 3589 2637 3659 Regulam
2658 3590 2748 3643 dat
2770 3589 3130 3645 universalem
3150 3591 3365 3646 dicens:
3388 3592 3497 3649 Hoc
3515 3594 3878 3649 universaliter

2307 3677 2359 3732 in
2387 3678 2635 3732 omnibus
2652 3677 2952 3733 faciendum
2979 3694 3118 3744 esse,
3143 3681 3283 3749 quod
3307 3696 3462 3749 supra
3484 3681 3592 3750 jam
3616 3682 3870 3742 diximus.

2308 3777 2363 3819 ot
2382 3768 2677 3836 subjectum
2701 3784 2819 3843 esse
2840 3779 2893 3823 et
2914 3785 3020 3823 non
3050 3784 3169 3824 esse
3198 3781 3441 3838 ponatur.
3462 3773 3876 3828 Allirmationeui

2306 3868 2482 3911 autem
2512 3870 2565 3912 et
2594 3846 2931 3927 negationem
2954 3861 3097 3930 ipsos
3123 3864 3308 3917 modos
3337 3861 3612 3919 faciamus.
3642 3864 3753 3920 Hoc
3789 3880 3871 3920 εει

2305 3950 2445 4001 enim
2468 3947 2606 4017 quod
2626 3948 3067 4017 ait,negationem
3101 3965 3228 4005 vero
3258 3963 3310 4005 et
3333 3952 3740 4010 altirmationem
3762 3956 3876 4011 haec

2308 4040 2607 4100 facientem.
2628 4044 2815 4099 modos
2834 4043 2979 4095 enim
3008 4042 3172 4108 ipsos,
3203 4043 3255 4095 id
3285 4054 3367 4098 est
3396 4045 3649 4113 possibile
3670 4056 3725 4102 et
3750 4063 3879 4103 con-

2309 4132 2516 4201 tingens
2538 4141 2593 4184 et
2621 4141 2847 4186 caeteros
2869 4146 2962 4201 pro
2985 4132 3433 4189 aflirmationibus
3456 4138 3788 4204 ordinantes,
3814 4150 3870 4194 et

2307 4221 2371 4274 ad
2435 4226 2532 4275 tios
2568 4223 2813 4291 negativo
2849 4223 3101 4278 adverbio
3134 4225 3319 4293 juncto
3365 4242 3458 4292 pro
3503 4228 3877 4295 negatiouibus

2306 4313 2674 4380 disponentes,
2708 4323 2801 4367 aut
2819 4315 2885 4366 ad
2916 4313 2967 4367 id
2994 4317 3131 4382 quod
3162 4315 3386 4370 dicimus
3416 4328 3516 4381 est,
3551 4329 3607 4372 et
3637 4333 3739 4372 non
3762 4331 3871 4388 est,

2307 4392 2658 4469 apponamus,
2698 4414 2757 4456 ut
2788 4406 3232 4472 quemadmodum
3267 4406 3331 4460 ad
3363 4422 3517 4460 unam
3554 4423 3687 4475 rem,
3727 4412 3868 4478 quod

2308 4501 2391 4547 est
2422 4492 2604 4558 homo,
2644 4502 2729 4548 est
2762 4496 2983 4550 verbum
3017 4508 3069 4551 et
3102 4513 3203 4551 non
3232 4509 3312 4553 est
3342 4500 3571 4567 negatio,
3615 4501 3873 4569 praedicn-

613 4561 777 4633 hujus
801 4564 960 4619 aliam
993 4564 1199 4620 invenit
1229 4567 1587 4635 negationem.
1619 4565 1749 4619 Nam
1786 4566 1903 4635 ejus
1939 4585 2057 4637 qua:
2092 4580 2194 4633 est,
2226 4564 2281 4625 D

2184 4610 2194 4633 ν
2226 4564 2281 4625 Ῑ)
2308 4591 2418 4638 tum
2451 4594 2533 4638 est
2569 4585 2621 4639 in
2657 4587 2739 4640 bis
2768 4589 3032 4656 quoddam
3060 4561 3507 4659 propositionibus
3532 4561 3650 4661 qua:
3684 4604 3874 4659 printer

612 4656 866 4723 possibile
891 4668 972 4710 est
1018 4673 1123 4711 non
1152 4672 1294 4721 esse,
1326 4674 1485 4728 quam
1521 4657 1895 4713 afﬁrmationis
1934 4660 2051 4715 loco
2096 4676 2195 4730 po—

613 4748 740 4809 suit,
771 4750 981 4815 ncgatio
1014 4750 1280 4818 reperitur
1311 4750 1397 4804 illa
1428 4766 1546 4820 quin
1580 4750 1746 4815 dicit,
1792 4767 1896 4805 non
1924 4752 2178 4820 possibile

612 4848 693 4892 est
718 4854 821 4891 non
851 4855 989 4904 esse,
1020 4842 1312 4895 secundum
1340 4844 1556 4897 modum
1588 4844 1797 4897 scilicet
1823 4844 2001 4899 addita
2030 4861 2192 4914 nega-

612 4932 785 4994 tione;
819 4930 959 4984 unde
988 4930 1064 4995 lit,
1095 4932 1284 4998 inquit,
1318 4941 1375 4984 ut
1400 4948 1462 4987 ea
1488 4948 1607 5001 qua:
1628 4933 1778 4999 dicit,
1826 4934 2079 5001 possibile
2107 4946 2192 4991 εει

613 5039 750 5089 esse,
783 5031 836 5076 et
868 5023 956 5077 illa
989 5038 1106 5091 quae
1157 5025 1441 5093 proponit,
1473 5025 1727 5093 possmile
1768 5036 1853 5080 est
1893 5042 1998 5080 non
2041 5042 2189 5093 esse,

612 5128 731 5169 sese
764 5115 991 5169 invicem
1024 5125 1454 5181 consequantur;
1489 5116 1632 5171 idem
1680 5132 1907 5187 namque
1935 5119 2193 5187 possibile

611 5214 693 5260 est
721 5221 841 5261 esse
880 5205 1018 5275 quod
1046 5214 1128 5259 est
1159 5205 1414 5273 possibile
1463 5222 1571 5261 non
1609 5222 1748 5262 esse.
1782 5210 1886 5261 (iur
1921 5220 2096 5265 autem
2130 5226 2190 5265 se

611 5297 866 5366 consequi
896 5309 1137 5364 possunt,
1169 5297 1284 5351 inec
1313 5311 1472 5351 causa
1504 5306 1608 5366 est,
1641 5298 1892 5367 quoniam
1922 5315 2033 5354 non
2066 5312 2193 5356 sunt

610 5390 887 5455 oppositae.
916 5388 1050 5445 Nam
1076 5388 1123 5445 si
1152 5398 1334 5444 esseut
1353 5390 1631 5458 oppositae,
1660 5390 1989 5459 perimerent
2015 5408 2075 5449 se
2096 5410 2190 5463 po-

612 5480 715 5534 tius
765 5496 921 5550 quam
966 5494 1451 5552 consequerentur,
1509 5492 1561 5538 et
1615 5483 1967 5541 dissentirent
2018 5489 2186 5559 magis

609 5589 765 5642 quam
806 5579 1191 5647 consentirent,
1222 5588 1283 5634 ut
1311 5590 1394 5635 est
1432 5580 1487 5636 in
1524 5580 1609 5637 bis
1638 5583 1892 5651 possibile
1932 5595 2019 5640 est
2043 5602 2182 5654 esse,

678 5668 940 5747 Eossibile
967 5681 1051 5726 est
1076 5687 1198 5727 esse
1775 5676 2152 5747 Oppositiones

682 5735 1101 5813 Qontiugit__esse
1823 5735 1873 5747 Η
1931 5735 1936 5736 ί
1990 5735 1999 5738 ﬁ
2062 5804 2069 5813 .

686 5808 1017 5873 lmp05sibile
1044 5825 1129 5867 est
1155 5829 1274 5868 esse

687 5876 911 5933 Neeessa
920 5881 1053 5934 rium
1085 5894 1166 5937 est
1195 5899 1315 5939 esse

2308 4679 2525 4733 modum
2550 4689 2693 4745 sunt,
2722 4690 2781 4735 ut
2810 4681 2862 4735 in
2891 4697 2950 4735 ea
2982 4698 3076 4751 per
3106 4699 3262 4752 quam
3289 4683 3537 4750 dicimus,
3572 4685 3731 4739 bomo
3763 4695 3863 4751 est,

2304 4773 2383 4827 sic
2438 4773 2490 4825 in
2521 4771 2604 4827 his
2634 4774 3078 4842 propositionibus
3116 4791 3232 4845 quae
3263 4790 3383 4829 cum
3417 4776 3578 4831 modo
3605 4788 3757 4843 sunt,
3791 4788 3873 4831 est

2300 4867 2516 4934 quidem
2550 4875 2643 4919 aut
2676 4880 2780 4919 non
2803 4876 2913 4933 est,
2946 4866 3181 4936 subjecta
3213 4881 3502 4937 ponamus,
3536 4868 3720 4921 modos
3750 4883 3877 4922 vero

2302 4956 2444 5025 ipsos
2471 4966 2564 5010 aut
2593 4956 2884 5010 secundum
2926 4957 3350 5024 al'lirmationem,
3386 4957 3430 5012 si
3460 4958 3771 5027 simpliciter
3796 4958 3876 5010 di.

2301 5059 2511 5114 cantur,
2534 5058 2625 5101 aut
2653 5049 2948 5103 secundum
2974 5050 3332 5118 negationem,
3367 5049 3411 5102 si
3435 5064 3554 5104 cum
3589 5053 3869 5118 negatione

2299 5146 2583 5204 ponantur,
2626 5137 2881 5192 facientes
2917 5137 2983 5189 ad
3021 5137 3339 5207 subjectum,
3387 5137 3529 5205 quod
3572 5138 3868 5193 secundum

2298 5240 2417 5280 esse
2466 5234 2519 5279 et
2555 5240 2662 5279 non
2692 5239 2833 5294 esse,
2874 5225 3233 5295 disposuimus
3279 5226 3649 5296 praedicemus,
3682 5236 3741 5281 ut
3777 5228 3889 5282 bas'

2300 5319 2624 5373 arbitremur
2672 5332 2796 5372 esse
2836 5319 3111 5388 oppositas
3145 5318 3406 5374 dictiones
3437 5328 3496 5374 et
3531 5320 3864 5388 negationes,

2297 5424 2414 5479 quae
2438 5409 2732 5464 secundum
2758 5406 2944 5463 modos
2975 5405 3127 5462 factas
3159 5408 3265 5462 sint
3285 5449 3301 5473 ,
3332 5423 3517 5462 eorum
3546 5417 3721 5462 autem
3749 5423 3866 5459 omo

2298 5500 2442 5554 nium
2468 5500 2777 5570 negationes
2791 5506 2846 5555 et
2871 5496 3259 5556 afﬁrmationes
3276 5500 3329 5555 in
3346 5500 3674 5556 contrarium
3692 5498 3723 5553 d
3736 5501 3865 5564 tspm

2296 5602 2511 5648 nantur.

2736 5683 2849 5739 Non
2882 5684 3136 5754 possibile
3163 5696 3246 5742 est
3275 5701 3391 5742 esse

2732 5755 2844 5808 Non
2867 5754 3126 5820 contingit
3151 5772 3270 5811 esse

2729 5824 2840 5876 Non
2860 5826 3189 5888 impossibile.
3221 5838 3299 5879 est
3329 5842 3446 5880 esse

2736 5894 2845 5947 Non
2878 5897 3234 5950 necessarium
3269 5910 3348 5950 cst
3382 5914 3498 5951 0:50
