4280 6268
429 409 528 463 ῖιῦ9

499 522 763 579 Possibile
789 530 876 577 est
903 536 1008 576 non
1040 533 1162 575 esse

496 594 775 661 Contingit
801 608 905 646 non
934 608 1052 646 esse

503 664 831 732 [inpossibile
856 673 937 716 est
969 677 1074 716 non
1105 676 1222 717 esse

500 736 868 790 Necessarium
899 743 981 787 est
1008 748 1113 787 non
1144 746 1262 787 esse

1589 514 1968 583 Oppositionos

1200 403 1268 459 IN
1304 402 1558 459 LIBRUM
1603 400 1687 453 DE
1728 398 2370 455 INTERPRETATIONE
2417 398 2643 456 EDITlO
2681 400 2904 457 PRIMA.

3582 396 3685 452 370

2542 514 2654 568 Non
2686 516 2940 583 possibile
2969 524 3050 571 est
3075 529 3180 570 non
3212 529 3333 571 esse

2533 584 2649 639 Non
2679 587 2939 655 contingit
2966 603 3069 640 non
3099 600 3217 641 esse

2534 656 2649 709 Non
2682 656 3013 723 impossibile
3039 669 3121 712 est
3154 673 3257 711 non
3288 672 3407 712 esse

2532 726 2646 780 Non
2679 730 3036 783 necessarium
3063 736 3145 782 est
3169 743 3273 782 non
3297 743 3416 783 esse

499 830 650 893 Quod
686 838 861 881 autem
902 826 1104 879 addidit
1144 839 1348 884 verum.
1399 836 1506 876 non
1543 836 1756 885 verum,
1802 821 1869 875 ad
1911 820 2003 875 de-
2032 824 2087 884 Α
2111 836 2215 876 non
2250 838 2392 889 esse,
2443 838 2546 878 non
2574 831 2658 878 est
2693 825 3056 878 necessarium
3088 840 3195 879 non
3224 841 3362 889 esse,
3396 834 3451 879 et
3492 840 3685 881 secun-

427 924 866 979 moustratiouem
891 920 1127 972 omnium
1158 918 1437 971 modorum
1462 914 1627 968 valet.
1658 912 1788 968 Nam
1815 913 1861 966 si
1885 912 2004 981 quis

426 1017 591 1079 dicat,
646 1028 829 1067 verum
858 1024 970 1075 est,
1002 1026 1107 1063 non
1139 1016 1222 1062 est
1251 1006 1417 1076 ipsius
1440 1006 1650 1074 negatio
1680 1018 1867 1057 verum
1900 1018 2003 1055 non

425 1116 533 1168 est,
564 1105 656 1158 srd
693 1103 868 1173 potius
904 1117 1008 1155 non
1037 1114 1221 1153 verum
1254 1108 1353 1152 est.
1388 1096 1597 1166 Alioqui
1631 1094 1748 1165 ejus
1776 1108 1895 1162 quae
1924 1104 2008 1147 est

423 1214 603 1251 verum
637 1210 741 1249 non
775 1202 881 1261 est,
910 1193 999 1246 illa
1029 1191 1243 1260 negatio
1270 1199 1357 1244 εει
1384 1188 1527 1258 quod
1555 1185 1722 1251 dicit,
1758 1198 1864 1239 non
1908 1198 2003 1237 ve-

422 1307 537 1345 rum
570 1304 673 1343 non
704 1297 808 1341 est.

493 1384 876 1450 Consequentia:
902 1397 1019 1434 vero
1047 1378 1325 1431 secundum
1373 1376 1605 1429 ordinem
1647 1376 1776 1444 ﬁunt
1805 1375 1878 1427 ita
1906 1390 2000 1445 po-

421 1477 676 1531 nentibus.
706 1475 793 1528 Illi
834 1476 966 1528 enim
996 1489 1107 1537 quae
1135 1481 1228 1535 est,
1258 1470 1495 1539 possibile
1523 1478 1596 1523 est
1625 1484 1755 1535 esse,
1785 1469 2007 1536 sequitur

423 1568 514 1621 illa
541 1582 653 1634 qua:
682 1576 773 1631 est,
806 1566 1100 1635 contingens
1127 1578 1256 1626 esse,
1299 1571 1346 1614 et
1372 1560 1479 1613 hac
1503 1560 1581 1612 illi
1611 1560 1936 1622 convertitur,
1961 1566 2008 1609 et

424 1677 525 1715 nan
552 1660 867 1726 impossibile
898 1674 1022 1721 esse,
1056 1667 1100 1710 et
1132 1672 1230 1708 non
1256 1655 1595 1709 necessarium
1631 1669 1757 1706 esse.
1784 1652 1873 1705 Illi
1893 1667 2007 1705 vero

421 1766 535 1822 qua!
564 1760 659 1811 est,
693 1751 933 1820 possibile
959 1766 1062 1801 non
1104 1764 1232 1809 esse,
1260 1757 1306 1799 et
1332 1745 1628 1816 contingens
1653 1759 1755 1796 non
1785 1758 1911 1807 esse,
1947 1758 2005 1795 ea

421 1860 533 1913 qua:
564 1854 658 1907 est,
691 1858 790 1895 non
824 1840 1165 1894 nrcessarium
1208 1854 1307 1890 non
1338 1853 1462 1902 esse,
1497 1844 1667 1889 etnon
1693 1833 2007 1901 impossibile

420 1951 519 1989 non
541 1949 667 1988 esse.
696 1931 787 1985 Illi
816 1948 932 1985 vero
962 1947 1079 2001 qua
1108 1942 1212 1992 est,
1246 1946 1346 1983 non
1376 1928 1614 1997 possibile
1646 1945 1750 1981 esse
1771 1970 1786 1994 ,
1816 1937 1865 1980 et
1900 1944 2003 1980 non

422 2026 717 2097 contingens
743 2041 870 2089 esse,
902 2042 960 2078 ea
1003 2039 1117 2092 quw
1162 2031 1255 2087 est,
1308 2021 1647 2075 necessarium
1674 2036 1775 2073 non
1804 2036 1926 2085 esse,
1958 2028 2007 2074 et

424 2118 731 2189 impossibile
770 2133 896 2171 esse.
927 2114 1020 2169 Illi
1060 2131 1181 2168 vero
1228 2130 1342 2183 qua:
1367 2122 1461 2179 est,
1495 2130 1594 2167 non
1626 2113 1861 2181 possibile
1902 2129 2003 2165 non

2111 915 2212 970 dus
2240 916 2457 985 quidem
2490 915 2625 970 ordo
2649 930 2769 970 sese
2796 917 2874 970 sic
2898 915 3078 971 habet.
3094 915 3253 971 Nunc
3273 927 3449 971 autem
3481 918 3545 971 ad
3583 927 3687 972 ter-

2108 1008 2239 1061 tium
2272 1017 2609 1063 transeamus
2645 1010 2825 1078 :quod
2872 1023 2979 1062 non
3010 1008 3263 1077 possibile
3291 1020 3375 1065 est
3411 1026 3552 1079 esse,
3582 1012 3684 1066 hoc

2109 1099 2221 1153 ﬁeri
2254 1117 2359 1153 non
2397 1110 2590 1169 potest,
2622 1101 2763 1170 quod
2786 1111 2966 1156 autem
3001 1102 3113 1155 fieri
3142 1115 3247 1154 non
3279 1114 3473 1171 petest,
3505 1112 3563 1157 ut
3590 1104 3686 1158 ali-

2109 1192 2321 1260 quando
2351 1194 2440 1257 sit,
2474 1208 2579 1247 non
2610 1193 2909 1262 contingit,
2934 1194 3073 1263 quod
3106 1209 3235 1264 ergo
3276 1210 3380 1248 non
3432 1195 3687 1263 possibile

2108 1294 2191 1337 est
2218 1299 2354 1349 esse,
2391 1286 2528 1340 idem
2561 1301 2663 1339 non
2685 1287 2943 1357 contingit
2966 1302 3123 1353 esse;
3156 1286 3248 1342 sed
3269 1286 3411 1357 quod
3442 1301 3543 1341 non
3561 1303 3688 1341 con-

2112 1376 2265 1442 tingit
2307 1390 2447 1439 esse,
2493 1391 2713 1431 necesse
2754 1386 2837 1432 est
2864 1388 2920 1431 ut
2962 1394 3067 1433 non
3114 1380 3206 1445 sit,
3244 1380 3382 1449 quod
3416 1394 3684 1450 nunquam

2109 1466 2385 1535 contingit,
2416 1482 2685 1537 nunquam
2715 1483 2836 1524 esse
2863 1479 3057 1538 potest,
3088 1472 3227 1540 quod
3262 1486 3529 1539 nunquam
3563 1486 3686 1527 esse

2111 1567 2304 1625 potesu,
2336 1574 2555 1614 necesse
2577 1570 2661 1615 est
2681 1576 2786 1615 non
2809 1576 2951 1627 esse;
2982 1563 3121 1631 quod
3156 1579 3260 1617 non
3289 1564 3451 1634 igitur
3477 1565 3686 1618 contin-

2108 1648 2183 1715 git
2203 1663 2343 1713 esse,
2367 1649 2504 1703 idem
2528 1667 2749 1707 necesse
2776 1663 2857 1707 est
2879 1668 2987 1707 non
3012 1669 3151 1719 esse,
3175 1654 3270 1707 sed
3298 1654 3436 1724 quod
3464 1669 3687 1710 necesse

2109 1748 2190 1793 est
2219 1755 2324 1794 non
2356 1757 2499 1807 esse,
2532 1741 2632 1797 hoc
2662 1744 2773 1797 lieri
2805 1758 2910 1799 non
2946 1755 3140 1813 p0test,
3171 1745 3311 1815 quod
3350 1756 3526 1800 autem
3572 1747 3685 1803 tieri

2110 1846 2216 1905 ηομ
2247 1841 2444 1900 potest,
2489 1834 2816 1903 itnpOSsibile
2867 1844 2948 1889 est
2988 1845 3045 1889 ut
3094 1836 3204 1903 liat,
3237 1836 3379 1906 quod
3407 1837 3567 1906 igitur
3591 1852 3685 1892 ne-

2108 1938 2260 1979 cesse
2309 1935 2411 1992 est,
2460 1942 2567 1981 non
2615 1943 2733 1983 esse
2776 1929 3107 1999 impossibile
3154 1940 3237 1984 est
3284 1944 3421 1985 esse.
3456 1932 3685 1998 Quartus

2108 2020 2269 2073 etiam
2302 2021 2435 2073 ordo
2485 2022 2584 2076 hoc
2629 2022 2787 2077 modo
2834 2033 2951 2078 est:
3001 2023 3141 2093 quod
3174 2037 3277 2077 non
3326 2024 3577 2092 possibile
3605 2032 3687 2079 εει

2109 2125 2214 2164 non
2254 2126 2394 2178 esse,
2428 2112 2541 2166 ﬁeri
2573 2128 2677 2166 non
2709 2118 2881 2181 potest
2910 2124 2966 2168 ut
2995 2130 3099 2167 non
3129 2116 3231 2178 sit;
3260 2114 3400 2184 quod
3434 2114 3548 2169 ﬁeri
3581 2129 3686 2167 non

424 2228 531 2265 esse
557 2222 602 2264 et
628 2228 726 2263 non
755 2212 1052 2281 contingens
1086 2225 1188 2262 non
1218 2223 1355 2273 esse,
1392 2208 1485 2263 illa
1525 2222 1641 2277 quae
1673 2216 1779 2262 est.
1809 2222 2007 2262 necesse
2037 2213 2085 2274 Β
2113 2213 2285 2272 potest
2314 2212 2369 2256 ut
2400 2220 2504 2258 non
2536 2205 2645 2269 sit,
2698 2220 2804 2259 non
2833 2206 3095 2273 contingit
3140 2220 3246 2259 non
3284 2220 3427 2262 esse.
3461 2205 3532 2262 Ut
3558 2220 3686 2277 quo.

423 2317 497 2360 est
520 2322 644 2369 esse,
677 2304 1059 2373 et'impossibile
1089 2319 1190 2356 non
1218 2318 1346 2357 esse.

489 2395 763 2465 Espeditis
807 2395 1056 2449 omnibus
1088 2408 1204 2463 quze
1232 2393 1299 2447 de
1328 2392 1611 2446 modorum
1651 2392 2004 2461 oppositioni-

419 2485 517 2541 bus
540 2486 969 2556 disptttabanlur,
999 2485 1063 2538 ad
1092 2486 1502 2554 consequentias
1529 2482 1696 2537 venit.
1728 2483 1838 2537 Hoc
1860 2484 2002 2538 enim

419 2578 567 2647 dicit,
613 2596 730 2649 qum
775 2582 1171 2649 prepositiones
1213 2576 1644 2644 supradictorum
1679 2574 1960 2629 modorum
1985 2619 2001 2643 ,

419 2688 549 2743 quas
574 2673 972 2742 propositiones
1002 2681 1400 2740 consequuntur
1441 2668 1739 2737 quibusque
1768 2682 1999 2722 consen-

421 2764 582 2817 tiunt.
617 2763 726 2817 Nos
758 2774 937 2817 autem
966 2778 1031 2816 ex
1060 2763 1142 2816 his
1167 2774 1396 2831 quatuor
1427 2759 1649 2814 fecimus
1682 2760 1920 2825 ordines,
1952 2768 2007 2813 et

421 2853 833 2923 consequentias
865 2852 1289 2921 pr0positionum
1319 2852 1421 2906 sub
1445 2866 1552 2905 una
1575 2851 1715 2905 serie
1741 2849 2007 2919 disposui-

421 2958 540 2999 mus
567 2960 582 3009 ;
614 2945 726 2999 ha=c
761 2955 939 2997 autem
976 2944 1121 3012 prius
1153 2952 1275 2995 uota
1308 2942 1434 3005 sint,
1471 2950 1527 2996 ut
1555 2943 1680 3011 quid
1713 2942 1780 2996 ab
1802 2941 2005 2995 Aristoo

422 3039 525 3095 tele
551 3040 777 3102 dicatur,
804 3038 1014 3092 facilius
1043 3039 1210 3092 lector
1235 3038 1517 3105 intelligat.

488 3132 869 3188 Consideretur
886 3139 1062 3185 autem
1086 3147 1151 3185 ex
1174 3128 1725 3207 subscriptioneﬁuod
1744 3128 1972 3183 dicimus
1990 3116 2017 3181 :7

493 3223 748 3278 Possibile
776 3232 1017 3277 estesse.
1241 3219 1504 3274 PoSsibile
1536 3227 1619 3273 est
1640 3233 1745 3272 non
1777 3234 1916 3273 esse.

493 3314 765 3385 Contingit
789 3330 928 3370 esse.
1238 3312 1513 3381 Contiugit
1546 3326 1649 3367 non
1671 3327 1811 3367 esse.

486 3408 600 3464 Non
616 3409 940 3479 impossibile
953 3418 1031 3463 est
1045 3406 1304 3463 esse.Non
1320 3404 1645 3481 impossibile
1657 3414 1851 3458 estnon
1866 3420 2002 3461 esse.

485 3502 599 3558 Non
627 3518 850 3558 necesse
878 3513 961 3557 est
989 3515 1129 3556 esse.
1217 3497 1330 3553 Non
1363 3512 1585 3551 necesse
1612 3506 1697 3551 est
1722 3512 1826 3550 non
1850 3512 1990 3551 esse.

488 3592 602 3647 Non
622 3593 874 3662 pOSsibilc
890 3603 972 3646 est
993 3605 1136 3645 esse.

488 3688 598 3739 Non
627 3684 889 3755 contingit
913 3698 1054 3739 esse.

488 3780 721 3835 Necesse
753 3789 835 3832 est
856 3793 960 3831 non
990 3792 1131 3831 esse.
1217 3775 1447 3829 Necesse
1478 3784 1722 3827 estesse.

492 3869 825 3936 lmpossibile
854 3877 1099 3922 estesse.
1223 3864 1556 3934 lmpossiibile
1594 3874 1676 3918 est
1723 3878 1824 3916 non
1858 3877 1997 3917 esse.

495 3961 754 4032 Superius
781 3972 953 4013 autem
985 3960 1276 4028 descriptas
1300 3958 1713 4027 consequentias
1743 3958 1859 4024 ipse
1891 3956 2001 4009 dis-

425 4057 608 4126 ponit:
656 4054 810 4108 nobis
839 4066 1015 4107 autem
1043 4053 1315 4107 reddenda
1348 4060 1431 4105 est
1462 4050 1693 4104 breviter
1720 4050 1874 4113 ratio,
1906 4064 2002 4102 cur

419 4151 501 4206 ba:
535 4150 927 4220 propositiones
957 4163 1076 4204 sese
1106 4151 1330 4202 iancem
1383 4158 1800 4216 consequantur,
1854 4149 1995 4216 quod

418 4242 675 4313 possibile
701 4250 946 4302 estesse,
993 4241 1251 4310 contingit
1278 4238 1559 4309 aliquando
1600 4249 1657 4292 ut
1688 4240 1775 4305 sit,
1809 4251 1861 4293 et
1896 4240 1998 4294 hoc

418 4347 499 4389 est
527 4333 787 4402 contingit
829 4348 985 4397 esse;
1015 4333 1155 4401 quod
1197 4340 1370 4385 autem
1418 4330 1677 4400 contingit
1704 4346 1855 4393 esse,
1891 4345 1996 4385 non

418 4427 844 4495 estimpossibile
860 4441 998 4490 esse,
1022 4436 1075 4479 et
1097 4424 1237 4492 quod
1262 4438 1367 4477 non
1393 4432 1474 4477 est
1502 4422 1827 4492 impossibile
1850 4438 1994 4487 esse,

402 4512 526 4576 'non
556 4522 757 4575 idcirco
784 4520 893 4587 jam
927 4534 1147 4573 necesse
1178 4528 1259 4570 est
1288 4531 1429 4571 esse.
1462 4514 1577 4569 Non
1608 4522 1690 4569 est
1714 4515 1855 4567 enim
1895 4514 1997 4566 im-

417 4612 672 4683 possibile
720 4610 880 4665 hodie
931 4624 1051 4665 esse
1094 4609 1348 4677 pluviam,
1384 4606 1481 4661 sed
1514 4622 1616 4659 non
1649 4606 1851 4660 idcirco
1886 4605 1997 4675 jam

420 4719 540 4759 esse
566 4718 785 4757 necesse
807 4710 906 4757 est.
935 4701 1087 4768 Quod
1114 4714 1241 4769 ergo
1270 4714 1375 4752 non
1404 4708 1485 4753 est
1510 4698 1838 4767 impossibile
1858 4713 1997 4766 esse,

419 4812 522 4850 non
556 4810 774 4851 necesse
801 4806 883 4849 est
911 4810 1049 4848 es~e.
1088 4794 1153 4846 Et
1195 4793 1278 4846 bic
1328 4801 1413 4845 est
1457 4805 1593 4843 unus
1643 4789 1778 4843 ordo
1806 4805 2000 4844 conse-

418 4891 670 4959 quentiae.
699 4888 904 4941 Rursus
934 4872 1200 4940 secundus
1221 4883 1353 4938 ordo
1384 4883 1803 4950 propositionum
1838 4880 1994 4934 talem

1222 3682 1336 3736 Non
1361 3680 1622 3749 contingit
1650 3696 1755 3734 non
1788 3694 1925 3734 esse.

2109 2296 2253 2349 niam
2285 2312 2389 2350 non
2438 2297 2688 2363 possibile
2723 2308 2805 2352 est
2835 2314 2941 2352 non
2986 2310 3336 2354 esse‘mOtum
3378 2299 3538 2364 calo,
3579 2315 3686 2355 non

2108 2386 2370 2455 contingit
2395 2388 2589 2443 castum
2615 2404 2717 2443 non
2753 2389 2957 2444 moveri
2981 2430 2996 2455 ,
3021 2404 3186 2459 quare
3212 2389 3353 2460 quod
3381 2406 3486 2445 non
3515 2394 3686 2461 possi-

2110 2477 2216 2532 bile
2254 2491 2338 2532 est
2368 2496 2471 2533 non
2504 2495 2646 2546 esse,
2676 2481 2818 2537 idem
2849 2496 2955 2537 non
2985 2482 3248 2554 contingit
3288 2498 3393 2537 non
3422 2497 3563 2551 esse,
3593 2484 3685 2540 sed

2108 2570 2250 2639 quod
2276 2587 2380 2625 non
2412 2574 2671 2643 contingit
2704 2588 2808 2628 non
2840 2589 2983 2641 esse,
3018 2589 3237 2629 necesse
3264 2580 3347 2629 est
3375 2589 3516 2641 esse,
3550 2575 3687 2631 sicut

2109 2665 2178 2719 de
2214 2666 2371 2720 caelo.
2418 2666 2649 2721 Necesse
2676 2676 2760 2722 est
2779 2668 2921 2722 enim
2948 2669 3142 2723 caelum
3187 2669 3409 2732 moveri,
3438 2669 3686 2738 quoniam

2110 2774 2214 2813 non
2237 2760 2498 2829 contingit
2524 2762 2717 2817 coelum
2747 2776 2853 2815 non
2896 2764 3123 2829 moveri,
3152 2761 3245 2816 sed
3289 2761 3430 2831 quod
3464 2775 3687 2817 necesse

2109 2861 2356 2916 estesse,
2389 2863 2444 2907 ut
2483 2870 2585 2907 non
2617 2857 2686 2907 sit
2716 2854 2829 2909 lieri
2862 2870 2967 2908 non
2999 2863 3193 2922 potest,
3236 2869 3401 2924 quare
3423 2856 3562 2923 quod
3595 2869 3684 2908 ne-

2109 2958 2263 2997 cesse
2291 2951 2373 2997 est
2398 2960 2517 2998 esse
2548 2944 2882 3014 impossibile
2914 2952 2997 2999 est
3024 2960 3129 2997 non
3156 2959 3295 2998 esse.
3322 2943 3391 2997 Et
3420 2943 3535 2997 haec
3573 2943 3686 3012 qui-

2108 3034 2229 3088 dem
2256 3046 2335 3088 est
2376 3035 2618 3089 ordinata
2651 3035 2718 3088 ab
2747 3035 3036 3089 Aristotele
3074 3035 3454 3103 consequentia
3497 3049 3684 3102 propo-

2107 3127 2383 3191 sitionum,
2416 3127 2483 3180 de
2512 3142 2611 3194 qua
2639 3126 2796 3192 paulo
2828 3135 2949 3195 post
2977 3126 3136 3179 latius
3157 3125 3467 3194 disputabit.

2186 3219 2323 3289 Ergo
2356 3220 2668 3287 impossibile
2706 3229 2753 3273 et
2789 3235 2892 3273 non
2940 3217 3253 3288 impossibile
3286 3218 3352 3271 ad
3382 3217 3512 3271 illud
3549 3218 3684 3287 quod

2112 3320 2187 3364 est
2221 3313 2517 3383 contingens
2556 3324 2603 3364 et
2643 3313 2913 3382 possibile,
2958 3321 3005 3366 et
3042 3328 3144 3365 non
3179 3312 3474 3383 contingens
3502 3325 3552 3365 et
3588 3328 3685 3365 non

2108 3405 2363 3475 possibile,
2384 3415 2665 3474 sequuntur
2692 3406 2895 3475 quidem
2924 3405 3338 3469 contradictorie,
3367 3405 3457 3458 sed
3480 3420 3683 3459 conver-

2109 3498 2227 3551 sim.
2256 3495 2397 3549 Illud
2424 3498 2561 3550 enim
2583 3497 2718 3567 quod
2745 3507 2839 3562 est,
2867 3498 3108 3567 possibile
3129 3513 3259 3563 esse,
3283 3498 3485 3569 negatio
3515 3498 3685 3568 sequi-

1223 3588 1337 3642 Non
1364 3586 1616 3655 possibile
1633 3595 1715 3641 est
1734 3602 1835 3641 non
1860 3602 2000 3643 esse.
2029 3586 2076 3650 C
2109 3595 2195 3639 tur
2220 3588 2549 3655 impossibilis
2569 3629 2582 3650 ,
2615 3590 2935 3657 negationem
2965 3604 3081 3641 vero
3122 3589 3413 3658 afﬁrmatio.
3445 3589 3525 3642 Ad
3555 3589 3686 3642 illud

2104 3679 2241 3731 enim
2278 3681 2415 3746 quod
2445 3689 2520 3732 est
2551 3695 2652 3733 non
2703 3681 2940 3746 possibile
2963 3697 3101 3743 esse,
3130 3682 3361 3750 sequitur
3384 3681 3515 3734 illud
3551 3682 3686 3749 quod

2103 3780 2178 3823 est
2234 3772 2549 3841 impossibile
2580 3787 2704 3825 esse.
2736 3774 3019 3841 Aﬂirmatio
3063 3775 3195 3826 enim
3234 3785 3336 3838 est,
3372 3773 3686 3842 impossibile

2104 3877 2233 3925 esse,
2265 3880 2368 3915 non
2396 3864 2714 3934 impossibile
2740 3880 2855 3917 vero
2886 3865 3108 3934 negatio.

2176 3954 2435 4019 Quzedam
2466 3956 2535 4009 de
2563 3955 2841 4024 superiore
2862 3956 3305 4024 consequentium
3334 3960 3541 4012 ratione
3565 3972 3684 4027 per-

2105 4055 2317 4099 tractat.
2365 4046 2419 4099 lu
2467 4046 2836 4113 superioribus
2880 4048 3022 4100 enim
3072 4046 3521 4114 descriptionibus
3565 4066 3686 4106 sese

2103 4137 2482 4209 sequentium,
2536 4135 2951 4191 at‘lirmationem
3027 4137 3293 4207 possibilis
3361 4140 3686 4209 sequebatur

2104 4226 2453 4298 impossibilis
2494 4227 2727 4297 negatio.
2778 4228 2982 4284 Rursus
3029 4231 3364 4300 negationem
3418 4234 3686 4300 possibilis

2102 4321 2425 4391 sequebatur
2454 4320 2800 4391 impossibilis
2824 4322 3141 4387 affirmatio,
3174 4332 3228 4377 et
3255 4322 3321 4377 de
3353 4325 3682 4393 contingenti

2102 4415 2292 4471 eodem
2352 4414 2534 4480 modo,
2592 4413 3004 4469 aflirmatiouem
3056 4428 3285 4483 namque
3340 4416 3683 4485 impossibilis

2101 4504 2368 4559 dicentem
2424 4505 2752 4573 impossibile
2780 4518 2923 4567 esse,
2974 4506 3295 4573 sequebatur
3324 4509 3535 4577 negatio
3562 4523 3683 4578 pos-

2100 4600 2268 4653 SlblIiS
2298 4604 2505 4661 dicens,
2565 4613 2666 4649 nou
2699 4598 2952 4663 possibile
2989 4607 3072 4651 est
3121 4612 3262 4652 esse.
3305 4597 3511 4655 Rursus
3561 4616 3681 4656 cum

2102 4690 2434 4757 impossibile
2480 4697 2765 4757 negaretur
2805 4704 2898 4757 per
2948 4690 2997 4743 id
3045 4692 3189 4759 quod
3242 4691 3522 4749 dicebatur
3575 4711 3681 4751 non

2102 4778 2433 4846 impossibile
2456 4791 2599 4839 esse,
2629 4776 2765 4831 hanc
2783 4780 3066 4832 altirmatio
3098 4781 3365 4845 possibilis
3387 4786 3683 4854 subseque-

2102 4868 2275 4932 batur,
2336 4884 2396 4921 ea
2451 4867 2652 4921 scilicet
2693 4883 2811 4937 qua:
2854 4870 2985 4923 dicit
3034 4873 3287 4939 possibile
3336 4890 3479 4933 esse.
3506 4879 3681 4949 Atque

418 4982 575 5036 habet
604 4979 1037 5048 consequentiam
1064 5018 1081 5043 ,
1130 4979 1268 5046 quod
1304 4974 1556 5044 possibile
1601 4985 1681 5027 est
1714 4989 1818 5027 non
1849 4987 1990 5037 esse,
2022 4972 2075 5031 D
2103 4960 2202 5015 hoc
2225 4960 2364 5014 idem
2393 4962 2448 5014 σε

2103 4960 2202 5015 Ιιοε
2225 4960 2364 5014 idem
2393 4962 2461 5014 de
2485 4961 2833 5029 Contingenti,
2863 4961 3145 5019 afﬁrmatio
3176 4982 3405 5037 namque
3428 4970 3679 5039 impossi-

416 5081 592 5143 potest
632 5072 747 5126 ﬁeri
781 5082 961 5123 utnon
990 5069 1078 5130 sit,
1122 5083 1287 5138 quare
1333 5064 1588 5133 contingit
1618 5063 1909 5132 aliquando
1939 5073 1996 5116 ut

415 5186 520 5225 non
550 5170 639 5235 sit,
671 5179 720 5223 et
743 5167 884 5237 quod
919 5166 1170 5235 possibile
1199 5174 1280 5219 est
1306 5178 1409 5217 non
1435 5177 1575 5226 esse,
1604 5160 1866 5229 contingit
1887 5173 1993 5213 non

414 5278 562 5326 esse;
605 5262 742 5331 quod
772 5270 948 5312 autem
980 5258 1243 5326 contingit
1283 5270 1387 5309 non
1417 5268 1556 5315 esse,
1588 5262 1759 5318 potest
1791 5250 1905 5304 lieri
1935 5257 1993 5302 ut

382 5400 383 5403 η
416 5370 518 5411 non
546 5356 632 5417 sit,
666 5353 759 5407 sed
792 5351 931 5420 quod
968 5358 1141 5418 potest
1171 5348 1284 5401 lieri
1316 5354 1375 5399 ut
1405 5359 1509 5397 non
1533 5343 1623 5408 sit,
1656 5355 1761 5395 non
1790 5349 1871 5394 est
1895 5341 1992 5393 im-

414 5446 668 5515 possibile
687 5454 742 5496 ut
760 5459 864 5494 nou
887 5442 956 5494 sit
980 5458 993 5492 :
1017 5456 1146 5507 ergo
1172 5437 1309 5506 quod
1327 5433 1586 5501 contingit
1609 5447 1714 5485 non
1731 5444 1870 5489 esse,
1886 5445 1990 5483 non

412 5550 497 5594 est
533 5536 860 5606 impossibile
889 5544 945 5585 ut
988 5533 1080 5597 sit,
1123 5528 1494 5597 sedquodnon
1539 5532 1622 5578 est
1665 5522 1993 5591 impossibile

414 5647 522 5686 nou
573 5642 712 5691 esse,
765 5641 870 5678 nou
914 5625 1114 5677 idcirco
1146 5621 1275 5673 illud
1318 5618 1428 5687 jam
1482 5630 1586 5670 non
1618 5630 1742 5669 esse
1774 5627 1993 5669 necesse

413 5733 535 5786 est;
565 5720 723 5775 hodie
751 5719 893 5773 enim
925 5708 1153 5785 pluviam
1182 5727 1285 5765 non
1318 5725 1436 5765 esse
1468 5725 1572 5763 non
1602 5716 1684 5763 est
1737 5704 1985 5773 impossi-

414 5814 539 5869 bile.
574 5813 753 5867 Ροιεει
774 5810 915 5864 enim
943 5821 1087 5867 esse.
1111 5805 1205 5859 sed
1232 5819 1337 5858 non
1360 5802 1558 5858 idcirco
1578 5816 1640 5854 ex
1678 5797 1992 5853 necessitate

430 5904 587 5961 hodie
622 5918 727 5957 non
773 5899 961 5967 pluet;
994 5911 1161 5967 quare
1204 5898 1339 5964 quod
1373 5912 1475 5951 non
1525 5905 1609 5951 est
1656 5890 1990 5959 impossibile

2100 5052 2223 5106 bilis
2253 5066 2314 5106 ea
2347 5066 2463 5120 quae
2494 5060 2577 5105 est
2624 5052 2955 5135 impossibile
2996 5069 3139 5121 esse,
3193 5060 3516 5128 sequebatur
3544 5076 3675 5117 eon-

2098 5146 2349 5215 tingentis
2398 5146 2731 5213 negationem
2763 5162 2879 5201 eam
2911 5164 3029 5216 qua:
3084 5159 3202 5216 est,
3260 5168 3366 5207 non
3412 5158 3678 5226 contingit

2100 5253 2242 5294 esse.
2275 5238 2492 5308 Negatio
2544 5252 2670 5291 vero
2702 5238 3066 5307 impossibilis,
3104 5257 3164 5295 ea
3213 5259 3333 5312 quae
3380 5245 3531 5311 dicit,
3563 5264 3669 5302 non

2094 5329 2422 5399 impossibile
2442 5338 2522 5383 est
2537 5342 2676 5395 esse,
2694 5328 3098 5383 aflirmatiouem
3118 5334 3472 5402 contingentis
3487 5351 3680 5405 seque-

2096 5423 2254 5479 batur
2283 5436 2399 5476 eam
2430 5436 2548 5489 qua:
2572 5420 2736 5483 dicit,
2767 5419 3026 5488 contingit
3062 5435 3210 5485 esse;
3244 5438 3410 5491 quare
3438 5426 3521 5479 lue
3546 5444 3679 5495 pro-

2101 5514 2396 5586 positiones
2433 5526 2553 5565 scse
2596 5510 2821 5563 invicem
2868 5519 3181 5578 sequuntur,
3228 5515 3324 5568 Sed
3374 5531 3675 5577 conversae.

2098 5607 2333 5676 Namque
2363 5600 2643 5655 affirmatio
2673 5599 3016 5668 impossibilis
3042 5604 3396 5675 contingentis
3432 5610 3675 5678 negatio-
3758 5604 3761 5609 λ

2097 5714 2221 5754 nem
2250 5705 2301 5750 et
2323 5692 2591 5763 possibilis
2622 5690 2882 5757 sequitur.
2911 5690 3133 5762 Negatio
3161 5710 3288 5751 vero
3326 5698 3677 5769 impossibilia

2097 5788 2505 5842 aiﬁrmationem
2535 5778 2804 5851 possibilis
2826 5792 2880 5836 et
2904 5782 3283 5857 contingentis,
3336 5798 3393 5845 ut
3429 5789 3671 5863 subjecta

2095 5879 2383 5948 descriptio
2422 5879 2597 5934 docet.
