4280 6268
556 322 648 385 ὗῖί
1787 320 1896 378 ΔΝ.
1938 316 2147 374 MANL.

2011 316 2147 373 LNL.
2183 314 2333 372 SEV.
2376 317 2600 376 BOETII
3256 314 3266 320 ’
3712 321 3813 375 57Ξ

766 437 1084 493 Attirmatio.
1267 436 1600 506 impossibile
1647 446 1730 494 est
1759 451 1881 491 esse
1932 429 2253 507 contradict.
2298 506 2303 507 γ
2438 431 2551 507 Non
2585 433 2915 507 impossibile
2940 445 3181 494 estesse.
3361 436 3605 507 Negatio.

764 508 1002 576 Negatio.
1275 501 1387 560 Non
1418 508 1668 577 possibile
1684 518 1765 563 est
1788 522 1907 561 esse
1934 501 2253 577 contradict.
2298 506 2307 515 '
2435 502 2693 577 Eossibile
2717 518 2798 560 est
2827 522 2966 562 esse.
3358 501 3676 564 Aftl'rmatio.

768 570 1011 649 Ne'gatio.
1281 570 1709 649 Non-contingit
1754 594 1874 633 esse
1930 570 2250 629 contradict.
2436 572 2707 646 Coutingit
2735 592 2875 633 esse.
2943 604 2957 615 -
3357 580 3677 633 Aftirmatio.

557 695 762 751 idcirco
784 706 1015 762 namque
1043 694 1153 747 ait:
1188 693 1497 763 Sequuntur
1532 695 1745 764 quidem
1776 691 2135 749 contradicto-
2165 689 2219 746 Δ
2249 691 2340 742 sed
2384 696 2655 749 contraria
2709 708 3009 763 sequuntur,
3065 699 3475 751 contradictort'w
3516 708 3682 749 autem
3708 708 3819 752 sunt

558 790 671 853 rite,
707 787 800 841 sed
826 788 1148 849 conversim,
1178 789 1315 856 quod
1348 792 1602 845 omnesin
1631 792 1957 844 contrarium
1988 789 2136 842 loca-
2179 812 2193 827 -

557 891 625 936 tte
675 881 1123 935 contradictiones
1170 890 1312 934 sunt.
1370 880 1735 936 Contradictio
1776 896 2001 947 namque
2056 887 2140 933 est

559 971 891 1041 impossibile
919 987 1039 1027 esse
1066 981 1119 1026 et
1149 988 1251 1025 non
1302 973 1632 1042 impossibile
1662 988 1803 1036 esse,
1829 974 2139 1042 contingere

561 1079 683 1118 esse
734 1073 787 1117 ct
817 1079 939 1117 non-
969 1064 1281 1133 contingere
1304 1080 1443 1129 esse,
1477 1065 1727 1134 possibile
1773 1081 1895 1120 esse
1951 1074 2004 1119 et
2034 1080 2138 1118 non

560 1155 817 1227 possibile
846 1170 986 1210 esse.
1016 1158 1303 1212 Conversa:
1334 1169 1512 1212 autem
1543 1174 1603 1213 se
1634 1169 1952 1223 se-tuuutur,
2002 1172 2140 1227 quo-

560 1248 701 1302 niam
731 1246 1018 1300 aftirmatio
1065 1264 1173 1302 non
1221 1252 1461 1318 sequitur
1496 1250 1925 1313 afﬁrmationem,
1961 1262 2015 1307 et
2050 1266 2145 1304 ne-

562 1339 703 1409 gatio
730 1341 1089 1408 negationem,
1117 1342 1210 1395 sed
1240 1341 1649 1397 :il'lirntationem
1688 1346 2020 1411 negationes,
2054 1359 2147 1398 ne-

562 1435 827 1503 gationem
864 1447 991 1487 vero
1015 1433 1425 1499 aftirmationes,
1483 1435 1622 1503 quod
1670 1436 1734 1489 ad
1783 1436 2146 1504 supradictam

564 1523 976 1592 descriptionem
1011 1526 1401 1581 revertett'ibus
1460 1527 1666 1594 planius
1715 1528 1879 1597 liquet
1906 1544 1920 1592 ;
1952 1542 2147 1582 sensus

564 1631 691 1685 ergo
722 1615 805 1670 hic
826 1628 924 1670 est.
960 1616 1103 1672 Ordo
1135 1629 1313 1671 autem
1365 1619 1638 1687 sc~iesque
1688 1635 1995 1673 sermonum
2028 1634 2149 1674 sese

564 1708 643 1763 sic
677 1708 879 1772 habet;
939 1724 1067 1776 ergo
1109 1709 1279 1777 inquit
1320 1710 1636 1765 Aristoteles
1668 1710 2147 1765 contradictionem

565 1812 684 1866 qua:
705 1809 787 1854 est
813 1800 1144 1866 impossibile
1196 1812 1248 1854 et
1297 1817 1399 1854 non
1450 1802 1799 1870 impossibile,
1845 1804 1973 1857 illud
2007 1804 2148 1873 quod

566 1901 651 1949 est
677 1893 994 1962 contingens
1026 1901 1080 1946 et
1113 1893 1389 1961 possibile,
1446 1910 1563 1962 qua
1593 1895 1711 1947 diue
1764 1894 2149 1949 aftirmationes

564 1993 692 2043 sunt
722 1999 784 2038 ac
820 1999 940 2039 sese
970 1994 1288 2053 sequuntur,
1324 1996 1378 2039 et
1421 2001 1526 2039 non
1572 1987 1893 2055 contingens
1947 1996 2003 2040 et
2045 2001 2149 2039 non

2240 794 2402 838 extra.
2433 783 2554 838 Non
2589 788 2723 839 enim
2750 802 2819 841 est
2846 792 3049 860 negatio
3078 791 3190 860 ejus
3217 790 3353 855 quod
3375 798 3469 853 est,
3500 803 3699 841 necesse
3720 802 3821 840 non

2240 896 2369 943 esse,
2405 897 2507 933 non
2551 897 2751 935 necesse
2785 893 2857 936 est
2899 899 3024 947 esse,
3068 884 3313 955 contingit
3355 883 3490 934 enim
3524 870 3640 934 esse
3679 896 3820 932 veras

2246 980 2488 1039 utrasque
2507 976 2558 1025 in
2585 974 2780 1040 eodem,
2805 976 2942 1044 quod
2988 976 3118 1028 enim
3141 984 3211 1028 est
3240 974 3578 1027 vietus-arium
3601 989 3701 1025 non
3722 986 3823 1026 esse

2243 1083 2347 1122 non
2370 1079 2441 1121 est
2470 1073 2807 1133 necessarium
2838 1086 2959 1124 esse.

2316 1159 2468 1227 Quod
2500 1160 2626 1214 dicit
2650 1159 2951 1229 huiusmodi
2980 1170 3062 1215 est
3092 1178 3105 1212 :
3138 1162 3189 1213 in
3239 1160 3321 1213 his
3363 1155 3820 1224 propositionibus

2246 1266 2363 1319 qua!
2405 1232 2560 1303 erant
2600 1252 2945 1316 itnpossibtlis
2977 1260 3029 1305 et
3071 1267 3174 1304 non
3220 1250 3587 1319 itupossiliilis,
3624 1259 3823 1303 conve-

2249 1340 2424 1394 niebat
2455 1356 2557 1394 non
2594 1342 2847 1407 possibile
2877 1343 2927 1395 ei
2955 1342 3093 1411 quod
3128 1353 3209 1396 est
3243 1342 3587 1408 impossibile,
3618 1350 3671 1394 et
3705 1354 3825 1406 pos-

2250 1436 2405 1491 sibile
2430 1438 2796 1492 consentieliat
2824 1439 2870 1489 ei
2897 1438 3034 1507 quod
3069 1447 3149 1490 est
3180 1452 3281 1489 non
3322 1436 3670 1504 impossibile.
3700 1450 3827 1488 con-

2252 1531 2626 1585 tradictionem
2672 1531 2881 1585 scilicet
2932 1530 3277 1596 impo~sibilis
3325 1528 3675 1583 contradictio
3724 1543 3829 1582 non

2255 1622 2525 1692 possiltilis
2553 1622 2877 1692 sequebatur
2898 1623 3087 1676 ordine
3119 1636 3417 1684 cettverso;
3462 1620 3513 1674 in
3546 1621 3627 1674 Itis
3659 1630 3830 1679 autem

2253 1731 2371 1782 quae
2424 1717 2784 1770 necessarium
2865 1714 3155 1783 prtedicant
3233 1712 3314 1765 vel
3384 1711 3703 1765 aflirmative
3750 1711 3831 1770 vel

2254 1807 2539 1875 negativc,
2590 1817 2639 1860 et
2691 1815 2989 1873 sequuntur
3039 1804 3343 1870 possiliilem
3414 1803 3831 1872 propositionem

2257 1900 2373 1968 ejus
2403 1914 2522 1968 quae
2554 1898 2793 1967 possibili
2823 1901 3111 1959 consentit,
3142 1894 3499 1948 contradictio
3528 1909 3633 1946 non
3658 1894 3832 1959 sequi-

2260 2002 2344 2047 tur
2371 1992 2846 2046 contradictionem
2881 1989 3173 2057 possibilis,
3204 1988 3298 2042 sed
3333 1997 3505 2056 potius
3533 1987 3833 2049 contraria;

566 2076 843 2145 possibile,
878 2092 995 2145 quae
1029 2076 1149 2128 dote
1171 2087 1298 2130 sunt
1328 2078 1662 2146 negationes,
1690 2087 1988 2145 sequuntur
2034 2077 2152 2145 qui-
2183 2068 2229 2130 Β
2261 2084 2591 2139 necessarias
2623 2098 2753 2137 vero
2782 2096 2921 2135 nunc
2950 2080 3341 2149 propositiones
3372 2080 3515 2142 dico,
3549 2091 3668 2145 qua:
3699 2088 3836 2130 tato-

567 2167 690 2223 dem
720 2168 942 2223 contrad
967 2170 1172 2233 ctoriae,
1203 2178 1261 2222 ut
1301 2170 1752 2224 contradictiones
1795 2171 1903 2223 sint
1935 2171 1986 2223 in
2018 2183 2152 2224 con-

567 2262 793 2315 trarium
826 2261 1023 2325 duetae,
1068 2261 1163 2315 sed
1193 2263 1519 2327 conversim,
1576 2272 1632 2317 ut
1682 2264 1969 2318 afﬁrmatio
1998 2280 2159 2333 nega-

569 2350 792 2416 tionem,
824 2354 1036 2423 negatio
1068 2362 1325 2424 sequatur
1353 2353 1793 2411 afﬁrmationem.
1826 2356 1993 2427 Hujus
2037 2358 2158 2412 talis

568 2447 707 2501 ratio
738 2446 982 2501 redditur
1013 2446 1177 2500 :illud
1206 2447 1347 2500 enim
1380 2448 1518 2517 quod
1566 2458 1649 2503 est
1707 2450 1961 2518 possibile
2013 2465 2156 2517 esse,

569 2537 774 2594 scilicet
806 2536 946 2605 quod
984 2535 1271 2591 afﬁrmatio
1302 2547 1404 2601 est,
1439 2542 1773 2607 negationem
1809 2540 2159 2605 itnpossibilis

570 2629 834 2693 sequitur,
857 2636 940 2681 est
967 2640 1143 2680 autem
1178 2628 1389 2696 negatio
1427 2628 1773 2694 impossibilis
1808 2647 1915 2684 non
1961 2634 2157 2699 impos-

572 2718 728 2775 sibile
766 2734 885 2773 esse
915 2736 927 2781 ;
961 2719 1103 2788 quod
1143 2729 1223 2774 est
1270 2735 1397 2789 ergo
1444 2722 1695 2790 possibile
1746 2738 1885 2787 esse,
1918 2726 2160 2792 sequi:ur

574 2826 681 2866 non
716 2812 1045 2878 impossibile
1091 2827 1233 2879 esse,
1281 2813 1491 2883 negatio
1521 2828 1650 2867 vero
1693 2817 1888 2883 possibi
1914 2816 1959 2870 is
2011 2815 2159 2870 amr-

572 2904 865 2961 mationem
899 2906 1246 2973 itnpossibilis
1280 2908 1542 2975 sequitur,
1578 2907 1708 2961 illud
1755 2926 1983 2979 namque
2013 2910 2156 2979 quod

573 3008 658 3054 est
686 3014 792 3055 non
819 2999 1074 3069 possibile
1100 3014 1241 3063 esse,
1286 3000 1526 3067 sequitur
1567 3000 1978 3056 afﬁrmationem
2039 3018 2158 3071 qua:

574 3102 660 3149 est
681 3093 1011 3163 impossibile
1055 3108 1197 3157 esse.
1250 3097 1445 3149 ett-nim
1476 3095 1765 3152 al'tirutatio
1793 3109 1874 3152 est
1907 3098 2155 3167 impossi-

578 3184 683 3240 bile
712 3200 852 3251 esse,
891 3202 994 3239 non
1029 3187 1359 3254 impossibile
1386 3204 1505 3243 esse
1531 3192 1761 3258 negatio,
1792 3200 1845 3245 et
1874 3192 1925 3245 in
1949 3193 2158 3245 contin-

576 3279 824 3349 gentibus
846 3280 1035 3333 eodem
1069 3281 1249 3346 modo,
1276 3294 1434 3351 atque
1463 3282 1563 3336 hoc
1590 3285 1807 3351 quidem
1831 3285 1899 3338 de
1934 3286 2158 3352 possibi-

576 3371 707 3425 lium
734 3382 784 3425 et
810 3372 1221 3440 impo-sibilium
1245 3378 1628 3444 consequentia
1651 3378 1850 3432 dictttm
1878 3356 1980 3433 est.
2004 3379 2155 3437 Nunc

577 3459 645 3515 de
674 3463 962 3516 necessarii
1004 3472 1057 3518 et
1090 3466 1356 3532 possibilis
1385 3470 1765 3536 consequentia
1798 3481 2007 3525 tractat.

649 3551 1011 3607 Necessarium
1028 3571 1142 3609 vero
1162 3557 1591 3626 quemadmodum
1620 3561 1684 3614 sit
1727 3564 2153 3617 considerandum

578 3654 669 3699 ut.
700 3642 1032 3713 Manifestum
1060 3656 1132 3698 est
1168 3654 1338 3700 autem
1365 3651 1606 3716 quoniam
1633 3666 1737 3704 non
1767 3654 1944 3706 eodem
1977 3656 2147 3723 modo,

2259 2179 2356 2232 etsi
2388 2192 2491 2231 non
2524 2175 2821 2245 signiﬁcent
2858 2176 3257 2240 necessitatem,
3310 2182 3485 2226 tamen
3536 2172 3646 2225 sive
3696 2170 3835 2224 afﬁr-

2261 2271 2475 2335 mative,
2503 2272 2613 2323 sive
2642 2270 2883 2335 negative
2912 2270 3272 2322 necessarium
3297 2265 3619 2335 ptaedicant:
3651 2279 3835 2322 sensu:

2259 2378 2385 2433 ergo
2408 2363 2493 2415 hic
2510 2370 2616 2427 est,
2641 2360 2685 2414 si
2712 2376 2813 2429 qua
2834 2375 2895 2413 ex
2924 2361 3005 2413 bis
3020 2375 3149 2453 ‘quze
3169 2358 3528 2411 necessarium
3547 2356 3838 2422 prtedicant

2259 2454 2521 2511 consentit
2550 2453 2785 2523 possibili
2814 2449 3178 2520 propositioni,
3205 2450 3322 2519 ejus
3338 2464 3455 2516 quae
3479 2449 3837 2514 necessarium

2260 2549 2541 2619 praedicat,
2591 2544 2944 2599 contradictio
2977 2558 3078 2596 non
3128 2542 3369 2611 sequitur
3402 2540 3671 2608 possibilts
3710 2556 3838 2594 con-

2262 2640 2653 2698 traductionem,
2704 2637 2796 2689 sed
2857 2636 2974 2706 ejus
3022 2650 3138 2704 quae
3180 2634 3538 2687 necessarium
3592 2632 3836 2701 praedicat

2259 2730 2694 2786 ccutradictimiis
2724 2727 2989 2781 contraria
3016 2740 3077 2779 ea
3101 2724 3369 2778 consentit
3406 2724 3673 2791 possibilis
3705 2737 3833 2791 pro-

2261 2823 2544 2893 positionis
2591 2819 3049 2881 contradictioni;
3103 2816 3249 2885 prius
3279 2826 3456 2869 autem
3500 2816 3839 2884 disponamus

2261 2930 2380 2985 qua:
2399 2924 2522 2967 stitit
2542 2912 2997 2976 contradictorite,
3022 2924 3209 2979 quaeve
3230 2910 3535 2975 contrarim,
3562 2908 3676 2978 ejus
3699 2910 3839 2964 enim

2259 3023 2377 3075 qua:
2405 3005 2533 3058 dicit
2562 3018 2781 3058 nece-se
2811 3012 2894 3056 est
2927 3016 3070 3065 esse,
3104 3003 3452 3055 contradictio
3484 3013 3588 3067 est,
3618 3018 3721 3055 non
3748 3019 3841 3055 ne-

2258 3114 2409 3154 cosse
2440 3108 2519 3153 BSl
2540 3111 2690 3164 esse,
2705 3095 2975 3147 contraria
3009 3109 3159 3159 vero,
3195 3109 3416 3149 ηεεεεεε
3446 3104 3531 3149 εει
3554 3111 3660 3148 non
3688 3111 3839 3159 esse;

2262 3206 2446 3246 rursus
2471 3189 2586 3259 ejus
2616 3204 2735 3256 qnxe
2760 3197 2861 3248 est,
2898 3201 3119 3240 necesse
3149 3201 3253 3241 non
3298 3201 3437 3250 esse,
3489 3187 3842 3240 contradictio

2260 3296 2361 3349 est,
2400 3300 2501 3337 non
2534 3296 2753 3336 DBCBSSG
2804 3289 2887 3333 est
2942 3295 3044 3331 non
3074 3293 3215 3345 esse,
3244 3279 3511 3333 contraria
3555 3294 3702 3341 vero,
3755 3296 3842 3331 nc-

2261 3392 2412 3433 cesse
2441 3384 2522 3429 est
2568 3388 2707 3427 esse;
2767 3372 2941 3439 Quare
2994 3370 3368 3424 describantur
3413 3378 3468 3425 et
3516 3372 3654 3424 circa
3687 3385 3842 3425 unam

2183 3442 2229 3506 Ο
2258 3468 2606 3537 eamdemque
2627 3464 2920 3527 contraria,
2947 3473 2997 3516 et
3023 3462 3242 3516 contrad
3269 3464 3436 3516 ctoria
3461 3463 3835 3529 diSpmtantur,

2262 3572 2317 3616 ut
2348 3560 2487 3627 quod
2538 3572 2565 3612 a
2618 3558 2771 3611 nobis
2829 3554 3111 3609 dicendum
3155 3563 3276 3619 est,
3339 3554 3536 3608 clarius
3589 3554 3842 3623 possitli-

2260 3669 2442 3726 quere.

1926 3791 2285 3851 Contradictio
2369 3798 2388 3854 ί
2448 3791 2562 3847 Non
2599 3800 2819 3845 necesse
2854 3795 2940 3842 est
2982 3799 3122 3840 esse.
3336 3790 3355 3854 ί
3412 3783 3634 3854 Negatio

791 3852 1109 3911 Attirmatio.
1124 3853 1356 3912 Necesse
1378 3864 1458 3913 est
1480 3872 1621 3914 esse.

1929 3934 2206 3992 Contraria
2367 3926 2386 3992 Ι
2443 3935 2671 3988 Necesse
2696 3939 2779 3986 est
2812 3944 2915 3982 non
2946 3941 3086 3983 esse.
3337 3926 3358 3992 ι
3413 3926 3709 3983 Afﬁrmatio

1926 4051 2291 4110 Coutradictio
2361 4056 2385 4122 ι
2440 4050 2555 4106 Non
2588 4061 2810 4103 necesse
2836 4053 2918 4100 est
2948 4060 3053 4098 non
3074 4058 3214 4100 esse.
3341 4048 3360 4122 ί
3417 4043 3641 4122 Negatiq

800 4111 1122 4169 Aﬁlrmatio.
1138 4113 1372 4172 Necesse
1390 4126 1474 4173 est
1489 4134 1594 4173 non
1618 4135 1757 4175 esse.

1163 4187 1166 4190 ’
1854 4185 1870 4253 i
1926 4193 2205 4253 Contraria
2365 4185 2388 4253 ἶ
2442 4194 2673 4249 Necesse
2694 4198 2943 4244 estesse.
3341 4185 3359 4253 ι
3414 4185 3708 4241 Afﬁrmatio

579 4300 674 4357 llis
720 4300 881 4372 igitur
924 4302 1206 4355 commode
1260 4302 1598 4371 breviterque
1630 4304 1934 4375 descriptis,
1988 4311 2159 4377 quiin

580 4408 765 4451 eorum
790 4394 1172 4463 consequentia
1204 4394 1268 4446 ad
1296 4394 1575 4463 possibiles
1618 4397 2011 4464 propositiones
2042 4414 2158 4454 mo-

581 4487 681 4543 dus
716 4488 881 4555 possit
912 4489 1127 4542 evenire
1155 4487 1560 4541 monstrandttm
1604 4499 1706 4555 est,
1736 4490 1877 4545 illam
1931 4508 2160 4561 namque

582 4595 702 4651 qua:
724 4589 821 4647 est,
856 4580 1111 4649 possibile
1146 4592 1226 4633 est
1249 4595 1392 4646 esse,
1420 4582 1662 4650 sequitur
1689 4597 1749 4636 ea
1776 4599 1894 4653 qua:
1925 4595 2025 4649 est,
2054 4602 2160 4641 non

582 4688 803 4730 necesse
834 4682 915 4727 est
943 4687 1100 4738 esse;
1134 4689 1255 4727 nam
1278 4672 1418 4743 quod
1445 4675 1695 4742 possibile
1727 4687 1810 4731 est
1857 4692 1994 4741 esse,
2054 4696 2158 4734 non

582 4779 805 4820 necesse
830 4774 911 4818 est
943 4779 1079 4830 esse,
1128 4764 1267 4832 quod
1301 4767 1441 4818 enim
1477 4768 1727 4835 possibile
1757 4778 1839 4822 est
1866 4784 2007 4837 esse,
2041 4786 2159 4838 pos-

584 4855 738 4909 Iibile
784 4852 949 4907 est‘et
979 4870 1086 4907 non
1132 4869 1291 4919 esse;
1343 4848 1434 4907 scd
1467 4857 1607 4924 quod
1643 4859 1896 4925 possibile
1942 4872 2022 4915 est
2054 4879 2161 4919 non

586 4964 726 5015 esse,
762 4964 865 5002 non
899 4962 1118 5001 necesse
1156 4958 1403 5002 estesse.
1436 4950 1611 5016 Quare
1641 4951 1688 5003 id
1721 4954 1861 5020 quod
1895 4963 1997 5016 est,
2034 4970 2161 5023 pos-

538 5052 541 5055 '
587 5042 740 5097 sibile
773 5049 853 5094 est
886 5054 1025 5105 esse,
1059 5048 1208 5093 recte
1239 5040 1496 5109 sequitur,
1531 5056 1633 5095 non
1668 5058 1893 5097 necesse
1916 5056 2159 5116 estesse,

590 5133 683 5187 sed
716 5131 1055 5201 negatimtetn
1080 5133 1195 5198 ejus
1226 5146 1343 5199 qua:
1365 5131 1513 5194 dicit,
1552 5134 1803 5199 possibile
1834 5145 1916 5188 est
1938 5150 2076 5199 esse,
2111 5137 2164 5191 id

586 5234 670 5280 est
702 5240 806 5277 non
848 5221 1099 5292 possibile
1129 5231 1211 5275 est
1252 5237 1390 5288 esse,
1442 5237 1546 5275 non
1589 5224 1831 5290 sequitur
1878 5225 2164 5281 affirmatio

587 5315 704 5383 ejus
730 5331 849 5385 quia
880 5314 1028 5378 dicit,
1086 5328 1190 5366 non
1242 5327 1459 5368 necesse
1493 5327 1567 5367 εει
1596 5328 1735 5379 εεεε,
1767 5330 1885 5383 qum.
1914 5326 1993 5370 est
2026 5319 2166 5373 scili-

588 5417 691 5471 cet,
725 5420 944 5460 necesse
965 5417 1046 5460 est
1076 5419 1229 5468 esse;
1264 5405 1379 5459 haec
1408 5405 1548 5459 enim
1583 5415 1664 5459 est
1690 5408 2042 5462 contradictio
2074 5426 2167 5465 ne-

588 5500 833 5553 cessariae
865 5498 1260 5561 aﬂirtnationis,
1305 5515 1478 5565 neque
1518 5500 1658 5553 enim
1691 5500 1794 5554 dici
1833 5513 2006 5568 potest
2037 5519 2168 5559 con-

589 5592 789 5645 sentire
822 5590 1214 5659 propositiones
1245 5606 1364 5661 qua:
1401 5593 1608 5653 dicunt,
1654 5608 1757 5647 non
1789 5595 2040 5663 possibile
2084 5603 2166 5650 est

589 5681 739 5743 esse,‘
753 5689 808 5733 et
835 5694 1054 5735 necesse
1088 5690 1333 5746 estesse,
1358 5683 1449 5737 sed
1485 5684 1641 5753 hujus
1670 5688 1935 5739 contraria
1982 5686 2164 5755 sequi-

591 5779 699 5837 tur,
729 5784 958 5843 namque
1009 5786 1127 5828 eam
1173 5788 1295 5842 qua:
1324 5781 1427 5839 est,
1457 5789 1561 5829 non
1596 5775 1848 5845 possibile
1889 5783 1972 5831 est
2020 5790 2166 5840 esse.

2266 4309 2353 4364 illa
2384 4322 2502 4376 quae
2528 4305 2679 4367 dicit,
2715 4316 2937 4357 necesse
2964 4311 3044 4355 est
3070 4316 3171 4355 non
3221 4314 3357 4366 esse,
3414 4300 3717 4368 comitatur,
3750 4302 3843 4355 sed

2268 4414 2487 4455 necesse
2510 4407 2591 4451 est
2616 4411 2719 4449 non
2747 4409 2890 4457 esse,
2921 4409 3024 4447 non
3048 4404 3129 4447 est
3156 4391 3561 4447 contradictoria
3586 4392 3700 4459 ejus
3723 4408 3842 4459 qua:

2265 4503 2369 4555 εει,
2404 4506 2507 4543 non
2538 4501 2758 4541 necesse
2783 4493 2866 4539 est
2894 4500 3048 4544 esse;
3085 4494 3306 4552 possunt
3335 4483 3476 4536 enim
3519 4492 3764 4550 utraeque
3796 4481 3845 4534 in

2266 4581 2454 4636 eodem
2498 4578 2654 4633 simul
2699 4592 2841 4632 verae
2868 4576 3116 4641 inveniri,
3179 4590 3297 4628 nam
3343 4578 3593 4644 quoniam
3630 4589 3846 4628 necesse

2268 4680 2350 4726 est
2396 4686 2499 4724 n0u
2534 4685 2653 4724 esse
2684 4669 2857 4738 ignem
2891 4667 3160 4733 frigidum,
3209 4684 3317 4719 non
3364 4682 3441 4719 ne«
3464 4681 3584 4720 esse
3616 4678 3696 4720 est
3726 4680 3846 4720 esse

2264 4764 2439 4835 ignem
2490 4762 2754 4831 frigidum.
2820 4762 3079 4826 Quocirca
3130 4760 3211 4813 hac
3264 4759 3696 4813 contradictorite
3740 4774 3843 4811 non

2266 4866 2408 4919 sunt,
2444 4857 2537 4910 sed
2564 4867 2646 4910 est
2670 4856 2938 4910 contraria
2970 4869 3028 4908 ea
3053 4869 3173 4923 quae
3211 4854 3357 4917 dicit,
3387 4866 3607 4907 necesse
3629 4862 3710 4907 est
3740 4868 3843 4906 non

2268 4965 2411 5013 esse.
2439 4950 2486 5005 ei
2517 4966 2633 5018 qua:
2658 4949 2805 5011 dicit,
2838 4962 3058 5001 nt-cesse
3083 4957 3164 5000 est
3192 4962 3311 5000 esse
3336 4964 3349 5010 ;
3380 4962 3494 5014 «μη»
3526 4962 3743 5000 necesse
3767 4958 3848 5002 est

2267 5055 2410 5107 esse,
2435 5038 2789 5093 contradictio
2820 5048 2901 5092 est
2929 5038 3044 5107 ejus
3095 5054 3214 5108 qum
3264 5039 3427 5105 ponit,
3480 5052 3583 5091 non
3628 5055 3848 5095 necesse

2278 5143 2356 5187 est
2388 5146 2508 5185 esse
2535 5148 2549 5198 ;
2581 5147 2744 5201 quare
2772 5133 3242 5185 contradictionettt
3266 5132 3382 5197 ejus
3409 5147 3524 5197 qum
3547 5131 3695 5195 dit-it,
3727 5148 3849 5201 pos-

2268 5225 2425 5278 sibile
2452 5233 2534 5277 est
2564 5239 2704 5287 esse,
2747 5239 2862 5277 eam
2886 5223 3090 5277 SCIItCEi
3116 5239 3231 5291 quae
3266 5226 3526 5289 proponit.
3565 5238 3668 5276 nou
3724 5240 3849 5293 pos-

2272 5318 2425 5373 sibile
2453 5328 2537 5374 est
2563 5333 2702 5382 esse,
2738 5335 2841 5372 tton
2880 5323 3125 5388 sequitur
3155 5319 3503 5372 contradictio
3555 5317 3671 5387 ejus
3728 5332 3847 5388 qua:

2270 5422 2370 5474 εει,
2407 5427 2624 5465 necesse
2656 5420 2738 5465 CSI.
2767 5427 2907 5475 t’SSC,
2953 5414 3044 5466 SOI]
3075 5427 3135 5466 ea
3177 5427 3294 5478 ηυέθ
3341 5420 3444 5474 εει,
3499 5426 3718 5464 ιιευεεεε
3764 5418 3845 5463 681.

2272 5518 2379 5556 non
2405 5519 2548 5567 esse,
2579 5519 2695 5572 quae
2718 5502 2982 5556 contraria
3016 5504 3217 5557 scilicet
3247 5512 3328 5556 est
3356 5504 3402 5555 ei
3448 5517 3564 5562 utne
3587 5517 3617 5554 e
3652 5512 3689 5565 ι,
3746 5514 3841 5553 ne-

2272 5607 2425 5649 cesse
2475 5604 2553 5648 est
2600 5610 2741 5659 esse,
2787 5610 2903 5663 qum
2935 5595 3045 5647 haec
3081 5596 3190 5664 ipsa
3240 5594 3590 5648 ccutradtctio
3620 5604 3699 5647 est
3726 5593 3840 5661 ejus

2273 5702 2389 5757 quia
2422 5688 2688 5758 proponit,
2720 5704 2821 5741 non
2856 5704 3074 5743 necesse
3104 5703 3243 5743 esse.
3287 5689 3395 5743 Hoc
3425 5698 3601 5742 autem
3643 5685 3837 5741 descri-

2272 5780 2455 5847 ptione
2481 5780 2671 5835 melius
2694 5780 2909 5851 patebit.
