4280 6268
583 376 684 438 575

1806 384 1918 441 ΔΝ.
1959 382 2166 438 MANL.
2206 383 2361 444 SEV.
2405 386 2629 444 BOETH

3734 402 3835 452 576

582 498 844 552 redditum
875 496 1227 551 necessarium
1245 538 1261 561 ,
1293 496 1430 552 idem
1461 500 1622 553 valet.
1651 498 1902 569 Sequitur
1930 499 1987 554 id
2010 500 2149 569 quod
2182 496 2237 556 Δ
2261 512 2401 563 esse,
2429 498 2529 554 hoc
2559 516 2686 556 vero
2713 502 2843 557 illud
2870 505 3010 573 quod
3032 504 3225 561 dicitur
3243 520 3349 560 non
3373 506 3696 576 impossibile
3719 526 3835 565 esse

583 600 662 643 est
696 588 1025 653 impossibile
1046 598 1125 641 est
1153 604 1257 644 non
1287 604 1428 655 esse,
1445 592 1496 645 id
1523 591 1663 660 quod
1683 592 1912 648 dicimus
1934 610 2157 650 necesse

581 686 666 734 est
691 693 833 741 esse.
862 686 917 733 et
955 679 1091 733 banc
1128 695 1336 749 quoque
1371 683 1607 750 sequitur
1640 683 1691 736 id
1728 685 1868 752 quod
1906 688 2156 754 proponi-

578 788 718 851 mus,
756 788 859 826 non
900 773 1228 841 impossibile
1257 784 1340 829 est
1370 790 1471 828 non
1502 791 1644 841 esse,
1677 793 1782 832 non
1822 792 2042 833 necesse
2072 789 2155 835 est

575 882 684 919 non
715 881 870 931 esse;
904 866 956 919 id
984 881 1112 920 vero
1137 866 1492 936 descriptione
1520 880 1864 925 monstratur.

578 938 1008 1012 Costsentientes.
1411 957 1731 1014 Consentieu
1741 970 1840 1014 tes.

574 1047 688 1103 Non
719 1047 1044 1116 impossibile
1072 1060 1152 1103 est
1180 1062 1319 1106 esse.
1407 1049 1738 1119 lmpossibile
1760 1060 1842 1107 est
1870 1067 2008 1106 esse.

577 1120 837 1196 Possibile
862 1152 943 1197 est
971 1156 1111 1197 esse.
1401 1144 1515 1198 Non
1555 1145 1804 1212 possibile
1825 1156 1906 1200 est
1936 1161 2074 1200 esse.

572 1233 688 1287 NOII
722 1248 941 1288 necesse
966 1244 1049 1289 681
1078 1249 1218 1289 esse.
1400 1235 1629 1290 Necesse
1665 1246 1747 1290 est
1780 1252 1884 1291 non
1912 1252 2054 1292 esse.

572 1322 1001 1380 Consentientes.
1392 1329 1820 1384 Consentientes.

570 1416 687 1473 Non
702 1416 1202 1485 impossib.estnon
1234 1434 1372 1474 esse.
1402 1420 1737 1488 lmpossibile
1769 1431 1851 1476 est
1879 1436 1982 1475 non
2005 1436 2147 1476 esse.

570 1509 830 1564 Possibile
857 1519 940 1564 est
966 1526 1071 1565 non
1102 1525 1242 1567 esse.
1397 1512 1510 1568 Non
1540 1514 1744 1582 possib.
1776 1523 1981 1568 estnon
2004 1528 2143 1568 εεεε.

568 1601 686 1659 Νοη
714 1619 932 1659 ηεεεεεε
952 1614 1156 1659 estnon
1186 1601 1325 1660 es'se.
1402 1606 1636 1662 Necesse
1656 1616 1738 1661 εει
1762 1623 1902 1663 εεεε.

642 1699 809 1753 Causa
842 1700 999 1769 igitur
1042 1701 1266 1756 diversus
1292 1704 1684 1771 consequentia:
1711 1712 1791 1757 est
1831 1704 1880 1755 in
1933 1713 2146 1758 contra-

570 1790 708 1843 rittm
761 1793 1178 1859 propositionum
1227 1794 1570 1864 impossibilis
1601 1804 1653 1849 et
1684 1798 1966 1849 necessarii
2008 1798 2145 1851 facta

2263 593 2504 661 sequitur
2532 593 2582 647 id
2623 594 2761 664 quod
2798 581 3164 665 praponimus,
3203 615 3305 652 non
3339 615 3556 655 necesse
3585 611 3834 667 estesse,

2262 684 2356 739 sed
2382 687 2635 752 possibile
2654 704 2775 743 esse
2802 694 3107 746 consentire
3139 694 3512 762 proposuimus
3540 696 3586 747 ei
3610 711 3725 762 qua:
3753 697 3831 747 di-

2261 778 2354 845 cit,
2380 794 2598 834 necesse
2624 790 2709 835 est
2734 797 2877 848 esse,
2900 800 3124 851 eamque
3146 788 3427 855 consequi;
3454 789 3691 856 sequitur
3712 792 3836 857 ergo

2261 886 2377 925 eam
2401 887 2517 939 qua:
2544 882 2625 926 est
2652 890 2753 928 non
2798 891 3017 931 necesse
3047 893 3184 942 esse,
3217 881 3357 933 illam
3402 896 3517 948 quae
3549 881 3696 945 dicit,
3744 897 3836 934 ne-

2260 979 2415 1020 cesse
2444 976 2525 1021 est
2553 983 2694 1032 esse,
2727 971 2881 1040 eique
2901 975 3184 1033 consentit,
3213 974 3352 1040 quod
3373 986 3453 1027 est
3486 975 3830 1042 impossibile.

2259 1057 2395 1124 Quid
2418 1058 2573 1127 igitur
2599 1061 2650 1113 in
2681 1062 2762 1114 his
2786 1064 3203 1119 dubitationibus
3224 1074 3306 1119 est
3327 1068 3702 1137 statuendum?
3726 1084 3830 1122 non

2258 1159 2432 1216 potest
2458 1154 2763 1206 consentire
2801 1156 3009 1222 quidem
3048 1143 3296 1223 possibile
3332 1172 3451 1212 esse
3483 1160 3530 1210 ei
3562 1159 3700 1226 qttod
3728 1168 3827 1222 εει,

2257 1256 2479 1297 necesse
2502 1259 2641 1299 esse.
2668 1246 2879 1314 Alioqui
2929 1249 3341 1316 propositionem
3383 1265 3603 1305 necesse
3631 1266 3748 1305 esse
3777 1252 3828 1304 id

2256 1333 2397 1400 quod
2435 1344 2515 1387 est
2548 1336 2873 1402 impossibile
2901 1354 3020 1394 esse
3051 1352 3425 1410 consequetur,
3468 1343 3513 1396 si
3544 1358 3668 1397 vero
3695 1359 3829 1398 con-

2257 1426 2466 1480 venerit
2495 1427 2543 1481 ei
2570 1444 2688 1496 quae
2705 1440 2788 1484 est
2809 1434 3165 1486 necessarium
3192 1449 3331 1498 esse,
3354 1435 3440 1487 illa
3463 1450 3580 1500 quae
3607 1444 3688 1489 εει
3708 1452 3829 1504 pos—

2255 1521 2412 1575 sibile
2432 1535 2572 1577 esse.
2600 1523 2802 1579 Rursus
2825 1525 2880 1578 lit
2908 1536 2963 1577 ut
2986 1526 3034 1578 id
3057 1527 3197 1594 quod
3220 1537 3300 1581 est
3322 1529 3705 1592 necessarium,
3725 1545 3828 1583 non

2256 1616 2616 1671 necessarium
2648 1619 2735 1683 sit,
2770 1619 2861 1673 sed
2886 1620 2985 1673 hoc
3010 1619 3203 1674 falsum
3232 1631 3352 1685 est;
3398 1622 3489 1674 sed
3524 1622 3622 1675 hoc
3641 1638 3827 1689 quem-

2254 1706 2539 1761 admodum
2571 1723 2693 1762 sese
2740 1708 2924 1762 habeat
2957 1710 3113 1778 paulo
3136 1718 3253 1778 post
3272 1711 3642 1778 explicabitur.
3680 1713 3828 1766 Nunc

2253 1813 2382 1852 vero
2413 1799 2645 1869 priorem
2683 1800 3011 1871 sequentium
3055 1809 3420 1867 permutantes
3453 1803 3553 1856 hoc
3575 1801 3821 1867 diciinus,

564 1884 843 1938 convetsio
863 1901 875 1947 ;
899 1886 992 1939 sed
1015 1886 1082 1940 de
1110 1887 1189 1940 bis
1221 1886 1320 1941 hoc
1340 1887 1497 1941 modo
1518 1888 1843 1955 Speculatus,
1867 1902 1985 1943 sese
2013 1904 2148 1957 quo-
2180 1874 2230 1934 Β
2255 1894 2501 1960 quoniam
2532 1893 2582 1946 id
2613 1893 2755 1962 quod
2781 1902 2862 1948 cst
2886 1894 3138 1962 possibile
3164 1909 3284 1953 esse
3309 1909 3413 1948 non
3439 1905 3608 1961 potest
3633 1909 3821 1948 conse-

562 1974 850 2031 dammodo
892 1978 1005 2046 ipse
1036 1979 1397 2047 reprehendit,
1430 1991 1483 2033 et
1510 1980 1576 2033 ad
1616 1980 1772 2033 aliam
1805 1980 2145 2050 proprietatis

561 2071 991 2140 consequentiam
1017 2071 1423 2140 disputationem
1452 2071 1632 2127 ﬂectit.

634 2166 715 2219 An
744 2178 874 2220 certe
900 2166 1215 2236 impossibile
1259 2175 1333 2219 est
1373 2170 1445 2219 sic
1487 2170 1608 2237 poni
1637 2168 1907 2221 necessarii
1936 2179 2142 2222 contra-

560 2258 823 2313 dictiones.
861 2258 997 2312 Nam
1028 2262 1164 2327 quod
1185 2268 1257 2312 est
1286 2260 1626 2313 necessarium
1654 2277 1783 2325 esse,
1812 2262 2049 2329 possibile
2066 2271 2141 2316 est

558 2367 687 2415 esse,
726 2367 845 2404 nam
888 2352 931 2403 si
974 2368 1100 2417 non,
1130 2352 1331 2423 negatio
1359 2361 1611 2421 sequetur.
1642 2351 1861 2406 Necesse
1888 2354 2021 2407 enim
2064 2364 2141 2409 est

556 2453 647 2496 aut
677 2443 928 2511 afﬁrmare
957 2453 1043 2494 aut
1063 2458 1267 2512 negare.
1291 2441 1458 2508 Quare
1482 2443 1526 2495 si
1547 2459 1646 2495 non
1669 2443 1906 2509 possibile
1918 2455 1991 2498 est
2008 2461 2134 2514 esse,

557 2532 865 2601 impossibile
920 2544 991 2584 est
1020 2550 1146 2585 esse.
1176 2531 1347 2603 Igitur
1384 2535 1692 2601 impossibile
1728 2544 1801 2588 est
1847 2553 1972 2603 esse,
2000 2540 2138 2606 quod

556 2640 755 2678 necesse
790 2632 864 2676 est
902 2639 1028 2687 esse,
1063 2625 1199 2692 quod
1235 2640 1357 2677 sane
1383 2633 1454 2677 est
1488 2627 1859 2682 inconveniens.

629 2715 811 2781 Feste,
862 2716 1047 2783 inquit,
1092 2717 1389 2770 erravimus
1420 2717 1488 2770 ita
1516 2722 1925 2787 consequentias
1962 2722 2133 2777 collo-

553 2816 757 2863 cantes.
783 2808 928 2861 Tunc
954 2808 1096 2861 enim
1127 2807 1503 2878 disposuimos,
1533 2822 1587 2864 ut
1617 2812 1667 2864 id
1689 2812 1829 2881 quod
1852 2825 1991 2867 esset
2013 2829 2133 2880 pos-

494 2941 499 2948 .
553 2901 708 2956 sibile
736 2912 1052 2971 sequeretur
1078 2902 1205 2957 illud
1249 2904 1389 2971 quod
1416 2911 1499 2957 est
1527 2919 1630 2958 non
1662 2907 2045 2973 necessarium,
2076 2920 2134 2961 ut

554 2993 846 3047 secundum
879 2995 1288 3063 prmcessionem
1336 2995 1604 3063 possibilis
1630 3006 1939 3065 sequentem
1973 3014 2133 3068 nega-

551 3085 749 3141 tionem
796 3086 1079 3139 necessarii
1114 3101 1456 3154 poneremus;
1499 3104 1640 3143 nunc
1669 3101 1843 3143 antem
1876 3090 2002 3143 dicit
2032 3091 2133 3144 hoc

498 3214 499 3221 η
552 3182 841 3251 permutari
864 3194 1132 3250 oportere,
1158 3189 1212 3235 et
1233 3198 1336 3238 non
1360 3198 1386 3234 a
1413 3185 1650 3252 possibili
1676 3185 2053 3251 inchoandum,
2077 3196 2133 3241 et

550 3276 671 3328 huic
702 3274 1087 3342 subjiciendum
1121 3275 1407 3328 necessarii
1450 3277 1808 3343 negationem,
1842 3277 1932 3328 sed
1960 3279 2133 3345 potius

549 3367 720 3435 primo
778 3366 1077 3431 ponendum
1132 3380 1254 3419 esse
1304 3368 1685 3430 necessarium,
1732 3370 1966 3422 secundo
2016 3371 2134 3425 loco

548 3456 825 3525 possibile,
880 3469 1108 3523 namque
1138 3456 1225 3507 illa
1278 3457 1574 3524 propositio
1601 3472 1719 3524 qua:
1770 3462 2133 3515 necessarium

546 3550 803 3613 continet,
837 3550 1111 3602 continere
1143 3548 1350 3602 videtur
1374 3550 1533 3603 etiam
1560 3550 1989 3618 possibilitatem,
2008 3569 2133 3607 nam

546 3643 685 3711 quod
716 3645 1075 3698 necessarium
1100 3652 1181 3695 est
1204 3643 1339 3696 idem
1383 3644 1635 3708 possibile
1664 3655 1765 3699 est.
1798 3647 1947 3713 Quod
1989 3648 2131 3702 enim

546 3748 767 3789 necesse
793 3742 876 3787 εει
903 3748 1043 3796 esse,
1069 3733 1207 3788 idem
1243 3750 1361 3788 esse
1389 3735 1645 3802 passibile
1674 3745 1775 3800 est,
1800 3753 1921 3791 nam
1945 3738 1990 3791 si
2014 3741 2133 3807 quis

546 3829 649 3881 hoc
677 3837 852 3897 neget,
882 3836 935 3881 et
966 3828 1013 3881 id
1036 3827 1175 3897 quod
1191 3839 1272 3881 εει
1296 3828 1656 3882 necessarium
1682 3828 1822 3882 dicat
1851 3845 1955 3884 non
1981 3833 2129 3899 sequi

545 3920 974 3990 possibilitatem,
1009 3920 1219 3987 negatio
1249 3919 1615 3988 possibilitatis
1645 3919 1696 3973 id
1728 3922 1867 3988 quod
1911 3933 1991 3975 est
2033 3939 2129 3977 ne-

544 4000 835 4071 cessarium
879 4014 1243 4068 comitabitur.
1277 4012 1407 4067 Nam
1438 4015 1483 4067 si
1512 4015 1562 4068 id
1595 4015 1738 4085 quod
1768 4018 2129 4071 necessarium

544 4118 625 4163 est
654 4123 795 4176 esse,
830 4106 1016 4161 falsum
1042 4118 1125 4161 est
1158 4107 1338 4161 dicere
1376 4108 1632 4176 possibile
1660 4117 1742 4162 est
1771 4124 1911 4171 esse.
1942 4126 2128 4164 verum

543 4209 620 4253 est
653 4197 831 4252 dicere
856 4196 1104 4268 quoniam
1134 4212 1237 4251 nou
1266 4197 1517 4265 possibile
1537 4209 1620 4252 est
1640 4213 1777 4253 esse.
1802 4199 1859 4253 In
1880 4201 2130 4277 omnibus

543 4291 681 4345 enim
713 4300 801 4343 aut
830 4290 994 4343 dictio
1017 4299 1117 4356 est,
1148 4289 1199 4342 id
1232 4298 1314 4342 est
1335 4288 1643 4355 affirmatio,
1677 4300 1766 4343 aut
1797 4294 2039 4359 negatio;
2072 4301 2131 4346 ut

542 4382 588 4436 si
619 4384 702 4435 illa
728 4397 850 4436 vera
882 4391 986 4445 est,
1018 4380 1110 4435 illa
1142 4380 1211 4434 sit
1242 4381 1392 4446 falsa,
1423 4380 1470 4434 si
1497 4380 1585 4434 i‘la
1612 4397 1715 4434 non
1746 4392 1849 4447 est,
1879 4382 1965 4436 illa
2003 4399 2128 4437 mox

548 4489 661 4531 Esse
707 4490 929 4529 necesse
965 4474 1055 4538 sit,
1088 4474 1180 4529 sed
1223 4487 1327 4526 non
1369 4472 1619 4540 possibile
1656 4489 1779 4527 esse
1808 4475 1955 4543 sequi
1986 4475 2125 4527 disi-

536 4580 687 4629 mus.
720 4568 769 4620 id
800 4566 940 4635 quod
967 4578 1050 4621 est
1077 4564 1402 4634 impossibile
1433 4579 1583 4629 esse;
1616 4565 1774 4634 igitur
1806 4566 1855 4619 id
1883 4568 2022 4636 quod
2047 4567 2126 4620 di-

539 4658 698 4724 citur,
732 4673 952 4711 necesse
977 4668 1061 4710 est
1090 4672 1231 4721 esse,
1260 4656 1590 4725 impossibile
1616 4667 1697 4710 est
1730 4672 1869 4723 esse,
1897 4660 1990 4711 sed
2026 4657 2127 4712 hoc

539 4752 753 4822 quidem
784 4751 1163 4804 inconveniens
1200 4761 1303 4813 est,
1330 4764 1433 4802 non
1464 4749 1623 4819 igitur
1652 4765 1833 4803 verum
1864 4760 1965 4814 est,
1994 4767 2127 4818 quo-

541 4844 684 4899 niam
725 4842 772 4897 ei
801 4843 943 4911 quod
979 4850 1062 4895 est
1092 4840 1453 4894 necessarium
1485 4857 1624 4907 esse,
1658 4840 1707 4893 id
1738 4841 1877 4909 quod
1907 4852 1988 4895 est
2018 4858 2143 4897 non,

538 4938 796 5011 possibile
832 4951 955 4991 esse
991 4936 1257 4989 convenit.
1306 4935 1482 5000 Quare
1519 4936 1758 5005 sequitur
1788 4935 1839 4988 id
1871 4936 2010 5005 quod
2041 4947 2126 4990 est

540 5028 900 5085 necessarium
938 5025 1282 5095 possibilitas.

612 5123 676 5175 At
702 5137 818 5175 vero
844 5119 975 5173 illud
1002 5119 1138 5187 quod
1162 5128 1232 5171 est
1264 5119 1499 5188 possibile
1526 5135 1651 5182 esse,
1684 5136 1783 5172 non
1815 5120 2126 5189 impossibile

538 5232 648 5269 esse
680 5214 922 5282 sequitur,
957 5212 1051 5265 hoc
1080 5227 1194 5264 vero
1220 5212 1350 5264 illud
1379 5213 1514 5281 quod
1552 5221 1624 5265 est
1659 5231 1758 5266 non
1791 5201 2126 5270 necessarium

542 5324 668 5361 esse.
704 5307 871 5371 Quare
904 5306 1150 5375 contingit
1200 5305 1338 5375 quod
1371 5315 1443 5358 est
1484 5310 1822 5361 necessarium
1862 5325 1970 5365 esse
2023 5328 2125 5366 non

540 5399 878 5454 necessarium
909 5415 1032 5461 esse,
1063 5398 1201 5469 quod
1234 5415 1353 5453 sane
1389 5408 1461 5451 est
1492 5401 1866 5463 inconveniens.
1986 5390 1991 5397 ’

617 5494 847 5549 Dicimus
886 5493 932 5547 ei
974 5492 1111 5561 quod
1144 5501 1225 5547 est
1268 5493 1626 5547 necessarium
1656 5508 1774 5549 esse
1813 5500 2123 5552 consentire

544 5585 689 5638 illam
742 5583 1160 5649 propositionem
1202 5598 1321 5651 quae
1368 5584 1498 5638 dicit
1542 5586 1796 5651 possibile
1841 5601 1987 5649 esse.
2026 5588 2122 5642 sed

543 5688 731 5726 rursus
775 5674 873 5725 hoc
903 5673 1089 5726 falsum
1123 5674 1329 5728 videtur
1354 5677 1706 5744 cogitantibus
1754 5680 2121 5745 perspicienti-

544 5767 771 5831 busque,
789 5765 1034 5832 quoniam
1060 5766 1106 5818 ei
1139 5766 1276 5831 quod
1300 5776 1381 5820 est
1409 5768 1663 5835 possibile
1686 5785 1827 5835 esse,
1857 5770 2122 5824 consentit

546 5869 598 5917 ει
623 5857 871 5914 convenit
900 5857 985 5909 illa
1017 5856 1310 5925 propositio
1339 5873 1458 5925 qua:
1481 5860 1610 5914 dicit
1639 5875 1741 5915 non
1783 5863 2115 5921 impossibile

2250 1986 2336 2054 qui
2367 1985 2417 2038 id
2447 1985 2585 2053 quod
2609 1995 2690 2039 est
2719 2001 2940 2041 necesse
2969 2002 3106 2051 esse,
3132 2002 3231 2042 nec
3264 1988 3345 2041 ha:
3375 1987 3477 2041 sibi
3506 1988 3823 2056 propositio-

2248 2091 2346 2131 nes
2372 2078 2733 2142 consentiunt,
2758 2078 3007 2144 possibile
3030 2094 3170 2144 esse,
3195 2089 3249 2134 ει
3275 2093 3495 2134 necesse
3518 2093 3658 2143 esse,
3680 2080 3820 2146 quod

2246 2167 2562 2222 Aristoteles
2595 2168 2696 2222 hoc
2726 2170 2883 2224 modo
2906 2169 3192 2238 proponit:

2318 2259 2381 2310 At
2406 2274 2522 2312 vero
2552 2275 2709 2327 neque
2736 2261 3073 2313 necessarium
3108 2276 3216 2314 esse
3240 2260 3466 2330 sequitur
3491 2261 3560 2314 ad
3587 2261 3820 2328 possibile

2245 2366 2381 2414 esse,
2426 2366 2582 2418 neque
2618 2353 2953 2405 necessarium
3000 2368 3099 2404 non
3137 2368 3260 2405 esse.
3310 2350 3395 2404 illi
3434 2353 3567 2404 enim
3607 2362 3819 2418 utraun

2245 2443 2489 2513 contingit
2516 2443 2763 2506 accidere,
2793 2442 2973 2495 horum
2998 2453 3168 2496 autem
3194 2442 3484 2496 utrumlibet
3511 2458 3680 2495 verum
3701 2447 3814 2509 {ue2

2242 2534 2330 2596 rit,
2373 2536 2597 2587 nondum
2622 2545 2767 2588 erunt
2804 2535 2893 2587 illa
2936 2551 3068 2599 vera,
3117 2534 3270 2588 simul
3310 2536 3445 2589 enim
3473 2536 3706 2604 possibile
3745 2546 3815 2588 est

2243 2641 2351 2679 esse
2377 2635 2423 2679 et
2459 2643 2559 2679 non
2588 2642 2714 2680 esse.
2745 2625 2805 2681 Si
2834 2643 2951 2680 vero
2979 2642 3175 2681 necesse
3208 2637 3280 2681 est
3304 2644 3411 2681 esse
3453 2630 3529 2680 rel
3558 2645 3657 2681 non
3684 2645 3813 2693 esse,
3848 2694 3851 2697 _

2242 2707 2346 2772 non
2391 2720 2483 2772 erit
2514 2720 2748 2788 possibile
2776 2729 3062 2790 utrumque.
3111 2720 3432 2790 Relinquitur
3457 2737 3573 2791 ergo
3603 2736 3705 2773 non
3731 2735 3817 2773 ne-

2242 2812 2517 2864 cessarium
2538 2828 2641 2864 non
2662 2828 2767 2865 esse
2786 2813 2926 2881 sequi
2949 2812 3016 2863 ad
3042 2812 3276 2880 possibile
3297 2827 3423 2875 esse,
3453 2812 3547 2864 hoc
3576 2812 3708 2864 enim
3737 2828 3817 2865 ve-

2240 2919 2358 2955 rum
2398 2912 2470 2955 est
2505 2913 2551 2955 et
2578 2904 2640 2956 de
2667 2919 2863 2957 necesse
2900 2920 3027 2971 esse,
3077 2905 3185 2957 hac
3223 2904 3355 2957 enim
3396 2903 3452 2971 ﬁt
3487 2904 3817 2957 contradictio

2240 2997 2351 3064 ejus
2373 3011 2487 3063 quae
2512 2997 2737 3063 sequitur
2764 2998 2831 3048 ad
2863 3012 2963 3048 non
2990 2996 3229 3065 possibile
3259 3012 3382 3049 esse.
3416 2995 3557 3050 Illud
3579 2998 3712 3050 enim
3731 3014 3815 3050 se-

2237 3087 2415 3153 quitur
2440 3085 2535 3138 hoc
2577 3087 2710 3154 quod
2738 3095 2829 3150 est,
2877 3088 3190 3154 impossibile
3227 3103 3353 3151 esse,
3399 3097 3444 3140 et
3483 3105 3678 3142 necesse
3714 3105 3812 3141 non

2239 3193 2366 3241 esse,
2390 3179 2537 3248 cujus
2559 3180 2759 3247 negatio
2778 3188 2873 3241 est,
2900 3195 3000 3232 non
3030 3196 3224 3234 necesse
3251 3197 3351 3233 non
3373 3195 3493 3233 esse.
3521 3178 3815 3249 Sequuntur

2160 3250 2208 3314 C
2240 3270 2395 3339 igitur
2426 3279 2474 3322 et
2507 3271 2586 3323 lue
2610 3272 3027 3326 contradictiones
3063 3274 3338 3326 secundum
3367 3275 3664 3341 prtedictum
3707 3289 3813 3325 mo-

2240 3362 2382 3424 dum,
2416 3370 2461 3414 et
2492 3362 2619 3414 nihil
2648 3363 2954 3433 impossibile
2973 3366 3215 3434 contingit
3238 3365 3312 3417 sic
3336 3365 3528 3430 positis.

2314 3455 2477 3509 Docet
2507 3456 2557 3509 id
2586 3459 2725 3524 quod
2753 3467 2833 3511 est
2858 3457 3108 3527 possibile
3132 3472 3235 3511 non
3266 3458 3568 3512 consentire
3596 3457 3645 3512 ei
3667 3457 3809 3525 quod

2238 3553 2324 3600 est
2352 3548 2711 3601 necessarium
2734 3564 2872 3612 esse,
2902 3564 2999 3603 nec
3023 3564 3207 3603 rursus
3228 3550 3278 3604 ei
3298 3565 3414 3619 qua:
3441 3559 3543 3613 est,
3569 3564 3810 3605 accessa--~

2238 3641 2374 3692 rium
2406 3648 2618 3693 estnon
2647 3656 2788 3696 esse.
2827 3641 2956 3695 Nam
2987 3642 3128 3711 quod
3173 3657 3391 3696 necesse
3416 3652 3500 3696 est
3532 3657 3670 3704 esse.
3704 3658 3809 3695 non

2237 3741 2413 3800 potest
2444 3748 2547 3787 non
2577 3748 2716 3797 esse,
2740 3735 2881 3803 (ιιιοά
2912 3745 3087 3789 autem
3118 3750 3338 3789 necesse
3369 3750 3491 3789 esse
3521 3751 3623 3789 non
3665 3751 3804 3799 esse,

2236 3837 2343 3876 non
2373 3834 2546 3891 potest
2573 3839 2714 3878 esse.
2743 3825 2893 3891 Quod
2927 3838 3100 3881 autem
3132 3826 3360 3880 dicimus
3388 3827 3641 3895 possibile
3667 3843 3803 3886 esse,

2234 3918 2306 3969 ita
2347 3917 2594 3979 dicimus,
2649 3926 2897 3987 tanquam
2942 3918 2986 3972 si
3014 3927 3067 3973 et
3111 3934 3217 3973 non
3255 3934 3375 3974 esse
3421 3920 3673 3988 possibile
3721 3920 3807 3973 sit.

2238 4012 2525 4080 Utramque
2558 4013 2715 4082 igitur
2746 4022 2985 4066 naturam
3020 4012 3178 4066 habet
3197 4012 3249 4066 id
3278 4013 3417 4083 quod
3436 4014 3660 4069 dicimus
3682 4029 3806 4082 pos-

2234 4102 2393 4156 sibile
2414 4118 2552 4166 esse,
2579 4112 2636 4157 ut
2663 4114 2714 4156 et
2745 4104 2813 4156 sit
2836 4116 2955 4157 esse
2979 4103 3249 4171 possibile,
3268 4113 3322 4157 et
3342 4106 3411 4159 sit
3434 4104 3681 4173 possibile
3704 4122 3806 4157 non

2232 4210 2372 4249 esse.
2401 4194 2499 4261 Qui
2534 4211 2657 4249 vero
2684 4194 2811 4249 dicit
2837 4211 3057 4250 necesse
3087 4210 3207 4251 esse
3236 4196 3407 4248 aufert
3445 4211 3547 4248 non
3579 4210 3718 4259 esse,
3751 4205 3806 4247 ει

2233 4302 2352 4355 qua:
2381 4287 2530 4349 dicit,
2554 4302 2775 4341 necesse
2795 4298 2877 4342 est
2904 4304 3007 4340 non
3037 4303 3181 4351 esse,
3200 4286 3367 4341 aufert
3391 4302 3508 4339 esse
3529 4303 3542 4347 ;
3565 4287 3634 4339 ita
3660 4287 3703 4339 si
3726 4288 3803 4337 hac

2230 4394 2372 4432 verae
2398 4390 2541 4445 sunt,
2568 4379 2619 4432 id
2645 4388 2726 4432 est
2754 4394 2974 4433 necesse
2995 4395 3117 4435 esse
3142 4389 3196 4434 et
3220 4394 3402 4432 rursus
3433 4394 3649 4431 necesse
3698 4394 3802 4430 non

2232 4486 2373 4532 esse.
2415 4480 2653 4539 utrreque
2694 4472 2794 4525 illm
2826 4472 2970 4526 falsas
3001 4482 3125 4527 sunt
3166 4489 3281 4542 quzc
3317 4473 3499 4525 dicunt
3536 4480 3590 4525 ει
3632 4480 3805 4540 potest

2229 4579 2370 4630 esse,
2405 4576 2455 4618 et
2488 4575 2660 4633 potest
2683 4582 2789 4619 non
2824 4582 2963 4621 esse.
2998 4568 3081 4619 Illa
3115 4570 3254 4620 enim
3288 4582 3401 4635 quae
3440 4567 3687 4634 proponit
3714 4583 3804 4619 ne-

2152 4632 2208 4694 D
2233 4672 2381 4712 cesse
2410 4674 2547 4723 esse,
2581 4675 2737 4725 posse
2767 4676 2870 4714 non
2901 4676 3023 4715 esse
3048 4661 3273 4724 subruit;
3309 4662 3392 4713 illa
3426 4675 3550 4713 vero
3579 4675 3699 4725 qua:
3721 4660 3800 4711 di-

2231 4753 2326 4814 cit,
2359 4766 2578 4806 necesse
2603 4762 2684 4806 est
2714 4768 2813 4805 non
2857 4768 2998 4817 esse,
3031 4768 3188 4820 posse
3216 4768 3335 4806 esse
3361 4751 3649 4813 subvertit;
3680 4767 3804 4803 neu-

2233 4854 2311 4897 lra
2351 4844 2507 4910 igitur
2537 4855 2890 4913 consequetur
2919 4860 3035 4897 eam
3063 4846 3477 4912 propositionem
3508 4857 3626 4909 qum
3654 4842 3800 4900 dicit,

2231 4936 2487 5003 possibile
2519 4946 2601 4990 est
2634 4951 2771 4993 esse.
2818 4951 2914 4990 nec
2953 4951 3013 4991 ea
3053 4947 3172 5005 Quae
3214 4937 3341 4989 dicit
3381 4949 3446 4987 ex
3491 4935 3805 4986 necessitate

2231 5042 2371 5092 esse,
2406 5042 2503 5080 nec
2535 5026 2623 5079 illa
2661 5042 2777 5095 quae
2808 5027 2935 5081 dicit
2972 5045 3035 5081 ex
3070 5027 3389 5081 necessitate
3418 5041 3522 5079 non
3563 5038 3702 5077 esse.
3744 5024 3806 5075 Et

2229 5134 2416 5172 sensus
2446 5118 2659 5186 quidem
2687 5116 2985 5186 huiusmodi
3008 5128 3108 5173 est.
3136 5117 3451 5173 Sermouum
3470 5126 3646 5168 autem
3671 5115 3804 5167 ratio

2229 5210 2350 5265 talis
2378 5219 2489 5275 est;
2520 5221 2573 5262 at
2600 5223 2746 5268 vero.
2774 5210 2964 5281 inquit,
3000 5224 3170 5279 neque
3200 5210 3251 5262 id
3282 5208 3420 5277 quod
3450 5219 3533 5261 est
3558 5219 3805 5260 necessa-

2226 5302 2364 5354 rium
2396 5316 2538 5365 esse,
2573 5302 2816 5370 sequitur
2848 5301 3263 5369 propositionem
3291 5300 3431 5352 illam
3465 5312 3581 5365 qua:
3611 5312 3804 5364 propo-

2227 5395 2308 5449 nit
2352 5394 2610 5461 possibile
2635 5409 2772 5452 esse,
2804 5408 2900 5446 nec
2934 5408 3115 5446 rursus
3143 5391 3228 5445 illa
3254 5405 3371 5459 qum
3406 5389 3532 5443 dicit
3556 5404 3803 5443 necessa-

2229 5488 2367 5542 rium
2396 5496 2477 5541 est
2501 5502 2607 5541 non
2635 5502 2771 5541 esse.
2808 5486 2883 5539 llli
2909 5487 3075 5553 enitn,
3101 5485 3151 5539 id
3181 5493 3265 5539 est
3294 5483 3551 5550 possibili,
3584 5492 3803 5550 utraque

2229 5582 2489 5648 contingit
2528 5580 2791 5646 accidere,
2824 5580 2874 5634 id
2920 5589 3003 5635 est
3049 5593 3204 5648 posse
3239 5592 3361 5631 esse
3390 5587 3445 5631 et
3506 5591 3661 5645 posse
3697 5591 3799 5628 non

2228 5689 2368 5729 esse.
2403 5676 2531 5729 Nam
2572 5675 2710 5744 quod
2754 5684 2925 5741 potest
2961 5690 3104 5738 esse,
3154 5674 3293 5727 idem
3326 5680 3499 5740 potest
3530 5686 3631 5725 non
3661 5686 3795 5722 esse.

2228 5765 2424 5820 Harum
2458 5775 2656 5832 autem,
2692 5766 2741 5819 id
2765 5774 2845 5819 est
2871 5767 2955 5819 vel
2987 5781 3105 5834 quae
3133 5766 3281 5827 dicit.
3322 5763 3680 5817 necessarium
3720 5769 3797 5813 est

2228 5873 2366 5919 esse,
2384 5860 2462 5912 vel
2482 5874 2599 5919 qua!
2616 5858 2764 5918 dicit.
2782 5866 3140 5915 necessarium
3157 5869 3237 5915 est
3257 5872 3363 5911 non
3382 5872 3519 5921 esse.
3537 5863 3579 5914 si
3604 5869 3797 5912 utrum-
