4280 6268
365 432 465 484 377

1142 426 1202 478 IN
1247 420 1498 477 LIBRUM
1540 417 1626 473 DE
1669 408 2324 470 INTERPBETATIONE
2366 407 2594 464 EDITIO
2632 408 2862 464 PRIMA.

3527 410 3627 466 37,8

366 548 493 602 libet
525 562 705 600 verum
751 544 929 604 fuerit.
962 559 1065 598 non
1096 553 1249 596 erunt
1290 542 1373 595 illa
1405 554 1550 607 vera,
1584 537 1633 589 id
1665 543 1747 587 est
1778 548 1939 601 posse
1968 532 2019 591 Α
2048 529 2250 592 bttlare,
2286 542 2389 581 non
2418 537 2499 581 est
2529 540 2747 582 necesse
2773 542 2878 582 non
2907 528 3199 585 ambulare.
3233 529 3343 585 Hoc
3367 528 3508 584 enim
3532 546 3625 584 ve-

363 655 485 694 esse
514 650 563 693 et
591 652 746 705 posse
778 652 880 689 non
905 651 1056 701 esse;
1088 636 1226 703 quod
1251 638 1387 687 en'm
1420 628 1669 697 possibile
1695 632 1937 687 estesse,

367 732 506 784 idem
551 729 801 796 possibile
831 737 912 781 εει
953 743 1055 780 non
1087 742 1244 788 esse;
1272 724 1410 792 quod
1442 722 1485 774 si
1518 732 1689 785 neque
1720 724 1942 768 necesse

363 831 449 876 est
479 838 615 885 esse,
651 800 745 874 nec
775 834 991 873 necesse
1023 834 1124 871 non
1166 832 1283 870 esse
1320 811 1633 883 propositio,
1664 821 1778 861 eam
1818 818 1940 873 qure

365 925 449 967 est
489 912 736 982 possibile
763 926 882 965 esse
910 920 1285 978 consequetur,
1318 907 1637 973 relinquitur
1665 908 1723 952 ut
1770 898 1856 949 illa
1886 895 1941 948 ei

364 1005 657 1059 consentiat
688 1020 804 1073 quae
832 1004 977 1066 dicit,
1023 1017 1126 1055 non
1153 998 1509 1053 necessarium
1540 1002 1624 1049 est
1652 1006 1754 1044 non
1790 1000 1930 1042 esse.

367 1095 488 1148 Haec
515 1095 651 1149 enim
684 1096 926 1164 sequitur
954 1110 1069 1147 eam
1100 1109 1214 1161 quae
1263 1090 1533 1161 proponit,
1566 1080 1822 1155 possibile
1854 1086 1937 1130 est

362 1200 499 1240 esse.
530 1186 791 1255 Quidquid
841 1188 981 1240 enim
1016 1185 1262 1252 possibile
1291 1192 1376 1236 est
1405 1194 1545 1242 esse,
1579 1190 1682 1227 non
1714 1182 1937 1225 necesse

361 1286 567 1330 estnon
596 1292 737 1341 esse,
774 1288 830 1332 ut
851 1278 1102 1346 quoniam
1138 1276 1409 1330 hominem
1440 1268 1690 1339 possibile
1715 1272 1799 1317 est
1823 1274 1939 1311 am-

844 1371 1168 1424 Alﬁrmatio.
1242 1363 1579 1433 impossibile
1608 1364 1851 1414 estesse.

845 1460 1087 1527 Negatio.
1242 1457 1356 1511 Non
1383 1451 1638 1525 possibile
1670 1458 1749 1502 est
1774 1455 1913 1498 esse.
1960 1436 2287 1492 Contradict.

845 1535 1162 1607 Allirmatio.
1238 1551 1471 1605 Necesse
1496 1554 1579 1601 est
1600 1558 1704 1597 non
1735 1553 1873 1592 esse.
1954 1530 2288 1585 Contradiet.

363 1651 491 1705 Hmc
521 1650 660 1703 enim
689 1662 807 1716 quae
834 1648 982 1710 dicit,
1016 1662 1117 1699 non
1146 1658 1365 1699 necesse
1394 1650 1471 1695 est
1507 1654 1610 1692 non
1634 1648 1773 1695 csse,
1806 1642 1935 1683 con-

362 1741 607 1796 tradictio
637 1750 718 1793 est
747 1740 859 1805 ejus
880 1753 997 1807 qua!
1020 1736 1284 1805 proponit,
1310 1746 1527 1787 necesse
1556 1735 1639 1783 εει
1667 1740 1769 1779 non
1794 1733 1934 1783 esse,

361 1850 477 1903 quin
504 1844 583 1887 est
606 1845 851 1900 sequens,
872 1838 927 1883 et
949 1827 1287 1881 consentiens
1314 1826 1495 1892 eiquac
1514 1831 1615 1886 est,
1633 1832 1734 1871 non
1762 1813 1936 1883 possi-

1964 1344 2296 1403 Contradict.

2052 646 2171 684 rum
2218 638 2317 695 est,
2354 628 2546 695 inquit,
2578 638 2630 681 et
2667 627 2733 682 de
2763 642 2827 682 eo
2857 630 2995 697 quod
3023 640 3103 684 est
3141 646 3360 687 necesse
3398 638 3483 686 est
3521 646 3625 686 non

2051 749 2190 796 esse,
2215 734 2263 786 iul
2288 745 2365 785 est
2388 732 2503 785 haec
2525 732 2666 785 enim
2693 733 2982 800 prepositio
3004 748 3119 801 qua:
3135 729 3262 788 dicit
3281 751 3383 787 non
3408 749 3627 789 necesse

2051 851 2170 890 esse
2198 851 2302 888 non
2335 850 2476 900 esse,
2508 849 2693 887 verum
2732 844 2834 897 est,
2869 844 2925 887 ut
2953 844 3137 888 contra
3173 842 3288 888 eam
3331 851 3627 906 opponatur

2049 935 2478 997 contradictorie,
2512 949 2630 1002 quze
2654 932 2784 986 dicit
2815 946 3034 987 necesse
3061 943 3144 988 est
3179 949 3280 987 non
3311 951 3452 1000 esse,
3485 938 3625 991 unde

2049 1038 2209 1094 etiam
2241 1044 2453 1090 secutus
2471 1045 2571 1088 eSt.
2604 1033 2728 1087 Htec
2750 1033 2893 1087 enim
2927 1033 2983 1085 lit
3003 1032 3351 1088 contradictio
3373 1036 3487 1102 ejus
3509 1051 3629 1105 qua:

2049 1143 2312 1211 sequitur,
2359 1152 2464 1193 non
2501 1138 2753 1206 possibile
2779 1149 2924 1203 esse,
2960 1135 3101 1190 unde
3140 1133 3378 1191 facienda
3406 1146 3487 1191 est
3529 1136 3625 1191 hu-

2047 1242 2280 1313 iusmodi
2310 1239 2597 1307 descriptio
2623 1256 2637 1290 :

2408 1342 2521 1395 Non
2554 1340 2883 1408 impossibile
2910 1351 2992 1396 est
3015 1355 3155 1398 esse.

2404 1434 2666 1487 Possibile
2695 1444 2775 1488 est
2803 1449 2944 1490 esse.

2399 1525 2515 1579 Non
2543 1542 2762 1582 necesse
2791 1537 2873 1581 est
2899 1544 3001 1583 non
3026 1543 3167 1584 esse.

2047 1623 2210 1673 dicere
2240 1619 2476 1685 possibile
2500 1634 2602 1671 non
2631 1634 2756 1683 esse,
2786 1619 2875 1672 sed
2897 1630 3125 1689 utrwque
3145 1621 3290 1690 falsa:
3313 1630 3430 1675 sunt
3451 1624 3512 1677 de
3538 1640 3624 1677 ne-

2049 1728 2186 1766 cesse
2213 1729 2338 1764 (sse.
2373 1712 2433 1763 At
2465 1728 2575 1763 vero
2607 1728 2805 1773 rursus,
2850 1712 2983 1765 idem
3012 1714 3209 1766 videtur
3241 1731 3350 1768 e~se
3389 1717 3625 1784 possibile

2048 1805 2204 1858 incidi
2237 1813 2281 1855 ct
2316 1820 2412 1855 non
2440 1802 2619 1867 incidi,
2647 1812 2694 1854 et
2720 1820 2829 1857 esse
2869 1816 2913 1857 et
2937 1821 3179 1859 nonesse.
3224 1807 3394 1871 Quare
3419 1810 3513 1861 erit
3534 1826 3622 1863 ne-

362 1896 467 1979 me
490 1933 572 1979 ρει
596 1896 737 1985 ess-(3,
762 1938 879 1991 qua;
908 1922 1173 1975 consentit
1204 1918 1252 1971 ei
1283 1932 1398 1984 quin
1428 1914 1577 1973 dicit,
1612 1905 1942 1978 impossibile
1976 1898 2026 1957 B
2051 1913 2185 1950 cesse
2214 1913 2340 1961 esse,
2380 1896 2673 1965 cantingens
2699 1912 2801 1948 non
2830 1910 2958 1960 esse,
2990 1897 3087 1949 hoc
3112 1908 3279 1952 autem
3309 1900 3495 1968 falsum
3528 1912 3620 1953 est.

363 2026 605 2083 estesse,
630 2030 748 2082 qua:
774 2026 953 2065 rursus
975 2011 1215 2079 sequitur
1241 2023 1360 2061 eam
1400 2021 1516 2075 qua)
1548 2011 1630 2058 est
1658 2001 1860 2063 ultima,
1884 1997 1939 2050 id

364 2116 448 2161 est
471 2122 686 2161 necesse
716 2116 796 2158 est
828 2119 931 2157 non
961 2118 1096 2165 esse,
1130 2101 1280 2167 cujus
1319 2095 1669 2152 contradictio
1697 2103 1798 2155 εει,
1833 2103 1937 2143 non

364 2214 587 2253 necesse
625 2206 707 2252 est
732 2213 833 2250 non
858 2211 1004 2255 esse;
1036 2194 1319 2247 affirmatio
1346 2188 1487 2245 enim
1507 2197 1586 2242 est
1616 2199 1831 2240 necesse
1856 2191 1940 2236 est

362 2306 470 2345 non
499 2304 637 2354 esse,
672 2288 879 2357 negatio
910 2303 1011 2339 non
1040 2299 1258 2339 necesse
1281 2292 1360 2336 est
1386 2296 1490 2335 non
1512 2294 1652 2334 esse.
1678 2276 1937 2344 Quocirca

363 2383 657 2439 secundum
709 2379 1186 2433 contradictionem
1236 2376 1290 2429 lit
1331 2374 1444 2428 hcce
1488 2385 1698 2441 quoque
1740 2382 1935 2422 consc-

362 2476 598 2544 quentia,
627 2488 748 2526 nam
770 2470 1101 2539 impossibile
1123 2482 1241 2523 esse
1268 2476 1320 2521 et
1339 2482 1441 2519 non
1467 2461 1797 2532 impossibile
1816 2474 1937 2513 esse

364 2567 710 2624 contradictio
734 2575 837 2627 est,
872 2565 963 2618 sed
991 2562 1424 2621 allirmationem,
1444 2557 1493 2610 id
1511 2552 1940 2621 estimpossibile

362 2678 502 2727 esse,
532 2662 771 2731 sequitur
794 2659 1002 2728 negatio
1025 2674 1128 2711 non
1160 2654 1411 2725 possibile
1432 2666 1573 2706 esse.
1594 2649 1938 2718 Negationem

363 2768 510 2818 vero,
544 2754 591 2806 id
619 2762 702 2807 est
724 2766 828 2805 non
865 2748 1189 2819 impossibile
1219 2762 1359 2809 εεεε,
1385 2744 1625 2812 sequitur
1652 2736 1938 2793 affirmatio

363 2845 615 2917 possibile
643 2851 726 2898 est
754 2857 892 2907 esse,
926 2841 1017 2895 sed
1050 2856 1153 2893 non
1185 2837 1438 2906 possibile
1462 2844 1545 2890 est
1574 2848 1711 2895 esse,
1742 2841 1792 2886 et
1818 2843 1943 2899 pos-

362 2938 517 2992 sibile
544 2948 625 2991 est
652 2950 793 2999 esse,
825 2932 1172 2989 contradictio
1194 2939 1293 2994 est,
1326 2927 1419 2982 sed
1453 2927 1785 2995 negationem
1811 2935 1940 2991 pos-

362 3031 550 3093 sibilis,
584 3030 635 3083 id
667 3040 748 3083 est
770 3043 874 3081 nou
907 3025 1162 3095 possibile
1191 3038 1309 3077 esse
1338 3031 1692 3088 consequetur
1714 3029 1940 3070 necesse

362 3130 445 3177 est
475 3137 579 3175 non
607 3136 726 3174 esse
755 3118 1059 3182 affirmatio,
1093 3117 1183 3171 sed
1211 3107 1937 3179 alﬁrmationempossibilis,

364 3210 420 3266 Id
445 3220 527 3265 est
558 3209 807 3278 possibile
851 3223 971 3263 esse
1002 3216 1255 3276 sequetur
1299 3220 1403 3257 non
1455 3216 1675 3257 necesse
1716 3208 1799 3254 est
1830 3213 1937 3251 non

2120 1988 2200 2043 Ad
2231 1989 2557 2055 superiorem
2594 1986 2859 2053 possibilis
2894 1997 2948 2041 et
2976 1989 3262 2042 necessarii
3291 2004 3621 2058 consequen-

2048 2084 2134 2137 tize
2181 2096 2430 2135 reversus
2474 2091 2558 2134 est
2600 2081 2973 2150 qumsthmem.
3034 2081 3167 2134 Dicit
3212 2083 3353 2136 enim
3395 2083 3622 2138 dubitari

2044 2189 2228 2244 posse,
2261 2174 2302 2226 si
2330 2173 2378 2225 id
2403 2172 2541 2241 quod
2572 2183 2653 2225 est
2686 2174 2938 2240 possibile
2966 2186 3085 2226 esse
3110 2174 3407 2227 consentiat
3429 2175 3480 2228 ei
3506 2190 3623 2241 pro-

2045 2267 2321 2339 positiooi,
2355 2280 2473 2333 quin
2495 2276 2576 2318 est
2606 2266 2965 2319 necessarium
3000 2278 3139 2330 esse,
3172 2266 3285 2319 sive
3319 2267 3461 2327 enim
3492 2281 3620 2320 con-

2045 2361 2246 2416 sentire
2277 2360 2508 2422 dicatur,
2534 2357 2646 2411 sive
2675 2372 2780 2410 non
2808 2360 3137 2418 consentire,
3162 2356 3356 2423 aliquid
3381 2356 3623 2425 impossi-

2044 2456 2153 2510 bile
2182 2464 2237 2509 et
2268 2454 2652 2507 inconveniens
2682 2458 2911 2519 utroque
2941 2450 3098 2505 modo
3127 2450 3407 2519 coiitingit;
3434 2465 3556 2504 nam
3579 2451 3623 2505 si

2046 2548 2163 2617 quis
2193 2548 2335 2599 dicat
2358 2546 2406 2598 id
2440 2546 2578 2613 quod
2606 2543 2800 2597 dicitur
2825 2543 3076 2610 possibile
3104 2557 3224 2596 esse
3255 2558 3360 2596 non
3394 2556 3622 2597 consen-

2044 2642 2150 2693 tire
2176 2639 2223 2691 ei
2253 2637 2393 2707 quod
2426 2645 2511 2690 est
2541 2635 2908 2689 necessarium
2951 2647 3091 2699 esse,
3126 2634 3427 2688 consentiet
3455 2635 3503 2688 ei
3533 2648 3626 2688 ne-

2043 2732 2187 2802 gatio
2219 2730 2515 2799 possibilis,
2546 2744 2609 2783 ea
2646 2743 2767 2797 quae
2794 2738 2877 2781 est
2897 2733 3011 2782 'nou
3046 2727 3304 2797 possibile
3348 2720 3502 2791 esse;
3532 2725 3626 2783 sed

2042 2826 2088 2879 si
2117 2825 2215 2877 ista
2245 2826 2564 2888 consentiet,
2614 2823 2719 2876 erit
2761 2822 2898 2875 idem
2933 2822 3292 2875 necessarium
3325 2836 3444 2875 esse
3484 2821 3627 2890 quod

2044 2925 2127 2970 εει
2174 2930 2278 2968 non
2332 2913 2587 2983 possibile
2618 2927 2756 2967 esse.
2792 2911 2944 2978 Quod
2992 2913 3036 2964 si
3066 2914 3165 2966 hoc
3206 2926 3389 2965 rursus
3437 2912 3628 2981 aliquis

2045 3017 2222 3077 neget,
2249 3016 2302 3061 et
2323 3006 2465 3060 dicat
2496 3023 2598 3058 non
2623 3020 2743 3059 esse
2768 3003 3101 3072 negationem
3118 3003 3235 3071 ejus
3253 3003 3628 3072 prepositionis

2045 3115 2163 3168 quae
2195 3108 2275 3152 est
2310 3097 2565 3168 possibile
2595 3113 2733 3163 esse,
2769 3111 2886 3150 eam
2915 3111 3033 3164 quas
3063 3096 3189 3149 dicit
3228 3110 3332 3149 non
3375 3094 3630 3164 possibile

2046 3208 2189 3255 esse,
2214 3192 2307 3247 sed
2335 3191 2476 3245 illam
2501 3191 2677 3259 petius
2695 3206 2812 3259 quae
2837 3190 3104 3260 proponit,
3131 3189 3385 3258 possibile
3412 3198 3495 3244 est
3518 3203 3623 3242 non

363 3318 486 3359 esse
541 3303 768 3371 negatio.
799 3302 973 3368 Quare
998 3274 1289 3366 itaipositis
1318 3296 1447 3350 nihil
1480 3294 1660 3348 evenit
1688 3290 1936 3360 impossi-
1962 3274 2014 3340 C
2046 3302 2188 3349 esse,
2218 3300 2519 3354 quanquam
2558 3284 2748 3337 falsum
2783 3285 2873 3351 sit,
2906 3294 3082 3338 tamen
3105 3299 3171 3338 ne
3200 3284 3314 3338 haec
3339 3283 3552 3353 quidem
3580 3284 3628 3338 ei

363 3395 489 3463 bile,
520 3395 611 3459 sed
635 3396 811 3449 omnia
840 3393 1164 3448 conveniunt
1192 3400 1247 3444 et
1275 3389 1639 3448 consentiunt,
1670 3393 1725 3439 et
1745 3398 1939 3437 secun-

363 3487 487 3543 dum
512 3488 840 3557 superiorem
868 3484 1139 3553 possibilis
1163 3490 1217 3537 et
1239 3481 1581 3551 impossibilis
1613 3478 1829 3533 modum
1860 3477 1939 3528 af-

364 3580 691 3635 ﬁrmatioues
737 3591 789 3633 et
834 3580 1144 3649 negationes
1182 3590 1449 3633 converso
1494 3573 1685 3626 ordine
1729 3579 1942 3625 contra-

364 3675 585 3730 dictorie
624 3690 682 3728 se
713 3682 1026 3743 sequuntur.
1062 3673 1128 3726 Et
1170 3685 1357 3725 sensus
1389 3668 1601 3737 quidem
1642 3666 1801 3721 totius
1843 3665 1943 3717 hu-

364 3766 596 3833 iusmodi
645 3775 745 3827 est,
780 3766 912 3818 ordo
960 3774 1136 3818 autem
1175 3763 1459 3816 verborum
1507 3760 1604 3813 sic.
1654 3758 1937 3824 Quoniam,

364 3855 556 3925 inquit,
586 3856 635 3909 ei
665 3855 806 3924 quod
837 3864 917 3909 est
948 3854 1204 3922 possibile
1225 3866 1365 3917 esse,
1402 3866 1502 3906 nec
1535 3850 1661 3904 illud
1693 3848 1834 3917 quod
1858 3857 1942 3903 est

366 3961 589 4001 necesse
618 3962 761 4011 esse,
807 3962 905 4000 nec
936 3946 1062 3999 illud
1102 3945 1239 4011 quod
1281 3952 1363 3998 εει
1410 3956 1629 3996 necesse
1684 3955 1791 3993 non
1821 3954 1942 3993 esse

366 4040 668 4101 consentit,
696 4039 1010 4107 relinquitur
1032 4046 1088 4091 ut
1108 4038 1160 4091 id
1184 4036 1323 4104 quod
1347 4046 1427 4089 est
1454 4050 1559 4087 non
1580 4034 1940 4086 necessarium

365 4148 475 4187 non
508 4148 625 4187 esse
652 4142 899 4201 sequatur
932 4131 1183 4200 possibile
1206 4144 1343 4183 esse.
1380 4127 1490 4181 Hoc
1513 4125 1654 4179 enim
1682 4124 1820 4193 quod
1863 4123 1946 4176 di-

364 4227 505 4283 citur
536 4241 640 4281 non
673 4224 1030 4279 necessarium
1060 4238 1163 4276 non
1192 4237 1311 4275 esse
1348 4234 1533 4273 verum
1565 4228 1646 4271 est
1674 4216 1853 4269 dicere
1876 4215 1945 4268 de

367 4332 589 4372 necesse
632 4328 714 4371 εει
758 4332 863 4369 non
917 4332 1057 4377 esse,
1087 4326 1141 4369 et
1179 4312 1531 4367 subaudimus
1568 4308 1817 4378 quoniam
1864 4316 1946 4360 est

367 4410 484 4479 ejus
512 4409 882 4463 contradictio.
930 4410 1053 4461 Haec
1092 4407 1233 4460 enim
1264 4420 1382 4471 qua:
1411 4404 1559 4469 dicit,
1590 4417 1695 4455 non
1728 4413 1945 4454 necesse

370 4510 453 4555 est
477 4518 579 4553 non
608 4516 748 4563 esse,
779 4499 1131 4553 contradictio
1158 4497 1213 4550 lit
1239 4499 1285 4549 ei
1317 4511 1434 4564 quae
1458 4494 1693 4561 sequitur
1716 4491 1947 4561 negatio.

369 4608 492 4648 nem
538 4594 821 4661 possibilis,
857 4594 905 4645 id
944 4602 1027 4646 est
1067 4608 1171 4645 non
1217 4588 1471 4659 possibile
1509 4602 1648 4641 esse.
1699 4586 1824 4639 Haec
1865 4594 1947 4638 est

368 4692 547 4739 autem
570 4700 630 4739 ea
658 4701 773 4752 qua:
801 4685 950 4751 dicit,
986 4698 1205 4738 necesse
1232 4692 1314 4736 est
1346 4697 1448 4733 non
1468 4694 1606 4744 esse,
1641 4679 1769 4732 illud
1800 4678 1944 4731 enim

367 4775 511 4845 quod
534 4786 615 4830 est
647 4792 749 4830 non
785 4776 1035 4843 possibile
1057 4790 1197 4837 esse,
1234 4783 1513 4841 utrumque
1542 4771 1730 4825 horum
1762 4769 1943 4839 sequi-

368 4877 476 4931 tur,
509 4877 561 4921 et
589 4868 726 4936 quod
752 4878 833 4921 est
860 4866 1189 4935 impossibile
1211 4880 1350 4930 esse,
1370 4863 1578 4933 etquod
1600 4872 1698 4927 est,
1725 4876 1946 4916 necesse

368 4969 454 5014 est
484 4974 587 5012 non
625 4973 767 5012 esse.
802 4957 966 5026 Cujus
998 4957 1390 5017 affirmationis,
1423 4954 1474 5007 id
1504 4963 1585 5009 est
1617 4966 1837 5007 necesse
1865 4960 1949 5006 εει

366 5065 476 5105 non
501 5065 636 5116 esse,
659 5052 869 5120 negatio
899 5064 1001 5114 εει,
1037 5063 1141 5103 non
1173 5063 1391 5103 necesse
1418 5054 1502 5102 est
1528 5062 1632 5101 non
1664 5059 1805 5101 esse.
1842 5044 1947 5099 Sed

374 5147 495 5201 lucc
525 5147 761 5215 sequitur
790 5163 897 5201 non
930 5144 1261 5214 impossibile
1290 5158 1409 5198 esse
1439 5153 1491 5198 et
1522 5141 1775 5210 possibile
1797 5154 1947 5201 esse;

368 5240 527 5305 igitur
557 5238 636 5291 hae
667 5238 1117 5292 contradictiones
1150 5236 1446 5289 secundum
1479 5233 1788 5301 prmdictum
1829 5246 1947 5285 mo-

367 5333 492 5381 dum
528 5346 586 5383 se
626 5343 942 5396 sequuntur,
976 5328 1183 5381 scilicet
1223 5326 1662 5386 contradictorie,
1702 5321 1796 5375 sed
1823 5336 1951 5373 con-

367 5423 591 5485 versim,
625 5431 678 5475 et
728 5421 808 5472 his
860 5421 1053 5489 positis
1080 5428 1241 5489 atque
1276 5420 1344 5470 ita
1376 5416 1639 5471 ordinatis
1666 5413 1794 5467 nihil
1828 5427 1956 5467 con-

369 5517 525 5583 tingit
559 5514 908 5580 impossibile.

446 5605 714 5659 Dubitabit
744 5615 911 5658 autent
937 5605 1122 5672 aliquis
1142 5606 1185 5656 si
1213 5603 1280 5655 ad
1304 5604 1436 5656 illud
1458 5600 1957 5672 quod.necessarium

368 5715 502 5756 esse,
531 5695 771 5763 possibile
796 5712 904 5748 esse
925 5706 1181 5762 sequatur.
1211 5694 1350 5747 Nam
1371 5696 1415 5748 si
1442 5712 1544 5747 non
1570 5696 1812 5759 sequitur,
1838 5711 1957 5749 con-

371 5790 622 5843 tradictio
649 5797 909 5853 sequetur,
958 5804 1057 5839 non
1098 5787 1336 5855 possibile
1373 5804 1498 5853 esse,
1531 5798 1578 5841 et
1606 5788 1650 5841 si
1677 5789 1790 5857 quis
1824 5788 1960 5841 dicat

376 5901 483 5937 non
508 5882 640 5935 hanc
670 5897 775 5934 esse
806 5881 1280 5946 contradictionem,
1310 5896 1506 5936 necesse
1545 5898 1649 5936 esse
1688 5891 1758 5936 est
1797 5880 1960 5947 ipsum

1970 4644 2024 4704 D

2045 3378 2185 3447 quod
2210 3388 2291 3431 est
2320 3376 2684 3430 necessarium
2709 3390 2830 3430 esse
2855 3375 3143 3429 convenire
3164 3386 3362 3443 petest.
3385 3373 3470 3429 Fit
3489 3375 3629 3428 enim

2046 3471 2262 3538 negatio
2313 3471 2431 3531 ejus
2461 3482 2579 3534 qum
2605 3474 2687 3521 est
2719 3466 2974 3535 possibile
3018 3480 3157 3533 esse,
3204 3480 3266 3520 ea
3311 3458 3453 3534 quze‘
3477 3465 3629 3532 dicit,

2046 3560 2299 3630 possibile
2345 3570 2428 3614 est
2473 3576 2576 3613 non
2638 3574 2781 3624 esse,
2833 3560 2875 3612 si
2908 3559 3199 3612 affirmatio
3230 3558 3482 3627 possibile
3512 3573 3631 3616 esse

2046 3667 2153 3706 non
2203 3652 2445 3719 sequitur
2482 3650 2890 3705 aflirmationem
2936 3667 3054 3721 qua:
3103 3650 3264 3714 dicit,
3300 3665 3520 3706 necesse
3549 3662 3631 3705 est

2045 3761 2188 3808 esse,
2218 3746 2461 3811 sequitur
2496 3744 2707 3814 negatio
2733 3759 2793 3798 ea
2822 3761 2939 3813 qua:
2965 3755 3068 3809 est,
3114 3745 3369 3813 possibile
3398 3755 3482 3801 est
3525 3761 3630 3799 non

2046 3851 2189 3899 esse,
2220 3838 2314 3891 sed
2365 3836 2507 3906 quod
2553 3851 2773 3891 necesse
2801 3846 2886 3890 est
2930 3850 3071 3897 esse,
3106 3836 3294 3889 falsum
3332 3846 3415 3892 est
3455 3835 3633 3893 dicere

2046 3929 2298 3997 quoniam
2328 3928 2581 3996 po~sibi|e
2609 3938 2689 3980 est
2726 3942 2829 3979 non
2862 3941 3002 3980 esse.
3037 3926 3186 3989 Quod
3229 3928 3370 3979 enim
3415 3942 3632 3983 necesse

2047 4031 2129 4073 est
2157 4034 2297 4081 esse,
2328 4018 2429 4071 dici
2461 4032 2563 4069 non
2616 4025 2788 4082 potest
2818 4015 2930 4067 ﬁeri
2973 4029 3130 4083 posse
3177 4025 3234 4067 ut
3265 4030 3369 4068 non
3412 4017 3502 4081 sit,
3540 4016 3632 4073 sed

2050 4111 2225 4179 potius
2261 4125 2365 4162 non
2399 4122 2558 4175 posse
2587 4108 2699 4159 fieri
2730 4118 2785 4159 ut
2816 4122 2920 4159 non
2951 4108 3053 4168 sit;
3087 4106 3225 4174 quod
3258 4106 3303 4160 si
3346 4108 3466 4175 quis
3492 4108 3632 4161 dicat

2048 4216 2235 4255 rursus
2263 4200 2410 4268 sequi
2438 4198 2486 4252 id
2514 4198 2656 4268 quod
2688 4198 2883 4251 dicitur
2915 4212 3135 4253 necesse
3158 4213 3298 4263 esse,
3331 4211 3384 4252 et
3409 4213 3632 4253 consen-

2049 4294 2151 4348 tire
2179 4295 2228 4348 ei
2270 4308 2389 4363 qua:
2426 4292 2552 4346 dicit
2584 4291 2839 4360 possibile
2871 4306 3012 4357 esse,
3060 4293 3137 4347 sic
3180 4308 3397 4362 quoque
3435 4292 3633 4360 aliquid

2051 4387 2435 4443 inconveniens
2488 4389 2805 4455 reperietur.
2859 4387 3012 4455 Quod
3062 4388 3202 4441 enim
3245 4387 3504 4457 possibile
3554 4397 3634 4443 est

2050 4495 2191 4543 esse,
2241 4480 2379 4533 idem
2421 4479 2676 4547 possibile
2705 4488 2788 4533 est
2824 4496 2929 4533 non
2960 4493 3099 4543 esse,
3148 4478 3247 4531 erit
3295 4478 3456 4548 igitur
3494 4477 3634 4546 quod

2052 4586 2273 4624 necesse
2303 4578 2385 4623 est
2415 4584 2555 4631 esse,
2590 4569 2844 4635 possibile
2878 4584 2983 4622 non
3021 4584 3162 4632 esse,
3196 4578 3247 4621 et
3289 4568 3390 4621 erit
3423 4569 3636 4622 comin-

2050 4678 2181 4732 gens
2206 4662 2347 4731 quod
2381 4661 2742 4714 necessarium
2774 4670 2875 4713 est.
2920 4660 3177 4713 Possibile
3210 4671 3386 4713 autem
3426 4672 3479 4713 et
3505 4676 3633 4714 con-

2052 4756 2259 4823 tingens
2284 4755 2336 4808 in
2366 4765 2649 4819 utramque
2680 4762 2882 4822 partem
2903 4751 3054 4806 facile
3081 4752 3323 4815 vertitur,
3352 4762 3405 4806 et
3425 4753 3489 4805 ad
3518 4765 3635 4807 esse

2052 4857 2107 4901 et
2134 4846 2199 4899 ad
2232 4861 2334 4899 non
2383 4860 2522 4900 esse.
2555 4845 2707 4912 Quod
2736 4854 2915 4899 autem
2942 4859 3164 4898 necesse
3196 4854 3276 4897 est
3304 4858 3444 4907 esse,
3475 4842 3635 4896 inter-

2052 4939 2260 4995 clusum
2292 4938 2455 4993 habet
2480 4949 2728 5008 eventum
2756 4938 2823 4992 ad
2861 4938 3187 4993 contrariam
3217 4936 3529 4990 dictionem.
3572 4936 3636 4991 Ut

2056 5032 2103 5088 si
2135 5047 2357 5087 necesse
2384 5041 2464 5085 est
2487 5046 2625 5094 esse,
2653 5038 2712 5084 ut
2738 5045 2842 5085 non
2884 5030 2972 5095 sit,
3005 5030 3117 5084 fieri
3141 5045 3245 5083 non
3277 5037 3473 5097 potest,
3515 5039 3566 5080 et
3591 5027 3635 5080 si

2060 5110 2282 5180 necesse
2306 5133 2388 5178 est
2411 5139 2513 5178 non
2548 5139 2690 5190 esse,
2736 5132 2790 5177 ut
2829 5124 2919 5188 sit,
2954 5123 3278 5192 impOSsibile
3329 5130 3429 5175 est.
3462 5120 3637 5186 Quare

2062 5220 2151 5286 qui
2184 5218 2313 5272 dicit
2342 5216 2595 5286 possibile
2611 5231 2732 5271 esse
2758 5216 3064 5270 consentire
3089 5216 3136 5269 ei
3155 5213 3291 5281 quod
3316 5222 3397 5266 cst
3421 5226 3637 5267 necesse

2063 5327 2211 5373 esse,
2237 5312 2485 5377 quoniam
2514 5309 2564 5363 id
2589 5308 2727 5378 quod
2752 5318 2833 5364 est
2867 5308 3115 5375 possibile
3141 5321 3259 5360 esse
3282 5313 3456 5371 potest
3474 5304 3635 5358 etiam

2063 5418 2170 5459 non
2200 5419 2343 5471 esse,
2369 5414 2422 5458 et
2453 5404 2555 5457 hoc
2599 5412 2682 5456 est
2710 5401 3042 5469 contingens,
3094 5399 3221 5451 dicit
3250 5396 3299 5449 id
3342 5398 3483 5466 quod
3517 5413 3636 5452 esse

2064 5512 2287 5551 necesse
2310 5507 2410 5561 est,
2445 5509 2603 5565 posse
2631 5510 2736 5547 non
2766 5506 2904 5555 esse,
2924 5500 2978 5545 et
2997 5506 3114 5544 esse
3131 5489 3467 5558 contingens,
3495 5490 3635 5559 quod

2059 5602 2143 5648 est
2172 5589 2575 5647 inconveniens.
2610 5587 2756 5643 Hanc
2783 5586 2942 5655 igitur
2970 5584 3354 5639 dubitationem
3394 5586 3629 5647 solvens,

2059 5691 2131 5746 ita
2157 5690 2395 5759 sequitur
2419 5706 2431 5741 :

2134 5783 2466 5849 Manifestum
2490 5788 2561 5831 est
2584 5783 2751 5831 autem
2802 5775 3041 5846 quoniam
3076 5789 3177 5827 non
3202 5788 3346 5828 omne
3373 5772 3630 5844 possibile,

2064 5878 2141 5935 vel
2168 5890 2293 5941 esse,
2328 5873 2408 5927 uel
2450 5870 2726 5937 ambulare,
2756 5881 2803 5925 st
2854 5871 3087 5941 opposita
3127 5866 3280 5923 balet.
3333 5868 3437 5925 Sed
3479 5878 3549 5923 est
3589 5868 3633 5921 in
