4280 6268
630 446 731 506 579

1840 445 1941 503 ΔΝ.
1982 443 2185 500 MANL.
2226 440 2377 497 θεν.
2421 440 2639 497 ΒΟΕΊΊΙ

3761 445 3862 503 580

630 565 808 633 quibus
845 580 945 617 non
994 563 1056 616 sit
1102 579 1291 617 verum.
1338 560 1400 616 At
1440 562 1656 627 primum
1684 559 1885 631 quidem
1908 561 1959 611 in
1989 560 2064 611 his
2092 574 2206 627 qua:
2232 561 2282 616 Α
2310 556 2394 610 illa
2435 573 2647 628 quoque
2682 559 2858 613 omnia
2888 574 3052 614 unum
3086 568 3325 625 possunt,
3350 567 3404 615 et
3444 570 3547 614 non
3578 560 3740 614 multa
3770 576 3865 616 nec

635 675 732 711 non
762 654 1041 709 secundum
1076 657 1325 706 rationem
1363 663 1591 724 possunt,
1620 663 1673 705 ut
1698 653 1827 724 ignis
1849 652 2200 721 calefartibils's

631 759 720 808 est,
744 755 790 798 et
811 745 959 798 Itubet
976 746 1071 798 vim
1090 745 1501 799 irrationabilem.
1518 760 1637 815 ergo
1658 744 1931 796 secundum
1952 743 2202 794 rationem

631 848 898 909 potestates
931 840 1111 891 eadem
1136 839 1473 909 plurimorum
1498 838 1651 891 etiam
1674 838 2041 890 contrariorum
2063 845 2199 901 sunt,

630 930 1003 983 irrationabiles
1067 944 1181 982 vero
1230 945 1329 981 non
1386 944 1598 995 omnes,
1644 927 1733 981 sed
1779 928 2202 997 quemadmodum

631 1023 820 1077 dictum
840 1034 930 1085 est,
964 1024 1126 1091 ignem
1156 1039 1258 1075 non
1296 1031 1370 1076 est
1412 1022 1647 1090 possibile
1671 1023 1969 1090 calefacere,
2007 1029 2052 1073 et
2099 1037 2200 1074 non

630 1119 923 1185 calefacere,
948 1132 1104 1185 neque
1133 1131 1438 1184 quecunque
1478 1117 1579 1168 alia
1621 1131 1817 1180 semper
1856 1124 2035 1184 agunt.
2083 1114 2201 1169 Alia

574 1276 577 1281 _
630 1223 746 1260 vero
772 1217 980 1277 possunt
1004 1218 1047 1259 et
1070 1209 1343 1260 secundum
1363 1204 1739 1259 irrationabiles
1759 1212 2028 1276 poto-states
2049 1208 2201 1260 simul

630 1301 857 1369 opposita
882 1298 1152 1367 suscipere,
1184 1298 1272 1351 sed
1302 1299 1392 1349 ltoc
1416 1298 1605 1350 idcirco
1629 1298 1817 1349 dictum
1843 1307 1936 1361 est,
1960 1298 2200 1365 quoniam

630 1406 729 1470 non
759 1388 918 1442 omnis
947 1398 1164 1457 potestas
1203 1390 1545 1459 appositurum
1582 1398 1675 1455 est,
1700 1404 1857 1457 neque
1888 1403 2201 1459 quiscunque

629 1485 904 1537 secundum
936 1483 1159 1536 eamdem
1181 1483 1394 1553 speciem
1421 1483 1671 1535 dicantur.

700 1579 879 1639 Multa.
906 1578 1091 1648 inquit,
1126 1587 1247 1631 sunt
1273 1594 1389 1647 quae
1415 1592 1575 1630 unum
1604 1591 1725 1632 esse
1746 1586 1963 1646 possunt
1986 1576 2037 1631 id
2061 1576 2201 1647 quod

629 1680 773 1736 sunt,
808 1685 908 1723 nan
941 1669 1096 1723 ctiam
1143 1669 1191 1723 al
1217 1669 1281 1721 ud
1333 1668 1528 1738 aliquid
1562 1667 1701 1737 quod
1727 1684 1833 1721 non
1865 1679 2007 1721 sunt.
2043 1668 2202 1722 Plura

630 1764 769 1818 enim
799 1769 921 1813 sunt
942 1775 1057 1828 qua:
1084 1760 1149 1811 ab
1173 1774 1237 1814 eo
1269 1760 1407 1829 quod
1453 1768 1576 1814 sunt
1616 1775 1718 1813 non
1762 1770 2049 1813 mutantur.
2082 1756 2198 1813 Alia

630 1867 757 1906 vero
789 1860 1049 1921 suntquae
1080 1860 1266 1903 mutari
1302 1860 1541 1919 possunt.
1577 1860 1630 1905 ut
1664 1854 1855 1906 caelum
1898 1867 2054 1905 unam
2086 1867 2195 1905 rem

2305 655 2569 721 opposita,
2602 669 2930 724 quaecunque
2960 663 3079 708 actu
3106 669 3315 722 semper
3345 664 3489 719 sunt,
3516 666 3570 708 ut
3610 657 3686 709 sol
3730 670 3865 707 sem-

2304 761 2397 815 per
2426 759 2544 799 actu
2573 760 2651 801 est
2686 748 2913 809 lttt‘itlUs,
2943 748 3141 802 idcirco
3164 764 3268 802 non
3312 758 3486 815 potest
3515 764 3620 801 non
3650 749 3859 810 lucere;

2302 848 2355 893 et
2380 839 2464 892 nix
2491 853 2704 908 semper
2722 850 2841 893 actu
2874 840 3063 910 frigida
3084 852 3186 904 est,
3228 849 3282 894 et
3325 840 3443 894 ideo
3472 854 3738 906 nunquam
3773 855 3865 907 po-

2306 942 2407 987 test
2436 946 2555 987 esse
2583 949 2683 987 non
2719 932 2935 999 frigida;
2956 950 3082 1003 ergo
3106 948 3433 1003 quaecunque
3455 948 3667 1002 semper
3683 942 3864 1000 agunt,

2305 1024 2355 1078 id
2382 1035 2462 1079 est
2498 1026 2549 1078 in
2581 1040 2645 1079 eo
2672 1025 2810 1095 quod
2841 1036 2985 1089 sunt,
3015 1039 3228 1093 semper
3250 1025 3301 1080 in
3333 1033 3451 1080 actu
3476 1034 3622 1079 sunt.
3652 1023 3869 1078 Manife-

2302 1127 2438 1170 smm
2484 1126 2584 1182 est,
2612 1118 2861 1185 quoniam
2904 1122 3037 1171 sicut
3076 1118 3211 1186 ignis
3247 1131 3350 1171 non
3384 1116 3523 1184 capit
3572 1116 3754 1185 lrigus,
3798 1114 3869 1168 ita

2304 1224 2399 1262 nec
2424 1208 2509 1261 illa
2533 1223 2742 1278 quoque
2772 1208 3015 1277 oppOsita
3058 1218 3293 1277 possunt.
3330 1207 3530 1262 Idcirco
3553 1208 3694 1262 enim
3735 1205 3871 1275 ignis

2303 1314 2513 1369 quoque
2554 1301 2794 1369 opposita
2837 1316 2940 1356 non
2987 1310 3182 1370 potest,
3227 1301 3349 1369 quia
3396 1315 3605 1366 semper
3654 1300 3707 1353 in
3752 1307 3870 1352 actu

2304 1392 2456 1445 habet
2504 1392 2768 1460 propriam
2815 1400 3153 1461 potestatem.
3188 1392 3409 1461 Semper
3454 1392 3597 1448 enim
3633 1399 3714 1444 est
3739 1391 3868 1445 cali-

2304 1486 2422 1549 dus,
2467 1486 2557 1539 sed
2590 1501 2694 1539 non
2741 1486 2917 1539 omnia
2959 1485 3341 1541 irrationabilia
3375 1485 3465 1555 (ut
3509 1484 3708 1538 dictum
3754 1483 3866 1551 est)

2303 1591 2461 1630 unam
2508 1584 2708 1630 tantum
2740 1575 2936 1631 habent
2981 1583 3319 1643 potestatem,
3362 1585 3419 1630 ut
3468 1575 3708 1645 opposita
3764 1590 3867 1630 non

2305 1666 2524 1732 possint,
2569 1666 2661 1721 sed
2700 1677 2816 1720 sunt
2846 1666 3088 1736 quaedam
3128 1666 3517 1722 irrationabiles
3558 1674 3867 1733 potestates,

2302 1776 2420 1830 qum
2452 1771 2730 1830 utrumque
2761 1771 3003 1839 possunt,
3027 1770 3084 1815 ut
3121 1761 3173 1817 in
3200 1774 3265 1815 eo
3294 1759 3433 1831 quod
3455 1769 3537 1815 est
3560 1759 3726 1815 secari
3752 1759 3865 1828 pel-

2304 1852 2405 1905 lem
2452 1854 2531 1906 vel
2573 1868 2677 1907 non
2723 1853 2892 1908 secari
2932 1854 3143 1922 pellem.
3192 1851 3373 1907 Potest
3421 1865 3646 1921 namque
3699 1850 3865 1905 secari

630 1944 795 1999 solum
828 1952 1021 2013 putt-st,
1054 1941 1105 1995 id
1135 1950 1218 1997 est
1254 1943 1477 2003 moveri,
1525 1943 1648 1997 huic
1697 1959 1828 1999 vero
1869 1946 2194 2012 oppositum,
2229 1923 2277 1984 Β
2306 1943 2479 2012 pellis.
2510 1953 2685 2010 potest
2716 1945 2876 1998 etiam
2914 1960 3020 1998 non
3052 1944 3245 2007 secari,
3270 1944 3364 1999 sed
3415 1943 3526 1998 hac
3553 1954 3676 1996 sunt
3704 1956 3864 2007 oppo-

631 2038 681 2092 id
712 2047 794 2091 est
828 2052 931 2089 non
964 2036 1161 2089 moveri
1203 2051 1308 2090 non
1343 2046 1543 2103 potest;
1572 2052 1699 2106 ergo
1728 2052 1831 2090 non
1874 2053 2031 2091 omne
2056 2039 2194 2106 quod

632 2137 712 2184 est
739 2127 985 2205 possibile
1015 2128 1099 2182 vel
1130 2142 1251 2181 esse
1282 2128 1365 2182 vel
1399 2128 1688 2185 ambulare.
1722 2128 1770 2182 id
1799 2136 1882 2183 est
1910 2146 2013 2183 non
2040 2145 2198 2185 omne

632 2220 696 2275 de
730 2235 831 2280 duo
857 2219 1105 2289 quaelibet
1134 2234 1255 2289 poss
1281 2219 1456 2274 bilitas
1486 2220 1822 2288 praedicatur,
1846 2220 2004 2275 etiam
2033 2237 2202 2290 appo-

632 2315 733 2367 si‘a
762 2311 920 2371 valet.
952 2322 1007 2366 ut
1039 2321 1320 2380 utrumque
1363 2312 1528 2381 possit
1575 2312 1685 2367 ﬁeri
1733 2322 1787 2367 et
1842 2311 2017 2367 facere
2057 2313 2200 2384 quod

633 2402 777 2472 facit,
802 2416 855 2456 ct
889 2404 1007 2457 huic
1041 2404 1361 2473 oppositum,
1394 2402 1445 2457 id
1479 2413 1563 2459 est
1594 2419 1695 2458 non
1741 2403 1913 2459 facere
1939 2405 2077 2474 quod
2126 2404 2203 2458 l'a-

634 2494 738 2558 cit;
767 2494 857 2549 sed
888 2506 1008 2548 sunt
1032 2497 1269 2563 qttu'dant
1293 2497 1342 2550 in
1370 2496 1563 2566 quibus
1592 2496 1662 2551 ita
1693 2507 1983 2566 poteSIates
2012 2501 2202 2569 prredi-

634 2596 837 2649 centur,
870 2597 924 2639 ut
965 2601 1066 2639 non
1099 2586 1166 2641 sit
1195 2588 1469 2641 verum°de
1498 2588 1577 2641 liis
1614 2587 1717 2643 dici
1743 2592 1990 2660 quoniam
2024 2602 2076 2646 et
2104 2608 2203 2663 op-

636 2681 805 2749 posita
834 2690 1076 2748 possunt,
1108 2690 1166 2734 ut
1193 2681 1351 2735 etiam
1383 2681 1432 2735 in
1466 2683 1546 2737 his
1577 2700 1693 2753 quae
1725 2697 1918 2749 praeter
1941 2690 2205 2744 rationem

635 2771 859 2838 aliquam
884 2780 1125 2841 possitnt,
1165 2781 1223 2827 ut
1265 2772 1419 2843 ignis.
1455 2774 1693 2845 Namque
1724 2776 1859 2847 ignis
1891 2792 2083 2847 preter
2122 2794 2206 2834 ra-

637 2865 833 2919 tionem
865 2868 1091 2935 aliquam
1138 2866 1336 2922 calidus
1376 2876 1477 2934 est,
1527 2884 1630 2923 non
1670 2881 1751 2927 est
1794 2874 1936 2925 enim
1980 2874 2207 2930 reddere

637 2958 898 3023 rationem
926 2973 1020 3011 cur
1052 2959 1186 3029 ignis
1216 2959 1284 3013 sit
1314 2960 1537 3027 calidus,
1567 2972 1753 3016 natura
1794 2962 1933 3019 enim
1967 2976 2048 3021 cst
2071 2968 2206 3023 cali-

639 3048 758 3114 dus,
787 3059 838 3103 et
882 3066 999 3105 cum
1041 3052 1206 3118 possit
1249 3067 1368 3107 esse
1401 3053 1624 3113 calidus.
1660 3070 1763 3109 non
1806 3065 1983 3112 tamen
2034 3070 2209 3127 potest

640 3143 691 3197 id
720 3143 856 3214 quod
881 3156 957 3199 est
987 3146 1311 3213 Oppositum,
1343 3146 1392 3200 id
1424 3158 1498 3200 est
1528 3162 1630 3201 non
1670 3158 1841 3216 potest
1871 3166 1974 3205 non
2006 3152 2206 3219 calere,

641 3236 782 3305 quod
811 3247 891 3290 est
912 3240 1210 3305 oppositum
1235 3239 1304 3295 ei.
1332 3238 1536 3293 scilicet
1562 3238 1701 3308 quod
1729 3249 1811 3295 est
1843 3244 2053 3309 calere;
2080 3260 2209 3314 ergo

2301 2040 2431 2102 sita;
2462 2041 2749 2093 secundum
2774 2037 2936 2105 igitur
2962 2036 3354 2091 irrationabiles
3397 2049 3606 2104 quoque
3636 2042 3870 2103 potesta-

2301 2141 2382 2186 tes
2424 2129 2907 2200 possunt'quaedam
2932 2130 3208 2198 opposita;
3243 2127 3336 2182 sed
3368 2126 3566 2181 idcirco
3592 2126 3869 2195 superiora

2303 2232 2427 2277 sunt
2471 2222 2630 2280 dic'ta.
2686 2222 2873 2291 inquit,
2922 2220 3112 2291 quibus
3150 2219 3562 2274 monstravimus
3620 2215 3870 2287 quoniam

2304 2314 2442 2385 ignis
2472 2322 2527 2369 et
2555 2328 2884 2384 quaecunque
2915 2328 3126 2383 semper
3151 2322 3276 2367 sunt
3316 2323 3459 2375 actu,
3510 2325 3613 2365 non
3653 2315 3874 2380 possunt

2304 2407 2568 2476 opposita.
2596 2416 2655 2461 ut
2674 2406 2991 2462 duceremus
3014 2421 3119 2461 non
3141 2420 3352 2460 omnem
3376 2411 3689 2474 potestatem
3712 2414 3874 2470 oppo-

2304 2498 2523 2553 sitorum
2554 2512 2673 2554 esse
2705 2497 3012 2567 potenti-tm,
3044 2496 3137 2553 sed
3174 2496 3305 2551 alias
3345 2510 3500 2552 veras
3541 2508 3659 2550 esse
3688 2493 3874 2561 hujus-

2308 2588 2448 2643 modi
2478 2599 2777 2659 potestates
2794 2604 2911 2659 quae
2938 2596 3058 2644 actu
3079 2596 3278 2657 essent,
3310 2596 3365 2644 et
3385 2603 3541 2643 unam
3570 2602 3681 2642 rem
3708 2584 3876 2639 solam

2310 2691 2548 2751 possvnt,
2582 2682 2649 2737 ab
2676 2684 3039 2753 oppositorum
3063 2696 3193 2737 vero
3224 2690 3485 2751 potestate
3520 2679 3873 2735 discederent.

2312 2772 2421 2828 Hoc
2450 2784 2625 2829 autem
2657 2789 2760 2828 non
2785 2774 2954 2829 solum
2978 2774 3031 2828 in
3056 2773 3139 2829 his
3158 2788 3277 2844 quin
3302 2772 3589 2829 secundum
3619 2772 3878 2826 rationem

2310 2878 2599 2936 potestates
2632 2867 2897 2931 dicuntur,
2932 2868 3023 2922 sed
3068 2868 3226 2923 etiam
3268 2868 3559 2922 secundum
3605 2880 3721 2920 eam
3762 2880 3881 2934 spe-

2312 2956 2448 3012 ciem
2492 2973 2609 3026 quzn
2644 2958 3022 3012 irrationabilis
3048 2958 3265 3012 dicitur.
3306 2956 3445 3013 Sunt
3469 2958 3608 3011 enim
3639 2957 3880 3025 quaedam

2312 3066 2496 3107 eorum
2534 3066 2652 3120 qua:
2698 3050 3086 3106 irrationabiles
3132 3060 3419 3121 potestates
3461 3066 3580 3107 esse
3611 3052 3878 3118 dicuntur,

2314 3157 2432 3213 qua:
2460 3143 2760 3197 non’solum
2792 3142 2843 3197 id
2875 3143 3015 3213 quod
3044 3152 3190 3209 sunt,
3225 3158 3408 3199 verum
3451 3148 3610 3199 etiam
3642 3146 3882 3213 opposita

2315 3233 2542 3303 possint,
2574 3234 2674 3289 alia
2699 3248 2825 3290 vero
2854 3250 3015 3288 unum
3048 3243 3248 3290 tantum
3280 3245 3517 3305 possunt.
3553 3234 3715 3291 Pcllis
3742 3237 3883 3291 enim

640 3334 927 3387 secundum
961 3331 1217 3387 rationem
1246 3343 1533 3404 potestati-5
1564 3336 1693 3404 ipsae
1721 3336 1917 3390 emdem
1957 3338 2201 3406 plurimo

2282 3304 2288 3367 ἶ
2321 3302 2493 3395 potest
2531 3325 2703 3379 secari
2756 3334 2809 3380 et
2845 3340 2948 3379 non
2980 3326 3171 3389 secari,
3204 3334 3259 3381 et
3283 3302 3493 3379 idcirco
3522 3326 3763 3395 opposita
3786 3340 3884 3395 po-

642 3440 757 3479 rum
789 3429 945 3478 etiam
968 3425 1354 3480 contvariorum
1382 3436 1524 3481 sunt.
1544 3426 1860 3490 Potestates,
1886 3430 2079 3501 inquit,
2096 3449 2215 3501 quae

641 3523 763 3567 sunt
784 3514 1073 3567 si-cundom
1106 3517 1385 3575 rationem.
1410 3515 1460 3570 id
1498 3524 1582 3570 est
1611 3517 1661 3569 in
1690 3517 1881 3588 quibus
1924 3516 2007 3573 est
2036 3523 2213 3592 aliqua

643 3607 798 3681 ratio,
826 3620 927 3660 nan
970 3608 1125 3661 unius
1169 3608 1550 3677 possibilitatis,
1582 3611 1674 3665 sed
1711 3612 2058 3679 plttrimorum
2094 3624 2218 3670 sunt

643 3708 800 3766 atque
830 3697 1216 3768 oppositurum,
1250 3709 1305 3753 ut
1348 3701 1668 3764 possibilitas
1692 3704 1969 3758 medicinae
1999 3716 2074 3760 est
2118 3722 2213 3760 cu-

646 3804 786 3852 rate,
823 3806 939 3854 qua:
961 3792 1208 3860 quoniam
1250 3793 1542 3848 secundum
1573 3794 1836 3851 rationem
1864 3794 1940 3859 ﬁt,
1971 3808 2024 3849 ut
2064 3808 2218 3853 curet

646 3878 903 3945 medicus,
930 3888 983 3933 et
1013 3890 1095 3935 est
1126 3881 1456 3937 rationabilis
1488 3892 1723 3952 potestas
1745 3886 1950 3939 medico
1973 3890 2215 3953 curandi,

644 3986 749 4025 non
802 3972 975 4027 solum
1024 3982 1194 4041 potest
1222 3988 1427 4035 curare.
1465 3964 1562 4029 sed
1602 3976 1760 4031 etiam
1792 3993 1894 4031 non
1928 3992 2139 4038 curare.
2165 3990 2218 4033 et

645 4072 820 4132 potest
863 4063 1060 4133 aliquid
1105 4065 1384 4135 plusquam
1420 4082 1605 4131 unum,
1639 4079 1693 4124 et
1731 4070 1899 4138 ipsum
1942 4071 2082 4139 quod
2127 4089 2219 4141 po-

646 4164 747 4209 test
787 4158 1089 4225 oppos'ttum
1136 4166 1236 4221 est,
1286 4156 1336 4210 id
1382 4166 1463 4213 est
1505 4175 1609 4212 non
1656 4175 1865 4215 curare.
1904 4161 2217 4230 Οιιροειῑυηι

632 4262 873 4321 namque
919 4258 1000 4301 est
1040 4248 1088 4301 ei
1123 4250 1261 4315 quod
1300 4260 1382 4303 est
1412 4265 1599 4305 curare
1633 4250 1682 4304 id
1715 4252 1855 4322 quod
1885 4253 2079 4307 dicitur
2112 4272 2217 4309 non

648 4356 853 4406 curare,
900 4357 1016 4409 quae
1050 4345 1287 4409 oppositi
1322 4346 1582 4396 contrria
1619 4352 1892 4400 vocantur.
1922 4344 2221 4401 Afﬁrmatio

648 4448 874 4501 namque
904 4445 953 4488 et
990 4435 1200 4503 negatio
1230 4436 1694 4489 contrarietatvbtts
1726 4438 2120 4492 discernuntur.
2150 4441 2222 4493 lr-

648 4528 974 4581 rationabilis
1006 4543 1133 4581 vero
1166 4544 1269 4581 non
1300 4528 1496 4589 omnis,
1534 4529 1627 4583 sed
1666 4530 2109 4599 quemadmodum
2142 4533 2222 4587 di-

649 4628 787 4671 ctum
821 4626 921 4681 est,
949 4618 1120 4686 ignem
1154 4634 1257 4672 non
1294 4627 1376 4675 est
1407 4619 1661 4688 possibile
1690 4620 2006 4689 cale-facere,
2032 4634 2085 4677 et
2117 4640 2221 4677 non

2321 3422 2456 3481 test;
2512 3415 2645 3485 ignis
2705 3431 2852 3480 vero,
2897 3410 3019 3469 cum
3082 3418 3153 3470 sit
3217 3416 3443 3485 calidus,
3496 3414 3721 3486 frigidus
3766 3431 3887 3472 esse

2320 3522 2423 3561 non
2484 3517 2675 3573 potest.
2733 3507 2800 3562 Et
2846 3508 3043 3563 idcirco
3086 3507 3231 3563 nulla
3272 3510 3635 3579 oppositurum
3687 3521 3768 3564 eSt
3810 3508 3885 3563 illi

2319 3608 2578 3667 potestas.

2394 3683 2639 3755 Quasdam
2676 3703 2792 3742 vero
2830 3698 3097 3759 potestates
3141 3689 3392 3759 aquiuoee
3450 3698 3587 3745 sunt.
3638 3688 3890 3745 Possibile

2322 3781 2455 3832 enim
2503 3794 2602 3832 non
2639 3780 2872 3833 similiter
2911 3780 3116 3847 dicitur,
3147 3779 3236 3833 sed
3271 3781 3363 3834 hoc
3409 3782 3613 3848 quidem
3651 3783 3889 3852 quoniam

2319 3890 2485 3928 verum
2517 3884 2610 3937 est,
2642 3883 2697 3927 ut
2720 3875 2771 3926 iu
2800 3883 2936 3933 actu,
2968 3882 3022 3925 ut
3065 3873 3299 3941 possibile
3337 3884 3408 3928 est
3453 3875 3737 3941 ambulare,
3765 3893 3891 3946 quo-

2321 3970 2460 4022 niam
2485 3968 2735 4034 ambulat,
2762 3976 2809 4021 et
2832 3969 3037 4020 omnino
3063 3968 3301 4037 possibile
3320 3978 3392 4022 est
3412 3985 3537 4035 esse,
3558 3972 3797 4039 quoniam
3822 3980 3894 4025 est

2313 4064 2431 4133 jam
2465 4071 2604 4124 actu,
2634 4061 2767 4129 quod
2796 4060 2981 4113 dicitur
3006 4059 3259 4129 possibile.
3304 4058 3447 4115 Illud
3492 4078 3606 4115 vero
3656 4064 3894 4130 quoniam

2324 4154 2543 4222 forsitan
2569 4164 2701 4223 aget.
2735 4163 2787 4205 ut
2828 4153 3061 4220 possibile
3084 4163 3155 4207 est
3174 4154 3452 4220 ambulare,
3482 4158 3717 4220 quoniam
3745 4157 3895 4225 forsi-

2324 4256 2409 4299 tan
2432 4246 2729 4310 ambulabit,
2755 4256 2800 4300 et
2831 4248 2937 4300 hac
2963 4248 3163 4315 quidem
3193 4248 3244 4301 in
3268 4249 3389 4301 solis
3418 4248 3682 4302 mobilibus
3708 4259 3779 4303 est
3806 4268 3894 4321 po-

2326 4345 2500 4390 testas.
2529 4334 2629 4389 llla
2658 4352 2773 4391 vero
2792 4348 2838 4391 et
2862 4338 3221 4393 immobilibus.
3248 4337 3310 4391 In
3337 4340 3564 4408 utrisque
3583 4356 3697 4393 vero
3720 4356 3893 4393 verum

2327 4437 2399 4480 est
2441 4429 2628 4493 dicere,
2658 4445 2759 4483 nou
2802 4431 3110 4500 impossibile
3154 4439 3227 4484 est
3272 4429 3532 4483 ambulare
3574 4434 3650 4485 vel
3695 4448 3820 4499 esse,
3850 4445 3895 4489 et

2325 4520 2461 4591 quod
2489 4523 2710 4574 ambulat
2730 4523 2845 4592 jam
2871 4531 2917 4573 et
2939 4523 3065 4591 agit,
3094 4531 3140 4576 et
3166 4520 3471 4575 ambulabile
3498 4529 3593 4575 est.
3626 4521 3716 4577 Sic
3742 4523 3897 4593 igitur

2332 4612 2566 4677 possibile
2589 4627 2688 4664 non
2717 4622 2786 4665 est
2815 4628 2985 4665 verum
3006 4614 3066 4666 de
3091 4613 3371 4666 necessario
3391 4612 3691 4682 simpliciter
3712 4613 3895 4677 dicere,

650 4712 841 4773 omnis,
877 4710 1063 4779 inquit,
1090 4712 1380 4769 secundum
1405 4714 1664 4768 rationem
1706 4723 1943 4781 potestas
1974 4722 2218 4785 opposita
2249 4681 2301 4744 θ
2328 4707 2543 4779 alterum
2576 4718 2747 4759 autem
2794 4723 2965 4760 verum
2990 4716 3085 4763 est.
3118 4706 3287 4773 Quare
3315 4708 3551 4776 quoniam
3575 4716 3766 4775 partem
3788 4708 3901 4759 uni-

650 4816 855 4870 qunqnu
887 4803 1040 4855 valet.
1071 4802 1516 4858 lrra‘iooabilium
1549 4820 1677 4858 vero
1703 4821 1809 4859 non
1834 4807 2006 4861 omnis
2041 4808 2223 4877 hujus-

650 4892 792 4945 modi
829 4900 929 4955 pote
951 4904 1059 4945 stas
1084 4902 1185 4955 est,
1217 4903 1273 4946 ut
1304 4896 1542 4964 Opposita
1570 4912 1672 4949 non
1720 4898 1925 4961 valeat;
1958 4913 2077 4951 nam
2102 4914 2223 4954 cum

655 4982 850 5038 ferrum
885 4984 1057 5037 Colere
1088 4985 1201 5038 sine
1227 4988 1428 5040 ratione
1460 4996 1691 5049 potestas
1722 4988 1787 5041 sit
1818 4989 1958 5059 (non
1991 4991 2129 5042 enim
2159 5004 2224 5043 ex

651 5076 857 5132 ratione
888 5078 1043 5141 calet,
1078 5079 1328 5146 quoniam
1365 5078 1617 5132 rationem
1655 5094 1756 5132 non
1802 5078 2016 5148 habet),
2054 5091 2228 5148 potest

652 5180 814 5224 etiam
850 5184 951 5221 non
978 5169 1171 5236 calere,
1200 5168 1331 5238 ignis
1358 5180 1532 5221 autem
1558 5183 1676 5223 cum
1723 5170 2105 5225 irrationabilis
2140 5188 2233 5239 po-

654 5269 819 5316 testas
869 5260 938 5313 sit
987 5261 1277 5315 cali-lacere
1314 5276 1416 5313 non
1464 5270 1635 5329 potest
1674 5272 1729 5315 et
1773 5278 1875 5315 non
1917 5263 2230 5319 calefacere.

656 5354 831 5420 Quare
865 5363 1007 5407 recte
1038 5354 1234 5407 dictum
1267 5364 1346 5408 est
1372 5353 1759 5409 irrationabiles
1794 5366 2085 5423 potcSIates
2127 5373 2233 5412 non

654 5460 841 5501 omnes
880 5462 981 5499 non
1025 5461 1179 5514 posse
1211 5448 1498 5505 contraria.
1521 5445 1613 5499 sed
1648 5446 1927 5515 quasdam,
1955 5458 2009 5501 ut
2032 5451 2230 5518 ignem,

656 5541 884 5608 quicum
933 5540 998 5593 sit
1045 5537 1429 5604 i-alelartiliilis,
1457 5556 1557 5593 non
1582 5541 1950 5597 calefatc-tibilis
1983 5560 2085 5597 non
2127 5555 2227 5598 est.

656 5632 783 5699 Quae
823 5643 996 5687 autem
1043 5633 1147 5683 sint
1189 5632 1602 5696 irrationabilia,
1658 5649 1773 5701 quae
1823 5650 1977 5687 unam
2028 5644 2231 5689 tantum

660 5722 889 5777 habeant
915 5738 980 5791 po
1006 5731 1225 5776 θεων-ιιι
1247 5740 1349 5776 non
1379 5725 1537 5778 etiam
1571 5724 1889 5792 appositum,
1916 5724 2234 5794 sicdemon-

660 5821 793 5866 Strat
816 5811 1020 5876 dicens,
1046 5828 1141 5865 nec
1164 5828 1494 5882 quaecunque
1525 5815 1625 5867 alia
1649 5829 1860 5883 semper
1889 5825 2070 5883 agunt.
2096 5813 2235 5883 Ignis

660 5902 802 5960 enim
827 5903 1070 5975 opposita
1098 5919 1206 5959 non
1248 5914 1444 5973 potest,
1482 5905 1578 5959 sed
1613 5919 1717 5960 non
1742 5906 1913 5960 solum
1954 5906 2111 5975 ignis,
2139 5907 2235 5963 sed

2327 4801 2521 4853 versate
2565 4800 2813 4868 sequitur,
2854 4799 2986 4854 illud
3015 4801 3150 4869 quod
3191 4816 3253 4854 ea:
3290 4802 3581 4854 necessitate
3607 4810 3697 4863 est,
3731 4815 3899 4854 conse-

2331 4895 2503 4963 quitur
2529 4910 2674 4964 posse
2704 4910 2827 4958 esse,
2861 4895 2950 4947 sed
2972 4910 3068 4945 non
3098 4894 3323 4947 omnino.

2411 4985 2782 5040 Possibilitatis
2823 4986 3053 5039 breviter
3082 4985 3274 5040 divisio
3326 4968 3563 5040 iacienda
3602 4996 3705 5050 est,
3733 4987 3901 5055 possi-

2332 5078 2438 5132 bile
2468 5078 2607 5131 enim
2632 5077 2838 5131 duobus
2863 5079 3053 5132 dicitur
3079 5078 3270 5133 modis.
3301 5078 3395 5132 Est
3422 5080 3562 5133 enim
3596 5094 3757 5132 unum
3786 5096 3903 5146 pos-

2336 5167 2490 5221 sibile
2518 5167 2657 5232 quod
2694 5181 2813 5220 cum
2860 5182 2964 5221 non
2990 5167 3079 5230 sit,
3110 5181 3231 5222 esse
3258 5168 3443 5236 possit,
3491 5179 3546 5221 ut
3578 5169 3737 5222 homo
3783 5184 3903 5223 cum

2337 5258 2508 5321 sedet,
2542 5274 2643 5312 non
2693 5259 2904 5328 quidem
2955 5260 3209 5323 ambulat,
3259 5260 3352 5314 sed
3388 5259 3660 5314 ambulare
3708 5273 3901 5329 potest.

2339 5350 2493 5405 Aliud
2524 5351 2774 5420 possibile
2802 5362 2882 5407 est
2925 5353 3064 5423 quod
3095 5368 3213 5408 cum
3253 5352 3340 5419 sit,
3372 5368 3493 5408 esse
3525 5354 3778 5422 possibile
3802 5364 3903 5420 est,

2340 5454 2397 5499 ut
2425 5445 2673 5514 quoniam
2705 5446 2838 5515 ignis
2870 5445 3026 5509 cali-t,
3055 5454 3229 5515 potest
3269 5461 3390 5501 esse
3424 5447 3648 5510 calidus,
3692 5457 3746 5501 et
3776 5464 3900 5515 quo-

2341 5537 2481 5591 niam
2510 5536 2669 5591 homo
2688 5538 2859 5601 sedet,
2888 5550 3063 5607 potest
3091 5540 3295 5595 sedere.
3340 5540 3505 5601 liuius
3534 5556 3707 5595 autem
3740 5541 3904 5611 possi-

2343 5628 2465 5682 bilis
2494 5629 2610 5681 dum
2651 5638 2774 5682 sunt
2813 5630 3035 5697 species,
3079 5645 3177 5684 una
3214 5646 3333 5684 cum
3361 5642 3444 5686 est
3467 5632 3703 5701 quidem,
3736 5640 3903 5700 potest

2343 5731 2521 5775 tamen
2553 5737 2655 5775 non
2687 5736 2830 5786 esse,
2865 5731 2917 5775 ut
2944 5722 2987 5774 si
3015 5724 3132 5791 quis
3158 5723 3362 5787 sedeat,
3394 5726 3463 5778 ita
3490 5726 3701 5792 quidem
3734 5734 3904 5790 potest

2340 5814 2545 5876 sedere,
2581 5824 2636 5867 ut
2668 5814 2832 5883 possit
2854 5816 3011 5869 etiam
3041 5830 3143 5870 non
3167 5815 3373 5871 sedere.
3402 5817 3515 5870 Alia
3541 5832 3669 5871 vero
3701 5824 3754 5868 ut
3784 5829 3903 5868 cum

2282 5954 2297 5976 λ
2340 5908 2432 5972 sit,
2465 5923 2569 5961 non
2594 5922 2712 5963 esse
2742 5920 2846 5962 non
2874 5908 3062 5975 possit,
3092 5917 3147 5963 ut
3172 5908 3309 5975 ignis
3330 5909 3536 5965 calidus
3556 5918 3657 5974 est,
3679 5907 3769 5963 sed
3800 5921 3907 5969 non
