4280 6268
325 381 415 438 881

1165 386 1228 442 ΙΝ
1269 386 1521 444 LIBRUM
1563 364 2212 444 INTERPRETATIONE
2251 390 2478 450 EDITIO
2516 395 2747 455 PRIMA.

3473 397 3573 459 381

322 510 496 572 potest
521 515 642 556 esse
670 516 776 556 non
802 501 1027 557 calidus.
1048 502 1218 572 Atque
1244 504 1345 558 hoc
1370 514 1448 557 est
1469 504 1609 564 quod
1637 504 1730 568 ait,
1755 517 1900 574 quae-
1930 505 1976 563 Α
2005 518 2147 572 εεεε,
2176 521 2279 561 non
2311 518 2391 562 est
2440 525 2621 565 verum
2678 514 2743 567 de
2786 516 3086 571 necessario
3131 516 3441 588 simpliciter
3489 519 3573 575 di-

321 595 441 650 dam
462 611 587 649 vero
604 604 894 663 potestates
914 599 1184 664 aequivoce
1204 608 1345 651 sunt.
1364 599 1621 654 Possibile
1635 600 1897 654 enimnon

321 686 639 754 simpliciter
670 688 880 749 dicitur,
914 690 1005 743 sed
1056 688 1156 742 hoc
1192 691 1400 757 quidem
1432 692 1681 759 quoniam
1715 707 1897 745 verum

321 790 426 845 est,
460 792 514 833 ut
557 781 609 834 in
640 791 779 842 actu,
808 782 855 834 id
897 791 979 835 est
1016 784 1153 845 quod
1188 793 1269 835 est
1318 796 1365 836 et
1410 784 1487 847 ﬁt,
1533 785 1671 851 quod
1708 784 1901 837 dicitur

322 887 443 927 esse
503 874 771 939 possibile,
812 884 866 926 ut
912 874 965 927 in
1021 888 1137 928 actu
1192 876 1440 945 possibile
1484 888 1563 931 est
1603 878 1893 941 ambulare,

325 966 575 1035 quoniam
612 968 719 1035 jam
741 968 997 1031 ambulat,
1030 978 1081 1023 et
1112 979 1192 1021 est
1223 969 1272 1021 in
1296 980 1417 1022 actu
1446 980 1496 1022 et
1521 971 1738 1023 omnino
1770 986 1897 1037 pos-

323 1060 477 1113 sinite
506 1069 588 1112 est
612 1076 729 1113 esse
755 1061 1006 1128 quidquid
1051 1061 1101 1114 in
1130 1071 1251 1115 actu
1283 1072 1386 1115 est.
1427 1063 1558 1115 Illud
1603 1077 1729 1117 vero
1758 1064 1897 1130 quod

323 1149 539 1204 for-itan
571 1161 711 1219 aget,
742 1163 797 1205 ut
827 1153 1079 1221 possibile
1101 1168 1179 1208 est
1213 1155 1488 1209 ambulare
1509 1154 1756 1223 quoniam
1784 1169 1899 1207 am-

322 1242 541 1305 bulabit,
574 1245 621 1296 id
647 1256 727 1297 est
758 1247 897 1313 qttod
928 1261 1031 1300 non
1055 1258 1135 1301 est
1157 1248 1392 1316 quidem,
1418 1249 1511 1302 sed
1539 1262 1658 1303 esse
1683 1248 1896 1315 poterit,

324 1344 377 1387 ut
403 1336 653 1402 possibile
678 1347 757 1389 est
788 1339 1085 1405 ambulare,
1110 1354 1212 1391 non
1237 1340 1487 1409 quoniam
1515 1355 1654 1393 nunc
1682 1341 1895 1409 quidem

321 1425 577 1489 ambulat,
610 1428 704 1479 sed
734 1427 982 1495 quoniam
1013 1430 1380 1484 ambulatnrus
1408 1439 1490 1485 est
1519 1433 1730 1501 aliquis.
1776 1432 1900 1487 lizec

321 1530 498 1573 autem
531 1532 653 1573 sunt
683 1536 1013 1591 quacunque
1046 1538 1149 1576 non
1182 1525 1471 1579 secundum
1502 1537 1675 1579 actum
1711 1526 1898 1579 dicun-

319 1622 428 1679 tur,
459 1614 551 1668 sed
584 1616 877 1669 secundum
909 1628 1223 1683 potestatem
1256 1629 1481 1684 tantum,
1515 1635 1632 1688 quae
1664 1620 1896 1674 nondum

316 1709 531 1777 quidem
567 1710 615 1761 in
648 1721 767 1762 actu
801 1710 886 1769 ~it.
922 1726 1042 1765 esse
1086 1722 1259 1765 tamen
1295 1716 1480 1779 possit.
1528 1712 1649 1767 Haec
1681 1713 1894 1781 quidem

316 1801 369 1856 in
396 1802 528 1857 solis
561 1803 845 1856 mobilibus
870 1816 945 1857 cst
987 1806 1328 1871 possibilitas,
1363 1806 1451 1860 illa
1477 1822 1602 1861 vero
1626 1819 1677 1861 et
1710 1808 1761 1861 in
1794 1808 1895 1862 im-

2004 610 2148 651 cere.
2184 600 2417 653 Alterum
2442 610 2619 655 autem
2652 617 2833 657 verum
2877 618 2981 671 est,
3024 623 3144 661 nam
3193 608 3332 677 quod
3382 609 3447 663 ita
3495 619 3573 667 est

2002 699 2143 750 actu,
2172 700 2225 742 ut
2260 704 2362 743 non
2393 705 2511 745 esse
2544 708 2646 746 non
2672 693 2860 763 possit,
2885 708 2940 751 et
2959 713 3171 765 semper
3200 709 3318 755 actu
3338 714 3442 761 εει,
3476 701 3574 756 ltoc

2000 782 2141 850 juste
2168 784 2233 839 de
2266 788 2573 840 necessario
2603 790 2939 857 praedicatur.
2976 791 3127 857 Quod
3157 795 3296 847 enim
3354 809 3573 849 necesse

2002 885 2247 941 estesse,
2271 890 2351 933 est
2374 880 2608 950 quidem,
2641 882 2733 935 sed
2760 896 2861 935 non
2892 898 3011 937 esse
3043 902 3146 937 non
3182 896 3368 953 potest.
3398 888 3573 955 Quare

2001 972 2251 1037 quoniam
2304 983 2507 1039 partem
2558 973 2607 1027 id
2662 976 2802 1043 quod
2846 984 2929 1029 est
2964 974 3262 1031 universale
3307 982 3566 1048 sequitur,

2002 1060 2129 1115 illud
2156 1064 2296 1131 quod
2327 1078 2393 1118 ex
2428 1065 2745 1121 necessitate
2772 1075 2871 1133 est,
2902 1082 3231 1135 causequens
3252 1079 3334 1123 est
3356 1070 3405 1123 id
3428 1073 3569 1141 quod

1998 1164 2077 1207 est
2110 1169 2267 1223 posse
2294 1171 2434 1221 esse,
2465 1157 2557 1211 sed
2600 1173 2703 1211 non
2757 1160 2994 1213 omnino.
3034 1159 3295 1226 Quoniam
3337 1176 3568 1230 semper,

1999 1244 2191 1316 inquit,
2217 1252 2448 1318 speciem
2488 1251 2728 1320 sequitur
2764 1267 2953 1321 genus,
2986 1264 3037 1307 et
3070 1265 3270 1322 partem
3303 1258 3453 1308 Suam
3481 1269 3570 1309 se-

1998 1340 2180 1408 quitur
2208 1342 2599 1398 nniversalitas.
2642 1344 2701 1399 Si
2733 1347 2872 1398 enim
2906 1346 3064 1399 homo
3098 1356 3200 1411 est,
3242 1345 3435 1399 animal
3468 1354 3570 1411 est,

1999 1429 2052 1483 id
2083 1440 2162 1485 est
2191 1432 2233 1485 si
2270 1448 2389 1499 pars
2418 1447 2471 1488 et
2498 1435 2703 1503 species
2730 1447 2831 1502 est,
2858 1437 3303 1491 univitrsalitatem
3325 1448 3377 1491 et
3403 1454 3571 1505 genus

1998 1532 2119 1576 esse
2153 1536 2373 1577 necesse
2410 1533 2511 1579 est.
2549 1525 2699 1591 Quod
2739 1527 2781 1579 si
2826 1528 2898 1580 ita
2942 1537 3046 1589 est,
3081 1537 3320 1596 sequitur
3364 1528 3571 1583 scilicet

1998 1624 2114 1666 eam
2150 1616 2570 1683 propositionem
2612 1632 2731 1686 quae
2758 1617 2885 1671 dicit
2926 1632 3143 1674 necesse
3163 1633 3303 1682 esse,
3331 1619 3419 1673 illa
3445 1634 3570 1689 pro-

1998 1703 2193 1772 positio
2220 1720 2339 1775 qnze
2366 1706 2497 1760 dicit
2526 1707 2779 1775 possibile
2808 1723 2944 1767 esse.
2978 1711 3133 1779 eique
3162 1710 3447 1777 consentit,
3477 1710 3570 1767 sed

1998 1810 2103 1850 non
2128 1798 2302 1852 omnis
2333 1798 2650 1867 signiﬁcatio
2692 1799 3061 1867 possibilitatis
3108 1802 3349 1870 sequitur
3386 1816 3573 1858 neces-

316 1894 459 1947 mobi
483 1896 619 1948 ibus.
660 1895 868 1949 Mobilia
895 1908 1048 1950 vocat
1078 1913 1408 1967 quacunque
1448 1909 1573 1953 sunt
1608 1900 1888 1966 naturalia,
1928 1884 2006 1945 3’

1880 1944 1888 1965 ,
1928 1884 1975 1945 Β
2001 1890 2219 1942 sarium.
2268 1890 2358 1943 Illa
2398 1891 2539 1945 enim
2571 1906 2689 1960 quae
2731 1892 2797 1945 ita
2830 1902 3075 1961 possunt,
3105 1902 3163 1947 ut
3192 1909 3294 1945 non
3323 1894 3427 1946 sint
3456 1896 3570 1963 qui-

317 1998 369 2043 et
402 1989 451 2040 in
484 1990 824 2056 generatione
845 2000 899 2043 et
920 1989 973 2043 in
1002 1992 1360 2059 corruptione.
1388 1991 1725 2063 Quaecunque
1750 1997 1891 2049 enim

314 2091 567 2149 generata
618 2092 743 2134 sunt
779 2090 833 2135 et
874 2084 1139 2152 corrumpi
1193 2094 1431 2153 possunt,
1478 2100 1538 2140 ea
1583 2100 1795 2153 semper
1841 2086 1893 2140 in

316 2184 465 2226 motu
493 2184 633 2238 sunt,
671 2174 779 2242 ipsa
805 2175 1003 2228 etenim
1025 2176 1298 2243 generatio
1339 2187 1513 2231 motus
1541 2177 1754 2247 quidam
1787 2189 1888 2245 est,

313 2274 476 2335 atque
509 2266 617 2334 ipsa
648 2282 842 2336 corrup
868 2268 939 2324 io.
972 2267 1109 2337 Ergo
1140 2267 1192 2321 in
1228 2267 1529 2337 hnjttsmodi
1562 2271 1719 2324 rebus
1748 2286 1893 2339 qua:-

314 2373 522 2424 cunqtte
571 2368 821 2429 generata
862 2372 985 2414 sunt
1023 2372 1182 2428 atque
1244 2362 1507 2425 mortalia,
1546 2363 1598 2416 in
1643 2363 1724 2419 bis
1766 2379 1893 2419 vera

313 2462 392 2506 est
425 2452 508 2505 illa
542 2463 797 2519 potestas,
828 2469 948 2522 quae
996 2468 1098 2507 non
1149 2454 1440 2509 secundum
1472 2469 1646 2510 actum
1677 2456 1890 2523 dicitur,

314 2542 405 2595 sed
435 2543 729 2595 secundum
758 2545 807 2595 id
831 2543 969 2611 quod
992 2551 1092 2596 non
1109 2546 1436 2613 estquidem.
1456 2546 1544 2599 sed
1564 2561 1680 2601 e~se
1698 2557 1889 2614 potest.

315 2630 585 2702 Nusquam
621 2634 765 2686 enim
804 2635 985 2688 evenit
1018 2635 1319 2704 bujusmodi
1341 2649 1577 2705 potestas
1604 2638 1701 2692 nisi
1731 2638 1783 2692 in
1812 2640 1892 2693 his

318 2738 434 2793 quae
480 2734 773 2777 nascuntur
813 2734 867 2779 et
914 2735 1141 2780 mortem
1186 2738 1467 2795 oppetunt,
1500 2728 1584 2781 illa
1616 2744 1744 2783 vero
1773 2746 1890 2800 qua:

314 2831 431 2873 sunt
465 2818 775 2880 immobilia,
810 2819 861 2871 id
885 2831 965 2872 est
994 2835 1111 2887 quas
1135 2819 1187 2872 in
1214 2833 1307 2873 sua
1340 2829 1529 2874 natura
1558 2822 1661 2874 lixa
1690 2832 1810 2875 sunt
1837 2830 1892 2875 et

315 2910 617 2973 c0ttstitutn,
653 2918 711 2962 ut
747 2910 937 2962 mutari
972 2911 1283 2979 moverique
1314 2925 1416 2963 non
1452 2912 1676 2979 possint,
1710 2911 1759 2964 id
1808 2922 1892 2967 est

314 3000 487 3056 divina
520 3004 685 3055 solam
717 3002 860 3055 illam
894 3002 1089 3057 habent
1119 3003 1411 3070 potentiam
1442 3018 1561 3073 qua:
1591 3004 1886 3057 secundum

315 3103 491 3148 actum
521 3095 737 3160 dicitur,
768 3104 823 3147 ιιι
853 3095 929 3148 sol
963 3093 1250 3149 immobilis
1279 3093 1490 3162 quidem
1533 3094 1597 3147 ad
1639 3094 1886 3148 substan-

313 3190 464 3252 tiam,
498 3203 798 3256 quanquam
828 3188 899 3243 sit
923 3188 1136 3242 mobilis
1174 3188 1466 3243 secundum
1510 3188 1706 3242 locum.
1744 3190 1888 3254 Quo-

1999 1979 2141 2046 dem,
2171 1997 2290 2037 esse
2318 1994 2493 2037 tamen
2517 1985 2749 2053 possint,
2778 1985 2917 2039 nulla
2944 1986 3148 2039 ratione
3176 1985 3243 2039 de
3268 1987 3572 2042 necessario

1996 2076 2375 2145 prmdicantur.
2403 2076 2772 2134 Necessarium
2824 2093 2952 2133 vero
3006 2094 3111 2133 non
3158 2079 3316 2132 modo
3352 2094 3572 2135 necesse

1996 2177 2098 2234 est,
2125 2166 2217 2221 sed
2256 2167 2415 2222 etiam
2448 2180 2549 2233 est,
2583 2167 2685 2223 hoc
2724 2177 2805 2223 est
2856 2168 2996 2222 enim
3027 2166 3168 2238 quod
3198 2169 3292 2233 ait,
3332 2169 3424 2223 sed
3464 2183 3572 2224 non

1995 2261 2232 2315 omnino.
2268 2261 2479 2317 Etenim
2528 2262 2596 2315 de
2645 2263 2951 2317 necessario
2990 2261 3132 2332 quod
3179 2261 3289 2332 jam
3335 2269 3439 2326 est,
3468 2276 3571 2320 non

1997 2364 2173 2423 potest
2198 2354 2326 2409 illud
2363 2355 2619 2424 possibile
2652 2354 2951 2423 praedicari,
2985 2354 3125 2427 quod
3152 2370 3257 2410 non
3288 2365 3371 2411 est
3398 2357 3571 2411 adhuc

1995 2447 2230 2516 quidem,
2278 2448 2369 2501 sed
2399 2462 2519 2502 esse
2552 2448 2765 2515 poterit.

2067 2534 2134 2590 Et
2159 2548 2233 2592 est
2260 2539 2463 2608 quidem
2493 2543 2708 2609 fortasse
2734 2540 3043 2612 principium
3072 2541 3207 2611 quod
3234 2543 3569 2598 necessariam

1994 2639 2128 2684 estet
2143 2635 2277 2699 quod
2292 2648 2392 2685 non
2412 2633 2751 2686 necessarium
2773 2643 2847 2688 est
2874 2636 3119 2701 omnium,
3143 2638 3220 2690 vel
3241 2652 3347 2691 esse
3374 2641 3449 2690 vel
3465 2653 3569 2692 non

1994 2733 2118 2775 esse.
2138 2718 2201 2773 Et
2223 2724 2325 2775 alia
2347 2734 2398 2775 ut
2425 2723 2604 2776 horam
2633 2727 2985 2785 consequentia
3007 2727 3327 2780 considerare
3350 2728 3566 2793 oportet.

2066 2812 2409 2882 Principium,
2444 2815 2634 2885 inquit,
2665 2824 2748 2870 est
2778 2818 3005 2871 fortasse
3036 2817 3220 2871 barum
3255 2819 3570 2887 propositio-

1996 2920 2120 2959 num
2143 2907 2552 2976 consequentias
2585 2907 2907 2963 inveniendi.
2942 2906 2997 2965 Si
3028 2910 3145 2980 quis
3176 2910 3349 2980 ptimo
3376 2911 3428 2964 in
3455 2911 3569 2965 loco

1994 3001 2354 3054 necessarium
2379 3009 2558 3070 ponat,
2585 3011 2639 3055 et
2660 3017 2764 3056 non
2788 3001 3169 3067 necessarium,
3189 3003 3424 3057 secundo
3448 3017 3570 3057 vero

1995 3092 2046 3146 in
2080 3092 2197 3147 loco
2228 3093 2479 3163 possibile
2507 3110 2629 3151 esse
2658 3106 2711 3151 et
2739 3104 2962 3162 caetera,
3010 3096 3324 3152 naturaliter
3353 3098 3493 3152 enim
3521 3099 3569 3153 id

1993 3188 2135 3256 quod
2169 3186 2526 3242 necessarium
2560 3199 2643 3243 est
2678 3189 2824 3258 prius
2863 3198 2968 3255 est,
2997 3205 3115 3244 nam
3167 3189 3211 3244 si
3273 3189 3571 3247 necessaria

312 3282 461 3336 niam
491 3295 618 3348 ergo
646 3291 726 3334 est
752 3279 1037 3333 immobilis
1054 3279 1344 3335 secundum
1373 3278 1722 3333 substantiam
1749 3280 1891 3333 etab
1916 3262 1963 3325 (Ξ
1996 3290 2118 3333 sunt
2169 3294 2231 3333 ea
2286 3294 2404 3349 quae
2447 3296 2658 3350 semper
2712 3290 2828 3336 actu
2870 3292 3016 3348 sunt,
3064 3297 3180 3352 quae
3217 3294 3392 3338 autem
3432 3298 3572 3339 sem~

312 3389 374 3427 ea
398 3390 503 3426 non
525 3383 873 3441 permittatur,
891 3388 1063 3442 neque
1080 3383 1341 3437 movetur,
1362 3373 1393 3425 h
1414 3372 1589 3427 thetin
1608 3386 1664 3425 se
1686 3372 1889 3439 lumen,

312 3466 456 3534 quod
483 3467 549 3518 ita
581 3466 775 3519 habere
799 3476 995 3535 potest,
1030 3474 1089 3518 ut
1113 3480 1216 3518 non
1237 3465 1433 3519 habere
1452 3478 1555 3517 non
1574 3463 1759 3533 possit.
1785 3463 1891 3519 Sed

312 3557 361 3612 in
398 3558 638 3625 utrisque
680 3558 763 3611 bis
793 3558 874 3611 vel
920 3557 1206 3611 mobilibus
1250 3557 1328 3611 vel
1354 3556 1715 3610 immobilibus
1764 3555 1891 3608 illttd

312 3664 495 3703 verum
543 3660 623 3703 est
651 3649 788 3718 quod
831 3649 897 3703 de
944 3649 1023 3702 his
1056 3649 1269 3713 dicitur,
1308 3664 1414 3702 non
1450 3647 1779 3717 impossibile
1810 3654 1894 3701 est

311 3755 454 3795 esse.
486 3739 614 3794 Nam
646 3750 701 3795 et
730 3740 869 3808 quod
900 3752 1022 3793 actu
1052 3740 1266 3809 quidem
1296 3755 1400 3793 non
1432 3749 1532 3797 est.
1565 3753 1684 3794 esse
1715 3747 1891 3793 tamen

310 3835 527 3902 poterit.
557 3842 614 3885 ut
637 3834 794 3885 homo
822 3846 940 3885 cum
967 3847 1071 3885 non
1100 3830 1358 3896 ambulat,
1382 3829 1684 3884 ambulandi
1717 3838 1893 3883 tamen

308 3926 511 3977 retinet
541 3933 879 3989 potestatem.
913 3923 1025 3976 Non
1066 3933 1147 3976 est
1170 3923 1312 3977 enim
1347 3922 1617 3974 hominem
1642 3921 1892 3988 impossi-

308 4014 424 4071 bile
454 4015 750 4077 ambulare,
778 4024 830 4067 et
859 4014 1024 4067 solem
1058 4029 1161 4067 non
1206 4023 1289 4068 est
1338 4012 1668 4081 impossibile
1698 4010 1893 4065 habere

307 4108 513 4169 lueettt,
546 4122 703 4177 quam
751 4117 868 4161 actu
909 4105 1105 4161 retinet
1147 4107 1494 4173 sempiterno.
1552 4104 1608 4159 In
1654 4104 1895 4173 utrisque

309 4200 478 4270 igitur
507 4209 561 4253 et
597 4199 880 4255 mobilibus
908 4208 960 4253 et
991 4199 1368 4261 immobilibus,
1405 4213 1584 4251 verum
1634 4196 1764 4250 illud
1814 4205 1897 4249 est

309 4294 457 4363 quod
506 4293 722 4357 dicitur,
747 4309 851 4346 non
901 4292 1230 4361 impossibile
1273 4307 1418 4347 esse.
1451 4291 1581 4344 Nam
1620 4300 1674 4345 et
1720 4290 1786 4343 de
1830 4304 1895 4344 eo

309 4386 456 4455 quod
499 4384 629 4454 agit,
659 4394 711 4437 et
751 4385 816 4438 de
858 4400 924 4439 eo
964 4384 1106 4454 quod
1146 4399 1304 4452 agerc
1335 4391 1529 4450 potest,
1558 4382 1625 4436 de
1658 4380 1895 4451 utrisque

309 4479 457 4534 idem
484 4493 609 4531 vere
635 4478 848 4541 dicitur,
877 4478 1127 4547 quoniam
1160 4493 1263 4529 non
1288 4485 1367 4529 est
1397 4474 1727 4543 impossibile
1753 4488 1893 4528 esse.

310 4576 447 4629 Nam
478 4585 529 4627 et
554 4574 690 4643 quod
715 4574 972 4634 ambulat,
1002 4589 1105 4625 non
1137 4583 1216 4625 est
1240 4571 1569 4641 impossibile
1597 4569 1891 4634 ambulare,

310 4676 368 4721 et
397 4668 534 4735 quod
568 4636 647 4719 est
670 4665 1011 4728 atnhnlztltile,
1039 4664 1091 4717 id
1114 4677 1193 4718 est
1225 4665 1363 4732 quod
1393 4663 1665 4716 ambulare
1696 4670 1890 4728 potest,
1921 4636 1973 4697 θ

310 4775 424 4815 ιιοιι
457 4759 531 4813 illi
558 4769 635 4811 est
667 4757 993 4826 impossibile
1014 4758 1305 4811 ambulare.
1342 4755 1445 4811 Sed
1484 4756 1733 4824 quoniam
1757 4754 1897 4806 dixi-

309 4865 438 4906 mus
468 4868 581 4904 e.un
614 4866 733 4916 qum
766 4850 1056 4904 secundum
1095 4860 1269 4901 actum
1313 4860 1387 4902 est
1424 4857 1736 4917 potestatem
1763 4846 1897 4899 duas

311 4943 521 4997 habete
550 4942 776 5011 species,
804 4958 960 4995 unam
986 4941 1199 5010 quidem
1231 4957 1350 4995 cum
1374 4940 1424 4993 in
1448 4949 1567 4993 actu
1592 4938 1900 5008 quidcmsit

308 5047 371 5088 et
406 5051 673 5103 nunquam
705 5035 869 5102 possit
901 5052 1004 5089 non
1028 5049 1170 5097 esse,
1197 5044 1255 5087 ut
1293 5034 1397 5103 igni
1430 5043 1549 5087 actu
1600 5042 1681 5086 est
1726 5031 1899 5085 calere

312 5140 371 5184 et
429 5144 695 5197 mmquatn
742 5144 860 5183 esse
907 5143 1009 5180 non
1060 5136 1233 5194 potest
1279 5128 1516 5189 calidus;
1561 5124 1717 5178 aliam
1772 5138 1899 5178 vero

309 5224 610 5277 secundum
647 5223 695 5275 id
725 5222 862 5290 quod
896 5223 1124 5277 dicimus
1153 5236 1273 5275 esse
1311 5220 1524 5289 quidem
1565 5227 1705 5277 actu,
1745 5233 1901 5287 posse

310 5328 498 5371 tamen
533 5332 633 5368 non
664 5331 803 5379 esse,
835 5325 890 5367 ut
917 5315 1109 5382 aliquis
1140 5330 1259 5367 cum
1290 5316 1459 5377 sedet,
1488 5320 1659 5380 potest
1686 5312 1901 5379 quidem

309 5409 532 5469 sedere,
565 5409 655 5461 sed
688 5417 857 5473 potest
880 5410 1039 5459 etiam
1072 5422 1174 5458 non
1202 5407 1408 5459 sedere.
1446 5407 1758 5474 llujusmodi
1786 5407 1906 5475 qui-

310 5502 442 5556 dem
474 5498 767 5552 secuudum
798 5506 971 5549 actum
1007 5498 1257 5565 possibile
1299 5499 1366 5550 de
1412 5497 1717 5550 necessario
1761 5497 1905 5552 nullo

313 5593 486 5648 modo
527 5590 863 5655 prmdicatur,
894 5589 1032 5657 quod
1076 5586 1217 5640 enim
1252 5590 1302 5639 in
1334 5596 1453 5640 actu
1494 5597 1594 5649 est,
1624 5597 1678 5642 et
1717 5602 1903 5643 neces-

313 5684 525 5738 sat'itllll
555 5690 637 5731 est
664 5694 804 5741 esse,
836 5693 913 5731 est
938 5679 1173 5746 quidem,
1207 5679 1298 5731 sed
1332 5687 1404 5731 tta
1444 5688 1525 5731 est
1555 5690 1610 5732 ιιι
1651 5696 1755 5733 non
1782 5696 1903 5736 esse

316 5795 427 5832 non
456 5774 645 5846 possit.
696 5770 807 5825 Hoc
852 5781 936 5824 est
978 5770 1120 5824 enim
1150 5770 1291 5838 quod
1320 5771 1412 5824 ait.
1439 5770 1525 5825 Sic
1557 5772 1715 5843 igitur
1738 5773 1909 5842 possi-

316 5872 451 5933 bilc,
502 5868 550 5922 id
588 5873 669 5921 est
728 5866 865 5935 quod
917 5878 1037 5918 cum
1090 5870 1210 5917 actu
1254 5862 1341 5930 sit,
1375 5864 1543 5934 possit
1577 5874 1752 5923 tamen
1796 5881 1903 5923 non

1996 3384 2091 3438 per
2129 3380 2248 3423 actu
2305 3379 2427 3424 sunt
2483 3372 2810 3441 sempiterna
2860 3382 3021 3443 sunt,
3072 3375 3396 3442 sempiterna
3445 3389 3571 3430 vero

1996 3476 2172 3515 rerum
2215 3461 2451 3515 omnium
2494 3464 2642 3531 princ
2668 3462 2751 3533 pia
2804 3474 2966 3531 sunt,
3013 3474 3161 3520 recte
3197 3464 3403 3520 initium
3444 3481 3573 3537 quo-

1996 3570 2100 3623 que
2141 3556 2473 3624 speculandi,
2518 3557 2873 3625 quze,harum
2918 3558 3341 3628 propositionum
3386 3574 3573 3615 conse-

1995 3648 2209 3717 quentia
2244 3648 2332 3711 sit,
2366 3664 2433 3703 ex
2473 3648 2556 3703 bis
2575 3662 2850 3705 sumemus
2871 3666 2991 3720 quae
3012 3660 3139 3706 sunt
3163 3652 3499 3716 necessariae,
3520 3659 3572 3705 et

1997 3750 2212 3808 propter
2236 3739 2333 3793 llas
2356 3754 2419 3794 ex
2443 3741 2730 3795 necessarii
2762 3741 3156 3811 negationibus,
3185 3741 3235 3796 id
3265 3751 3347 3797 est
3376 3757 3445 3797 ex
3466 3756 3571 3797 non

1998 3831 2323 3885 necessario.
2347 3830 2571 3885 Constat
2602 3832 2758 3901 igitur
2785 3847 2816 3885 a
2848 3832 3153 3889 necessario
3180 3844 3232 3887 et
3261 3848 3365 3889 non
3389 3849 3573 3889 neces-

1996 3924 2143 3976 sario
2174 3923 2363 3976 barum
2388 3922 2802 3992 consequentias
2833 3924 3138 3979 inveniendi
3168 3927 3424 3981 sumenda
3453 3942 3573 3982 esse

1999 4015 2277 4084 principia.
2309 4016 2415 4069 Illa:
2449 4016 2616 4079 enim,
2647 4016 2697 4068 id
2741 4024 2824 4069 est
2862 4016 3112 4087 possibile
3140 4031 3262 4071 esse
3289 4029 3341 4071 et
3367 4021 3573 4073 contin-

1997 4121 2128 4174 gens
2155 4122 2295 4169 esse,
2329 4117 2383 4160 et
2408 4122 2527 4162 esse
2564 4109 2926 4163 necessarium
2956 4118 3011 4163 et
3054 4122 3159 4164 non
3191 4110 3568 4173 necessarium,

1999 4198 2143 4252 velut
2164 4199 2214 4252 in
2248 4208 2436 4253 natura
2464 4200 2577 4269 ipsa
2609 4202 2972 4270 pracedentes
3014 4201 3434 4267 subsequuntur.
3481 4202 3573 4255 At-

1999 4304 2102 4359 que
2129 4291 2248 4344 ideo
2276 4291 2350 4345 ait
2380 4311 2392 4344 :
2424 4290 2486 4345 Et
2510 4293 2632 4359 alia,
2662 4292 2712 4347 id
2737 4302 2820 4348 est
2852 4294 3105 4363 possibile
3128 4308 3271 4359 esse.
3294 4305 3347 4349 et
3368 4294 3572 4349 coutin-

1998 4400 2131 4454 geus
2155 4400 2293 4451 esse,
2329 4396 2382 4439 ut
2408 4388 2595 4441 horum
2636 4389 3014 4457 consequentia
3041 4389 3380 4445 considerare
3398 4402 3573 4457 opor-

2002 4486 2100 4533 tet.
2147 4478 2257 4533 Hoc
2283 4489 2387 4545 est,
2416 4479 2486 4532 ita
2517 4479 2598 4533 ha:
2646 4480 2977 4534 considerari
2997 4482 3222 4543 'debeut,
3251 4490 3495 4547 tanquam
3529 4479 3575 4534 si

2001 4570 2144 4637 quod
2183 4580 2264 4622 est
2306 4570 2688 4632 necessatium,
2719 4579 2775 4625 et
2811 4586 2916 4624 non
2965 4569 3325 4624 necessarium
3372 4584 3575 4639 praece-

2000 4660 2148 4721 dant,
2182 4674 2579 4728 consequantur
2623 4676 2751 4714 vero
2784 4660 3038 4730 possibile
3066 4671 3121 4716 et
3148 4662 3478 4731 contingens,
3526 4671 3574 4716 et

1998 4760 2213 4805 caetera.

2074 4842 2408 4912 Manifestum
2448 4852 2520 4896 est
2556 4852 2725 4896 autem
2749 4860 2812 4897 eat
2844 4842 2922 4896 Itis
2948 4860 3065 4914 qua:
3098 4845 3235 4899 dicta
3275 4853 3416 4913 sunt,
3455 4859 3575 4915 quo.

2001 4938 2142 4989 niam
2184 4937 2321 5006 quod
2369 4952 2431 4989 ex
2478 4938 2770 4989 necessitate
2810 4946 2901 5001 est,
2950 4937 3231 4991 secundum
3272 4948 3439 4991 actum
3484 4947 3574 4990 est.

2011 5032 2181 5098 Quare
2214 5032 2257 5084 si
2286 5032 2460 5100 priora
2506 5040 2624 5083 sunt
2691 5032 3021 5098 sempiterna,
3054 5040 3101 5086 et
3136 5045 3246 5100 qua:
3282 5040 3395 5084 actu
3438 5038 3576 5094 sunt,

2003 5134 2250 5195 potestate
2274 5126 2447 5196 priora
2474 5135 2629 5189 sunt;
2653 5136 2702 5178 et
2741 5124 2848 5179 [nec
2871 5141 2985 5190 qua:
3008 5126 3116 5179 sine
3156 5134 3398 5192 potestate
3441 5132 3576 5187 sunt,

2006 5229 2125 5273 actu
2148 5229 2285 5284 sunt,
2313 5230 2367 5271 ut
2406 5220 2585 5287 primi:
2623 5220 2937 5271 substantite.
2984 5219 3101 5271 Alia
3148 5233 3261 5271 vero
3306 5226 3421 5270 sunt
3463 5226 3578 5269 actn

2008 5328 2123 5365 cum
2150 5312 2501 5382 possibilitate,
2526 5328 2640 5381 qua:
2668 5322 2851 5365 natura
2871 5310 3069 5381 quidem
3094 5311 3265 5381 priora
3291 5319 3428 5374 sunt,
3458 5320 3577 5362 tem.

2013 5422 2134 5474 pore
2162 5422 2275 5459 tero
2301 5407 2604 5475 posteriora,
2636 5408 2740 5459 alia
2767 5420 2882 5479 vero
2908 5420 3169 5474 nunquam
3188 5415 3303 5458 sunt
3326 5412 3465 5471 actu,
3492 5404 3578 5459 sed

2009 5507 2257 5563 potestate
2281 5506 2493 5551 tantum.

2082 5591 2255 5657 Patet,
2285 5589 2476 5659 inquit,
2508 5602 2570 5642 ac
2602 5588 2765 5654 liquet
2803 5590 2981 5642 omnia
3024 5601 3355 5658 quaecunque
3384 5602 3580 5644 secun.

2011 5682 2137 5737 dum
2200 5682 2571 5737 necessitatem
2640 5688 2786 5745 sunt,
2838 5694 3051 5748 semper
3113 5693 3233 5733 esse
3291 5683 3582 5752 secundum

2010 5786 2207 5829 actum.
2238 5774 2498 5841 Quoniam
2540 5771 2681 5826 enim
2735 5773 2870 5843 ignis
2917 5788 2982 5829 ex
3016 5776 3335 5831 necessitate
3374 5777 3579 5833 calidus

2012 5876 2116 5935 est,
2140 5877 2258 5922 actu
2284 5881 2495 5937 quoque
2522 5878 2735 5933 semper
2754 5868 2961 5925 calidus
2990 5876 3091 5923 est.
3112 5864 3373 5932 Quocirca
3396 5870 3440 5925 si
3467 5885 3581 5935 qua
