4280 6268
703 384 804 437 38⁸5

1918 386 2028 440 AN.
2071 383 2277 440 MANL.
2320 382 2471 438 SEV.
2512 384 2735 442 BOETII

3850 389 3951 439 584

701 502 1020 569 sempiterna
1053 482 1178 553 s'unt
1215 497 1462 553 omnibus
1489 514 1607 568 qua!
1638 514 1745 553 non
1772 511 1901 553 sunt
1945 498 2271 568 sempiterna
2299 498 2352 557 Α
2379 497 2529 562 tioni,
2569 514 2688 568 qua:
2730 499 2877 568 dicit,
2915 505 3090 557 omnis
3144 505 3303 557 homo
3338 507 3515 575 justus
3555 514 3660 573 est,
3686 509 3945 567 contraria

700 593 874 658 priora
906 600 1047 654 sunt,
1076 591 1233 645 etiam
1265 605 1328 643 ea
1349 606 1465 659 qut!
1486 606 1698 659 semper
1716 602 1835 645 actu
1866 600 2009 657 sunt,
2041 591 2123 644 his
2150 605 2272 661 quas

699 690 822 739 sunt
851 689 1115 750 potestate
1164 683 1341 749 priora
1378 690 1523 737 sunt.
1570 682 1770 736 Horum
1816 691 1991 737 autem
2033 686 2270 738 omnium

698 774 1012 830 divisionem
1044 774 1168 829 facit
1192 791 1208 829 :
1231 784 1354 828 sunt
1373 777 1541 843 enim,
1567 775 1757 844 inquit,
1777 776 1877 829 alia
1900 761 2111 845 quidem
2136 791 2271 846 pra:-

696 880 777 926 ter
806 878 1149 939 potestatem,
1195 879 1314 922 actu
1360 879 1586 931 tantum,
1620 879 1677 923 ut
1717 870 1796 923 sol
1854 885 1959 923 non
1999 878 2271 937 potestate

696 971 962 1027 movetur,
1016 960 1111 1015 sed
1161 971 1306 1024 actu,
1361 973 1415 1013 et
1480 960 1621 1013 illam
1658 960 1906 1014 movendi
1954 969 2268 1029 potestatem

698 1067 806 1106 non
850 1051 1031 1115 habet,
1060 1065 1178 1120 qua:
1230 1064 1335 1104 non
1386 1058 1469 1103 est
1508 1050 1747 1120 quidem,
1782 1051 1876 1104 sed
1907 1066 2029 1106 esse
2068 1060 2265 1119 potest.

696 1144 789 1197 sed
846 1151 1023 1196 actum
1097 1142 1259 1195 habet
1309 1140 1522 1207 solum,
1575 1156 1606 1195 a
1663 1150 1922 1210 potestate
1970 1157 2101 1196 vero
2150 1158 2269 1208 qua:

697 1241 888 1302 prreter
926 1241 1101 1288 actum
1156 1233 1292 1286 solet
1335 1248 1479 1299 esse,
1518 1232 1856 1302 relinquitur.
1892 1232 2083 1287 Prima:
2108 1234 2267 1288 etiam

694 1326 1002 1380 substantia:
1048 1333 1169 1379 actu
1226 1324 1439 1393 quidem
1492 1334 1635 1388 sunt,
1695 1340 1961 1394 nunquam
2012 1340 2141 1380 vero
2176 1341 2267 1395 po-

696 1426 905 1483 testate,
928 1417 1125 1487 primas
1150 1426 1327 1471 autem
1372 1415 1699 1471 substantias
1739 1417 1888 1482 dicit,
1919 1416 2126 1472 divinas
2167 1416 2269 1472 sci-

698 1510 821 1565 licet
846 1518 900 1563 et
938 1510 1315 1577 sempiternas,
1340 1524 1446 1563 non
1478 1522 1569 1563 eas
1598 1522 1729 1574 quas
1759 1507 1811 1561 in
1842 1508 2269 1577 prmdicamentis

694 1603 892 1671 ptimas
936 1615 1056 1655 esse
1104 1600 1445 1664 monstravit,
1498 1600 1549 1653 id
1596 1608 1680 1654 est
1738 1598 2061 1668 individuas.
2118 1600 2269 1654 Tunc

693 1695 831 1748 enim
876 1694 944 1748 de
999 1694 1080 1747 his
1125 1694 1443 1763 loquebatur
1482 1693 1689 1761 primis,
1732 1708 1852 1763 qua:
1899 1694 2053 1748 nobis
2084 1693 2266 1763 prima:

695 1796 838 1853 sunt,
872 1800 1013 1840 nunc
1047 1785 1113 1839 de
1156 1785 1239 1838 bis
1268 1798 1387 1855 qua:
1418 1796 1606 1838 natura
1650 1793 1773 1839 sunt
1815 1786 2019 1853 primm,
2043 1801 2164 1855 qua:
2186 1785 2265 1839 di-

2375 604 2477 659 εει,
2504 600 2683 647 utrum
2732 610 2795 648 ea
2844 610 2938 664 per
2976 612 3132 667 quam
3180 601 3539 668 proponimus,
3575 602 3748 656 omnis
3790 602 3944 658 homo

2374 689 2604 757 injustus
2652 702 2757 757 est,
2804 709 2871 747 an
2926 705 3071 750 certe
3110 698 3318 767 negatio
3360 699 3695 764 universalis,
3739 716 3800 755 ea
3832 717 3946 770 quat

2378 793 2481 849 est,
2540 786 2714 840 nullus
2765 786 2923 841 homo
2950 790 3126 856 justus
3175 800 3275 845 est.
3307 790 3564 847 Similiter
3614 794 3773 848 etiam
3829 796 3945 850 huic

2378 877 2729 946 propositioni
2763 895 2880 947 qum
2933 892 3034 947 est,
3080 883 3271 937 Callias
3309 886 3475 951 iustus
3524 896 3625 949 est,
3658 887 3945 955 propositio

2374 983 2492 1036 quae
2554 973 2844 1040 proponit,
2884 973 3079 1029 Callias
3130 976 3354 1045 iniustus
3412 987 3527 1043 est,
3583 994 3649 1031 an
3705 995 3764 1034 ea
3832 997 3946 1050 qua:

2373 1061 2543 1129 dicit,
2600 1062 2794 1119 Callias
2840 1066 3015 1136 justus
3065 1084 3169 1123 non
3225 1080 3337 1133 est,
3393 1072 3659 1127 c0utratia
3711 1084 3812 1127 est.
3877 1074 3946 1128 De

2372 1166 2476 1221 qua
2505 1168 2565 1208 re
2597 1155 2733 1209 hanc
2786 1156 2925 1211 viam
2966 1158 3341 1226 disputationis
3370 1162 3705 1230 ingreditur:
3739 1179 3860 1217 nam
3904 1165 3947 1217 si

2371 1259 2455 1308 ea,
2510 1245 2701 1312 inquit,
2759 1262 2878 1316 quae
2930 1260 3053 1304 sunt
3107 1251 3157 1304 in
3214 1268 3345 1307 voce
3398 1252 3501 1306 illis
3547 1269 3666 1322 qum
3720 1266 3845 1309 sunt
3895 1256 3947 1309 in

2372 1335 2548 1389 anima
2589 1336 2932 1403 famulantur,
2975 1340 3159 1410 hisque
3210 1344 3260 1397 in
3312 1343 3698 1413 signiﬁcatione
3723 1362 3945 1401 consen~

2373 1427 2546 1494 tiunt,
2606 1444 2830 1485 necesse
2889 1442 2973 1485 est
3005 1434 3227 1502 utquod
3273 1435 3323 1489 in
3371 1436 3709 1504 opinionibus
3749 1440 3941 1493 anima:

2371 1520 2655 1589 reperitur,
2704 1521 2806 1576 hoc
2833 1523 2971 1578 idem
3022 1526 3237 1580 evenire
3270 1526 3507 1581 videatur
3538 1528 3590 1581 in
3619 1544 3770 1595 voce,
3806 1531 3943 1599 quod

2370 1611 2416 1666 si
2447 1610 2553 1666 illic
2581 1613 2628 1667 ei
2667 1613 2905 1680 Opinioni
2933 1631 3050 1683 qua:
3089 1616 3379 1670 arbitratur
3417 1633 3629 1673 omnem
3674 1619 3940 1675 hominem

2365 1701 2570 1773 justum
2616 1719 2737 1759 csse
2784 1706 2873 1760 illa
2928 1706 3110 1776 opinio
3162 1713 3403 1777 opposita
3452 1721 3567 1777 est,
3628 1723 3680 1765 et
3728 1712 3815 1765 illa
3864 1723 3943 1768 est

2370 1795 2606 1851 maxime
2635 1799 2904 1853 contraria
2932 1815 3049 1867 quae
3079 1810 3226 1868 putat
3260 1817 3469 1856 onmem
3501 1803 3769 1858 hominem
3802 1805 3941 1876 inju-

694 1879 827 1932 vinaa
850 1877 1197 1933 suntscilicet
1224 1887 1279 1931 et
1305 1869 1671 1945 sempiternae.
1699 1878 1815 1931 Alia
1842 1893 1993 1942 vero,
2019 1880 2115 1945 ait,
2143 1889 2267 1934 sunt
2297 1869 2347 1931 Β
2374 1903 2384 1942 ε

2252 1889 2267 1934 ι
2297 1869 2347 1931 Β
2374 1897 2512 1942 stum
2544 1904 2685 1954 esse,
2731 1900 2786 1945 et
2815 1892 2865 1945 in
2910 1893 3129 1947 vocibus
3158 1909 3368 1963 quoque
3406 1894 3688 1949 afﬁrmatio
3730 1910 3792 1949 ea
3824 1869 3942 1964 quae

693 1985 809 2037 qua:
850 1976 975 2022 sunt
1018 1978 1137 2022 actu
1172 1983 1294 2022 cum
1338 1976 1625 2036 potestate,
1656 1969 1707 2023 id
1737 1978 1820 2022 est
1845 1984 1963 2039 qua:
1994 1977 2050 2024 et
2085 1980 2267 2026 actum

697 2063 910 2126 habent,
935 2069 989 2115 et
1011 2060 1292 2131 aliquando
1321 2059 1623 2115 habuerunt
1654 2070 1991 2130 potestatem,
2017 2070 2075 2116 ut
2106 2061 2268 2116 fabri-

691 2163 806 2210 cata
831 2155 941 2237 jam
969 2153 1180 2217 domus,
1218 2153 1499 2224 aliquando
1534 2155 1706 2224 potuit
1736 2155 2006 2219 fabricari,
2040 2163 2095 2210 et
2119 2154 2265 2225 prius

692 2247 877 2304 habuit
921 2258 1238 2318 potestatem
1295 2246 1587 2303 secundum
1637 2258 1868 2317 tempus,
1902 2258 2085 2318 postea
2137 2264 2266 2305 vero

692 2352 912 2408 actum;
959 2342 1053 2397 sed
1104 2350 1289 2395 natura
1330 2349 1481 2395 actus
1527 2342 1670 2409 prior
1698 2351 1782 2396 est
1833 2350 2118 2411 potestate.
2164 2346 2267 2397 Ars

692 2449 820 2488 vero
890 2434 1003 2501 ipsa
1047 2442 1220 2487 actum
1264 2433 1590 2501 cogitatione
1632 2433 1886 2502 praeripit,
1938 2434 2268 2504 formamque

693 2523 883 2578 domus
922 2522 1069 2591 prius
1098 2522 1199 2575 sibi
1242 2522 1354 2589 ipsa
1385 2522 1629 2589 designat
1666 2532 1719 2578 et
1746 2523 1908 2579 efﬁcit
1938 2542 1953 2590 ;
1981 2540 2145 2593 quare
2170 2542 2263 2580 na-

693 2623 809 2668 tura
854 2620 1005 2666 actus
1049 2614 1193 2681 prior
1233 2622 1314 2666 est
1366 2620 1659 2682 potestate,
1704 2625 1943 2685 potestas
1972 2630 2091 2671 actu
2122 2617 2265 2687 prior

691 2712 773 2759 est
798 2712 1057 2773 tempore.
1077 2703 1191 2757 Alia
1214 2718 1341 2757 vero
1363 2715 1508 2766 sunt,
1538 2705 1731 2775 inquit,
1759 2723 1877 2776 quae
1902 2718 2022 2763 actu
2050 2710 2265 2777 quidem

693 2808 959 2865 nunquam
988 2804 1131 2860 sunt,
1158 2809 1369 2862 semper
1390 2804 1565 2849 autem
1596 2806 1719 2850 sunt
1750 2807 2033 2867 potestate,
2064 2810 2122 2855 ut
2164 2817 2265 2856 nu-

694 2900 874 2943 merus
922 2886 1157 2941 inﬁnitus
1194 2886 1405 2956 quidem
1458 2895 1561 2953 est,
1594 2888 1733 2956 quod
1784 2903 1903 2942 cum
1958 2906 2170 2960 semper
2212 2892 2265 2946 in

693 2981 950 3037 inﬁnitum
985 2982 1157 3050 possis
1188 2994 1403 3049 augere,
1431 2980 1523 3034 sed
1564 2990 1684 3033 actu
1730 2980 1964 3035 inﬁnitus
2012 2998 2118 3036 non
2162 2993 2264 3039 est.

691 3074 1070 3144 Quemcunque
1109 3074 1251 3130 enim
1303 3089 1578 3129 numerum
1610 3076 1923 3144 sumpseris,
1950 3086 2067 3131 actu
2093 3079 2269 3133 ﬁnitus

693 3178 805 3235 est;
842 3168 1130 3237 quemlibet
1159 3167 1301 3221 enim
1356 3167 1506 3222 dicas
1560 3183 1857 3233 numerum,
1918 3169 2062 3223 ﬁnita
2116 3170 2265 3224 illum

2370 1991 2472 2047 est,
2518 1985 2692 2038 omnis
2737 1986 2894 2037 homo
2921 1986 3091 2056 justus
3141 1998 3244 2052 εει,
3292 1991 3338 2043 ei
3392 1990 3732 2045 afﬁrmationi
3777 1992 3945 2060 magis

2369 2075 2636 2129 contraria
2680 2086 2763 2131 est
2788 2093 2907 2146 qua:
2939 2078 3094 2143 dixit,
3142 2082 3315 2134 omnis
3364 2082 3521 2136 homo
3573 2083 3803 2153 injuslus
3842 2096 3944 2139 est.

2369 2168 2521 2233 Quod
2564 2170 2608 2223 si
2651 2170 2701 2222 in
2751 2171 3090 2239 opinionibus
3137 2188 3240 2226 non
3296 2174 3409 2228 haec
3449 2176 3617 2244 magis
3662 2177 3945 2244 opponitur

2370 2263 2549 2331 potius
2573 2278 2730 2332 quam
2765 2263 2851 2316 illa
2883 2278 3002 2331 qua:
3042 2265 3189 2330 dicit,
3224 2266 3398 2320 nullus
3433 2269 3591 2320 homo
3627 2270 3800 2336 justus
3841 2278 3942 2333 est,
3982 2284 3985 2287 '

2368 2362 2424 2410 et
2453 2354 2504 2408 in
2535 2354 2755 2408 vocibus
2798 2370 3008 2424 quoque
3044 2355 3329 2411 afﬁrmatio
3359 2357 3675 2412 universalis
3706 2358 3944 2413 videatur

2369 2459 2491 2500 esse
2511 2446 2800 2511 contraria,
2833 2457 3071 2516 utraeque
3097 2463 3222 2518 ergo
3252 2458 3304 2503 et
3334 2448 3620 2503 afﬁrmatio
3642 2466 3761 2519 quae
3792 2450 3941 2516 dicit,

2370 2539 2546 2594 omnis
2576 2539 2735 2593 homo
2772 2540 3000 2610 injustus
3026 2550 3127 2605 est,
3159 2550 3214 2595 et
3256 2542 3469 2611 negatio
3502 2558 3619 2610 qure
3650 2543 3798 2609 dicit,
3831 2545 3941 2597 nul-

2371 2634 2456 2690 lus
2485 2636 2645 2688 homo
2672 2633 2852 2704 justus
2889 2642 2992 2697 est,
3033 2644 3188 2688 erunt
3225 2634 3507 2687 contraria:
3546 2634 3597 2689 ei
3632 2649 3750 2704 qua:
3790 2634 3941 2701 dicit,

2370 2728 2552 2781 omnis
2593 2724 2753 2779 homo
2778 2723 2955 2794 justus
2985 2732 3088 2779 est.
3121 2723 3271 2791 Quod
3312 2736 3488 2779 autem
3518 2724 3669 2790 dicit,
3717 2726 3855 2791 quod
3896 2725 3945 2780 si

2371 2834 2546 2888 neque
2578 2818 2687 2873 illic
2719 2818 2973 2874 contrarii
3013 2819 3247 2889 opinatio
3276 2819 3542 2872 contraria
3573 2826 3676 2874 est.
3708 2816 3834 2872 Tale
3864 2826 3945 2873 est

2371 2912 2513 2966 enim
2526 2909 2729 2981 justum
2760 2924 2881 2965 €556
2903 2921 2956 2966 et
2989 2912 3098 2979 ioju
3132 2920 3241 2965 tum
3272 2925 3412 2977 esse,
3445 2926 3748 2980 quanquam
3773 2912 3842 2966 sit
3863 2926 3945 2966 se-

2369 3000 2601 3057 cundum
2648 3001 2883 3056 habitum
2915 3008 2970 3055 et
3011 3002 3384 3071 privationem,
3424 3001 3729 3069 praedicatio
3769 3012 3945 3055 tamen

2370 3090 2486 3147 haec
2516 3107 2677 3159 nunc,
2703 3092 2753 3147 id
2784 3101 2867 3148 est
2899 3090 3153 3160 iniustum
3183 3107 3321 3157 esse,
3359 3108 3453 3161 pro
3479 3094 3752 3148 contrario
3782 3093 3944 3147 sumi-

2374 3194 2476 3240 tur.
2511 3186 2649 3255 Ergo
2680 3186 2725 3239 si
2756 3186 2809 3238 in
2848 3184 3189 3254 opinionibus
3229 3185 3509 3251 contrarii,
3557 3186 3606 3239 id
3653 3196 3736 3241 εει
3765 3184 3944 3255 injusti

694 3261 1048 3315 numerositas
1077 3272 1296 3313 necesse
1327 3270 1409 3313 est
1438 3259 1839 3328 complectatur,
1865 3268 1921 3313 ut
1956 3260 2140 3316 decem
2182 3263 2269 3319 vel
2297 3249 2345 3311 C
2373 3292 2384 3331 ε

2253 3263 2269 3319 ι
2297 3249 2345 3311 c
2373 3275 2657 3331 slﬁrmatio
2686 3278 2952 3331 contraria
2985 3292 3090 3331 non
3128 3286 3232 3340 est,
3283 3292 3388 3330 non
3418 3276 3522 3331 erit
3550 3285 3605 3331 et
3642 3279 3695 3331 in
3724 3278 3943 3332 voribus

692 3360 924 3406 centum.
974 3349 1219 3403 lnﬁnitus
1262 3363 1388 3403 vero
1436 3349 1634 3405 idcirco
1676 3359 1759 3404 est
1798 3358 2080 3420 potestate,
2126 3354 2267 3421 quod

693 3460 815 3500 eum
839 3443 1010 3511 possis
1043 3443 1218 3497 facere
1246 3442 1299 3495 in
1332 3443 1592 3496 infinitum
1640 3456 2010 3509 concrescere,
2047 3459 2153 3500 non
2191 3455 2267 3501 ta-

693 3550 815 3591 men
847 3541 904 3588 ut
930 3534 1148 3602 quilibet
1168 3543 1290 3587 actu
1322 3532 1391 3588 sit
1423 3548 1678 3589 numerus
1706 3534 1967 3591 iulinitus.

690 3662 805 3713 WB
836 3663 987 3704 MAGIS
1012 3663 1165 3703 APTE
1193 3663 1612 3705 ENUNTIATIONES
1639 3665 1955 3707 CONTBARIE
1984 3669 2267 3712 DICANTUR.

768 3740 950 3796 Utrum
966 3754 1135 3795 autem
1158 3744 1414 3796 contraria
1435 3752 1507 3797 est
1523 3744 1789 3813 aﬂirmatio
1812 3748 2087 3817 negationi,
2102 3767 2169 3804 an
2189 3755 2273 3821 af-

694 3835 917 3904 ﬁrmatio
930 3835 1273 3904 aﬂ‘irmationi,
1290 3845 1337 3888 et
1354 3837 1539 3901 oratio,
1554 3846 1608 3889 ut
1628 3853 1741 3907 qua
1761 3839 1885 3893 dicit
1911 3844 2093 3906 omnis,
2118 3844 2271 3898 homo

692 3930 859 3994 iustus
879 3936 974 3990 est,
999 3926 1045 3979 ei
1073 3942 1190 3993 qua:
1206 3937 1302 3992 εει,
1320 3927 1492 3981 nullus
1514 3928 1663 3982 homo
1675 3932 1850 4001 justus
1887 3940 1977 3995 est,
2002 3949 2069 3987 an
2108 3938 2273 3990 omnis

694 4020 846 4072 Itomo
858 4020 1034 4089 justus
1054 4028 1150 4086 εει,
1171 4018 1216 4072 ei
1235 4034 1349 4088 qua:
1377 4028 1472 4086 εει,
1501 4023 1660 4075 omnis
1684 4023 1832 4076 homo
1853 4024 2075 4095 injustas
2097 4036 2187 4093 εει,
2217 4038 2273 4082 ut

694 4109 888 4166 Callias
901 4114 1075 4181 justus
1095 4119 1192 4175 εει,
1206 4110 1395 4165 Callias
1409 4114 1583 4184 justus
1604 4117 1704 4167 n'on
1724 4124 1818 4184 est,
1838 4113 2029 4172 Callias
2051 4119 2270 4190 injustas

690 4212 785 4258 εει.
812 4204 1055 4271 Quantam
1071 4202 1255 4257 harum
1274 4207 1530 4258 contraria
1544 4216 1638 4259 εει.
1660 4204 1800 4259 Nam
1819 4210 1862 4259 si
1877 4222 1938 4259 ea
1956 4224 2070 4277 qua:
2084 4221 2198 4262 sunt
2218 4210 2274 4263 in

691 4312 806 4351 uoce
824 4308 1105 4366 sequuntur
1124 4313 1182 4350 ea
1202 4313 1315 4363 quo:
1336 4309 1449 4351 sunt
1472 4298 1525 4351 in
1544 4300 1737 4362 anima,
1756 4300 1864 4353 illic
1884 4310 2051 4353 autem
2072 4312 2273 4354 contra-

691 4393 773 4445 ria
793 4398 866 4445 εει
889 4391 1063 4457 opinio
1085 4392 1350 4455 contrarii,
1374 4404 1429 4443 ut
1455 4392 1616 4444 omnis
1632 4390 1781 4443 homo
1788 4393 1964 4461 justus
1986 4403 2079 4459 εει,
2098 4395 2143 4446 ei
2161 4410 2274 4462 qua

693 4494 790 4549 εει,
822 4474 985 4537 omn‘is
1014 4484 1162 4536 homo
1192 4484 1407 4553 injustas
1434 4493 1526 4546 est,
1559 4484 1711 4537 etiam
1741 4486 1794 4536 in
1824 4485 1903 4538 his
1930 4501 2044 4554 qua:
2072 4496 2189 4539 sunt
2221 4488 2273 4539 in

692 4590 807 4629 uoce
834 4575 1275 4645 aﬁirmationibus,
1302 4592 1498 4631 necesse
1543 4588 1615 4630 εει
1656 4577 1890 4630 similitrr
1916 4594 2023 4631 εεεε
2068 4578 2270 4632 habere.

694 4665 844 4732 Quod
868 4667 913 4719 si
935 4682 1095 4734 neque
1112 4664 1221 4719 illic
1244 4669 1487 4721 contrarii
1516 4668 1739 4738 Opinatio
1772 4672 2032 4723 contraria
2057 4680 2154 4733 est,
2177 4687 2270 4724 nec

690 4758 960 4827 a/ﬁrmatio
986 4758 1310 4828 aﬂirmationi
1350 4762 1605 4813 contraria
1650 4761 1765 4826 erit,
1799 4762 1887 4815 sed
1915 4777 1972 4814 ea
1993 4778 2106 4829 (μίαν
2132 4763 2269 4815 dicta

699 4859 795 4917 εει,
829 4851 1045 4919 negatio.
1076 4849 1249 4915 Quare
1273 4852 1692 4905 considerandum
1714 4864 1786 4905 cst
1813 4869 1927 4922 qua:
1945 4855 2113 4921 Opinio
2137 4853 2269 4919 falsa

691 4942 918 5011 opinioni
950 4958 1076 4996 verae
1102 4944 1358 4997 contraria
1387 4944 1473 5009 sit,
1508 4955 1679 4996 utrum
1707 4946 2009 5013 negationis,
2042 4963 2108 4998 an
2138 4957 2270 4999 certe

690 5050 750 5087 ca
796 5048 909 5101 qum
963 5033 1273 5086 contrarium
1328 5049 1434 5086 esse
1476 5035 1733 5101 opinatur.
1780 5033 1908 5088 Dico
1950 5045 2119 5090 autem
2171 5037 2267 5090 hoc

690 5125 862 5189 modo,
895 5133 968 5176 est
996 5124 1229 5193 quadam
1255 5124 1479 5191 Opinatio
1500 5141 1616 5177 vera
1656 5126 1790 5189 boni,
1813 5129 2046 5195 quoniam
2076 5128 2261 5182 bonum

690 5226 782 5273 εει.
810 5218 924 5270 Alia
944 5231 1058 5270 vero
1088 5217 1244 5286 falsa,
1271 5217 1510 5284 quoniam
1545 5218 1726 5272 bonum
1756 5229 1980 5283 nonest,
2007 5220 2112 5274 alia
2134 5238 2263 5291 quo-

690 5311 825 5362 niam
849 5312 1040 5363 malum
1059 5319 1155 5374 εει,
1182 5326 1416 5379 quamam
1441 5312 1622 5363 Irarum
1651 5312 1905 5365 contraria
1927 5323 2001 5367 εει
2032 5329 2180 5379 verit,
2217 5324 2265 5368 ει

690 5406 733 5456 si
753 5413 823 5457 est
847 5420 969 5469 una,
991 5403 1267 5456 secundum
1287 5419 1440 5471 quam
1463 5404 1739 5459 contraria.

762 5497 1057 5564 Propositio
1078 5496 1290 5565 quidem
1320 5497 1627 5566 quaestionis
1646 5496 1763 5551 talis
1784 5508 1885 5553 est.
1910 5498 2106 5566 Quaerit
2127 5501 2268 5555 enim

689 5588 940 5656 quoniam
992 5586 1115 5640 huic
1170 5590 1520 5657 propositioni
1564 5605 1682 5658 qua:
1720 5588 1870 5653 dicit,
1900 5592 2072 5645 omnis
2113 5591 2270 5646 homo

688 5678 866 5746 justus
892 5686 994 5741 εει,
1020 5692 1083 5733 ea
1120 5692 1237 5746 quae
1280 5680 1548 5747 proponit,
1579 5680 1756 5734 nullus
1789 5680 2145 5748 homojustus
2166 5689 2269 5745 est,

692 5779 744 5823 et
767 5785 950 5823 rursus
969 5784 1030 5822 ea
1051 5784 1169 5839 qua:
1191 5770 1338 5838 dicit,
1359 5774 1531 5826 omnis
1554 5772 1713 5826 homo
1734 5772 1959 5840 iniustus
1975 5781 2076 5838 est,
2092 5774 2273 5826 viden-

696 5872 777 5915 tur
807 5864 1082 5923 opposita),
1130 5877 1245 5922 quae
1298 5864 1485 5917 harum
1525 5865 1693 5927 magis
1730 5865 1988 5927 superiori
2039 5864 2270 5918 afﬁrma-

2370 3370 2640 3426 contraria
2658 3370 2964 3435 afﬁrmatio,
2994 3370 3086 3424 sed
3115 3370 3290 3439 potius
3319 3372 3530 3441 negatio
3555 3386 3671 3441 quae
3696 3380 3800 3436 est,
3824 3376 3943 3428 nul-

2373 3461 2457 3517 lus
2488 3461 2648 3515 homo
2693 3461 2871 3531 justus
2918 3470 3021 3516 est.
3049 3462 3245 3529 Quare,
3281 3462 3472 3531 inquit,
3501 3463 3945 3521 considerandum

2372 3561 2457 3609 εει
2474 3554 2558 3607 cui
2581 3553 2817 3622 opinioni
2854 3553 2999 3608 falsae
3024 3553 3205 3623 opinio
3238 3568 3361 3607 vera
3390 3555 3465 3609 sit
3490 3556 3777 3621 contraria,
3821 3572 3943 3611 nam

2372 3646 2421 3701 si
2448 3660 2551 3715 qua
2582 3660 2670 3700 res
2700 3644 2835 3700 bona
2853 3646 2944 3710 sit,
2970 3661 3152 3700 verum
3176 3657 3258 3699 est
3286 3646 3353 3699 de
3379 3660 3441 3700 ea
3462 3646 3661 3711 dicere,
3694 3648 3945 3715 quoniam

2374 3737 2572 3793 bonum
2612 3745 2717 3803 est,
2758 3745 2942 3792 contra
2973 3752 3129 3807 quam
3176 3737 3595 3807 propositionem
3631 3738 3819 3794 falsum
3865 3748 3947 3794 est

2373 3830 2575 3895 dicere,
2612 3830 2737 3900 quia
2784 3830 2981 3884 malum
3014 3840 3118 3895 est,
3149 3829 3339 3884 falsum
3368 3832 3529 3885 etiam
3562 3832 3681 3899 quia
3714 3847 3817 3885 non
3851 3832 3945 3885 bo-

2374 3937 2501 3978 num
2552 3930 2653 3976 est.
2697 3921 2802 3978 Sed
2832 3922 3120 3976 videndum
3162 3930 3245 3975 est
3286 3938 3403 3990 qua:
3436 3924 3624 3977 harum
3669 3924 3735 3977 sit
3783 3924 3949 3994 magis

2375 4017 2641 4072 contraria
2684 4030 2826 4070 vera:
2869 4015 3232 4081 afﬁrmationi,
3281 4031 3398 4085 quae
3431 4015 3559 4070 dicit
3598 4016 3795 4070 bonum
3831 4031 3949 4072 esse

2375 4109 2525 4181 quod
2550 4110 2745 4163 bonum
2774 4116 2885 4175 est;
2910 4117 3089 4161 utrum
3116 4106 3247 4160 falsa
3282 4108 3371 4161 illa
3399 4109 3666 4163 contraria
3695 4118 3799 4173 est,
3831 4124 3949 4177 qua:

2375 4202 2429 4257 id
2460 4202 2601 4271 quod
2646 4202 2842 4255 bonum
2879 4208 2961 4255 est
2986 4199 3110 4253 dicit
3137 4213 3256 4253 esse
3286 4200 3507 4263 malum,
3548 4215 3613 4253 an
3644 4214 3705 4254 ea
3737 4214 3856 4269 qua:
3898 4200 3948 4253 id

2376 4294 2518 4364 quod
2558 4293 2753 4347 bonum
2800 4301 2885 4346 est
2918 4292 3048 4345 dicit
3089 4306 3209 4346 esse
3252 4308 3354 4345 non
3393 4292 3611 4346 bonum.
3643 4294 3815 4360 Atque
3850 4292 3949 4347 hoc

2376 4396 2461 4440 est
2496 4385 2637 4454 quod
2688 4385 2782 4451 ait,
2828 4384 2950 4437 dico
2998 4393 3174 4439 autem
3218 4384 3320 4438 hoc
3362 4386 3558 4437 modo:
3585 4390 3670 4437 est
3706 4382 3948 4452 quaedam

2378 4476 2615 4545 opinatio
2656 4490 2781 4531 vera
2815 4475 2962 4541 boni,
3005 4476 3255 4545 quoniam
3299 4475 3493 4530 bonum
3538 4485 3640 4541 est,
3684 4474 3781 4529 alia
3822 4490 3949 4529 vero

2383 4572 2534 4638 falsa,
2581 4571 2831 4640 quoniam
2872 4584 2979 4624 non
3022 4570 3218 4624 bonum
3250 4580 3354 4635 est,
3387 4570 3491 4623 alia
3518 4584 3669 4634 vero,
3700 4569 3950 4631 quoniam

2380 4664 2578 4719 malum
2614 4672 2715 4717 est.
2759 4662 3013 4728 Quaenam
3043 4676 3170 4729 ergo
3214 4666 3397 4716 harum
3442 4660 3710 4715 contraria
3753 4670 3834 4715 est
3863 4675 3949 4715 ve-

2380 4747 2477 4821 rae,
2514 4755 2574 4809 id
2609 4765 2690 4810 est
2719 4763 2895 4808 utrum
2932 4769 2992 4807 ea
3046 4768 3163 4823 qua:
3202 4764 3358 4821 negat
3398 4753 3449 4806 id
3483 4752 3625 4823 quod
3658 4759 3773 4822 est,
3795 4765 3861 4804 an
3891 4766 3950 4804 ea

2379 4865 2499 4920 quae
2525 4850 2672 4917 ponit
2694 4850 2745 4903 id
2769 4848 2907 4918 quod
2935 4863 3039 4903 non
3064 4858 3179 4915 est,
3206 4864 3326 4918 qua:
3356 4847 3523 4917 magis
3549 4847 3736 4902 harum
3768 4846 3816 4900 ei
3835 4861 3951 4915 qua

2378 4945 2509 4998 dicit
2538 4958 2679 5008 esse,
2724 4943 2775 4996 id
2807 4941 2945 5013 quod
2981 4952 3065 4995 est
3115 4943 3361 4996 videatur
3390 4956 3509 4996 esse
3538 4941 3829 5005 contraria,
3863 4954 3951 4994 re-

2381 5036 2696 5106 quirendum
2728 5044 2829 5088 est.
2875 5034 2977 5089 Sed
3008 5034 3147 5103 quod
3181 5035 3264 5088 his
3302 5034 3494 5102 adjecit
3528 5043 3581 5089 et
3612 5035 3655 5088 si
3709 5042 3791 5087 est
3827 5047 3953 5095 una,

2370 5127 2669 5182 secundum
2710 5141 2867 5196 quam
2910 5127 3198 5191 contraria,
3255 5128 3361 5181 tale
3408 5135 3511 5181 est.
3552 5125 3951 5180 Contrariorum

2372 5219 2477 5273 alia
2509 5229 2635 5272 sunt
2666 5218 2912 5273 habentia
2963 5219 3220 5286 medium,
3255 5220 3357 5272 alia
3399 5233 3533 5272 vero
3564 5227 3688 5271 sunt
3720 5232 3826 5271 non
3861 5218 3952 5270 ha-

2372 5312 2578 5367 bentia.
2611 5311 2677 5365 Et
2719 5311 2929 5366 illorum
2957 5327 3076 5382 quae
3124 5312 3343 5375 habent,
3377 5311 3423 5365 si
3468 5310 3586 5380 quis
3620 5327 3782 5365 unum
3821 5327 3949 5365 con-

2374 5407 2592 5462 trarium
2642 5417 2816 5475 neget,
2851 5421 2958 5460 non
3010 5421 3231 5461 necesse
3274 5416 3357 5460 est
3398 5420 3493 5475 per
3534 5406 3678 5460 illam
3716 5406 3950 5477 negatio-

2374 5514 2496 5555 nem
2546 5498 2675 5552 illttd
2718 5498 2859 5553 aliud
2904 5497 3231 5553 contrarium
3273 5498 3594 5564 intelligere.
3644 5498 3778 5553 Nam
3821 5511 3949 5566 quo-

2375 5589 2516 5644 niam
2542 5591 2679 5645 inter
2703 5589 2880 5644 album
2906 5604 2957 5643 et
2980 5590 3185 5658 nigrum
3214 5600 3297 5643 est
3319 5589 3540 5659 aliquid,
3569 5589 3613 5643 si
3640 5590 3761 5658 quis
3788 5588 3945 5649 dicat,

2375 5697 2481 5736 non
2513 5690 2595 5735 est
2625 5681 2825 5747 album,
2851 5695 2956 5734 non
2988 5680 3188 5734 idcirco
3220 5681 3428 5749 nigrum
3463 5694 3582 5733 esse
3610 5677 3925 5732 monstravit

2374 5772 2556 5827 Potest
2596 5772 2736 5826 enim
2779 5786 2898 5827 esse
2945 5781 2998 5825 et
3039 5771 3279 5825 rubrum.
3328 5771 3393 5825 Et
3423 5769 3677 5840 quidquid
3719 5765 3861 5822 aliud
3895 5766 3947 5821 in

2378 5866 2556 5921 talium
2587 5866 2977 5920 contrariorum
3010 5864 3299 5920 medietate
3330 5864 3563 5919 locatum
3594 5873 3694 5917 est.
3738 5860 3791 5914 lu
3834 5860 3947 5915 illis
