4280 6268
350 410 451 461 585

1138 414 1204 470 IN
1240 415 1496 487 LIBRUM
1536 413 1622 472 DE
1662 412 2300 480 INTERPRETATIONE
2342 422 2566 481 EDITIO
2604 416 2835 484 PRIMA;

3498 426 3600 485 38f.

350 539 475 575 vero
520 525 806 580 contrariis
836 540 953 597 qua:
982 527 1155 581 medio
1194 539 1400 593 carent.
1441 527 1574 581 nihil
1609 528 1786 583 differt
1835 546 1929 586 ne-
1952 536 2003 594 Δ
2035 536 2207 592 ιίοηεε
2246 549 2368 593 sunt
2399 539 2705 605 contrariae,
2741 556 2846 594 non
2880 556 2944 595 eo
2982 541 3121 611 quod
3154 552 3278 598 sunt
3307 547 3603 599 contrario-

346 633 471 685 gare
509 634 620 671 rem
655 621 1001 688 prOpt)sit:tm,
1039 634 1104 674 an
1131 621 1397 674 aflirmare
1435 622 1792 675 contrariam.
1828 622 1923 677 Ni-

349 708 421 761 hil
456 709 597 762 enim
632 710 808 763 diﬁ’crt
839 710 1014 765 dicere
1045 710 1181 763 diem
1223 726 1326 764 non
1376 724 1493 764 esse
1532 727 1688 779 quam
1739 712 1917 766 dicere

348 812 556 854 not-tem
591 817 727 855 esse.
755 802 861 855 Hoc
888 814 968 856 est
999 804 1139 857 enim
1162 804 1299 858 diem
1334 820 1435 858 non
1467 821 1605 868 esse,
1634 806 1772 874 quod
1798 821 1921 861 esse

349 898 581 949 unetcm.
637 895 775 947 Nihil
816 897 957 949 enim
1005 906 1088 951 est
1122 900 1259 952 inter
1309 910 1516 954 noctem
1548 912 1710 970 atque
1752 900 1920 956 diem.

353 986 491 1055 Ergo
524 989 572 1040 iu
599 988 680 1042 his
702 988 983 1043 afﬁrmatio
1010 995 1258 1047 contrarii
1293 993 1432 1049 idem
1468 997 1629 1061 valet,
1662 998 1805 1067 quod
1844 999 1925 1053 rei

352 1081 630 1147 propositae
664 1082 913 1148 negatio;
948 1098 1075 1151 ergo
1116 1100 1253 1137 nunc
1283 1085 1382 1138 hoc
1415 1086 1580 1140 dicit:
1618 1090 1831 1142 etiamsi
1870 1090 1924 1144 in
1957 1111 1966 1118 ·

348 1168 628 1238 aliquibus,
689 1172 880 1240 inquit,
938 1174 1069 1227 tales
1112 1175 1923 1246 propositiones.inveniuntur,

348 1274 485 1318 utet
518 1267 726 1335 negatio
770 1268 847 1322 rei
892 1270 1198 1336 propositae,
1246 1280 1302 1324 et
1331 1270 1625 1327 affirmatio
1668 1274 1927 1328 contrarii

350 1359 487 1413 idem
520 1361 708 1424 valeat,
744 1370 799 1413 et
829 1362 934 1415 sint
970 1379 1087 1416 unae
1120 1362 1533 1432 significatione.
1567 1366 1926 1431 Quzerendum

350 1458 433 1504 est
466 1451 757 1505 secundum
782 1467 940 1520 quam
973 1456 1391 1508 enuntiationem
1431 1456 1729 1523 prolio~itio
1762 1456 1929 1526 magis

347 1553 432 1594 est
464 1543 753 1609 contraria,
786 1559 852 1595 an
886 1544 1174 1597 secundum
1206 1561 1321 1598 eam
1355 1562 1473 1613 qua:
1506 1547 1634 1601 dicit
1667 1564 1770 1601 non
1809 1563 1929 1603 esse

346 1632 512 1694 diem,
549 1648 613 1687 an
647 1635 936 1688 secundum
968 1652 1084 1689 eam
1110 1653 1229 1706 qua:
1253 1639 1501 1706 proponit
1532 1654 1653 1694 esse
1688 1651 1923 1694 noctem.

351 1726 778 1793 lnvestigandum
832 1728 989 1796 igitur
1046 1738 1127 1782 est
1177 1745 1292 1797 qua:
1360 1730 1572 1795 harum,
1622 1742 1923 1800 quanquam

351 1834 511 1872 unum
547 1829 770 1887 utraque
802 1821 1088 1888 signiﬁcet,
1117 1822 1283 1889 magis
1319 1832 1401 1875 est
1432 1824 1699 1876 contraria
1724 1826 1769 1877 ei
1802 1840 1923 1893 quw

2031 647 2167 694 rum,
2201 633 2294 686 sed
2327 633 2507 702 potius
2550 648 2616 688 eo
2647 635 2789 703 quod
2815 635 2880 689 de
2907 652 3009 689 uno
3035 639 3331 707 eodemque
3364 637 3604 707 subjecto

2028 727 2313 779 cnntraria:
2357 725 2727 793 suSpicantur,
2776 729 2904 780 utsi
2940 730 3055 795 quis
3094 729 3160 783 de
3199 732 3338 783 bono
3370 732 3604 797 suSpicc-

2028 824 2114 871 tur
2143 818 2393 885 quoniam
2438 818 2635 871 bonum
2668 826 2773 886 est,
2805 829 2856 871 et
2888 834 3075 871 I'UI'SIIS
3128 819 3261 873 alius
3304 820 3370 874 de
3417 820 3604 874 eodem

2029 910 2169 964 bono
2199 911 2453 979 quoniam
2490 911 2683 963 malum
2715 918 2818 973 est,
2869 910 2980 961 ham
3029 919 3153 962 sunt
3194 911 3458 965 contraria
3490 927 3605 979 qum

2029 1019 2173 1057 vera:
2203 1003 2359 1057 simul
2383 1020 2503 1058 esse
2526 1018 2629 1057 non
2656 1012 2900 1072 possunt.
2938 1004 3001 1058 Et
3031 1003 3099 1056 de
3132 1005 3321 1059 eodem
3346 1005 3604 1070 ειιιιῇνειο,

2032 1095 2083 1150 id
2122 1106 2205 1150 est
2254 1096 2416 1159 bono,
2474 1111 2615 1150 nunc
2660 1097 2821 1160 bene,
2856 1111 2997 1150 nunc
3041 1111 3172 1150 vero
3220 1097 3383 1162 male,
3430 1096 3481 1150 id
3529 1103 3605 1150 est

2030 1187 2312 1241 c0utraria:
2336 1189 2697 1258 suspicantur.

2104 1277 2164 1331 Si
2192 1293 2311 1347 ergo
2344 1277 2479 1342 boni,
2512 1279 2755 1356 quoniam
2781 1280 2968 1333 bonum
2991 1288 3089 1345 est,
3117 1279 3345 1347 opinatio
3374 1288 3466 1344 εει,
3508 1280 3607 1335 n'ia

2029 1385 2165 1425 vero.
2194 1370 2431 1438 quoniam
2463 1387 2564 1423 non
2608 1379 2678 1424 εει
2710 1370 2923 1424 bonum.
2966 1370 3061 1425 Est
3098 1386 3214 1423 vrro
3263 1381 3311 1424 et
3350 1371 3453 1424 alia
3484 1388 3607 1439 quov

2031 1462 2168 1513 niam
2218 1461 2363 1513 aliud
2405 1461 2603 1529 aliquid
2651 1473 2743 1527 εει,
2779 1463 2915 1530 quod
2960 1479 3062 1515 non
3104 1472 3199 1526 est,
3249 1478 3407 1529 neque
3451 1470 3608 1531 potest

2030 1570 2155 1607 esse.
2189 1554 2421 1606 Aliarum
2450 1554 2654 1623 quidem
2686 1555 2831 1609 nulla
2866 1554 3103 1623 ponenda
3139 1563 3237 1620 εει,
3285 1570 3440 1625 neque
3472 1570 3609 1623 qua-

2030 1663 2227 1715 cunque
2260 1662 2366 1699 esse
2388 1648 2523 1713 quod
2548 1663 2647 1699 non
2670 1655 2744 1701 est
2774 1648 3068 1717 opinantur,
3107 1662 3265 1715 neque
3294 1664 3609 1715 quicumque

2027 1756 2127 1791 non
2148 1756 2254 1792 esse
2274 1740 2410 1809 quod
2432 1750 2523 1793 εει.
2560 1736 2819 1808 (Inﬁnita!
2849 1742 2981 1793 enim
3015 1752 3239 1809 utrmque
3261 1751 3398 1804 sunt,
3426 1748 3472 1793 et
3500 1755 3608 1807 qua

2027 1846 2133 1883 esse
2173 1830 2449 1900 opinantur
2482 1830 2621 1899 quod
2652 1847 2751 1883 non
2801 1839 2895 1897 εει,
2943 1842 2990 1884 ει
3022 1846 3134 1898 qua
3182 1848 3279 1883 nn
3328 1846 3434 1882 esse
3475 1833 3608 1898 quod

352 1911 476 1968 dicit
507 1925 626 1964 esse
648 1911 819 1973 diem;
847 1911 945 1963 hoc
970 1922 1049 1964 est
1080 1912 1220 1965 enim
1247 1914 1385 1982 quod
1419 1913 1511 1967 ait.
1542 1914 1606 1967 Et
1636 1915 1678 1967 si
1710 1925 1793 1969 est
1825 1932 1924 1969 una
1960 1932 2006 1991 Β
2034 1923 2126 1987 εει)
2155 1920 2242 1974 sed
2272 1922 2323 1973 in
2350 1921 2530 1989 quibus
2564 1920 2779 1987 fallacia
2810 1930 2904 1975 est.
2933 1920 3030 1975 Ηιε
3058 1930 3225 1974 autem
3254 1929 3390 1985 sunt,
3415 1936 3480 1974 ex
3499 1920 3607 1989 qui.

352 2001 642 2057 secundum
681 2016 837 2070 quam
861 2004 1143 2068 contraria,
1183 2003 1233 2061 id
1261 2012 1364 2070 est,
1404 2015 1458 2060 et
1489 2007 1532 2059 si
1574 2023 1732 2060 unum
1758 2008 1929 2078 signi-

354 2094 586 2148 ﬁCabttttl
625 2094 904 2162 aliquando
953 2096 1027 2147 rei
1064 2095 1276 2165 negatio
1313 2108 1367 2151 et
1409 2098 1661 2152 contrarii
1694 2099 1929 2153 afﬁrma—

357 2187 450 2246 tio,
480 2188 764 2239 secundum
789 2202 945 2255 quam
972 2186 1162 2241 harum
1202 2189 1370 2257 magis
1402 2200 1484 2244 est
1506 2191 1771 2245 contraria
1807 2207 1929 2260 pro-

354 2277 547 2346 pOsitio
580 2278 837 2347 superiori
882 2283 1169 2348 prepositae
1200 2283 1571 2337 enuntiationi.
1646 2324 1651 2329 .

427 2378 563 2433 Nam
613 2380 849 2434 arbitrari
897 2383 1179 2434 contrarias
1224 2383 1484 2452 Opinione:
1532 2382 1739 2450 deﬁniri
1775 2385 1827 2435 in
1870 2399 1928 2437 eo

350 2474 483 2541 quod
527 2472 897 2525 contrariorum
934 2482 1071 2535 sunt,
1097 2473 1285 2541 [uisum
1327 2482 1418 2529 εει.
1478 2472 1611 2525 Βωιὶ
1649 2476 1781 2527 enim
1810 2492 1931 2542 qua-

353 2563 489 2616 niam
528 2562 711 2615 bonum
745 2573 839 2627 est,
876 2572 921 2615 et
962 2562 1081 2614 mali
1107 2563 1349 2633 quoniam
1390 2563 1581 2617 malum
1620 2577 1711 2629 εει,
1754 2567 1927 2618 eadem

355 2655 569 2724 fortasse
609 2654 780 2725 Opinio
810 2664 881 2707 est
926 2665 973 2708 et
1004 2670 1139 2721 vera,
1180 2656 1282 2708 sive
1322 2654 1513 2722 plures,
1545 2656 1647 2709 sive
1694 2674 1796 2710 una
1836 2659 1922 2711 sit.

357 2745 489 2799 Sunt
532 2758 704 2799 autem
737 2746 834 2798 ista
870 2746 1153 2808 contraria,
1202 2747 1289 2798 sed
1330 2762 1428 2798 non
1468 2747 1521 2799 in
1550 2763 1607 2799 eo
1630 2747 1764 2816 quod
1806 2765 1929 2801 cou-

355 2842 631 2889 trariorum
670 2846 787 2888 sunt
821 2836 1099 2899 contraria,
1139 2836 1227 2888 sed
1260 2837 1422 2903 magis
1460 2837 1511 2889 in
1542 2853 1599 2890 eo
1638 2839 1773 2907 quod
1807 2854 1927 2891 con-

354 2938 522 2979 (rane.

424 3027 823 3081 Contrariorum
876 3036 1115 3081 naturam
1166 3030 1314 3097 prius
1364 3038 1510 3083 recte
1559 3028 1923 3095 determinat,

353 3118 442 3185 qui
492 3118 560 3172 de
600 3118 882 3172 contrariis
933 3118 1386 3187 propositionibus
1437 3129 1645 3174 tractat.
1700 3120 1933 3188 Quidam

356 3210 499 3263 cuitu
558 3220 871 3278 putaverunt
934 3212 1231 3265 contrarias
1281 3227 1401 3267 esse
1443 3214 1755 3281 Opinioues,
1809 3230 1927 3284 qua:

2035 2014 2125 2067 bus
2157 2022 2271 2065 sunt
2302 2014 2672 2081 generationes,
2724 2029 2788 2066 ea:
2819 2013 3063 2083 oppositis
3094 2028 3211 2065 vero
3241 2020 3361 2065 sunt
3396 2027 3607 2081 genera-

2035 2106 2213 2157 tiones.
2251 2105 2419 2166 Quare
2441 2104 2590 2157 etiam
2614 2104 2856 2173 fallaciaz.

2106 2193 2271 2263 llujus
2288 2195 2583 2264 argumenti
2616 2194 2937 2262 principium
2965 2204 3070 2259 est,
3103 2209 3209 2258 quo
3242 2210 3336 2262 pro
3366 2194 3608 2247 confesso

2033 2288 2200 2340 utitur
2241 2280 2295 2341 et
2326 2287 2571 2355 probato,
2604 2286 2746 2354 quod
2793 2285 2950 2338 unius
2992 2285 3066 2340 rei
3104 2286 3251 2353 plura
3300 2294 3455 2354 atque
3488 2285 3606 2337 inli-

2036 2378 2139 2430 uita
2187 2394 2288 2431 non
2337 2378 2542 2444 possint
2585 2391 2705 2430 esse
2760 2378 3024 2431 contraria
3054 2418 3067 2439 ,
3117 2392 3281 2447 quare
3326 2375 3483 2430 unius
3534 2375 3605 2428 rei

2033 2485 2195 2524 unum
2222 2470 2324 2523 erit
2345 2469 2694 2523 contrarium.
2729 2468 2822 2523 Est
2851 2485 2976 2538 ergo
3000 2469 3185 2539 opinio
3209 2469 3334 2524 boni
3355 2470 3603 2539 quoniam

2034 2562 2231 2617 bonum
2264 2570 2365 2626 est,
2400 2573 2455 2617 et
2502 2565 2614 2617 haec
2654 2578 2783 2617 vera
2812 2574 2924 2629 est;
2964 2574 3046 2619 est
3086 2579 3268 2619 rursus
3300 2564 3424 2619 boni
3473 2579 3605 2633 quo-

2034 2660 2170 2712 niam
2207 2661 2399 2714 honum
2427 2676 2528 2715 non
2552 2669 2652 2723 est,
2686 2669 2744 2717 et
2774 2660 2890 2715 hac
2932 2660 3061 2715 falsa
3099 2672 3202 2716 est.
3234 2661 3415 2716 Potest
3444 2660 3601 2715 etiam

2031 2765 2151 2805 esse
2181 2767 2300 2822 quae
2334 2761 2485 2821 putct
2517 2767 2638 2807 esse
2678 2753 2876 2808 bonum
2934 2752 2985 2807 id
3019 2753 3159 2822 quod
3197 2768 3301 2807 non
3334 2762 3437 2818 est,
3473 2762 3529 2807 ut
3555 2756 3598 2807 si

2030 2846 2150 2913 quis
2182 2844 2323 2899 dicat
2351 2844 2403 2898 id
2433 2845 2573 2913 quod
2607 2854 2688 2900 est
2725 2847 2918 2900 bonum
2978 2846 3229 2912 quoniam
3265 2845 3459 2898 malum
3492 2853 3598 2909 est,

2031 2934 2114 2987 vel
2146 2936 2396 3003 quoniam
2421 2936 2689 3004 quantitas
2716 2945 2816 3001 est,
2850 2938 2932 2991 vel
2962 2938 3209 3005 quoniam
3238 2937 3434 3007 aliquid
3460 2937 3601 3006 quod

2032 3044 2135 3081 non
2178 3040 2279 3083 est.
2321 3029 2427 3083 Sed
2476 3029 2592 3084 Ιιῖεε
2617 3045 2730 3098 qua:
2763 3031 2830 3085 de
2874 3032 3014 3085 bono
3056 3029 3159 3086 dici
3201 3040 3443 3100 possunt,
3482 3046 3601 3100 qua:

2031 3120 2202 3188 ipsum
2239 3121 2433 3174 bonum
2476 3138 2580 3175 non
2611 3122 2735 3183 sint,
2770 3122 2973 3176 inﬁnita
3005 3132 3149 3177 sunt.
3189 3124 3391 3177 Rursus
3419 3136 3603 3191 possu-

2030 3225 2148 3264 mus
2178 3210 2243 3264 de
2285 3210 2425 3265 bono
2466 3212 2710 3267 arbitrari
2766 3213 2932 3267 multa
2965 3229 3070 3267 non
3119 3228 3257 3274 esse.
3299 3229 3417 3284 qua:
3456 3223 3599 3268 sunt.

353 3302 461 3355 sint
518 3308 900 3356 contrariarum
954 3317 1155 3371 rerum,
1190 3305 1330 3372 quod
1370 3304 1688 3360 Aristoteles
1734 3315 1923 3375 negat;
1954 3309 2000 3372 c
2036 3303 2239 3357 Bonum
2289 3303 2430 3357 enim
2475 3304 2613 3372 quod
2660 3306 2939 3360 honestum
2987 3315 3067 3360 est
3109 3320 3389 3376 possumus
3427 3306 3607 3361 dicere

354 3396 480 3449 dicit
509 3398 651 3451 enim
678 3397 858 3451 falsam
882 3412 1003 3452 csse
1032 3397 1419 3466 definitionem,
1454 3416 1571 3467 qua:
1603 3399 1928 3454 determinat

355 3506 443 3545 eas
471 3506 593 3545 esse
630 3493 926 3546 contrarias
964 3491 1269 3562 opiniones,
1309 3508 1428 3563 qua:
1470 3500 1594 3548 sunt
1633 3494 1929 3547 contraria-

356 3600 470 3636 rum
504 3599 699 3638 rerum.
737 3584 867 3637 Nam
902 3598 1022 3637 cum
1054 3584 1122 3637 sit
1154 3584 1480 3638 cnutrarium
1525 3583 1725 3639 bonum
1761 3585 1926 3654 malo,

358 3691 637 3742 possumus
681 3677 880 3731 habere
926 3676 1229 3745 opinionem
1263 3676 1330 3730 de
1364 3678 1504 3731 bono
1537 3677 1787 3744 quoniam
1834 3678 1929 3730 bo-

358 3786 482 3823 num
515 3780 616 3837 est,
651 3780 705 3823 et
734 3772 846 3824 lucc
870 3786 997 3824 vera
1021 3780 1138 3835 est;
1178 3784 1460 3839 possumus
1492 3786 1675 3825 rursus
1708 3771 1757 3823 id
1788 3770 1931 3839 quod

359 3866 555 3915 malum
588 3874 671 3917 est
700 3872 887 3930 putare
912 3862 1124 3927 malum,
1153 3872 1205 3916 et
1230 3863 1343 3917 hazc
1372 3877 1556 3917 rursus
1588 3878 1709 3917 vera
1737 3872 1838 3928 est,
1879 3871 1935 3916 et

360 3955 644 4025 opiniones
666 3954 878 4024 quidem
913 3955 1059 4021 boui,
1082 3954 1332 4024 quoniam
1366 3955 1562 4010 bonum
1596 3964 1698 4021 εει,
1733 3962 1787 4010 ει
1808 3954 1936 4008 mali

359 4049 615 4118 quoniam
649 4048 843 4101 malum
891 4058 992 4117 est,
1031 4051 1415 4104 contrariarum
1457 4065 1633 4103 rerum
1665 4059 1823 4115 sunt;
1856 4059 1937 4104 ta-

360 4157 488 4195 men
521 4150 760 4209 utrzeque
787 4150 910 4194 sunt
941 4156 1099 4195 verte.
1130 4141 1234 4195 Sed
1264 4140 1548 4196 contrarian
1580 4151 1817 4209 utrmque
1850 4157 1937 4195 ve-

362 4251 438 4288 rae
468 4248 587 4289 esse
620 4248 724 4288 non
766 4244 1009 4303 possunt.
1045 4232 1201 4288 Falso
1232 4235 1393 4305 igitur
1425 4236 1704 4290 deﬁnitum
1737 4244 1819 4290 est
1848 4248 1939 4287 eas

360 4340 483 4380 esse
524 4325 822 4379 contrarias
870 4326 1015 4394 Opini
1041 4342 1169 4387 mes,
1219 4340 1340 4391 quae
1384 4328 1778 4387 contrariarum
1832 4324 1941 4379 sint

360 4434 562 4471 rerum.
588 4418 737 4485 Quod
779 4429 954 4474 autem
998 4419 1093 4486 ait,
1124 4419 1246 4473 boni
1270 4420 1413 4473 enim
1454 4422 1703 4490 quoniam
1739 4420 1939 4474 bonum

362 4517 467 4571 est,
514 4517 569 4561 et
618 4509 740 4561 mali
776 4510 1024 4578 quoniam
1067 4512 1263 4564 malum
1321 4518 1426 4575 est,
1476 4510 1664 4565 eadem
1716 4511 1941 4566 fortasse

364 4599 546 4664 opinio
596 4610 676 4653 est
719 4607 775 4653 et
826 4615 970 4654 vera.
1006 4602 1110 4653 Aut
1142 4601 1190 4654 id
1225 4602 1363 4671 quod
1397 4601 1531 4655 dixit
1561 4602 1745 4656 eadem
1785 4602 1850 4655 ad
1885 4601 1935 4656 id

2033 3396 2285 3463 quoniam
2334 3396 2612 3451 honestum
2662 3411 2767 3452 non
2816 3409 2919 3464 est,
2956 3413 3239 3468 possumus
3276 3398 3453 3454 dicere
3483 3413 3607 3467 quo-

2034 3486 2175 3539 niam
2211 3485 2337 3540 utile
2386 3502 2491 3540 non
2534 3498 2636 3555 est,
2690 3504 2969 3557 possumus
3008 3506 3225 3559 quoque
3253 3491 3436 3546 dicere
3474 3504 3603 3560 quo.

2034 3578 2174 3631 niam
2198 3579 2552 3644 expetendum
2578 3590 2804 3649 nonest,
2831 3590 2883 3634 et
2911 3582 3014 3635 alia
3046 3581 3218 3647 plura.
3252 3581 3456 3636 Infinita
3480 3598 3608 3653 ergo

2034 3678 2152 3722 sunt
2181 3679 2236 3723 et
2267 3684 2327 3723 ea
2352 3686 2468 3739 quae
2495 3686 2774 3739 possumus
2795 3673 3044 3727 arbitrari
3074 3674 3139 3729 de
3169 3675 3327 3739 bono,
3359 3674 3607 3745 quoniam

2035 3769 2121 3813 est
2150 3758 2201 3811 id
2233 3759 2372 3829 quod
2400 3761 2594 3813 bonum
2631 3762 2803 3831 ipsmn
2838 3779 2941 3817 non
2971 3772 3071 3818 est.
3107 3765 3171 3818 Et
3199 3780 3258 3818 ca
3286 3782 3402 3833 quae
3427 3764 3610 3834 opina-

2038 3872 2156 3909 mur
2180 3871 2285 3910 non
2315 3871 2433 3909 esse
2473 3856 2668 3911 bonum
2702 3858 2839 3926 quod
2871 3868 2974 3922 cst,
3020 3873 3080 3912 ea
3108 3875 3317 3928 quoque
3353 3874 3476 3915 sunt
3502 3861 3609 3915 inﬁ-

2040 3948 2173 4002 nita.
2216 3947 2391 4014 Quare
2437 3963 2535 4002 nec
2580 3963 2639 4000 ea
2687 3964 2804 4016 qua:
2853 3958 3002 4016 putat
3043 3950 3223 4017 opinio
3254 3952 3448 4004 bonum
3493 3967 3611 4007 esse

2039 4041 2181 4111 quod
2223 4056 2328 4094 non
2363 4048 2464 4103 cst,
2499 4054 2595 4093 nec
2623 4054 2682 4092 ea
2715 4055 2833 4105 qua:
2864 4048 3013 4109 putat
3045 4056 3149 4093 non
3179 4054 3298 4094 esse
3337 4042 3476 4108 quod
3506 4051 3609 4107 est,

2039 4132 2089 4188 ei
2139 4131 2373 4201 opinioni
2423 4131 2665 4198 ponenda
2714 4140 2798 4184 est
2832 4146 2951 4186 esse
2989 4133 3275 4194 contraria,
3313 4150 3430 4201 quae
3468 4143 3611 4197 putat

2040 4225 2238 4280 bonum
2266 4228 2397 4277 esse‘
2418 4222 2557 4291 quod
2587 4223 2782 4278 bonum
2813 4232 2912 4277 est.
2941 4223 3051 4278 Hoc
3076 4223 3214 4278 enim
3239 4233 3330 4291 εει,
3346 4224 3483 4295 quod
3510 4227 3608 4278 ait:

2040 4319 2281 4374 Aliarum
2312 4318 2528 4386 quidem
2574 4317 2719 4372 nulla
2750 4317 2995 4387 ponenda
3026 4330 3130 4383 est,
3171 4333 3339 4389 neque
3367 4334 3613 4387 quaecun-

2042 4426 2145 4481 que
2172 4426 2292 4467 esse
2312 4410 2454 4480 quod
2484 4426 2588 4464 non
2612 4422 2694 4465 est
2718 4411 2989 4480 opinatur,
3026 4420 3081 4463 ut
3109 4410 3347 4465 dicamus
3375 4410 3441 4465 de
3476 4410 3613 4463 bono

2043 4504 2295 4573 quoniam
2342 4503 2537 4555 malum
2584 4511 2684 4566 est,
2730 4502 2812 4556 vel
2845 4502 3051 4565 inutile,
3097 4502 3183 4555 vel
3225 4511 3396 4566 turpe,
3449 4515 3614 4567 neque

2042 4610 2373 4663 quaecunque
2400 4608 2504 4647 non
2532 4608 2649 4648 esse
2678 4594 2817 4661 quod
2860 4603 2961 4656 est,
2996 4601 3057 4646 ut
3080 4594 3122 4646 si
3152 4593 3217 4646 de
3255 4592 3442 4647 eodem
3476 4593 3615 4645 bono

365 4688 549 4742 retulit
571 4690 709 4756 quod
745 4700 863 4758 post
903 4701 1117 4744 secutus
1146 4701 1251 4754 est,
1287 4706 1409 4745 vera
1454 4706 1682 4761 namque
1713 4707 1852 4747 vera:
1886 4692 1939 4746 in
1968 4698 2055 4759 [)1

1924 4707 1939 4746 I
1968 4698 2021 4759 ι)
2043 4688 2303 4751 dicamus,
2336 4688 2533 4740 bonum
2562 4684 2921 4752 expetendum
2960 4700 3064 4738 non
3094 4694 3193 4743 est.
3226 4686 3419 4738 bonum
3451 4684 3614 4738 hone-

363 4792 433 4831 eo
463 4780 601 4849 quod
634 4795 771 4834 verae
802 4788 926 4834 sunt
946 4781 1132 4837 eadem
1159 4792 1301 4847 sunt,
1328 4792 1419 4835 aut
1449 4793 1593 4836 certe
1625 4784 1764 4852 quod
1800 4784 1942 4853 ejus-

363 4868 488 4922 dem
520 4878 661 4923 esset
689 4868 981 4939 opinionis,
1009 4871 1149 4939 quod
1184 4873 1379 4926 bonum
1414 4882 1579 4938 esset,
1612 4872 1807 4927 bonum
1840 4888 1938 4942 pu-

362 4969 500 5029 tare,
531 4964 669 5031 quod
697 4966 892 5016 malum
924 4974 1089 5028 esset,
1125 4966 1344 5020 malum.
1386 4966 1511 5022 Sive
1535 4977 1713 5021 autem
1752 4968 1938 5021 eadem
1977 4992 1989 5009 ο

361 5055 490 5116 sint,
535 5056 645 5109 sive
695 5058 895 5125 plures,
940 5059 1207 5111 contraria
1239 5074 1358 5114 esse
1401 5074 1507 5114 non
1554 5068 1823 5129 pmerunt,
1862 5060 1943 5111 id-

360 5146 506 5199 circo
546 5148 793 5215 quoniam
845 5148 1002 5203 simul
1055 5164 1197 5205 verae
1243 5160 1389 5205 sunt.
1444 5150 1579 5205 Sunt
1620 5160 1797 5205 autem
1842 5151 1939 5204 ista

359 5242 653 5303 contraria,
681 5243 771 5295 sed
814 5257 918 5297 nou
954 5258 1021 5297 eo
1053 5245 1192 5312 quod
1226 5244 1617 5298 contrariorum
1643 5245 1747 5297 sint
1804 5259 1938 5297 con-

360 5332 542 5386 traria;
567 5343 710 5397 sunt,
742 5334 836 5389 sed
871 5336 1042 5405 magis
1067 5351 1133 5390 eo
1162 5336 1305 5406 quod
1336 5335 1643 5389 contrariae.
1678 5337 1817 5389 Sunt
1846 5349 1941 5387 au-

360 5437 491 5492 tem,
534 5425 725 5495 inquit,
773 5427 896 5490 ista,
938 5427 1144 5482 scilicet
1193 5443 1313 5496 qua:
1355 5427 1565 5481 suntin
1597 5424 1940 5493 Opinionibus

357 5536 386 5569 ιε
428 5517 650 5581 utraria,
701 5530 804 5569 non
846 5526 1027 5571 tamen
1072 5521 1339 5571 contraria
1369 5516 1583 5586 quando
1637 5518 1938 5571 contrario-

357 5627 477 5664 rum
512 5619 655 5670 sunt,
694 5610 788 5662 sed
822 5609 995 5677 potius
1035 5611 1247 5680 quando
1284 5610 1352 5665 de
1384 5627 1487 5665 uno
1519 5612 1816 5681 eodemque
1859 5610 1938 5663 di-

356 5715 520 5755 verso
553 5701 709 5753 modo
740 5710 795 5754 et
830 5705 1116 5755 contrarian
1149 5705 1508 5770 suspicantur,
1547 5702 1645 5756 hoc
1680 5712 1762 5756 est
1793 5703 1936 5756 enim

356 5797 498 5864 quod
524 5797 615 5848 ait.
648 5796 782 5848 Sunt
814 5805 991 5850 autem
1024 5798 1119 5850 ista
1153 5799 1443 5863 contraria,
1488 5815 1546 5851 ea
1582 5798 1786 5851 scilicet
1818 5811 1936 5865 qua

359 5890 411 5941 in
455 5888 645 5941 anima:
672 5889 1010 5957 opinionibus
1047 5890 1217 5957 posita
1252 5901 1393 5957 sunt,
1427 5904 1652 5960 quorum
1682 5887 1969 5970 proposio'

2046 4790 2183 4834 stqu
2227 4793 2329 4831 non
2362 4786 2463 4831 est.
2512 4776 2736 4830 lnﬁnitae
2776 4781 2917 4829 enim
2965 4786 3203 4844 utraeque
3233 4787 3374 4841 sunt,
3424 4786 3474 4830 et
3503 4790 3618 4842 qua

2045 4888 2164 4927 esse
2189 4872 2473 4938 Opinantnr
2503 4869 2641 4937 quod
2678 4885 2781 4922 non
2818 4878 2914 4932 est,
2950 4877 3002 4923 et
3031 4884 3149 4939 quae
3200 4886 3304 4924 non
3333 4885 3451 4925 esse
3480 4869 3617 4939 quod

2046 4973 2144 5020 est.
2178 4963 2272 5017 Ha:
2301 4963 2461 5032 igitur
2488 4961 2794 5029 reﬁciendae
2834 4970 2980 5025 sunt,
3014 4972 3067 5017 et
3099 4963 3160 5016 ad
3192 4964 3385 5017 nullam
3412 4974 3617 5017 contra-

2044 5056 2107 5109 rii
2130 5053 2438 5125 opinionem
2472 5052 2766 5117 sumenda',
2792 5053 3041 5120 quoniam
3074 5052 3295 5107 infinitae
3325 5064 3469 5115 sunt,
3502 5070 3619 5106 c..m

2046 5164 2254 5217 semper
2278 5148 2670 5201 contrariorum
2698 5146 2965 5215 oppositio
2988 5148 3054 5200 sit
3084 5147 3249 5201 ﬁnita.
3285 5146 3620 5213 Quaecunque

2045 5251 2222 5296 autem
2263 5240 2546 5296 contraria:
2584 5224 2845 5310 ponenda‘:
2892 5240 2999 5293 sint
3043 5239 3342 5305 opiniones,
3384 5239 3613 5307 sequitur

2044 5332 2226 5387 dicens
2263 5348 2277 5386 :
2311 5332 2415 5387 Sed
2463 5333 2514 5386 in
2559 5332 2749 5401 quibus
2801 5339 2885 5384 est
2925 5331 3151 5395 fallacia,
3188 5331 3266 5383 hac
3295 5341 3469 5385 autem
3498 5338 3620 5384 sunt

2044 5438 2107 5478 ex
2141 5423 2222 5476 his
2249 5438 2313 5478 ex
2343 5424 2541 5492 quibus
2568 5430 2691 5476 sunt
2734 5429 2787 5474 et
2813 5421 3206 5489 generationes.
3242 5420 3319 5473 Ex
3364 5421 3619 5490 oppositis

2043 5530 2168 5569 vero
2190 5517 2589 5585 generationes,
2624 5528 2789 5579 quare
2824 5511 2983 5566 etiam
3018 5511 3223 5564 fallacia
3256 5512 3515 5579 opinioni,
3545 5514 3619 5566 iu-

2045 5608 2181 5678 quit,
2202 5608 2268 5662 de
2293 5608 2436 5662 bono
2457 5604 2710 5676 quoniam
2740 5604 2939 5657 bonum
2962 5613 3065 5666 est,
3100 5603 3362 5655 contraria
3392 5604 3477 5656 illa
3506 5604 3619 5657 sola

2047 5703 2287 5770 ponenda
2336 5711 2436 5762 est,
2486 5698 2538 5752 in
2570 5712 2668 5765 qua
2719 5698 2945 5764 primmn
2998 5696 3200 5748 fallacia
3237 5702 3520 5766 repetitur.
3567 5701 3618 5752 ln

2045 5810 2145 5861 qua
2190 5802 2363 5845 autem
2398 5791 2603 5844 fallacia
2639 5790 2863 5855 primum
2897 5790 3215 5857 reperiatur,
3262 5793 3496 5845 ostendit
3527 5806 3619 5858 per

2044 5886 2095 5941 id
2125 5883 2265 5951 quod
2294 5884 2428 5937 dixit
2457 5901 2468 5937 :
2502 5883 2576 5938 Ex
2606 5883 2797 5951 quibus
2826 5899 2947 5944 sunt
2992 5894 3044 5940 et
3074 5886 3447 5951 generarione:
3476 5885 3619 5936 falla-
