4280 6268
626 358 722 420 3δῖ

1858 362 1971 419 AN.
2010 361 2214 419 nam.
2254 346 2406 419 sev.
2436 358 2655 417 εοετιι

3784 366 3887 428 588

625 484 705 538 cia
749 468 997 538 facillime
1037 482 1319 551 reperitur.
1364 479 1652 536 Generatio
1695 484 1839 535 enim
1878 493 2091 550 semper
2130 494 2199 535 ex
2228 485 2280 543 Λ
2307 489 2409 547 εει,
2442 492 2589 538 recte
2620 482 2709 537 illa
2754 483 2924 552 magis
2956 483 3083 537 falsa
3115 484 3332 550 dicitur,
3365 499 3487 555 quae
3508 487 3799 541 secundum
3834 501 3896 542 se

624 575 880 646 oppositis
906 586 1015 638 est;
1049 575 1259 644 quoties
1284 574 1425 628 enim
1456 572 1653 643 aliquid
1688 574 1745 628 fit
1775 573 1981 639 album,
2012 590 2116 627 non
2145 573 2206 627 fit

623 684 687 724 ex
727 667 889 733 dulci,
934 680 1032 722 nec
1069 681 1133 721 ex
1165 665 1322 733 duro,
1371 681 1467 721 nec
1496 682 1560 723 ex
1596 666 1820 736 liquido,
1857 667 1951 721 sed
1982 680 2049 721 ex
2096 680 2200 721 non

622 761 761 815 albo.
796 759 860 814 Et
879 760 1019 828 quod
1052 759 1207 816 dulce
1231 758 1309 825 lit,
1343 774 1447 813 non
1487 759 1545 812 fit
1572 774 1638 815 ex
1667 761 1865 825 calido,
1908 775 2083 828 neque
2111 758 2206 813 fri-

619 856 762 927 gido,
798 867 895 908 nec
943 854 1113 925 nigro,
1161 869 1259 909 nec
1297 867 1362 907 ex
1395 853 1502 906 ulla
1544 852 1645 907 alia
1679 852 1955 921 qualitate,
2009 852 2107 907 uisi
2137 866 2203 907 ex

620 948 719 1004 sibi
767 947 1035 1017 opposito,
1066 947 1117 1001 id
1145 958 1228 1003 est
1274 963 1377 1000 non
1408 945 1574 1001 dulci.
1624 945 1935 1013 Eodemque
1961 944 2119 998 modo
2150 944 2203 997 in

620 1040 738 1095 aliis
764 1054 883 1095 sese
926 1055 1013 1095 res
1053 1039 1230 1094 habet.
1259 1039 1450 1093 Omnis
1480 1051 1609 1106 ergo
1637 1037 1916 1106 generatio
1946 1051 2011 1091 ex
2050 1049 2117 1091 eo
2148 1035 2205 1089 fit

621 1134 763 1205 quod
790 1151 893 1189 non
927 1132 1045 1200 fuit,
1091 1142 1149 1187 ut
1174 1133 1332 1189 dulce
1357 1148 1419 1188 ex
1456 1147 1560 1187 non
1589 1130 1758 1196 dulci,
1790 1132 1967 1184 album
2000 1146 2064 1184 ex
2097 1144 2204 1187 non

620 1230 763 1293 albo,
809 1229 1039 1284 calidum
1070 1243 1131 1283 ex
1168 1243 1273 1281 non
1319 1226 1516 1282 calido.
1546 1226 1723 1294 Quare
1757 1226 1800 1278 si
1827 1224 2205 1295 generationes

619 1320 831 1391 quidem
860 1336 924 1375 ex
955 1319 1216 1388 Oppositis
1245 1329 1391 1385 sunt,
1439 1319 1491 1373 in
1527 1318 1609 1373 his
1654 1329 1834 1372 autem
1866 1327 1948 1372 est
1994 1316 2201 1372 fallacia

620 1416 673 1470 in
705 1415 897 1484 quibus
928 1422 1053 1467 sunt
1082 1414 1474 1481 generationes,
1511 1412 1615 1467 erit
1658 1412 1710 1466 in
1742 1410 2003 1479 Oppositis
2034 1409 2203 1480 prima

618 1504 845 1559 fallacia.
881 1503 1057 1558 Prima
1102 1518 1332 1574 namque
1369 1500 1579 1557 fallacia
1627 1512 1708 1557 est
1749 1517 1855 1556 non
1885 1515 2071 1570 putare
2107 1502 2205 1556 ali-

618 1597 743 1670 quid
771 1612 890 1654 esse
914 1596 1056 1669 quod
1097 1606 1200 1652 est.
1242 1595 1483 1651 Secunda
1528 1606 1715 1666 putare
1759 1611 1882 1650 esse
1911 1594 2050 1663 quod
2094 1610 2199 1649 non

617 1701 721 1762 est,
746 1704 802 1747 ut
834 1694 887 1745 in
917 1705 982 1745 eo
1012 1690 1152 1761 quod
1194 1700 1274 1745 est
1308 1689 1503 1743 bonum
1549 1690 1719 1758 prima
1754 1687 1957 1742 fallacia
1987 1698 2069 1743 est
2099 1703 2201 1756 pu-

618 1797 733 1842 tare
764 1784 891 1840 illud
924 1800 1026 1839 non
1063 1799 1181 1839 esse
1210 1784 1430 1839 bonum.
1458 1781 1703 1838 Secunda
1728 1782 1927 1836 malum
1956 1797 2078 1836 esse
2105 1798 2198 1835 ar-

2308 576 2439 632 falsa
2490 590 2594 645 est,
2652 579 2700 633 id
2734 592 2816 634 est
2863 596 2983 649 quae
3026 580 3076 635 id
3129 591 3289 650 negat
3326 582 3466 651 quod
3510 582 3804 636 secundum
3838 598 3896 638 se

2310 686 2494 726 verum
2527 682 2630 729 est.
2660 674 2800 743 Ergo
2842 687 2905 729 ea
2949 691 3067 747 quin
3105 686 3188 730 est
3231 678 3482 746 quoniam
3539 692 3641 730 no.
3686 692 3763 731 εει
3803 678 3897 729 ho-

2311 782 2436 821 num
2462 768 2599 847 quod
2635 770 2829 823 bonum
2853 782 2955 837 εει,
2980 770 3269 823 secundum
3304 784 3361 822 se
3385 769 3733 823 consistentis
3768 767 3899 821 falsa

2308 869 2411 912 est.
2443 859 2522 913 Ad
2551 858 2690 929 quod
2726 860 2892 913 tendit
2922 869 3031 914 tota
3065 860 3309 927 supeziOr
3337 869 3731 931 argumentatio
3773 874 3899 912 ρους

2309 952 2455 1005 tinua
2506 950 2866 1020 disputatione
2912 953 3202 1007 subnectit.
3244 955 3495 1022 ~upet-ius
3526 954 3666 1006 enim
3696 951 3899 1005 dictum

2309 1053 2394 1098 est
2421 1044 2726 1114 opinionem
2761 1060 2875 1097 eam
2902 1060 3021 1113 qua:
3047 1054 3196 1114 putat
3226 1048 3422 1098 bonum
3452 1060 3593 1107 esse,
3626 1043 3768 1114 quod
3802 1042 3899 1096 bo-

2310 1150 2436 1189 num
2476 1145 2579 1199 est,
2612 1135 2902 1191 secundum
2953 1151 3012 1191 se
3042 1152 3195 1201 esse;
3227 1152 3396 1205 quare
3430 1136 3516 1190 illa
3548 1134 3733 1205 opinio
3779 1151 3899 1205 qua!

2306 1226 2434 1282 dicit
2462 1243 2565 1281 non
2582 1242 2703 1283 esse
2716 1216 2912 1283 bonum
2940 1229 3080 1298 quod
3115 1228 3307 1282 bonum
3333 1240 3435 1293 est,
3461 1228 3593 1281 falsa
3618 1239 3722 1292 εει,
3747 1240 3799 1281 ει
3831 1227 3897 1282 de

2307 1333 2366 1373 ea
2392 1332 2449 1372 re
2476 1317 2604 1371 falsa
2635 1328 2736 1384 est,
2764 1334 2884 1389 quae
2913 1320 3205 1373 secundum
3231 1335 3289 1373 se
3320 1335 3441 1372 vera
3475 1318 3899 1373 est.Secundum

2307 1425 2363 1465 sc
2384 1412 2526 1464 enim
2571 1425 2693 1465 vera
2714 1412 2799 1466 εει
2825 1411 3006 1480 ομίιιίο
3032 1428 3153 1482 quae
3198 1424 3346 1480 putat
3378 1413 3572 1464 bonum
3604 1428 3724 1466 esse
3755 1410 3897 1481 quod

2305 1503 2503 1559 bonum
2541 1517 2645 1572 est,
2697 1521 2817 1575 quae
2868 1522 2998 1560 vero
3048 1508 3339 1560 arbitratur
3380 1522 3485 1560 neu
3536 1521 3657 1561 esse
3692 1506 3893 1561 bonum

2305 1596 2444 1665 quod
2476 1598 2671 1650 bonum
2701 1606 2805 1664 εει,
2834 1598 2951 1665 ejus
2984 1614 3103 1668 quae
3146 1599 3443 1653 secundum
3492 1614 3552 1653 se
3600 1608 3701 1666 εει,
3756 1599 3894 1654 veri-

2304 1696 2469 1741 tatem
2515 1688 2784 1757 opinionis
2836 1689 3129 1757 intercipit.
3188 1691 3317 1742 Mm
3367 1689 3563 1743 houum
3592 1705 3712 1743 esse
3753 1689 3895 1760 quod

2304 1778 2501 1833 bonum
2542 1790 2645 1847 est,
2675 1781 2916 1850 quisquis
2943 1783 3194 1850 opinatur
3236 1781 3528 1835 secundum
3569 1782 3732 1850 ipsius
3762 1782 3887 1835 boni

618 1880 800 1937 bitrari
830 1879 971 1950 quod
1001 1879 1198 1934 bonum
1241 1887 1344 1933 εει.
1409 1876 1670 1943 Quocirca
1704 1874 1817 1929 illic
1849 1873 2080 1929 maxime
2106 1890 2198 1943 po-
2229 1866 2278 1925 B
2306 1881 2549 1925 naturam
2583 1872 2742 1927 habet
2774 1872 3106 1941 Opinionem,
3142 1884 3301 1942 atque
3349 1873 3466 1926 ideo
3500 1874 3791 1928 secundum
3836 1890 3895 1929 se

617 1972 805 2035 nendaf
826 1982 909 2028 est
938 1971 1294 2025 contrarietas
1324 1966 1411 2027 ubi
1441 1980 1523 2023 est
1554 1967 1724 2035 prima
1763 1964 1999 2029 fallacia,
2031 1964 2084 2023 in
2117 1964 2200 2019 his

615 2076 793 2121 autem
850 2072 932 2119 est
982 2064 1149 2133 prima
1205 2060 1409 2115 fallacia
1457 2075 1522 2115 ex
1579 2059 1774 2128 quibus
1827 2058 2199 2127 generationes

615 2159 881 2213 oriuntur.
913 2155 1299 2210 Generationes
1342 2166 1474 2206 vero
1513 2150 1635 2205 dico
1665 2164 1788 2205 esse
1814 2164 1932 2218 qua:
1962 2148 2090 2202 fiunt
2130 2164 2197 2204 ex

616 2251 699 2305 his
727 2265 845 2320 qua:
877 2247 927 2303 id
958 2247 1100 2318 quod
1132 2246 1261 2300 fiunt
1285 2260 1388 2299 non
1422 2244 1653 2297 fuerunt.
1687 2240 2071 2297 Generaliones
2099 2257 2200 2295 au-

613 2352 721 2398 tem
756 2340 890 2395 fiunt
914 2354 981 2395 ex
1027 2337 1313 2407 oppositis,
1345 2336 1396 2390 in
1425 2333 1687 2404 OppOsilis
1727 2343 1807 2387 est
1836 2332 2001 2401 igitur
2027 2330 2195 2401 prima

614 2436 861 2501 fallacia;
908 2433 1003 2488 sed
1051 2431 1103 2486 in
1132 2430 1324 2501 quibus
1355 2438 1438 2483 est
1477 2428 1645 2498 prima
1689 2425 1919 2487 fallacia,
1965 2424 2196 2478 maxime

616 2527 886 2584 contraria
918 2526 1005 2581 illa
1038 2523 1283 2591 ponenda
1309 2533 1467 2576 sunt:
1497 2520 1742 2591 opposita
1776 2520 1938 2589 igitur
1968 2519 2197 2574 maxime

612 2621 880 2677 contraria
910 2625 1053 2682 sunt,
1100 2614 1194 2669 sed
1236 2614 1433 2668 bonum
1463 2627 1582 2668 esse
1626 2622 1680 2668 et
1709 2612 1902 2665 bonum
1938 2626 2043 2665 non
2076 2625 2196 2665 esse

611 2683 751 2782 οβ’ρο
784 2710 857 2764 ita
898 2716 1043 2763 sunt.
1080 2706 1280 2761 Bonum
1325 2704 1485 2775 igitur
1526 2720 1630 2758 non
1674 2717 1795 2757 εεεε
1843 2705 1890 2757 ei
1927 2703 2069 2771 quod
2114 2710 2197 2757 est

612 2804 808 2860 bonum
850 2816 968 2857 εεεε
998 2796 1322 2854 contrarium
1353 2806 1460 2863 εει,
1492 2812 1598 2850 non
1638 2794 1771 2850 illud
1801 2796 1941 2862 quod
1971 2804 2054 2850 est
2083 2810 2195 2849 ma-

611 2898 718 2953 lum
762 2911 905 2962 esse,
935 2894 1074 2966 quod
1108 2890 1299 2962 majori
1327 2889 1790 2959 argumentatione
1817 2887 2115 2942 confirmat.

680 2989 745 3048 Si
790 3004 909 3060 ergo
938 2986 1074 3057 quod
1106 2992 1291 3039 bonum
1314 2992 1408 3047 εει,
1439 2991 1484 3036 ει
1532 2982 1717 3034 bonum
1762 2988 1809 3034 et
1857 2996 1957 3034 non
2000 2980 2193 3034 malum

609 3097 700 3154 εει,
736 3096 781 3143 αι
823 3085 919 3138 hoc
960 3082 1166 3154 quidem
1208 3078 1486 3134 secundum
1516 3092 1589 3141 εε,
1618 3073 1749 3129 illud
1774 3090 1889 3129 vero
1918 3074 2192 3128 secundum

607 3182 862 3239 accidens.
887 3176 1082 3232 Accidit
1105 3174 1236 3229 enim
1261 3171 1307 3227 ei
1333 3170 1522 3224 malum
1556 3185 1654 3223 non
1682 3184 1808 3232 εεεε,
1835 3166 1998 3237 magis
2022 3176 2190 3220 autem

2306 1964 2587 2033 opiniones
2618 1964 2923 2034 hujusuodi
2971 1966 3353 2031 nominantur;
3408 1982 3573 2036 quate
3622 1968 3725 2022 erit
3778 1968 3895 2023 inec

2304 2074 2518 2127 quoque
2564 2059 2858 2114 secundum
2907 2076 2967 2115 se
3016 2054 3171 2126 falsa,
3225 2060 3478 2130 qumtialll
3504 2062 3795 2116 secundum
3838 2077 3896 2119 se

2282 2152 2491 2208 ηνετίιει
2515 2169 2540 2208 ε
2569 2153 2779 2208 videtur
2809 2152 3024 2207 auferre
3053 2153 3469 2222 propositionem
3497 2171 3510 2220 ;
3547 2154 3685 2208 idem
3714 2163 3892 2210 autem

2300 2244 2499 2300 bonum
2536 2245 2826 2300 secundum
2854 2247 3102 2301 accidens
3145 2258 3247 2310 εει,
3300 2263 3405 2300 non
3446 2248 3662 2301 malum.
3704 2235 3762 2300 Et
3795 2249 3893 2301 hoc

2301 2337 2367 2391 de
2396 2336 2536 2391 bono
2566 2353 2750 2391 verum
2781 2349 2863 2393 est
2894 2338 3100 2403 dicere,
3131 2339 3384 2407 quoniam
3419 2355 3524 2393 non
3556 2352 3635 2395 est
3672 2341 3892 2407 malum,

2298 2430 2390 2483 sed
2419 2443 2513 2485 acc
2533 2430 2834 2485 dentaliter.
2871 2429 3016 2484 Bono
3047 2431 3189 2484 enim
3224 2431 3415 2485 accidit
3450 2449 3481 2486 n
3524 2448 3557 2485 n
3602 2448 3722 2487 esse
3770 2448 3887 2487 ma-

2300 2520 2430 2587 lum,
2466 2524 2551 2577 illa
2606 2538 2733 2578 vero
2776 2539 2896 2594 quae
2942 2533 3091 2592 putat
3138 2525 3339 2578 malum
3373 2540 3491 2579 esse
3520 2527 3660 2595 quod
3697 2527 3890 2580 bonum

2299 2629 2400 2682 εει,
2433 2617 2607 2672 aufert
2640 2633 2743 2671 non
2776 2618 2977 2670 malum
3009 2617 3076 2670 ab
3102 2632 3167 2671 e0
3197 2617 3340 2687 quod
3375 2617 3579 2672 bonum
3602 2630 3703 2685 est,
3737 2632 3789 2674 et
3819 2620 3890 2674 in-

2301 2712 2498 2767 terimit
2529 2729 2638 2768 rem
2668 2712 2961 2767 secundum
2990 2711 3237 2765 accidens
3270 2728 3468 2777 veram,
3500 2728 3622 2767 vera
3658 2728 3889 2782 namque

2298 2813 2381 2859 est
2400 2805 2581 2875 opinio
2614 2820 2732 2875 quae
2780 2805 2908 2858 dtCll
2937 2819 3041 2858 non
3093 2820 3218 2858 esse
3264 2806 3461 2858 malum
3513 2807 3656 2874 quod
3695 2805 3888 2862 bonum

2297 2908 2397 2961 est,
2444 2899 2536 2953 sed
2574 2897 2867 2953 semiudum
2909 2899 3199 2962 accidens;
3248 2914 3416 2967 quare
3443 2901 3739 2953 secundum
3792 2916 3886 2955 ac-

2295 2994 2481 3047 cidens
2510 2993 2637 3046 falsa
2684 2994 2786 3047 erit
2815 3007 2877 3048 ea
2908 3008 3026 3061 qua:
3052 2991 3181 3045 dicit
3214 2993 3408 3045 malum
3431 3008 3552 3047 esse
3601 2994 3743 3064 quod
3792 2994 3888 3049 ho-

2295 3100 2422 3139 num
2470 3094 2571 3139 est.
2616 3085 2761 3138 lllatn
2800 3084 2943 3137 enim
2977 3084 3400 3153 propositionem
3450 3085 3588 3138 tollit
3636 3102 3755 3154 qua:
3802 3102 3885 3141 εε-

2294 3176 2528 3232 cundum
2562 3176 2811 3230 accidens
2863 3191 2987 3230 vera
3022 3188 3128 3231 εει.
3168 3177 3347 3243 Quare
3376 3178 3629 3243 quoniam
3674 3180 3886 3247 piopior

607 3276 660 3330 in
690 3286 991 3341 unoquoque
1020 3282 1138 3321 cera
1169 3275 1265 3328 εει,
1287 3278 1402 3335 qua
1429 3262 1711 3317 secundum
1737 3276 1788 3313 εε
1809 3270 1906 3324 εει,
1935 3267 1981 3312 ει
2031 3257 2186 3329 falsa,
2217 3254 2248 3320 (

2296 3279 2379 3325 est
2403 3284 2464 3323 ea
2491 3286 2609 3339 qua:
2638 3268 2927 3323 secundum
2961 3284 3018 3323 εε
3045 3279 3127 3323 εει
3158 3285 3316 3339 quam
3345 3283 3407 3323 ea
3435 3285 3553 3339 qu:e
3588 3270 3884 3325 secundum

609 3366 857 3439 siquidem
882 3374 929 3417 et
945 3376 1081 3425 vera,
1112 3375 1232 3430 ergo
1261 3375 1319 3412 ea
1348 3373 1461 3427 qua:
1486 3366 1580 3418 εει,
1612 3354 1853 3423 quoniam
1877 3370 1979 3406 non
2000 3359 2072 3405 εει
2102 3352 2189 3404 bo-

608 3474 731 3513 num
757 3456 889 3526 quod
914 3451 1101 3507 bonum
1130 3461 1222 3515 εει,
1254 3448 1534 3503 secundum
1564 3463 1617 3500 εε
1645 3446 1777 3516 falsa
1805 3456 1901 3500 εει.
1937 3444 2039 3499 Illa
2072 3460 2188 3499 vero

607 3570 718 3627 quia
740 3562 834 3618 εει,
865 3550 1105 3622 quoniam
1134 3545 1347 3611 malum,
1385 3555 1456 3598 εει
1500 3541 1619 3615 ejus'
1648 3558 1763 3613 qua:
1806 3550 1879 3595 εει
1908 3540 2186 3594 secundum

608 3648 861 3707 accidens.
892 3646 1065 3712 Quare
1084 3640 1246 3711 magis
1272 3640 1367 3694 erit
1409 3639 1546 3709 falsa
1588 3637 1651 3690 de
1693 3634 1821 3689 bona
1861 3651 1929 3696 ea,
1959 3648 2075 3703 qua:
2116 3641 2187 3686 est
2244 3718 2248 3722 _

608 3741 890 3814 negationis
921 3736 1116 3805 opinio,
1145 3749 1295 3803 quam
1316 3746 1377 3785 ea
1401 3744 1517 3800 qua:
1543 3738 1616 3783 εει
1655 3726 1917 3780 contrarii.

677 3829 992 3888 Persubtilis
1032 3825 1426 3897 argumentatio
1452 3821 1539 3876 tali
1572 3830 1779 3876 ratione
1810 3819 2032 3873 formata
2062 3826 2141 3872 est
2169 3832 2181 3845 ο

607 3928 825 3989 bonum,
850 3922 1042 3995 inquit,
1065 3932 1119 3977 et
1149 3920 1342 3975 bonum
1366 3925 1469 3981 est,
1494 3925 1549 3971 et
1578 3930 1683 3969 nou
1708 3914 1928 3980 malum,
1957 3925 2184 3981 quorum

606 4038 767 4079 unum
816 4016 1108 4075 secundum
1134 4030 1191 4069 se
1230 4022 1284 4068 et
1331 4010 1591 4081 proxime,
1635 4017 1689 4063 et
1735 4006 2046 4061 natucaliter
2076 4011 2183 4071 est,

605 4114 708 4168 hoc
735 4110 935 4165 Sl‘incel
963 4106 1101 4177 quod
1136 4106 1330 4159 bonum
1358 4111 1460 4164 est,
1506 4101 1734 4155 alterum
1764 4112 1892 4154 vero
1937 4108 2020 4152 est
2041 4094 2185 4150 acci-

604 4204 906 4268 dentaliter,
934 4200 984 4255 id
1031 4206 1114 4254 est
1150 4196 1291 4266 quod
1315 4196 1513 4249 malum
1540 4209 1644 4247 non
1670 4200 1773 4246 est.
1811 4189 2182 4245 Areiditenim

604 4300 654 4354 ei
698 4295 837 4367 quod
892 4272 1085 4347 bonum
1117 4298 1222 4354 est,
1258 4301 1314 4342 ut
1344 4290 1539 4340 malum
1575 4301 1679 4339 non
1722 4288 1831 4349 sit;
1872 4299 1999 4353 ergo
2039 4282 2181 4353 quod

602 4393 801 4448 bonum
850 4398 930 4443 est
963 4384 1253 4440 naturalius
1302 4381 1459 4436 habet
1492 4382 1689 4433 bonum
1722 4393 1841 4433 esse
1885 4392 2042 4447 quam
2077 4392 2183 4430 non

603 4500 723 4541 esse
746 4483 965 4537 malum.
1001 4477 1135 4532 Illud
1159 4476 1300 4531 enim
1333 4472 1625 4529 secundum
1649 4486 1710 4525 se
1752 4470 1909 4536 inest,
1947 4469 2074 4523 illud
2104 4468 2186 4540 (ut

601 4575 799 4630 dictum
829 4573 933 4643 est)
964 4568 1259 4625 secundum
1283 4565 1552 4621 accidens.
1580 4562 1731 4631 Quod
1754 4563 1797 4616 si
1831 4562 1932 4616 hoc
1960 4571 2063 4622 εει,
2092 4575 2179 4614 νε-

2293 3362 2565 3426 accidens,
2590 3361 2795 3416 falsitas
2825 3363 2941 3428 ejus
2970 3379 3088 3432 qua:
3118 3362 3413 3417 secundum
3444 3378 3501 3416 se
3527 3374 3606 3417 est
3645 3362 3886 3418 fallacior

2293 3460 2397 3512 erit
2420 3472 2482 3511 ea
2515 3455 2745 3509 falsitate
2774 3470 2896 3525 qua:
2931 3456 3224 3509 secundum
3266 3457 3515 3510 accitlen‘
3546 3466 3646 3510 est.
3684 3456 3789 3511 Sed
3822 3472 3885 3512 ea

2291 3568 2409 3622 qua:
2442 3568 2507 3621 pu
2535 3562 2588 3605 at
2619 3569 2721 3605 non
2756 3566 2876 3606 esse
2913 3552 3107 3605 bonum
3136 3552 3278 3620 quod
3330 3552 3525 3607 bonum
3558 3563 3660 3618 εει,
3693 3570 3885 3610 secun-

2292 3642 2417 3697 dum
2450 3659 2510 3699 se
2544 3644 2781 3699 veritatis
2816 3646 3174 3712 peretnptoria
3206 3654 3289 3697 est
3316 3659 3403 3710 ea,
3439 3660 3569 3699 vero
3596 3662 3715 3713 qua:
3757 3647 3885 3702 dicit

2290 3739 2490 3789 malum
2518 3750 2638 3790 esse
2660 3737 2797 3805 quod
2827 3735 3019 3789 bonum
3048 3746 3148 3796 est,
3195 3735 3312 3803 ejus
3341 3736 3480 3804 quod
3512 3748 3594 3790 est
3627 3752 3729 3789 non
3762 3752 3883 3791 esse

2290 3842 2487 3882 maunt
2543 3827 2682 3897 quod
2744 3812 3090 3892 buuumtest,
3143 3828 3441 3883 secundum
3506 3829 3757 3882 accidens
3804 3829 3883 3883 rei

2290 3937 2429 3978 vera:
2457 3921 2810 3991 perem..toria
2845 3932 2948 3975 est.
2978 3922 3156 3987 Quare
3187 3921 3369 3975 falsmr
3399 3930 3481 3975 est
3508 3937 3570 3975 ea
3602 3937 3718 3991 qua:
3756 3922 3883 3975 dicit

2290 4031 2395 4071 non
2436 4030 2557 4070 esse
2612 4015 2808 4070 bonum
2841 4016 2983 4083 quod
3042 4015 3237 4068 bonum
3282 4026 3388 4082 εει,
3432 4030 3588 4085 quam
3645 4031 3706 4070 ea
3764 4031 3881 4086 qua:

2288 4109 2417 4165 diett
2446 4125 2564 4164 esse
2593 4109 2790 4162 malum
2826 4108 2874 4161 id
2902 4107 3041 4177 quod
3080 4119 3161 4162 est
3192 4106 3411 4161 bonum.

2289 4194 2308 4210 ’
2360 4203 2550 4258 Falsus
2591 4213 2758 4257 autem
2800 4213 2871 4257 est
2922 4203 3142 4255 maxime
3184 4203 3318 4257 circa
3362 4200 3565 4271 singula
3592 4202 3682 4270 qui
3730 4201 3879 4254 habet

2287 4300 2595 4352 contrariam
2625 4297 2936 4366 opinionem.
2965 4294 3235 4349 Contraria
3259 4298 3389 4348 enim
3413 4308 3525 4347 sunt
3553 4308 3731 4346 eorum
3763 4308 3875 4361 qua:

2287 4389 2566 4461 plurimum
2607 4404 2742 4440 circa
2773 4387 2905 4439 idem
2933 4386 3205 4454 differunt.
3252 4386 3397 4451 Quod
3438 4386 3480 4437 si
3527 4385 3708 4437 harum
3748 4400 3877 4437 con-

2288 4481 2446 4535 traria
2491 4480 2697 4550 quidem
2725 4490 2795 4533 εει
2819 4480 3003 4545 altera,
3033 4481 3193 4550 magis
3226 4495 3339 4532 vero
3362 4480 3618 4532 contraria
3651 4488 3721 4530 εει
3746 4494 3873 4530 cott-

2286 4572 2545 4638 tradictio,
2570 4574 2899 4643 manifestum
2929 4582 3003 4626 εει
3058 4574 3300 4644 quoniam
3342 4573 3448 4626 haec
3468 4573 3560 4626 erit
3594 4574 3873 4626 contraria.

603 4670 714 4724 rior
744 4676 825 4722 εει
864 4637 925 4720 ea
960 4663 1250 4733 propositio
1275 4676 1393 4730 qua:
1423 4657 1655 4713 affirmat
1694 4656 1836 4727 quod
1884 4654 2176 4710 secundum
2206 4637 2248 4700 Π

2356 4665 2703 4732 Quzerebatur
2735 4676 2909 4719 utrum
2934 4665 3221 4719 alarmatio
3245 4667 3529 4732 ’contrarii,
3563 4681 3631 4719 an
3662 4666 3871 4737 negatio

599 4778 658 4818 se
674 4767 933 4829 estquam
958 4758 1045 4811 illa
1072 4770 1189 4826 qua:
1213 4750 1598 4821 alfirtitatquod
1616 4748 1907 4805 secundum
1930 4748 2178 4803 accidens

598 4861 699 4909 est.
748 4854 839 4906 Est
884 4864 1059 4905 autem
1106 4848 1399 4904 secundum
1431 4860 1490 4901 se
1523 4845 1718 4899 bonum
1764 4857 1883 4897 esse
1912 4841 2051 4912 quod
2084 4841 2179 4895 bo-

597 4961 723 5003 num
754 4953 856 5009 est,
882 4942 1172 4998 secundum
1215 4940 1466 4995 accidens
1511 4954 1637 4992 vero
1684 4937 1879 4989 malum
1924 4950 2029 4988 non
2058 4948 2177 4989 esse

596 5041 738 5112 quod
772 5039 968 5093 bonum
999 5045 1120 5100 est;
1146 5036 1328 5089 Verius
1356 5034 1512 5103 igitur
1540 5040 1595 5086 et
1626 5029 1973 5100 propinquius
1991 5036 2074 5082 est
2095 5029 2178 5081 tli-

596 5150 718 5191 cere
747 5133 814 5188 de
853 5133 992 5187 bono
1036 5143 1285 5199 quoniam
1312 5126 1507 5181 bonutn
1556 5132 1661 5186 est,
1692 5138 1851 5191 quam
1884 5122 2064 5175 dicere
2107 5120 2176 5175 de

596 5227 739 5281 bono
777 5224 1028 5295 quoniam
1078 5220 1272 5274 malum
1324 5232 1429 5272 non
1472 5225 1585 5280 est;
1646 5213 1788 5283 quod
1836 5215 1880 5266 si
1914 5214 2013 5265 hoc
2068 5219 2173 5277 est,

594 5318 755 5372 etiam
784 5316 967 5385 Opinio
995 5328 1114 5384 qua:
1142 5310 1434 5367 secundum
1458 5323 1519 5363 se
1555 5306 1685 5362 falsa
1727 5315 1809 5361 est
1865 5305 2176 5360 mendacior

595 5412 733 5480 juste
756 5410 1016 5464 videbitur
1037 5423 1100 5463 ea
1131 5422 1251 5476 qua:
1270 5404 1567 5460 secundum
1609 5400 1857 5455 accidens
1896 5401 2173 5455 mentitur.

595 5504 726 5559 Nam
751 5504 795 5558 si
819 5504 907 5558 illa
954 5518 1075 5557 vera
1105 5512 1206 5564 est,
1255 5498 1601 5570 propinquius
1636 5510 1753 5565 qua:
1778 5495 2068 5550 secundum
2110 5507 2171 5549 se

594 5608 695 5667 est,
724 5599 808 5652 illa
833 5603 934 5653 erit
961 5599 1093 5651 laisa
1123 5596 1473 5664 propinquius
1500 5608 1619 5663 quae
1647 5593 1942 5648 secundum
1974 5607 2034 5647 se
2064 5598 2168 5646 εει.

596 5691 706 5745 lloc
750 5703 832 5746 est
875 5691 1015 5746 enim
1055 5689 1197 5760 quod
1228 5691 1325 5754 ait,
1354 5690 1522 5758 magis
1562 5695 1740 5741 autem
1774 5687 1825 5739 in
1851 5698 2173 5754 unoquoque

602 5792 684 5837 εει
713 5798 857 5847 vera,
889 5799 1006 5853 quze
1050 5782 1346 5837 secundum
1374 5798 1436 5835 se
1486 5790 1572 5834 est
1613 5780 1773 5841 etiam
1826 5780 1979 5845 falsa,
2037 5778 2175 5831 sicut

592 5884 644 5933 et
691 5890 836 5946 vera,
872 5880 912 5929 si
966 5875 1048 5929 lli
1084 5874 1249 5944 uagis
1297 5888 1421 5929 vera
1479 5886 1554 5929 ρει
1616 5889 1733 5945 quae
1766 5874 2057 5929 secundum
2117 5884 2177 5927 se

2283 4762 2569 4829 proposita:
2596 4760 2699 4825 rei,
2725 4758 2897 4814 eidem
2930 4760 3215 4828 propositae
3249 4758 3326 4811 rei
3373 4758 3717 4812 afﬁrmationi
3753 4773 3865 4809 iua-
3900 4788 3901 4791 η

2280 4853 2362 4922 gis
2385 4854 2551 4923 possit
2574 4867 2695 4908 esse
2736 4852 3026 4907 contraria.
3067 4851 3171 4905 Sed
3221 4866 3362 4905 nunc
3415 4850 3514 4906 hoc
3559 4850 3689 4905 dicit
3730 4852 3870 4920 quod

2282 4960 2399 5014 qua:
2430 4946 2558 5000 falsa
2587 4960 2704 5000 sunt
2734 4945 2917 5014 magis,
2948 4959 3008 4998 ea
3036 4952 3159 4998 sunt
3205 4945 3374 5013 magis
3397 4953 3686 4997 contraria.
3727 4944 3865 4997 Cou-

2279 5040 2440 5092 traria
2488 5039 2631 5094 ettim
2681 5047 2806 5091 sunt.
2855 5052 3190 5106 quaecunque
3253 5038 3397 5091 circa
3456 5037 3698 5091 eamdem
3757 5054 3869 5091 rem

2286 5131 2571 5198 plurimum
2602 5128 2874 5198 differunt,
2908 5139 2965 5182 ut
2999 5128 3141 5182 circa
3188 5129 3423 5183 colorem
3468 5129 3643 5181 album
3694 5137 3748 5181 et
3792 5129 3870 5181 ni-

2281 5239 2474 5294 grum;
2526 5238 2655 5292 ergo
2706 5238 2823 5290 quae
2871 5224 3102 5277 maxime
3171 5221 3303 5275 falsa
3354 5232 3478 5277 sunt
3535 5231 3590 5274 et
3635 5224 3868 5275 maxime

2281 5332 2426 5380 vera,
2456 5331 2515 5372 ea
2548 5316 2834 5384 plurimum
2859 5330 2890 5369 a
2913 5330 2970 5369 se
2992 5313 3212 5368 distant.
3252 5313 3475 5366 Maxime
3522 5321 3704 5366 autem
3745 5327 3870 5366 Vera

2280 5420 2363 5466 est
2391 5410 2684 5465 secundum
2708 5424 2766 5464 se
2792 5409 3133 5464 consistentis
3164 5411 3239 5462 rei
3272 5406 3593 5462 enuntiatio.
3642 5406 3870 5460 Maxime

2279 5514 2457 5559 autem
2482 5503 2609 5557 falsa
2634 5502 2927 5558 secundum
2952 5516 3010 5554 se
3036 5498 3638 5555 consistentisvciritatis
3660 5512 3870 5566 perem-

2281 5598 2473 5667 ptoria.
2519 5596 2747 5652 Necesse
2791 5605 2874 5648 est
2917 5601 3095 5648 autem
3146 5594 3283 5645 inter
3312 5591 3707 5645 alhrmatimicu
3738 5602 3865 5642 con-

2281 5690 2431 5744 trarii
2462 5703 2513 5743 ει
2557 5688 2897 5758 negationem
2940 5696 3227 5754 propostze
3257 5684 3332 5737 rei
3368 5698 3525 5737 unam
3555 5684 3722 5749 magis
3744 5691 3864 5731 esse

2280 5782 2626 5835 contrariam.
2687 5779 2894 5832 Falslor
2940 5786 3117 5831 autem
3148 5784 3202 5829 et
3250 5775 3418 5844 magis
3467 5769 3734 5828 contraria
3780 5777 3862 5821 est

2280 5873 2459 5939 opinio
2490 5870 2575 5926 illa
2621 5885 2741 5939 quae
2781 5868 3264 5925 contradictionem
3288 5866 3503 5938 cogitat,
3556 5874 3611 5919 ut
3654 5876 3715 5918 ea
3742 5872 3865 5932 qua:
