  <div class='ocr_page' id='page_1' title='image "/cluster/home/n/w/nwhite01/storage/ocr_20150623/64/hvd.32044073505265/200.png"; bbox 0 0 4280 6268; ppageno 0'>
   <div class='ocr_carea' id='block_1_1' title="bbox 376 356 479 414">
    <p class='ocr_par' dir='ltr' id='par_1_1' title="bbox 376 356 479 414">
     <span class='ocr_line' id='line_1_1' title="bbox 376 356 479 414; baseline 0 0"><span class='ocrx_word' id='word_1_1' title='bbox 376 356 479 414; x_wconf 65' lang='grc' dir='ltr'><strong>ὒ89</strong></span> 
     </span>
    </p>
   </div>
   <div class='ocr_carea' id='block_1_2' title="bbox 1137 342 2842 413">
    <p class='ocr_par' dir='ltr' id='par_1_2' title="bbox 1137 342 2842 413">
     <span class='ocr_line' id='line_1_2' title="bbox 1137 342 2842 413; baseline 0.002 -4"><span class='ocrx_word' id='word_1_2' title='bbox 1137 350 1200 409; x_wconf 75' lang='lat' dir='ltr'><strong>tu</strong></span> <span class='ocrx_word' id='word_1_3' title='bbox 1242 353 1496 413; x_wconf 74' lang='lat' dir='ltr'><strong>LIBRUM</strong></span> <span class='ocrx_word' id='word_1_4' title='bbox 1538 354 1623 412; x_wconf 84' lang='lat' dir='ltr'><strong>DE</strong></span> <span class='ocrx_word' id='word_1_5' title='bbox 1666 350 2309 410; x_wconf 78' lang='lat' dir='ltr'><strong>INTERPBETATIONE</strong></span> <span class='ocrx_word' id='word_1_6' title='bbox 2347 354 2575 411; x_wconf 80' lang='lat' dir='ltr'><strong>EDITIO</strong></span> <span class='ocrx_word' id='word_1_7' title='bbox 2613 342 2842 412; x_wconf 71' lang='lat' dir='ltr'><strong>PRIMA.</strong></span> 
     </span>
    </p>
   </div>
   <div class='ocr_carea' id='block_1_3' title="bbox 3525 356 3627 413">
    <p class='ocr_par' dir='ltr' id='par_1_3' title="bbox 3525 356 3627 413">
     <span class='ocr_line' id='line_1_3' title="bbox 3525 356 3627 413; baseline 0.01 -1"><span class='ocrx_word' id='word_1_8' title='bbox 3525 356 3627 413; x_wconf 71' lang='lat'><strong>390</strong></span> 
     </span>
    </p>
   </div>
   <div class='ocr_carea' id='block_1_4' title="bbox 374 466 3628 541">
    <p class='ocr_par' dir='ltr' id='par_1_4' title="bbox 374 466 3628 541">
     <span class='ocr_line' id='line_1_4' title="bbox 374 466 3628 541; baseline -0.002 -12"><span class='ocrx_word' id='word_1_9' title='bbox 374 486 455 529; x_wconf 86' lang='lat' dir='ltr'><strong>est</strong></span> <span class='ocrx_word' id='word_1_10' title='bbox 486 488 591 538; x_wconf 83' lang='lat' dir='ltr'><strong>non</strong></span> <span class='ocrx_word' id='word_1_11' title='bbox 619 486 741 528; x_wconf 81' lang='lat' dir='ltr'><strong>esse</strong></span> <span class='ocrx_word' id='word_1_12' title='bbox 760 472 959 528; x_wconf 85' lang='lat' dir='ltr'><strong>bonum</strong></span> <span class='ocrx_word' id='word_1_13' title='bbox 980 470 1119 541; x_wconf 88' lang='lat' dir='ltr'><strong>quod</strong></span> <span class='ocrx_word' id='word_1_14' title='bbox 1144 470 1340 525; x_wconf 84' lang='lat' dir='ltr'><strong>bonum</strong></span> <span class='ocrx_word' id='word_1_15' title='bbox 1370 484 1472 537; x_wconf 85' lang='lat' dir='ltr'><strong>est,</strong></span> <span class='ocrx_word' id='word_1_16' title='bbox 1502 486 1658 541; x_wconf 84' lang='lat' dir='ltr'><strong>quam</strong></span> <span class='ocrx_word' id='word_1_17' title='bbox 1680 485 1740 523; x_wconf 86' lang='lat' dir='ltr'><strong>ea</strong></span> <span class='ocrx_word' id='word_1_18' title='bbox 1764 468 1945 537; x_wconf 87' lang='lat' dir='ltr'><strong>opinio</strong></span> <span class='ocrx_word' id='word_1_19' title='bbox 1973 469 2027 528; x_wconf 74' lang='grc' dir='ltr'><strong>Α</strong></span> <span class='ocrx_word' id='word_1_20' title='bbox 2051 466 2197 537; x_wconf 83' lang='lat' dir='ltr'><strong>tingit</strong></span> <span class='ocrx_word' id='word_1_21' title='bbox 2228 467 2505 522; x_wconf 72' lang='lat' dir='ltr'><strong>simulasse</strong></span> <span class='ocrx_word' id='word_1_22' title='bbox 2528 484 2690 525; x_wconf 80' lang='lat' dir='ltr'><strong>veras.</strong></span> <span class='ocrx_word' id='word_1_23' title='bbox 2720 474 2781 523; x_wconf 75' lang='lat' dir='ltr'><strong>At</strong></span> <span class='ocrx_word' id='word_1_24' title='bbox 2814 486 2930 523; x_wconf 82' lang='lat' dir='ltr'><strong>vero</strong></span> <span class='ocrx_word' id='word_1_25' title='bbox 2961 488 3051 524; x_wconf 84' lang='lat' dir='ltr'><strong>nec</strong></span> <span class='ocrx_word' id='word_1_26' title='bbox 3084 470 3174 524; x_wconf 75' lang='lat' dir='ltr'><strong>ille</strong></span> <span class='ocrx_word' id='word_1_27' title='bbox 3206 486 3319 539; x_wconf 77' lang='lat' dir='ltr'><strong>qua:</strong></span> <span class='ocrx_word' id='word_1_28' title='bbox 3361 479 3456 535; x_wconf 78' lang='lat' dir='ltr'><strong>est,</strong></span> <span class='ocrx_word' id='word_1_29' title='bbox 3502 488 3628 539; x_wconf 82' lang='lat' dir='ltr'><strong>quo-</strong></span> 
     </span>
    </p>
   </div>
   <div class='ocr_carea' id='block_1_5' title="bbox 377 564 1950 637">
    <p class='ocr_par' dir='ltr' id='par_1_5' title="bbox 377 564 1950 637">
     <span class='ocr_line' id='line_1_5' title="bbox 377 564 1950 637; baseline -0.004 -17"><span class='ocrx_word' id='word_1_30' title='bbox 377 584 495 637; x_wconf 77' lang='lat' dir='ltr'><strong>qua:</strong></span> <span class='ocrx_word' id='word_1_31' title='bbox 528 567 684 622; x_wconf 89' lang='lat' dir='ltr'><strong>habet</strong></span> <span class='ocrx_word' id='word_1_32' title='bbox 714 567 909 621; x_wconf 89' lang='lat' dir='ltr'><strong>malum</strong></span> <span class='ocrx_word' id='word_1_33' title='bbox 935 582 1054 621; x_wconf 87' lang='lat' dir='ltr'><strong>esse</strong></span> <span class='ocrx_word' id='word_1_34' title='bbox 1082 566 1223 635; x_wconf 87' lang='lat' dir='ltr'><strong>quod</strong></span> <span class='ocrx_word' id='word_1_35' title='bbox 1252 572 1442 620; x_wconf 79' lang='lat' dir='ltr'><strong>bonum</strong></span> <span class='ocrx_word' id='word_1_36' title='bbox 1484 574 1584 626; x_wconf 87' lang='lat' dir='ltr'><strong>est,</strong></span> <span class='ocrx_word' id='word_1_37' title='bbox 1609 564 1858 633; x_wconf 87' lang='lat' dir='ltr'><strong>quoniam</strong></span> <span class='ocrx_word' id='word_1_38' title='bbox 1888 576 1950 615; x_wconf 83' lang='lat' dir='ltr'><strong>ea</strong></span> 
     </span>
    </p>
   </div>
   <div class='ocr_carea' id='block_1_6' title="bbox 377 654 1949 727">
    <p class='ocr_par' dir='ltr' id='par_1_6' title="bbox 377 654 1949 727">
     <span class='ocr_line' id='line_1_6' title="bbox 377 654 1949 727; baseline -0.002 -16"><span class='ocrx_word' id='word_1_39' title='bbox 377 675 497 727; x_wconf 69' lang='lat' dir='ltr'><strong>quae</strong></span> <span class='ocrx_word' id='word_1_40' title='bbox 544 668 669 712; x_wconf 88' lang='lat' dir='ltr'><strong>sunt</strong></span> <span class='ocrx_word' id='word_1_41' title='bbox 730 658 779 712; x_wconf 90' lang='lat' dir='ltr'><strong>in</strong></span> <span class='ocrx_word' id='word_1_42' title='bbox 832 658 1048 713; x_wconf 85' lang='lat' dir='ltr'><strong>vocibus</strong></span> <span class='ocrx_word' id='word_1_43' title='bbox 1087 657 1368 726; x_wconf 72' lang='lat' dir='ltr'><strong>opiniones</strong></span> <span class='ocrx_word' id='word_1_44' title='bbox 1420 666 1714 725; x_wconf 64' lang='lat' dir='ltr'><strong>sequuntur</strong></span> <span class='ocrx_word' id='word_1_45' title='bbox 1742 671 1756 719; x_wconf 90' lang='lat'><strong>;</strong></span> <span class='ocrx_word' id='word_1_46' title='bbox 1785 654 1949 708; x_wconf 78' lang='lat' dir='ltr'><strong>simili</strong></span> 
     </span>
    </p>
   </div>
   <div class='ocr_carea' id='block_1_7' title="bbox 377 749 1947 821">
    <p class='ocr_par' dir='ltr' id='par_1_7' title="bbox 377 749 1947 821">
     <span class='ocr_line' id='line_1_7' title="bbox 377 749 1947 821; baseline -0.004 -16"><span class='ocrx_word' id='word_1_47' title='bbox 377 755 537 805; x_wconf 90' lang='lat' dir='ltr'><strong>tnodo</strong></span> <span class='ocrx_word' id='word_1_48' title='bbox 566 752 773 821; x_wconf 79' lang='lat' dir='ltr'><strong>negatio</strong></span> <span class='ocrx_word' id='word_1_49' title='bbox 793 751 908 819; x_wconf 88' lang='lat' dir='ltr'><strong>ejus</strong></span> <span class='ocrx_word' id='word_1_50' title='bbox 928 767 1045 819; x_wconf 71' lang='lat' dir='ltr'><strong>quae</strong></span> <span class='ocrx_word' id='word_1_51' title='bbox 1075 759 1157 805; x_wconf 70' lang='lat' dir='ltr'><strong>est</strong></span> <span class='ocrx_word' id='word_1_52' title='bbox 1185 766 1346 804; x_wconf 90' lang='lat' dir='ltr'><strong>omne</strong></span> <span class='ocrx_word' id='word_1_53' title='bbox 1386 749 1583 804; x_wconf 89' lang='lat' dir='ltr'><strong>bonum</strong></span> <span class='ocrx_word' id='word_1_54' title='bbox 1617 749 1811 803; x_wconf 77' lang='lat' dir='ltr'><strong>bonum</strong></span> <span class='ocrx_word' id='word_1_55' title='bbox 1844 756 1947 811; x_wconf 89' lang='lat' dir='ltr'><strong>est,</strong></span> 
     </span>
    </p>
   </div>
   <div class='ocr_carea' id='block_1_8' title="bbox 372 843 1947 912">
    <p class='ocr_par' dir='ltr' id='par_1_8' title="bbox 372 843 1947 912">
     <span class='ocr_line' id='line_1_8' title="bbox 372 843 1947 912; baseline -0.006 -12"><span class='ocrx_word' id='word_1_56' title='bbox 372 862 436 900; x_wconf 90' lang='lat' dir='ltr'><strong>ea</strong></span> <span class='ocrx_word' id='word_1_57' title='bbox 469 846 673 899; x_wconf 96' lang='lat' dir='ltr'><strong>scilicet</strong></span> <span class='ocrx_word' id='word_1_58' title='bbox 700 859 821 912; x_wconf 72' lang='lat' dir='ltr'><strong>quae</strong></span> <span class='ocrx_word' id='word_1_59' title='bbox 840 843 970 898; x_wconf 90' lang='lat' dir='ltr'><strong>dicit</strong></span> <span class='ocrx_word' id='word_1_60' title='bbox 996 843 1196 897; x_wconf 90' lang='lat' dir='ltr'><strong>nullum</strong></span> <span class='ocrx_word' id='word_1_61' title='bbox 1226 843 1421 897; x_wconf 89' lang='lat' dir='ltr'><strong>bonum</strong></span> <span class='ocrx_word' id='word_1_62' title='bbox 1460 844 1655 895; x_wconf 89' lang='lat' dir='ltr'><strong>bonum</strong></span> <span class='ocrx_word' id='word_1_63' title='bbox 1694 851 1799 905; x_wconf 90' lang='lat' dir='ltr'><strong>est,</strong></span> <span class='ocrx_word' id='word_1_64' title='bbox 1835 854 1947 893; x_wconf 82' lang='lat' dir='ltr'><strong>ma-</strong></span> 
     </span>
    </p>
   </div>
   <div class='ocr_carea' id='block_1_9' title="bbox 377 936 1945 1010">
    <p class='ocr_par' dir='ltr' id='par_1_9' title="bbox 377 936 1945 1010">
     <span class='ocr_line' id='line_1_9' title="bbox 377 936 1945 1010; baseline -0.005 -18"><span class='ocrx_word' id='word_1_65' title='bbox 377 940 460 1010; x_wconf 76' lang='lat' dir='ltr'><strong>gis</strong></span> <span class='ocrx_word' id='word_1_66' title='bbox 479 950 560 993; x_wconf 61' lang='lat' dir='ltr'><strong>est</strong></span> <span class='ocrx_word' id='word_1_67' title='bbox 580 939 843 993; x_wconf 90' lang='lat' dir='ltr'><strong>contraria</strong></span> <span class='ocrx_word' id='word_1_68' title='bbox 865 952 1020 1004; x_wconf 81' lang='lat' dir='ltr'><strong>quam</strong></span> <span class='ocrx_word' id='word_1_69' title='bbox 1048 952 1246 1005; x_wconf 76' lang='lat' dir='ltr'><strong>eaquae</strong></span> <span class='ocrx_word' id='word_1_70' title='bbox 1272 936 1520 1005; x_wconf 86' lang='lat' dir='ltr'><strong>proponit</strong></span> <span class='ocrx_word' id='word_1_71' title='bbox 1558 949 1720 990; x_wconf 82' lang='lat' dir='ltr'><strong>omne</strong></span> <span class='ocrx_word' id='word_1_72' title='bbox 1751 936 1945 987; x_wconf 85' lang='lat' dir='ltr'><strong>bonum</strong></span> 
     </span>
    </p>
   </div>
   <div class='ocr_carea' id='block_1_10' title="bbox 378 1028 1948 1098">
    <p class='ocr_par' dir='ltr' id='par_1_10' title="bbox 378 1028 1948 1098">
     <span class='ocr_line' id='line_1_10' title="bbox 378 1028 1948 1098; baseline -0.005 -13"><span class='ocrx_word' id='word_1_73' title='bbox 378 1034 572 1085; x_wconf 86' lang='lat' dir='ltr'><strong>malum</strong></span> <span class='ocrx_word' id='word_1_74' title='bbox 594 1039 693 1085; x_wconf 83' lang='lat' dir='ltr'><strong>est.</strong></span> <span class='ocrx_word' id='word_1_75' title='bbox 726 1029 984 1096; x_wconf 81' lang='lat' dir='ltr'><strong>Quocirca</strong></span> <span class='ocrx_word' id='word_1_76' title='bbox 1030 1039 1085 1085; x_wconf 87' lang='lat' dir='ltr'><strong>et</strong></span> <span class='ocrx_word' id='word_1_77' title='bbox 1116 1030 1164 1082; x_wconf 91' lang='lat' dir='ltr'><strong>iu</strong></span> <span class='ocrx_word' id='word_1_78' title='bbox 1190 1028 1308 1083; x_wconf 76' lang='lat' dir='ltr'><strong>aliis</strong></span> <span class='ocrx_word' id='word_1_79' title='bbox 1329 1043 1541 1098; x_wconf 85' lang='lat' dir='ltr'><strong>quoque</strong></span> <span class='ocrx_word' id='word_1_80' title='bbox 1572 1039 1629 1081; x_wconf 90' lang='lat' dir='ltr'><strong>ut</strong></span> <span class='ocrx_word' id='word_1_81' title='bbox 1665 1028 1717 1080; x_wconf 91' lang='lat' dir='ltr'><strong>in</strong></span> <span class='ocrx_word' id='word_1_82' title='bbox 1738 1041 1799 1080; x_wconf 85' lang='lat' dir='ltr'><strong>ea</strong></span> <span class='ocrx_word' id='word_1_83' title='bbox 1829 1040 1948 1095; x_wconf 70' lang='lat' dir='ltr'><strong>qua:</strong></span> 
     </span>
    </p>
   </div>
   <div class='ocr_carea' id='block_1_11' title="bbox 372 1116 1947 1190">
    <p class='ocr_par' dir='ltr' id='par_1_11' title="bbox 372 1116 1947 1190">
     <span class='ocr_line' id='line_1_11' title="bbox 372 1116 1947 1190; baseline -0.007 -13"><span class='ocrx_word' id='word_1_84' title='bbox 372 1133 457 1177; x_wconf 60' lang='lat' dir='ltr'><strong>est</strong></span> <span class='ocrx_word' id='word_1_85' title='bbox 496 1122 670 1175; x_wconf 85' lang='lat' dir='ltr'><strong>omnis</strong></span> <span class='ocrx_word' id='word_1_86' title='bbox 691 1124 851 1175; x_wconf 89' lang='lat' dir='ltr'><strong>homo</strong></span> <span class='ocrx_word' id='word_1_87' title='bbox 886 1120 1061 1190; x_wconf 75' lang='lat' dir='ltr'><strong>justus</strong></span> <span class='ocrx_word' id='word_1_88' title='bbox 1091 1128 1195 1185; x_wconf 83' lang='lat' dir='ltr'><strong>est,</strong></span> <span class='ocrx_word' id='word_1_89' title='bbox 1232 1119 1398 1187; x_wconf 75' lang='lat' dir='ltr'><strong>magis</strong></span> <span class='ocrx_word' id='word_1_90' title='bbox 1427 1132 1504 1173; x_wconf 65' lang='lat' dir='ltr'><strong>est</strong></span> <span class='ocrx_word' id='word_1_91' title='bbox 1552 1116 1823 1172; x_wconf 84' lang='lat' dir='ltr'><strong>contraria</strong></span> <span class='ocrx_word' id='word_1_92' title='bbox 1859 1116 1947 1167; x_wconf 89' lang='lat' dir='ltr'><strong>illa</strong></span> 
     </span>
    </p>
   </div>
   <div class='ocr_carea' id='block_1_12' title="bbox 375 1206 1945 1283">
    <p class='ocr_par' dir='ltr' id='par_1_12' title="bbox 375 1206 1945 1283">
     <span class='ocr_line' id='line_1_12' title="bbox 375 1206 1945 1283; baseline -0.003 -20"><span class='ocrx_word' id='word_1_93' title='bbox 375 1228 488 1283; x_wconf 66' lang='lat' dir='ltr'><strong>qua</strong></span> <span class='ocrx_word' id='word_1_94' title='bbox 509 1214 655 1277; x_wconf 89' lang='lat' dir='ltr'><strong>dicit,</strong></span> <span class='ocrx_word' id='word_1_95' title='bbox 686 1213 861 1267; x_wconf 90' lang='lat' dir='ltr'><strong>nullus</strong></span> <span class='ocrx_word' id='word_1_96' title='bbox 885 1212 1044 1265; x_wconf 83' lang='lat' dir='ltr'><strong>homo</strong></span> <span class='ocrx_word' id='word_1_97' title='bbox 1069 1210 1244 1279; x_wconf 85' lang='lat' dir='ltr'><strong>justus</strong></span> <span class='ocrx_word' id='word_1_98' title='bbox 1264 1219 1369 1275; x_wconf 88' lang='lat' dir='ltr'><strong>est,</strong></span> <span class='ocrx_word' id='word_1_99' title='bbox 1395 1224 1553 1279; x_wconf 85' lang='lat' dir='ltr'><strong>quant</strong></span> <span class='ocrx_word' id='word_1_100' title='bbox 1572 1224 1629 1263; x_wconf 66' lang='lat' dir='ltr'><strong>et</strong></span> <span class='ocrx_word' id='word_1_101' title='bbox 1658 1224 1775 1277; x_wconf 73' lang='lat' dir='ltr'><strong>qua:</strong></span> <span class='ocrx_word' id='word_1_102' title='bbox 1800 1206 1945 1270; x_wconf 90' lang='lat' dir='ltr'><strong>dicit,</strong></span> 
     </span>
    </p>
   </div>
   <div class='ocr_carea' id='block_1_13' title="bbox 375 1303 1118 1372">
    <p class='ocr_par' dir='ltr' id='par_1_13' title="bbox 375 1303 1118 1372">
     <span class='ocr_line' id='line_1_13' title="bbox 375 1303 1118 1372; baseline -0.005 -12"><span class='ocrx_word' id='word_1_103' title='bbox 375 1307 545 1360; x_wconf 86' lang='lat' dir='ltr'><strong>omnis</strong></span> <span class='ocrx_word' id='word_1_104' title='bbox 578 1305 736 1357; x_wconf 89' lang='lat' dir='ltr'><strong>homo</strong></span> <span class='ocrx_word' id='word_1_105' title='bbox 767 1303 997 1372; x_wconf 73' lang='lat' dir='ltr'><strong>injustas</strong></span> <span class='ocrx_word' id='word_1_106' title='bbox 1017 1313 1118 1357; x_wconf 86' lang='lat' dir='ltr'><strong>est.</strong></span> 
     </span>
    </p>
   </div>
   <div class='ocr_carea' id='block_1_14' title="bbox 444 1394 1949 1466">
    <p class='ocr_par' dir='ltr' id='par_1_14' title="bbox 444 1394 1949 1466">
     <span class='ocr_line' id='line_1_14' title="bbox 444 1394 1949 1466; baseline -0.004 -15"><span class='ocrx_word' id='word_1_107' title='bbox 444 1397 551 1452; x_wconf 77' lang='lat' dir='ltr'><strong>Illa</strong></span> <span class='ocrx_word' id='word_1_108' title='bbox 594 1414 708 1451; x_wconf 79' lang='lat' dir='ltr'><strong>vero</strong></span> <span class='ocrx_word' id='word_1_109' title='bbox 739 1413 852 1466; x_wconf 73' lang='lat' dir='ltr'><strong>qua:</strong></span> <span class='ocrx_word' id='word_1_110' title='bbox 874 1407 964 1460; x_wconf 80' lang='lat' dir='ltr'><strong>est,</strong></span> <span class='ocrx_word' id='word_1_111' title='bbox 1004 1396 1244 1465; x_wconf 88' lang='lat' dir='ltr'><strong>quoniam</strong></span> <span class='ocrx_word' id='word_1_112' title='bbox 1274 1397 1466 1450; x_wconf 82' lang='lat' dir='ltr'><strong>malum</strong></span> <span class='ocrx_word' id='word_1_113' title='bbox 1495 1404 1567 1449; x_wconf 84' lang='lat' dir='ltr'><strong>est</strong></span> <span class='ocrx_word' id='word_1_114' title='bbox 1606 1397 1738 1458; x_wconf 85' lang='lat' dir='ltr'><strong>quod</strong></span> <span class='ocrx_word' id='word_1_115' title='bbox 1765 1394 1949 1447; x_wconf 86' lang='lat' dir='ltr'><strong>bonum</strong></span> 
     </span>
    </p>
   </div>
   <div class='ocr_carea' id='block_1_15' title="bbox 375 1489 1950 1557">
    <p class='ocr_par' dir='ltr' id='par_1_15' title="bbox 375 1489 1950 1557">
     <span class='ocr_line' id='line_1_15' title="bbox 375 1489 1950 1557; baseline -0.004 -12"><span class='ocrx_word' id='word_1_116' title='bbox 375 1501 469 1554; x_wconf 82' lang='lat' dir='ltr'><strong>est,</strong></span> <span class='ocrx_word' id='word_1_117' title='bbox 501 1490 749 1555; x_wconf 78' lang='lat' dir='ltr'><strong>implicita</strong></span> <span class='ocrx_word' id='word_1_118' title='bbox 769 1498 864 1542; x_wconf 84' lang='lat' dir='ltr'><strong>est.</strong></span> <span class='ocrx_word' id='word_1_119' title='bbox 900 1489 1099 1542; x_wconf 73' lang='lat' dir='ltr'><strong>Etenim</strong></span> <span class='ocrx_word' id='word_1_120' title='bbox 1119 1490 1359 1557; x_wconf 86' lang='lat' dir='ltr'><strong>quoniam</strong></span> <span class='ocrx_word' id='word_1_121' title='bbox 1380 1504 1483 1541; x_wconf 81' lang='lat' dir='ltr'><strong>non</strong></span> <span class='ocrx_word' id='word_1_122' title='bbox 1521 1490 1706 1541; x_wconf 80' lang='lat' dir='ltr'><strong>bonum</strong></span> <span class='ocrx_word' id='word_1_123' title='bbox 1736 1496 1830 1551; x_wconf 83' lang='lat' dir='ltr'><strong>est,</strong></span> <span class='ocrx_word' id='word_1_124' title='bbox 1862 1502 1950 1539; x_wconf 86' lang='lat' dir='ltr'><strong>ne-</strong></span> 
     </span>
    </p>
   </div>
   <div class='ocr_carea' id='block_1_16' title="bbox 377 1580 1341 1652">
    <p class='ocr_par' dir='ltr' id='par_1_16' title="bbox 377 1580 1341 1652">
     <span class='ocr_line' id='line_1_16' title="bbox 377 1580 1341 1652; baseline -0.004 -14"><span class='ocrx_word' id='word_1_125' title='bbox 377 1599 513 1639; x_wconf 85' lang='lat' dir='ltr'><strong>cesse</strong></span> <span class='ocrx_word' id='word_1_126' title='bbox 538 1594 611 1637; x_wconf 84' lang='lat' dir='ltr'><strong>est</strong></span> <span class='ocrx_word' id='word_1_127' title='bbox 635 1582 745 1652; x_wconf 78' lang='lat' dir='ltr'><strong>fore</strong></span> <span class='ocrx_word' id='word_1_128' title='bbox 763 1582 899 1635; x_wconf 84' lang='lat' dir='ltr'><strong>idem</strong></span> <span class='ocrx_word' id='word_1_129' title='bbox 928 1582 1092 1649; x_wconf 83' lang='lat' dir='ltr'><strong>ipsum</strong></span> <span class='ocrx_word' id='word_1_130' title='bbox 1118 1580 1341 1647; x_wconf 77' lang='lat' dir='ltr'><strong>apinari.</strong></span> 
     </span>
    </p>
   </div>
   <div class='ocr_carea' id='block_1_17' title="bbox 449 1671 1951 1739">
    <p class='ocr_par' dir='ltr' id='par_1_17' title="bbox 449 1671 1951 1739">
     <span class='ocr_line' id='line_1_17' title="bbox 449 1671 1951 1739; baseline -0.006 -9"><span class='ocrx_word' id='word_1_131' title='bbox 449 1676 614 1731; x_wconf 78' lang='lat' dir='ltr'><strong>Addit</strong></span> <span class='ocrx_word' id='word_1_132' title='bbox 646 1674 712 1728; x_wconf 86' lang='lat' dir='ltr'><strong>ad</strong></span> <span class='ocrx_word' id='word_1_133' title='bbox 744 1674 1249 1729; x_wconf 79' lang='lat' dir='ltr'><strong>demonstrationem</strong></span> <span class='ocrx_word' id='word_1_134' title='bbox 1298 1671 1627 1739; x_wconf 83' lang='lat' dir='ltr'><strong>superiorem</strong></span> <span class='ocrx_word' id='word_1_135' title='bbox 1670 1683 1951 1739; x_wconf 75' lang='lat' dir='ltr'><strong>argumen-</strong></span> 
     </span>
    </p>
   </div>
   <div class='ocr_carea' id='block_1_18' title="bbox 379 1762 1949 1836">
    <p class='ocr_par' dir='ltr' id='par_1_18' title="bbox 379 1762 1949 1836">
     <span class='ocr_line' id='line_1_18' title="bbox 379 1762 1949 1836; baseline -0.005 -15"><span class='ocrx_word' id='word_1_136' title='bbox 379 1778 489 1821; x_wconf 90' lang='lat' dir='ltr'><strong>tum</strong></span> <span class='ocrx_word' id='word_1_137' title='bbox 544 1766 684 1836; x_wconf 85' lang='lat' dir='ltr'><strong>qnod</strong></span> <span class='ocrx_word' id='word_1_138' title='bbox 730 1766 1064 1819; x_wconf 84' lang='lat' dir='ltr'><strong>demonstret</strong></span> <span class='ocrx_word' id='word_1_139' title='bbox 1103 1763 1268 1833; x_wconf 72' lang='lat' dir='ltr'><strong>magis</strong></span> <span class='ocrx_word' id='word_1_140' title='bbox 1309 1777 1427 1816; x_wconf 82' lang='lat' dir='ltr'><strong>esse</strong></span> <span class='ocrx_word' id='word_1_141' title='bbox 1477 1762 1798 1817; x_wconf 88' lang='lat' dir='ltr'><strong>contrariam</strong></span> <span class='ocrx_word' id='word_1_142' title='bbox 1830 1775 1949 1815; x_wconf 80' lang='lat' dir='ltr'><strong>eam</strong></span> 
     </span>
    </p>
   </div>
   <div class='ocr_carea' id='block_1_19' title="bbox 2054 560 3629 627">
    <p class='ocr_par' dir='ltr' id='par_1_19' title="bbox 2054 560 3629 627">
     <span class='ocr_line' id='line_1_19' title="bbox 2054 560 3629 627; baseline 0.006 -18"><span class='ocrx_word' id='word_1_143' title='bbox 2054 560 2191 612; x_wconf 86' lang='lat' dir='ltr'><strong>niam</strong></span> <span class='ocrx_word' id='word_1_144' title='bbox 2247 576 2347 612; x_wconf 85' lang='lat' dir='ltr'><strong>non</strong></span> <span class='ocrx_word' id='word_1_145' title='bbox 2390 560 2602 621; x_wconf 81' lang='lat' dir='ltr'><strong>malum,</strong></span> <span class='ocrx_word' id='word_1_146' title='bbox 2658 577 2773 614; x_wconf 77' lang='lat' dir='ltr'><strong>vera</strong></span> <span class='ocrx_word' id='word_1_147' title='bbox 2828 564 2959 614; x_wconf 81' lang='lat' dir='ltr'><strong>enim</strong></span> <span class='ocrx_word' id='word_1_148' title='bbox 2999 574 3047 615; x_wconf 87' lang='lat' dir='ltr'><strong>et</strong></span> <span class='ocrx_word' id='word_1_149' title='bbox 3077 564 3203 627; x_wconf 72' lang='lat' dir='ltr'><strong>huc,</strong></span> <span class='ocrx_word' id='word_1_150' title='bbox 3236 565 3388 616; x_wconf 85' lang='lat' dir='ltr'><strong>simul</strong></span> <span class='ocrx_word' id='word_1_151' title='bbox 3420 564 3554 616; x_wconf 84' lang='lat' dir='ltr'><strong>enim</strong></span> <span class='ocrx_word' id='word_1_152' title='bbox 3582 571 3629 618; x_wconf 83' lang='lat' dir='ltr'><strong>et</strong></span> 
     </span>
    </p>
   </div>
   <div class='ocr_carea' id='block_1_20' title="bbox 2050 647 3625 723">
    <p class='ocr_par' dir='ltr' id='par_1_20' title="bbox 2050 647 3625 723">
     <span class='ocr_line' id='line_1_20' title="bbox 2050 647 3625 723; baseline 0.005 -24"><span class='ocrx_word' id='word_1_153' title='bbox 2050 647 2131 701; x_wconf 83' lang='lat' dir='ltr'><strong>Ita:</strong></span> <span class='ocrx_word' id='word_1_154' title='bbox 2152 661 2319 704; x_wconf 82' lang='lat' dir='ltr'><strong>erunt.</strong></span> <span class='ocrx_word' id='word_1_155' title='bbox 2357 650 2680 718; x_wconf 72' lang='lat' dir='ltr'><strong>Relinquitur</strong></span> <span class='ocrx_word' id='word_1_156' title='bbox 2703 668 2822 721; x_wconf 76' lang='lat' dir='ltr'><strong>ergo</strong></span> <span class='ocrx_word' id='word_1_157' title='bbox 2849 655 2891 705; x_wconf 88' lang='lat' dir='ltr'><strong>ei</strong></span> <span class='ocrx_word' id='word_1_158' title='bbox 2914 670 3026 720; x_wconf 69' lang='lat' dir='ltr'><strong>qua:</strong></span> <span class='ocrx_word' id='word_1_159' title='bbox 3050 665 3121 707; x_wconf 70' lang='lat' dir='ltr'><strong>est</strong></span> <span class='ocrx_word' id='word_1_160' title='bbox 3152 672 3249 707; x_wconf 78' lang='lat' dir='ltr'><strong>non</strong></span> <span class='ocrx_word' id='word_1_161' title='bbox 3280 656 3466 708; x_wconf 58' lang='lat' dir='ltr'><strong>bimum</strong></span> <span class='ocrx_word' id='word_1_162' title='bbox 3494 673 3625 723; x_wconf 81' lang='lat' dir='ltr'><strong>quo-</strong></span> 
     </span>
    </p>
   </div>
   <div class='ocr_carea' id='block_1_21' title="bbox 2050 741 3629 809">
    <p class='ocr_par' dir='ltr' id='par_1_21' title="bbox 2050 741 3629 809">
     <span class='ocr_line' id='line_1_21' title="bbox 2050 741 3629 809; baseline 0.006 -18"><span class='ocrx_word' id='word_1_163' title='bbox 2050 741 2187 793; x_wconf 87' lang='lat' dir='ltr'><strong>niam</strong></span> <span class='ocrx_word' id='word_1_164' title='bbox 2219 758 2319 794; x_wconf 86' lang='lat' dir='ltr'><strong>non</strong></span> <span class='ocrx_word' id='word_1_165' title='bbox 2353 742 2540 795; x_wconf 80' lang='lat' dir='ltr'><strong>bonum</strong></span> <span class='ocrx_word' id='word_1_166' title='bbox 2567 754 2657 804; x_wconf 81' lang='lat' dir='ltr'><strong>est,</strong></span> <span class='ocrx_word' id='word_1_167' title='bbox 2688 746 2946 797; x_wconf 82' lang='lat' dir='ltr'><strong>contraria</strong></span> <span class='ocrx_word' id='word_1_168' title='bbox 2968 762 3025 797; x_wconf 86' lang='lat' dir='ltr'><strong>ea</strong></span> <span class='ocrx_word' id='word_1_169' title='bbox 3050 763 3162 809; x_wconf 63' lang='grc' dir='ltr'><strong>(μα’</strong></span> <span class='ocrx_word' id='word_1_170' title='bbox 3191 758 3262 800; x_wconf 81' lang='lat' dir='ltr'><strong>est</strong></span> <span class='ocrx_word' id='word_1_171' title='bbox 3303 763 3400 799; x_wconf 81' lang='lat' dir='ltr'><strong>non</strong></span> <span class='ocrx_word' id='word_1_172' title='bbox 3441 750 3629 801; x_wconf 71' lang='lat' dir='ltr'><strong>bonum</strong></span> 
     </span>
    </p>
   </div>
   <div class='ocr_carea' id='block_1_22' title="bbox 2052 834 3630 909">
    <p class='ocr_par' dir='ltr' id='par_1_22' title="bbox 2052 834 3630 909">
     <span class='ocr_line' id='line_1_22' title="bbox 2052 834 3630 909; baseline 0.007 -25"><span class='ocrx_word' id='word_1_173' title='bbox 2052 849 2181 902; x_wconf 72' lang='lat' dir='ltr'><strong>quon</strong></span> <span class='ocrx_word' id='word_1_174' title='bbox 2205 852 2286 887; x_wconf 84' lang='lat' dir='ltr'><strong>am</strong></span> <span class='ocrx_word' id='word_1_175' title='bbox 2315 834 2499 889; x_wconf 85' lang='lat' dir='ltr'><strong>bonum</strong></span> <span class='ocrx_word' id='word_1_176' title='bbox 2528 848 2621 891; x_wconf 83' lang='lat' dir='ltr'><strong>est.</strong></span> <span class='ocrx_word' id='word_1_177' title='bbox 2660 835 2815 891; x_wconf 80' lang='lat' dir='ltr'><strong>Falsa</strong></span> <span class='ocrx_word' id='word_1_178' title='bbox 2843 842 2976 890; x_wconf 83' lang='lat' dir='ltr'><strong>enim</strong></span> <span class='ocrx_word' id='word_1_179' title='bbox 3004 840 3132 904; x_wconf 50' lang='lat' dir='ltr'><strong>huic,</strong></span> <span class='ocrx_word' id='word_1_180' title='bbox 3164 857 3317 909; x_wconf 74' lang='lat' dir='ltr'><strong>quare</strong></span> <span class='ocrx_word' id='word_1_181' title='bbox 3336 854 3385 895; x_wconf 84' lang='lat' dir='ltr'><strong>et</strong></span> <span class='ocrx_word' id='word_1_182' title='bbox 3432 842 3476 894; x_wconf 85' lang='lat' dir='ltr'><strong>ei</strong></span> <span class='ocrx_word' id='word_1_183' title='bbox 3517 856 3630 907; x_wconf 68' lang='lat' dir='ltr'><strong>qua</strong></span> 
     </span>
    </p>
   </div>
   <div class='ocr_carea' id='block_1_23' title="bbox 2050 927 3629 1003">
    <p class='ocr_par' dir='ltr' id='par_1_23' title="bbox 2050 927 3629 1003">
     <span class='ocr_line' id='line_1_23' title="bbox 2050 927 3629 1003; baseline 0.007 -24"><span class='ocrx_word' id='word_1_184' title='bbox 2050 937 2123 979; x_wconf 85' lang='lat' dir='ltr'><strong>est</strong></span> <span class='ocrx_word' id='word_1_185' title='bbox 2154 927 2269 980; x_wconf 85' lang='lat' dir='ltr'><strong>boni</strong></span> <span class='ocrx_word' id='word_1_186' title='bbox 2294 930 2536 998; x_wconf 75' lang='lat' dir='ltr'><strong>quoniam</strong></span> <span class='ocrx_word' id='word_1_187' title='bbox 2563 930 2749 984; x_wconf 78' lang='lat' dir='ltr'><strong>bonum</strong></span> <span class='ocrx_word' id='word_1_188' title='bbox 2771 941 2865 999; x_wconf 83' lang='lat' dir='ltr'><strong>est,</strong></span> <span class='ocrx_word' id='word_1_189' title='bbox 2907 947 2968 983; x_wconf 83' lang='lat' dir='ltr'><strong>ea</strong></span> <span class='ocrx_word' id='word_1_190' title='bbox 3012 948 3125 1001; x_wconf 71' lang='lat' dir='ltr'><strong>qua:</strong></span> <span class='ocrx_word' id='word_1_191' title='bbox 3151 945 3227 985; x_wconf 86' lang='lat' dir='ltr'><strong>est</strong></span> <span class='ocrx_word' id='word_1_192' title='bbox 3253 933 3372 987; x_wconf 74' lang='lat' dir='ltr'><strong>boni</strong></span> <span class='ocrx_word' id='word_1_193' title='bbox 3391 938 3629 1003; x_wconf 78' lang='lat' dir='ltr'><strong>quoniam</strong></span> 
     </span>
    </p>
   </div>
   <div class='ocr_carea' id='block_1_24' title="bbox 2052 1023 2477 1075">
    <p class='ocr_par' dir='ltr' id='par_1_24' title="bbox 2052 1023 2477 1075">
     <span class='ocr_line' id='line_1_24' title="bbox 2052 1023 2477 1075; baseline 0.009 -4"><span class='ocrx_word' id='word_1_194' title='bbox 2052 1034 2153 1072; x_wconf 73' lang='lat' dir='ltr'><strong>non</strong></span> <span class='ocrx_word' id='word_1_195' title='bbox 2179 1023 2362 1072; x_wconf 81' lang='lat' dir='ltr'><strong>bonum</strong></span> <span class='ocrx_word' id='word_1_196' title='bbox 2382 1032 2477 1075; x_wconf 85' lang='lat' dir='ltr'><strong>est.</strong></span> 
     </span>
    </p>
   </div>
   <div class='ocr_carea' id='block_1_25' title="bbox 2126 1110 3628 1181">
    <p class='ocr_par' dir='ltr' id='par_1_25' title="bbox 2126 1110 3628 1181">
     <span class='ocr_line' id='line_1_25' title="bbox 2126 1110 3628 1181; baseline 0.007 -19"><span class='ocrx_word' id='word_1_197' title='bbox 2126 1110 2198 1162; x_wconf 78' lang='lat' dir='ltr'><strong>Ex</strong></span> <span class='ocrx_word' id='word_1_198' title='bbox 2228 1111 2573 1165; x_wconf 81' lang='lat' dir='ltr'><strong>similitudine</strong></span> <span class='ocrx_word' id='word_1_199' title='bbox 2608 1122 2660 1167; x_wconf 91' lang='lat' dir='ltr'><strong>et</strong></span> <span class='ocrx_word' id='word_1_200' title='bbox 2704 1113 3047 1181; x_wconf 82' lang='lat' dir='ltr'><strong>proportione</strong></span> <span class='ocrx_word' id='word_1_201' title='bbox 3094 1115 3493 1171; x_wconf 83' lang='lat' dir='ltr'><strong>contrarietatis</strong></span> <span class='ocrx_word' id='word_1_202' title='bbox 3524 1119 3628 1173; x_wconf 83' lang='lat' dir='ltr'><strong>vim</strong></span> 
     </span>
    </p>
   </div>
   <div class='ocr_carea' id='block_1_26' title="bbox 2052 1205 3629 1279">
    <p class='ocr_par' dir='ltr' id='par_1_26' title="bbox 2052 1205 3629 1279">
     <span class='ocr_line' id='line_1_26' title="bbox 2052 1205 3629 1279; baseline 0.007 -26"><span class='ocrx_word' id='word_1_203' title='bbox 2052 1205 2474 1271; x_wconf 76' lang='lat' dir='ltr'><strong>propositionum</strong></span> <span class='ocrx_word' id='word_1_204' title='bbox 2506 1207 2776 1273; x_wconf 66' lang='lat' dir='ltr'><strong>vestigare</strong></span> <span class='ocrx_word' id='word_1_205' title='bbox 2819 1217 3063 1262; x_wconf 63' lang='lat' dir='ltr'><strong>curratur.</strong></span> <span class='ocrx_word' id='word_1_206' title='bbox 3097 1208 3200 1261; x_wconf 85' lang='lat' dir='ltr'><strong>Sed</strong></span> <span class='ocrx_word' id='word_1_207' title='bbox 3243 1208 3339 1263; x_wconf 81' lang='lat' dir='ltr'><strong>has</strong></span> <span class='ocrx_word' id='word_1_208' title='bbox 3388 1212 3629 1279; x_wconf 41' lang='lat' dir='ltr'><strong>pretiosis</strong></span> 
     </span>
    </p>
   </div>
   <div class='ocr_carea' id='block_1_27' title="bbox 2053 1293 3629 1370">
    <p class='ocr_par' dir='ltr' id='par_1_27' title="bbox 2053 1293 3629 1370">
     <span class='ocr_line' id='line_1_27' title="bbox 2053 1293 3629 1370; baseline 0.006 -24"><span class='ocrx_word' id='word_1_209' title='bbox 2053 1293 2229 1347; x_wconf 78' lang='lat' dir='ltr'><strong>tiones</strong></span> <span class='ocrx_word' id='word_1_210' title='bbox 2282 1295 2425 1363; x_wconf 87' lang='lat' dir='ltr'><strong>prius</strong></span> <span class='ocrx_word' id='word_1_211' title='bbox 2468 1296 2836 1367; x_wconf 82' lang='lat' dir='ltr'><strong>disponamus,</strong></span> <span class='ocrx_word' id='word_1_212' title='bbox 2861 1311 2981 1367; x_wconf 84' lang='lat' dir='ltr'><strong>post</strong></span> <span class='ocrx_word' id='word_1_213' title='bbox 3010 1312 3185 1357; x_wconf 84' lang='lat' dir='ltr'><strong>autem</strong></span> <span class='ocrx_word' id='word_1_214' title='bbox 3215 1312 3469 1368; x_wconf 86' lang='lat' dir='ltr'><strong>quantum</strong></span> <span class='ocrx_word' id='word_1_215' title='bbox 3504 1317 3629 1370; x_wconf 84' lang='lat' dir='ltr'><strong>pos-</strong></span> 
     </span>
    </p>
   </div>
   <div class='ocr_carea' id='block_1_28' title="bbox 2051 1386 3632 1464">
    <p class='ocr_par' dir='ltr' id='par_1_28' title="bbox 2051 1386 3632 1464">
     <span class='ocr_line' id='line_1_28' title="bbox 2051 1386 3632 1464; baseline 0.009 -26"><span class='ocrx_word' id='word_1_216' title='bbox 2051 1398 2236 1438; x_wconf 87' lang='lat' dir='ltr'><strong>sumus</strong></span> <span class='ocrx_word' id='word_1_217' title='bbox 2294 1386 2529 1442; x_wconf 72' lang='lat' dir='ltr'><strong>breviter</strong></span> <span class='ocrx_word' id='word_1_218' title='bbox 2577 1390 2683 1443; x_wconf 87' lang='lat' dir='ltr'><strong>vim</strong></span> <span class='ocrx_word' id='word_1_219' title='bbox 2740 1392 3094 1447; x_wconf 65' lang='lat' dir='ltr'><strong>Aristotelia:</strong></span> <span class='ocrx_word' id='word_1_220' title='bbox 3151 1394 3632 1464; x_wconf 66' lang='lat' dir='ltr'><strong>argumentationis</strong></span> 
     </span>
    </p>
   </div>
   <div class='ocr_carea' id='block_1_29' title="bbox 2049 1496 2429 1550">
    <p class='ocr_par' dir='ltr' id='par_1_29' title="bbox 2049 1496 2429 1550">
     <span class='ocr_line' id='line_1_29' title="bbox 2049 1496 2429 1550; baseline 0.005 -15"><span class='ocrx_word' id='word_1_221' title='bbox 2049 1496 2429 1550; x_wconf 81' lang='lat' dir='ltr'><strong>exsequamur.</strong></span> 
     </span>
    </p>
   </div>
   <div class='ocr_carea' id='block_1_30' title="bbox 2126 1574 3059 1647">
    <p class='ocr_par' dir='ltr' id='par_1_30' title="bbox 2126 1574 3059 1647">
     <span class='ocr_line' id='line_1_30' title="bbox 2126 1574 3059 1647; baseline 0.008 -19"><span class='ocrx_word' id='word_1_222' title='bbox 2126 1574 2260 1630; x_wconf 86' lang='lat' dir='ltr'><strong>Vera</strong></span> <span class='ocrx_word' id='word_1_223' title='bbox 2291 1578 2411 1631; x_wconf 89' lang='lat' dir='ltr'><strong>boni</strong></span> <span class='ocrx_word' id='word_1_224' title='bbox 2440 1579 2686 1647; x_wconf 87' lang='lat' dir='ltr'><strong>quoniam</strong></span> <span class='ocrx_word' id='word_1_225' title='bbox 2720 1579 2915 1634; x_wconf 89' lang='lat' dir='ltr'><strong>bonum</strong></span> <span class='ocrx_word' id='word_1_226' title='bbox 2956 1588 3059 1635; x_wconf 88' lang='lat' dir='ltr'><strong>est.</strong></span> 
     </span>
    </p>
   </div>
   <div class='ocr_carea' id='block_1_31' title="bbox 2128 1670 3217 1741">
    <p class='ocr_par' dir='ltr' id='par_1_31' title="bbox 2128 1670 3217 1741">
     <span class='ocr_line' id='line_1_31' title="bbox 2128 1670 3217 1741; baseline 0.007 -19"><span class='ocrx_word' id='word_1_227' title='bbox 2128 1670 2280 1723; x_wconf 77' lang='lat' dir='ltr'><strong>Falsa</strong></span> <span class='ocrx_word' id='word_1_228' title='bbox 2312 1670 2438 1725; x_wconf 88' lang='lat' dir='ltr'><strong>boui</strong></span> <span class='ocrx_word' id='word_1_229' title='bbox 2476 1672 2726 1741; x_wconf 83' lang='lat' dir='ltr'><strong>quoniam</strong></span> <span class='ocrx_word' id='word_1_230' title='bbox 2761 1673 2955 1727; x_wconf 88' lang='lat' dir='ltr'><strong>bonum</strong></span> <span class='ocrx_word' id='word_1_231' title='bbox 2988 1690 3092 1728; x_wconf 90' lang='lat' dir='ltr'><strong>non</strong></span> <span class='ocrx_word' id='word_1_232' title='bbox 3119 1684 3217 1730; x_wconf 84' lang='lat' dir='ltr'><strong>est.</strong></span> 
     </span>
    </p>
   </div>
   <div class='ocr_carea' id='block_1_32' title="bbox 2128 1763 3323 1834">
    <p class='ocr_par' dir='ltr' id='par_1_32' title="bbox 2128 1763 3323 1834">
     <span class='ocr_line' id='line_1_32' title="bbox 2128 1763 3323 1834; baseline 0.007 -17"><span class='ocrx_word' id='word_1_233' title='bbox 2128 1763 2263 1818; x_wconf 82' lang='lat' dir='ltr'><strong>Vera</strong></span> <span class='ocrx_word' id='word_1_234' title='bbox 2293 1781 2395 1819; x_wconf 88' lang='lat' dir='ltr'><strong>non</strong></span> <span class='ocrx_word' id='word_1_235' title='bbox 2428 1766 2548 1819; x_wconf 90' lang='lat' dir='ltr'><strong>boni</strong></span> <span class='ocrx_word' id='word_1_236' title='bbox 2582 1770 2831 1834; x_wconf 85' lang='lat' dir='ltr'><strong>quoniam</strong></span> <span class='ocrx_word' id='word_1_237' title='bbox 2862 1783 2967 1822; x_wconf 88' lang='lat' dir='ltr'><strong>non</strong></span> <span class='ocrx_word' id='word_1_238' title='bbox 3002 1770 3197 1823; x_wconf 83' lang='lat' dir='ltr'><strong>bonum</strong></span> <span class='ocrx_word' id='word_1_239' title='bbox 3223 1777 3323 1825; x_wconf 84' lang='lat' dir='ltr'><strong>est.</strong></span> 
     </span>
    </p>
   </div>
   <div class='ocr_carea' id='block_1_33' title="bbox 377 1848 3200 1934">
    <p class='ocr_par' dir='ltr' id='par_1_33' title="bbox 377 1848 3200 1934">
     <span class='ocr_line' id='line_1_33' title="bbox 377 1848 3200 1934; baseline -0.001 -16"><span class='ocrx_word' id='word_1_240' title='bbox 377 1880 496 1934; x_wconf 68' lang='lat' dir='ltr'><strong>quae</strong></span> <span class='ocrx_word' id='word_1_241' title='bbox 518 1872 673 1932; x_wconf 80' lang='lat' dir='ltr'><strong>negat</strong></span> <span class='ocrx_word' id='word_1_242' title='bbox 692 1861 868 1932; x_wconf 81' lang='lat' dir='ltr'><strong>potius</strong></span> <span class='ocrx_word' id='word_1_243' title='bbox 886 1876 1044 1929; x_wconf 86' lang='lat' dir='ltr'><strong>quam</strong></span> <span class='ocrx_word' id='word_1_244' title='bbox 1069 1873 1186 1913; x_wconf 85' lang='lat' dir='ltr'><strong>eam</strong></span> <span class='ocrx_word' id='word_1_245' title='bbox 1208 1875 1326 1927; x_wconf 70' lang='lat' dir='ltr'><strong>qua:</strong></span> <span class='ocrx_word' id='word_1_246' title='bbox 1347 1858 1671 1912; x_wconf 76' lang='lat' dir='ltr'><strong>contrariam</strong></span> <span class='ocrx_word' id='word_1_247' title='bbox 1692 1856 1950 1919; x_wconf 83' lang='lat' dir='ltr'><strong>at&#39;lirmat;</strong></span> <span class='ocrx_word' id='word_1_248' title='bbox 1983 1848 2031 1910; x_wconf 84' lang='grc' dir='ltr'><strong>Β</strong></span> <span class='ocrx_word' id='word_1_249' title='bbox 2129 1856 2280 1911; x_wconf 61' lang='lat' dir='ltr'><strong>Falsa</strong></span> <span class='ocrx_word' id='word_1_250' title='bbox 2312 1875 2415 1912; x_wconf 81' lang='lat' dir='ltr'><strong>non</strong></span> <span class='ocrx_word' id='word_1_251' title='bbox 2446 1859 2569 1916; x_wconf 90' lang='lat' dir='ltr'><strong>boui</strong></span> <span class='ocrx_word' id='word_1_252' title='bbox 2594 1859 2844 1928; x_wconf 89' lang='lat' dir='ltr'><strong>quoniam</strong></span> <span class='ocrx_word' id='word_1_253' title='bbox 2874 1863 3067 1915; x_wconf 85' lang='lat' dir='ltr'><strong>bonum</strong></span> <span class='ocrx_word' id='word_1_254' title='bbox 3100 1873 3200 1917; x_wconf 90' lang='grc' dir='ltr'>εει.</span> 
     </span>
    </p>
   </div>
   <div class='ocr_carea' id='block_1_34' title="bbox 380 1949 1949 2024">
    <p class='ocr_par' dir='ltr' id='par_1_34' title="bbox 380 1949 1949 2024">
     <span class='ocr_line' id='line_1_34' title="bbox 380 1949 1949 2024; baseline -0.004 -15"><span class='ocrx_word' id='word_1_255' title='bbox 380 1955 633 2024; x_wconf 80' lang='lat' dir='ltr'><strong>implicita</strong></span> <span class='ocrx_word' id='word_1_256' title='bbox 662 1964 764 2021; x_wconf 85' lang='lat' dir='ltr'><strong>est,</strong></span> <span class='ocrx_word' id='word_1_257' title='bbox 812 1953 1001 2020; x_wconf 86' lang='lat' dir='ltr'><strong>inquit,</strong></span> <span class='ocrx_word' id='word_1_258' title='bbox 1040 1949 1324 2005; x_wconf 78' lang='lat' dir='ltr'><strong>afﬁrmatio</strong></span> <span class='ocrx_word' id='word_1_259' title='bbox 1371 1950 1649 2005; x_wconf 80' lang='lat' dir='ltr'><strong>contrarii.</strong></span> <span class='ocrx_word' id='word_1_260' title='bbox 1694 1949 1949 2016; x_wconf 79' lang='lat' dir='ltr'><strong>Quisquis</strong></span> 
     </span>
    </p>
   </div>
   <div class='ocr_carea' id='block_1_35' title="bbox 382 2039 1951 2114">
    <p class='ocr_par' dir='ltr' id='par_1_35' title="bbox 382 2039 1951 2114">
     <span class='ocr_line' id='line_1_35' title="bbox 382 2039 1951 2114; baseline -0.006 -13"><span class='ocrx_word' id='word_1_261' title='bbox 382 2061 522 2101; x_wconf 62' lang='lat' dir='ltr'><strong>enim</strong></span> <span class='ocrx_word' id='word_1_262' title='bbox 555 2055 699 2114; x_wconf 81' lang='lat' dir='ltr'><strong>putat</strong></span> <span class='ocrx_word' id='word_1_263' title='bbox 730 2044 779 2097; x_wconf 87' lang='lat' dir='ltr'><strong>id</strong></span> <span class='ocrx_word' id='word_1_264' title='bbox 802 2044 941 2114; x_wconf 77' lang='lat' dir='ltr'><strong>quod</strong></span> <span class='ocrx_word' id='word_1_265' title='bbox 972 2042 1169 2097; x_wconf 82' lang='lat' dir='ltr'><strong>bonum</strong></span> <span class='ocrx_word' id='word_1_266' title='bbox 1199 2054 1281 2096; x_wconf 86' lang='lat' dir='ltr'><strong>est</strong></span> <span class='ocrx_word' id='word_1_267' title='bbox 1310 2041 1507 2095; x_wconf 85' lang='lat' dir='ltr'><strong>malum</strong></span> <span class='ocrx_word' id='word_1_268' title='bbox 1537 2056 1676 2105; x_wconf 86' lang='lat' dir='ltr'><strong>esse,</strong></span> <span class='ocrx_word' id='word_1_269' title='bbox 1709 2040 1823 2095; x_wconf 88' lang='lat' dir='ltr'><strong>tieri</strong></span> <span class='ocrx_word' id='word_1_270' title='bbox 1852 2039 1951 2093; x_wconf 89' lang='lat' dir='ltr'><strong>ali-</strong></span> 
     </span>
    </p>
   </div>
   <div class='ocr_carea' id='block_1_36' title="bbox 384 2130 1951 2203">
    <p class='ocr_par' dir='ltr' id='par_1_36' title="bbox 384 2130 1951 2203">
     <span class='ocr_line' id='line_1_36' title="bbox 384 2130 1951 2203; baseline -0.004 -13"><span class='ocrx_word' id='word_1_271' title='bbox 384 2146 467 2190; x_wconf 89' lang='lat' dir='ltr'><strong>ter</strong></span> <span class='ocrx_word' id='word_1_272' title='bbox 490 2150 592 2190; x_wconf 84' lang='lat' dir='ltr'><strong>non</strong></span> <span class='ocrx_word' id='word_1_273' title='bbox 616 2142 809 2203; x_wconf 85' lang='lat' dir='ltr'><strong>potest,</strong></span> <span class='ocrx_word' id='word_1_274' title='bbox 843 2134 943 2188; x_wconf 83' lang='lat' dir='ltr'><strong>nisi</strong></span> <span class='ocrx_word' id='word_1_275' title='bbox 967 2133 1093 2187; x_wconf 91' lang='lat' dir='ltr'><strong>illud</strong></span> <span class='ocrx_word' id='word_1_276' title='bbox 1120 2148 1331 2203; x_wconf 91' lang='lat' dir='ltr'><strong>quoque</strong></span> <span class='ocrx_word' id='word_1_277' title='bbox 1361 2142 1509 2203; x_wconf 90' lang='lat' dir='ltr'><strong>putet</strong></span> <span class='ocrx_word' id='word_1_278' title='bbox 1548 2148 1653 2187; x_wconf 89' lang='lat' dir='ltr'><strong>non</strong></span> <span class='ocrx_word' id='word_1_279' title='bbox 1683 2146 1809 2185; x_wconf 87' lang='lat' dir='ltr'><strong>esse</strong></span> <span class='ocrx_word' id='word_1_280' title='bbox 1853 2130 1951 2185; x_wconf 84' lang='lat' dir='ltr'><strong>bo—</strong></span> 
     </span>
    </p>
   </div>
   <div class='ocr_carea' id='block_1_37' title="bbox 384 2224 1951 2295">
    <p class='ocr_par' dir='ltr' id='par_1_37' title="bbox 384 2224 1951 2295">
     <span class='ocr_line' id='line_1_37' title="bbox 384 2224 1951 2295; baseline -0.003 -14"><span class='ocrx_word' id='word_1_281' title='bbox 384 2243 531 2281; x_wconf 89' lang='lat' dir='ltr'><strong>uum.</strong></span> <span class='ocrx_word' id='word_1_282' title='bbox 559 2228 732 2294; x_wconf 85' lang='lat' dir='ltr'><strong>Quare</strong></span> <span class='ocrx_word' id='word_1_283' title='bbox 768 2226 964 2295; x_wconf 80' lang='lat' dir='ltr'><strong>duplex</strong></span> <span class='ocrx_word' id='word_1_284' title='bbox 1003 2225 1398 2295; x_wconf 83' lang='lat' dir='ltr'><strong>quodammodo</strong></span> <span class='ocrx_word' id='word_1_285' title='bbox 1447 2224 1740 2294; x_wconf 83' lang='lat' dir='ltr'><strong>propositio</strong></span> <span class='ocrx_word' id='word_1_286' title='bbox 1770 2232 1855 2277; x_wconf 90' lang='lat' dir='ltr'><strong>est</strong></span> <span class='ocrx_word' id='word_1_287' title='bbox 1889 2236 1951 2277; x_wconf 84' lang='lat' dir='ltr'><strong>ea</strong></span> 
     </span>
    </p>
   </div>
   <div class='ocr_carea' id='block_1_38' title="bbox 380 2318 1951 2390">
    <p class='ocr_par' dir='ltr' id='par_1_38' title="bbox 380 2318 1951 2390">
     <span class='ocr_line' id='line_1_38' title="bbox 380 2318 1951 2390; baseline -0.003 -17"><span class='ocrx_word' id='word_1_288' title='bbox 380 2338 499 2390; x_wconf 65' lang='lat' dir='ltr'><strong>quae</strong></span> <span class='ocrx_word' id='word_1_289' title='bbox 539 2321 669 2375; x_wconf 80' lang='lat' dir='ltr'><strong>dicit</strong></span> <span class='ocrx_word' id='word_1_290' title='bbox 707 2320 900 2374; x_wconf 87' lang='lat' dir='ltr'><strong>malum</strong></span> <span class='ocrx_word' id='word_1_291' title='bbox 948 2321 1238 2386; x_wconf 79' lang='lat' dir='ltr'><strong>essequod</strong></span> <span class='ocrx_word' id='word_1_292' title='bbox 1271 2321 1464 2375; x_wconf 88' lang='lat' dir='ltr'><strong>bonum</strong></span> <span class='ocrx_word' id='word_1_293' title='bbox 1492 2329 1594 2373; x_wconf 85' lang='lat' dir='ltr'><strong>est.</strong></span> <span class='ocrx_word' id='word_1_294' title='bbox 1636 2318 1765 2372; x_wconf 82' lang='lat' dir='ltr'><strong>Nam</strong></span> <span class='ocrx_word' id='word_1_295' title='bbox 1790 2319 1951 2371; x_wconf 88' lang='lat' dir='ltr'><strong>etiam</strong></span> 
     </span>
    </p>
   </div>
   <div class='ocr_carea' id='block_1_39' title="bbox 380 2408 1953 2483">
    <p class='ocr_par' dir='ltr' id='par_1_39' title="bbox 380 2408 1953 2483">
     <span class='ocr_line' id='line_1_39' title="bbox 380 2408 1953 2483; baseline -0.004 -14"><span class='ocrx_word' id='word_1_296' title='bbox 380 2414 509 2469; x_wconf 79' lang='lat' dir='ltr'><strong>illud</strong></span> <span class='ocrx_word' id='word_1_297' title='bbox 559 2416 609 2469; x_wconf 80' lang='lat' dir='ltr'><strong>in</strong></span> <span class='ocrx_word' id='word_1_298' title='bbox 637 2429 695 2467; x_wconf 86' lang='lat' dir='ltr'><strong>se</strong></span> <span class='ocrx_word' id='word_1_299' title='bbox 738 2413 996 2476; x_wconf 80' lang='lat' dir='ltr'><strong>continet,</strong></span> <span class='ocrx_word' id='word_1_300' title='bbox 1029 2411 1172 2483; x_wconf 91' lang='lat' dir='ltr'><strong>quod</strong></span> <span class='ocrx_word' id='word_1_301' title='bbox 1219 2413 1413 2466; x_wconf 89' lang='lat' dir='ltr'><strong>bonum</strong></span> <span class='ocrx_word' id='word_1_302' title='bbox 1444 2426 1548 2464; x_wconf 88' lang='lat' dir='ltr'><strong>non</strong></span> <span class='ocrx_word' id='word_1_303' title='bbox 1580 2420 1677 2465; x_wconf 84' lang='lat' dir='ltr'><strong>est.</strong></span> <span class='ocrx_word' id='word_1_304' title='bbox 1714 2408 1953 2477; x_wconf 69' lang='lat' dir='ltr'><strong>Simplex</strong></span> 
     </span>
    </p>
   </div>
   <div class='ocr_carea' id='block_1_40' title="bbox 382 2502 1953 2575">
    <p class='ocr_par' dir='ltr' id='par_1_40' title="bbox 382 2502 1953 2575">
     <span class='ocr_line' id='line_1_40' title="bbox 382 2502 1953 2575; baseline -0.006 -13"><span class='ocrx_word' id='word_1_305' title='bbox 382 2516 559 2562; x_wconf 76' lang='lat' dir='ltr'><strong>autem</strong></span> <span class='ocrx_word' id='word_1_306' title='bbox 588 2516 672 2561; x_wconf 86' lang='lat' dir='ltr'><strong>est</strong></span> <span class='ocrx_word' id='word_1_307' title='bbox 720 2506 1032 2575; x_wconf 75' lang='lat' dir='ltr'><strong>propositio,</strong></span> <span class='ocrx_word' id='word_1_308' title='bbox 1083 2505 1278 2559; x_wconf 88' lang='lat' dir='ltr'><strong>bonum</strong></span> <span class='ocrx_word' id='word_1_309' title='bbox 1309 2519 1426 2558; x_wconf 89' lang='lat' dir='ltr'><strong>esse</strong></span> <span class='ocrx_word' id='word_1_310' title='bbox 1453 2502 1593 2572; x_wconf 87' lang='lat' dir='ltr'><strong>quod</strong></span> <span class='ocrx_word' id='word_1_311' title='bbox 1628 2502 1822 2555; x_wconf 87' lang='lat' dir='ltr'><strong>bonum</strong></span> <span class='ocrx_word' id='word_1_312' title='bbox 1849 2509 1953 2565; x_wconf 86' lang='lat' dir='ltr'><strong>est,</strong></span> 
     </span>
    </p>
   </div>
   <div class='ocr_carea' id='block_1_41' title="bbox 382 2594 1955 2668">
    <p class='ocr_par' dir='ltr' id='par_1_41' title="bbox 382 2594 1955 2668">
     <span class='ocr_line' id='line_1_41' title="bbox 382 2594 1955 2668; baseline -0.007 -13"><span class='ocrx_word' id='word_1_313' title='bbox 382 2611 436 2655; x_wconf 86' lang='lat' dir='ltr'><strong>et</strong></span> <span class='ocrx_word' id='word_1_314' title='bbox 463 2598 687 2668; x_wconf 85' lang='lat' dir='ltr'><strong>simplici</strong></span> <span class='ocrx_word' id='word_1_315' title='bbox 717 2598 938 2668; x_wconf 78' lang='lat' dir='ltr'><strong>simplex</strong></span> <span class='ocrx_word' id='word_1_316' title='bbox 967 2604 1141 2666; x_wconf 88' lang='lat' dir='ltr'><strong>potest</strong></span> <span class='ocrx_word' id='word_1_317' title='bbox 1171 2597 1337 2667; x_wconf 69' lang='lat' dir='ltr'><strong>magis</strong></span> <span class='ocrx_word' id='word_1_318' title='bbox 1359 2610 1479 2651; x_wconf 83' lang='lat' dir='ltr'><strong>esse</strong></span> <span class='ocrx_word' id='word_1_319' title='bbox 1506 2594 1798 2655; x_wconf 84' lang='lat' dir='ltr'><strong>contraria,</strong></span> <span class='ocrx_word' id='word_1_320' title='bbox 1824 2594 1955 2647; x_wconf 78' lang='lat' dir='ltr'><strong>sim-</strong></span> 
     </span>
    </p>
   </div>
   <div class='ocr_carea' id='block_1_42' title="bbox 384 2687 1954 2761">
    <p class='ocr_par' dir='ltr' id='par_1_42' title="bbox 384 2687 1954 2761">
     <span class='ocr_line' id='line_1_42' title="bbox 384 2687 1954 2761; baseline -0.001 -17"><span class='ocrx_word' id='word_1_321' title='bbox 384 2693 609 2761; x_wconf 77' lang='lat' dir='ltr'><strong>plexque</strong></span> <span class='ocrx_word' id='word_1_322' title='bbox 657 2700 739 2745; x_wconf 79' lang='lat' dir='ltr'><strong>est</strong></span> <span class='ocrx_word' id='word_1_323' title='bbox 785 2690 998 2761; x_wconf 75' lang='lat' dir='ltr'><strong>negatio</strong></span> <span class='ocrx_word' id='word_1_324' title='bbox 1026 2688 1167 2759; x_wconf 83' lang='lat' dir='ltr'><strong>quod</strong></span> <span class='ocrx_word' id='word_1_325' title='bbox 1208 2692 1401 2742; x_wconf 86' lang='lat' dir='ltr'><strong>bonum</strong></span> <span class='ocrx_word' id='word_1_326' title='bbox 1443 2698 1546 2755; x_wconf 84' lang='lat' dir='ltr'><strong>est,</strong></span> <span class='ocrx_word' id='word_1_327' title='bbox 1577 2704 1680 2743; x_wconf 90' lang='lat' dir='ltr'><strong>non</strong></span> <span class='ocrx_word' id='word_1_328' title='bbox 1709 2702 1830 2742; x_wconf 85' lang='lat' dir='ltr'><strong>esse</strong></span> <span class='ocrx_word' id='word_1_329' title='bbox 1863 2687 1954 2742; x_wconf 85' lang='lat' dir='ltr'><strong>bo-</strong></span> 
     </span>
    </p>
   </div>
   <div class='ocr_carea' id='block_1_43' title="bbox 384 2781 1530 2853">
    <p class='ocr_par' dir='ltr' id='par_1_43' title="bbox 384 2781 1530 2853">
     <span class='ocr_line' id='line_1_43' title="bbox 384 2781 1530 2853; baseline -0.004 -14"><span class='ocrx_word' id='word_1_330' title='bbox 384 2800 528 2839; x_wconf 78' lang='lat' dir='ltr'><strong>num.</strong></span> <span class='ocrx_word' id='word_1_331' title='bbox 581 2784 703 2839; x_wconf 78' lang='lat' dir='ltr'><strong>lla-c</strong></span> <span class='ocrx_word' id='word_1_332' title='bbox 735 2784 895 2853; x_wconf 70' lang='lat' dir='ltr'><strong>igilpr</strong></span> <span class='ocrx_word' id='word_1_333' title='bbox 920 2784 1094 2852; x_wconf 68' lang='lat' dir='ltr'><strong>magis</strong></span> <span class='ocrx_word' id='word_1_334' title='bbox 1119 2781 1386 2836; x_wconf 80' lang='lat' dir='ltr'><strong>contraria</strong></span> <span class='ocrx_word' id='word_1_335' title='bbox 1427 2791 1530 2836; x_wconf 87' lang='lat' dir='ltr'><strong>est.</strong></span> 
     </span>
    </p>
   </div>
   <div class='ocr_carea' id='block_1_44' title="bbox 452 2843 1952 2948">
    <p class='ocr_par' dir='ltr' id='par_1_44' title="bbox 452 2843 1952 2948">
     <span class='ocr_line' id='line_1_44' title="bbox 452 2843 1952 2948; baseline -0.003 -18"><span class='ocrx_word' id='word_1_336' title='bbox 452 2877 685 2948; x_wconf 71' lang='lat' dir='ltr'><strong>Amplius</strong></span> <span class='ocrx_word' id='word_1_337' title='bbox 705 2843 927 2930; x_wconf 48' lang='lat' dir='ltr'><strong>sivetiam</strong></span> <span class='ocrx_word' id='word_1_338' title='bbox 960 2843 1158 2929; x_wconf 45' lang='lat' dir='ltr'><strong>invaliis</strong></span> <span class='ocrx_word' id='word_1_339' title='bbox 1178 2875 1415 2929; x_wconf 73' lang='lat' dir='ltr'><strong>similiter</strong></span> <span class='ocrx_word' id='word_1_340' title='bbox 1447 2883 1643 2942; x_wconf 81' lang='lat' dir='ltr'><strong>Oportet</strong></span> <span class='ocrx_word' id='word_1_341' title='bbox 1677 2889 1730 2926; x_wconf 81' lang='lat' dir='ltr'><strong>se</strong></span> <span class='ocrx_word' id='word_1_342' title='bbox 1749 2873 1952 2937; x_wconf 67' lang='lat' dir='ltr'><strong>haben,</strong></span> 
     </span>
    </p>
   </div>
   <div class='ocr_carea' id='block_1_45' title="bbox 384 2967 1955 3035">
    <p class='ocr_par' dir='ltr' id='par_1_45' title="bbox 384 2967 1955 3035">
     <span class='ocr_line' id='line_1_45' title="bbox 384 2967 1955 3035; baseline -0.005 -9"><span class='ocrx_word' id='word_1_343' title='bbox 384 2980 428 3026; x_wconf 80' lang='grc' dir='ltr'>σι</span> <span class='ocrx_word' id='word_1_344' title='bbox 468 2970 549 3023; x_wconf 78' lang='lat' dir='ltr'><strong>hic</strong></span> <span class='ocrx_word' id='word_1_345' title='bbox 591 2970 788 3023; x_wconf 79' lang='lat' dir='ltr'><strong>videtur</strong></span> <span class='ocrx_word' id='word_1_346' title='bbox 828 2968 951 3023; x_wconf 72' lang='lat' dir='ltr'><strong>bene</strong></span> <span class='ocrx_word' id='word_1_347' title='bbox 985 2983 1092 3022; x_wconf 86' lang='lat' dir='ltr'><strong>esse</strong></span> <span class='ocrx_word' id='word_1_348' title='bbox 1128 2968 1341 3031; x_wconf 83' lang='lat' dir='ltr'><strong>dictum,</strong></span> <span class='ocrx_word' id='word_1_349' title='bbox 1389 2976 1480 3021; x_wconf 85' lang='lat' dir='ltr'><strong>aut</strong></span> <span class='ocrx_word' id='word_1_350' title='bbox 1511 2967 1645 3020; x_wconf 82' lang='lat' dir='ltr'><strong>enim</strong></span> <span class='ocrx_word' id='word_1_351' title='bbox 1678 2968 1858 3035; x_wconf 75' lang='lat' dir='ltr'><strong>ubique</strong></span> <span class='ocrx_word' id='word_1_352' title='bbox 1896 2981 1955 3018; x_wconf 88' lang='lat' dir='ltr'><strong>ea</strong></span> 
     </span>
    </p>
   </div>
   <div class='ocr_carea' id='block_1_46' title="bbox 384 3058 1957 3133">
    <p class='ocr_par' dir='ltr' id='par_1_46' title="bbox 384 3058 1957 3133">
     <span class='ocr_line' id='line_1_46' title="bbox 384 3058 1957 3133; baseline -0.004 -16"><span class='ocrx_word' id='word_1_353' title='bbox 384 3078 494 3133; x_wconf 71' lang='lat' dir='ltr'><strong>qua</strong></span> <span class='ocrx_word' id='word_1_354' title='bbox 522 3072 592 3116; x_wconf 82' lang='lat' dir='ltr'><strong>est</strong></span> <span class='ocrx_word' id='word_1_355' title='bbox 614 3061 971 3124; x_wconf 73' lang='lat' dir='ltr'><strong>contradictio,</strong></span> <span class='ocrx_word' id='word_1_356' title='bbox 997 3070 1084 3114; x_wconf 87' lang='lat' dir='ltr'><strong>aut</strong></span> <span class='ocrx_word' id='word_1_357' title='bbox 1111 3074 1383 3129; x_wconf 84' lang='lat' dir='ltr'><strong>nusquam,</strong></span> <span class='ocrx_word' id='word_1_358' title='bbox 1419 3058 1596 3129; x_wconf 73' lang='lat' dir='ltr'><strong>quibus</strong></span> <span class='ocrx_word' id='word_1_359' title='bbox 1618 3074 1732 3112; x_wconf 76' lang='lat' dir='ltr'><strong>vero</strong></span> <span class='ocrx_word' id='word_1_360' title='bbox 1752 3073 1857 3110; x_wconf 84' lang='lat' dir='ltr'><strong>non</strong></span> <span class='ocrx_word' id='word_1_361' title='bbox 1882 3064 1957 3111; x_wconf 85' lang='lat' dir='ltr'><strong>est</strong></span> 
     </span>
    </p>
   </div>
   <div class='ocr_carea' id='block_1_47' title="bbox 387 3150 1957 3222">
    <p class='ocr_par' dir='ltr' id='par_1_47' title="bbox 387 3150 1957 3222">
     <span class='ocr_line' id='line_1_47' title="bbox 387 3150 1957 3222; baseline -0.003 -16"><span class='ocrx_word' id='word_1_362' title='bbox 387 3155 710 3218; x_wconf 79' lang='lat' dir='ltr'><strong>contrarium,</strong></span> <span class='ocrx_word' id='word_1_363' title='bbox 743 3154 806 3207; x_wconf 70' lang='lat' dir='ltr'><strong>de</strong></span> <span class='ocrx_word' id='word_1_364' title='bbox 852 3154 931 3207; x_wconf 85' lang='lat' dir='ltr'><strong>Itis</strong></span> <span class='ocrx_word' id='word_1_365' title='bbox 968 3152 1170 3222; x_wconf 68' lang='lat' dir='ltr'><strong>quidem</strong></span> <span class='ocrx_word' id='word_1_366' title='bbox 1206 3160 1281 3207; x_wconf 81' lang='lat' dir='ltr'><strong>est</strong></span> <span class='ocrx_word' id='word_1_367' title='bbox 1312 3150 1443 3219; x_wconf 82' lang='lat' dir='ltr'><strong>falsa</strong></span> <span class='ocrx_word' id='word_1_368' title='bbox 1482 3167 1539 3205; x_wconf 82' lang='lat' dir='ltr'><strong>ea</strong></span> <span class='ocrx_word' id='word_1_369' title='bbox 1568 3166 1681 3216; x_wconf 68' lang='lat' dir='ltr'><strong>qua</strong></span> <span class='ocrx_word' id='word_1_370' title='bbox 1711 3158 1783 3203; x_wconf 83' lang='lat' dir='ltr'><strong>est</strong></span> <span class='ocrx_word' id='word_1_371' title='bbox 1828 3164 1957 3201; x_wconf 75' lang='lat' dir='ltr'><strong>vera:</strong></span> 
     </span>
    </p>
   </div>
   <div class='ocr_carea' id='block_1_48' title="bbox 2128 1951 3629 2022">
    <p class='ocr_par' dir='ltr' id='par_1_48' title="bbox 2128 1951 3629 2022">
     <span class='ocr_line' id='line_1_48' title="bbox 2128 1951 3629 2022; baseline 0.007 -19"><span class='ocrx_word' id='word_1_372' title='bbox 2128 1951 2322 2005; x_wconf 86' lang='lat' dir='ltr'><strong>Harum</strong></span> <span class='ocrx_word' id='word_1_373' title='bbox 2352 1963 2577 2019; x_wconf 84' lang='lat' dir='ltr'><strong>quatuor</strong></span> <span class='ocrx_word' id='word_1_374' title='bbox 2615 1955 2924 2021; x_wconf 75' lang='lat' dir='ltr'><strong>ouittionum</strong></span> <span class='ocrx_word' id='word_1_375' title='bbox 2974 1956 3091 2010; x_wconf 74' lang='lat' dir='ltr'><strong>dua:</strong></span> <span class='ocrx_word' id='word_1_376' title='bbox 3142 1972 3277 2012; x_wconf 74' lang='lat' dir='ltr'><strong>vera:</strong></span> <span class='ocrx_word' id='word_1_377' title='bbox 3319 1966 3462 2022; x_wconf 86' lang='lat' dir='ltr'><strong>sunt,</strong></span> <span class='ocrx_word' id='word_1_378' title='bbox 3512 1958 3629 2019; x_wconf 76' lang='lat' dir='ltr'><strong>dua</strong></span> 
     </span>
    </p>
   </div>
   <div class='ocr_carea' id='block_1_49' title="bbox 2052 2042 3629 2117">
    <p class='ocr_par' dir='ltr' id='par_1_49' title="bbox 2052 2042 3629 2117">
     <span class='ocr_line' id='line_1_49' title="bbox 2052 2042 3629 2117; baseline 0.006 -20"><span class='ocrx_word' id='word_1_379' title='bbox 2052 2042 2223 2097; x_wconf 57' lang='lat' dir='ltr'><strong>falsi.</strong></span> <span class='ocrx_word' id='word_1_380' title='bbox 2250 2044 2340 2097; x_wconf 90' lang='lat' dir='ltr'><strong>Illa</strong></span> <span class='ocrx_word' id='word_1_381' title='bbox 2356 2060 2475 2112; x_wconf 66' lang='lat' dir='ltr'><strong>qua</strong></span> <span class='ocrx_word' id='word_1_382' title='bbox 2504 2056 2587 2098; x_wconf 85' lang='lat' dir='ltr'><strong>est</strong></span> <span class='ocrx_word' id='word_1_383' title='bbox 2605 2046 2724 2097; x_wconf 83' lang='lat' dir='ltr'><strong>boui</strong></span> <span class='ocrx_word' id='word_1_384' title='bbox 2750 2048 3000 2115; x_wconf 87' lang='lat' dir='ltr'><strong>quoniam</strong></span> <span class='ocrx_word' id='word_1_385' title='bbox 3026 2048 3219 2102; x_wconf 89' lang='lat' dir='ltr'><strong>bonum</strong></span> <span class='ocrx_word' id='word_1_386' title='bbox 3242 2061 3345 2117; x_wconf 90' lang='lat' dir='ltr'><strong>est,</strong></span> <span class='ocrx_word' id='word_1_387' title='bbox 3368 2065 3497 2105; x_wconf 79' lang='lat' dir='ltr'><strong>vera</strong></span> <span class='ocrx_word' id='word_1_388' title='bbox 3518 2060 3629 2117; x_wconf 85' lang='lat' dir='ltr'><strong>est;</strong></span> 
     </span>
    </p>
   </div>
   <div class='ocr_carea' id='block_1_50' title="bbox 2054 2133 3626 2205">
    <p class='ocr_par' dir='ltr' id='par_1_50' title="bbox 2054 2133 3626 2205">
     <span class='ocr_line' id='line_1_50' title="bbox 2054 2133 3626 2205; baseline 0.006 -18"><span class='ocrx_word' id='word_1_389' title='bbox 2054 2133 2140 2187; x_wconf 85' lang='lat' dir='ltr'><strong>illa</strong></span> <span class='ocrx_word' id='word_1_390' title='bbox 2169 2149 2287 2203; x_wconf 73' lang='lat' dir='ltr'><strong>qua!</strong></span> <span class='ocrx_word' id='word_1_391' title='bbox 2316 2144 2397 2187; x_wconf 88' lang='lat' dir='ltr'><strong>est</strong></span> <span class='ocrx_word' id='word_1_392' title='bbox 2426 2135 2546 2187; x_wconf 90' lang='lat' dir='ltr'><strong>boni</strong></span> <span class='ocrx_word' id='word_1_393' title='bbox 2573 2136 2821 2205; x_wconf 85' lang='lat' dir='ltr'><strong>quoniam</strong></span> <span class='ocrx_word' id='word_1_394' title='bbox 2859 2139 3052 2191; x_wconf 87' lang='lat' dir='ltr'><strong>bonum</strong></span> <span class='ocrx_word' id='word_1_395' title='bbox 3085 2155 3187 2192; x_wconf 91' lang='lat' dir='ltr'><strong>non</strong></span> <span class='ocrx_word' id='word_1_396' title='bbox 3215 2150 3323 2203; x_wconf 88' lang='lat' dir='ltr'><strong>est,</strong></span> <span class='ocrx_word' id='word_1_397' title='bbox 3353 2140 3480 2194; x_wconf 80' lang='lat' dir='ltr'><strong>falsa</strong></span> <span class='ocrx_word' id='word_1_398' title='bbox 3524 2153 3626 2196; x_wconf 85' lang='lat' dir='ltr'><strong>est.</strong></span> 
     </span>
    </p>
   </div>
   <div class='ocr_carea' id='block_1_51' title="bbox 2056 2224 3629 2301">
    <p class='ocr_par' dir='ltr' id='par_1_51' title="bbox 2056 2224 3629 2301">
     <span class='ocr_line' id='line_1_51' title="bbox 2056 2224 3629 2301; baseline 0.007 -24"><span class='ocrx_word' id='word_1_399' title='bbox 2056 2224 2258 2279; x_wconf 82' lang='lat' dir='ltr'><strong>Rursus</strong></span> <span class='ocrx_word' id='word_1_400' title='bbox 2277 2226 2360 2279; x_wconf 88' lang='lat' dir='ltr'><strong>illa</strong></span> <span class='ocrx_word' id='word_1_401' title='bbox 2384 2244 2501 2295; x_wconf 75' lang='lat' dir='ltr'><strong>qua:</strong></span> <span class='ocrx_word' id='word_1_402' title='bbox 2524 2237 2604 2281; x_wconf 90' lang='lat' dir='ltr'><strong>est</strong></span> <span class='ocrx_word' id='word_1_403' title='bbox 2622 2245 2735 2283; x_wconf 84' lang='lat' dir='ltr'><strong>non</strong></span> <span class='ocrx_word' id='word_1_404' title='bbox 2768 2230 2888 2281; x_wconf 87' lang='lat' dir='ltr'><strong>boui</strong></span> <span class='ocrx_word' id='word_1_405' title='bbox 2909 2232 3156 2297; x_wconf 88' lang='lat' dir='ltr'><strong>quoniam</strong></span> <span class='ocrx_word' id='word_1_406' title='bbox 3183 2232 3377 2286; x_wconf 89' lang='lat' dir='ltr'><strong>bonum</strong></span> <span class='ocrx_word' id='word_1_407' title='bbox 3406 2247 3509 2287; x_wconf 88' lang='lat' dir='ltr'><strong>non</strong></span> <span class='ocrx_word' id='word_1_408' title='bbox 3524 2241 3629 2301; x_wconf 81' lang='lat' dir='ltr'><strong>est,</strong></span> 
     </span>
    </p>
   </div>
   <div class='ocr_carea' id='block_1_52' title="bbox 2055 2320 3626 2395">
    <p class='ocr_par' dir='ltr' id='par_1_52' title="bbox 2055 2320 3626 2395">
     <span class='ocr_line' id='line_1_52' title="bbox 2055 2320 3626 2395; baseline 0.008 -28"><span class='ocrx_word' id='word_1_409' title='bbox 2055 2334 2183 2371; x_wconf 80' lang='lat' dir='ltr'><strong>vrra</strong></span> <span class='ocrx_word' id='word_1_410' title='bbox 2212 2330 2291 2373; x_wconf 89' lang='lat' dir='ltr'><strong>est</strong></span> <span class='ocrx_word' id='word_1_411' title='bbox 2317 2320 2441 2382; x_wconf 78' lang='lat' dir='ltr'><strong>;&#39;ill.t</strong></span> <span class='ocrx_word' id='word_1_412' title='bbox 2472 2334 2588 2389; x_wconf 70' lang='lat' dir='ltr'><strong>qua:</strong></span> <span class='ocrx_word' id='word_1_413' title='bbox 2613 2332 2696 2375; x_wconf 89' lang='lat' dir='ltr'><strong>est</strong></span> <span class='ocrx_word' id='word_1_414' title='bbox 2729 2336 2831 2375; x_wconf 89' lang='lat' dir='ltr'><strong>non</strong></span> <span class='ocrx_word' id='word_1_415' title='bbox 2866 2321 2989 2376; x_wconf 91' lang='lat' dir='ltr'><strong>boni</strong></span> <span class='ocrx_word' id='word_1_416' title='bbox 3016 2324 3265 2392; x_wconf 89' lang='lat' dir='ltr'><strong>quoniam</strong></span> <span class='ocrx_word' id='word_1_417' title='bbox 3299 2325 3493 2380; x_wconf 89' lang='lat' dir='ltr'><strong>honum</strong></span> <span class='ocrx_word' id='word_1_418' title='bbox 3522 2335 3626 2395; x_wconf 87' lang='lat' dir='ltr'><strong>est,</strong></span> 
     </span>
    </p>
   </div>
   <div class='ocr_carea' id='block_1_53' title="bbox 2055 2409 3628 2485">
    <p class='ocr_par' dir='ltr' id='par_1_53' title="bbox 2055 2409 3628 2485">
     <span class='ocr_line' id='line_1_53' title="bbox 2055 2409 3628 2485; baseline 0.006 -22"><span class='ocrx_word' id='word_1_419' title='bbox 2055 2409 2189 2463; x_wconf 83' lang='lat' dir='ltr'><strong>falsa</strong></span> <span class='ocrx_word' id='word_1_420' title='bbox 2218 2420 2319 2463; x_wconf 88' lang='lat' dir='ltr'><strong>est.</strong></span> <span class='ocrx_word' id='word_1_421' title='bbox 2343 2410 2479 2478; x_wconf 76' lang='lat' dir='ltr'><strong>Ergo</strong></span> <span class='ocrx_word' id='word_1_422' title='bbox 2502 2412 2616 2465; x_wconf 66' lang='lat' dir='ltr'><strong>haec</strong></span> <span class='ocrx_word' id='word_1_423' title='bbox 2638 2422 2721 2465; x_wconf 85' lang='lat' dir='ltr'><strong>est</strong></span> <span class='ocrx_word' id='word_1_424' title='bbox 2740 2411 3029 2467; x_wconf 73' lang='lat' dir='ltr'><strong>similitudo</strong></span> <span class='ocrx_word' id='word_1_425' title='bbox 3060 2426 3111 2468; x_wconf 88' lang='lat' dir='ltr'><strong>et</strong></span> <span class='ocrx_word' id='word_1_426' title='bbox 3141 2417 3415 2485; x_wconf 84' lang='lat' dir='ltr'><strong>proportio</strong></span> <span class='ocrx_word' id='word_1_427' title='bbox 3443 2418 3628 2473; x_wconf 89' lang='lat' dir='ltr'><strong>harum</strong></span> 
     </span>
    </p>
   </div>
   <div class='ocr_carea' id='block_1_54' title="bbox 2056 2506 3629 2577">
    <p class='ocr_par' dir='ltr' id='par_1_54' title="bbox 2056 2506 3629 2577">
     <span class='ocr_line' id='line_1_54' title="bbox 2056 2506 3629 2577; baseline 0.012 -27"><span class='ocrx_word' id='word_1_428' title='bbox 2056 2516 2283 2573; x_wconf 80' lang='lat' dir='ltr'><strong>quatuor</strong></span> <span class='ocrx_word' id='word_1_429' title='bbox 2303 2506 2745 2571; x_wconf 71' lang='lat' dir='ltr'><strong>propositionum.</strong></span> <span class='ocrx_word' id='word_1_430' title='bbox 2772 2506 2899 2559; x_wconf 84' lang='lat' dir='ltr'><strong>Nam</strong></span> <span class='ocrx_word' id='word_1_431' title='bbox 2921 2509 3365 2577; x_wconf 82' lang='lat' dir='ltr'><strong>quemadmodum</strong></span> <span class='ocrx_word' id='word_1_432' title='bbox 3390 2527 3447 2565; x_wconf 67' lang='lat' dir='ltr'><strong>se</strong></span> <span class='ocrx_word' id='word_1_433' title='bbox 3473 2512 3629 2569; x_wconf 78' lang='lat' dir='ltr'><strong>habet</strong></span> 
     </span>
    </p>
   </div>
   <div class='ocr_carea' id='block_1_55' title="bbox 2055 2595 3627 2671">
    <p class='ocr_par' dir='ltr' id='par_1_55' title="bbox 2055 2595 3627 2671">
     <span class='ocr_line' id='line_1_55' title="bbox 2055 2595 3627 2671; baseline 0.006 -21"><span class='ocrx_word' id='word_1_434' title='bbox 2055 2598 2236 2664; x_wconf 77' lang='lat' dir='ltr'><strong>Opinio</strong></span> <span class='ocrx_word' id='word_1_435' title='bbox 2267 2595 2388 2649; x_wconf 90' lang='lat' dir='ltr'><strong>boni</strong></span> <span class='ocrx_word' id='word_1_436' title='bbox 2414 2598 2661 2666; x_wconf 71' lang='lat' dir='ltr'><strong>quoniam</strong></span> <span class='ocrx_word' id='word_1_437' title='bbox 2693 2598 2889 2652; x_wconf 90' lang='lat' dir='ltr'><strong>bonum</strong></span> <span class='ocrx_word' id='word_1_438' title='bbox 2919 2608 3021 2665; x_wconf 90' lang='lat' dir='ltr'><strong>est,</strong></span> <span class='ocrx_word' id='word_1_439' title='bbox 3050 2602 3115 2654; x_wconf 88' lang='lat' dir='ltr'><strong>ad</strong></span> <span class='ocrx_word' id='word_1_440' title='bbox 3157 2615 3273 2655; x_wconf 81' lang='lat' dir='ltr'><strong>eam</strong></span> <span class='ocrx_word' id='word_1_441' title='bbox 3319 2603 3627 2671; x_wconf 85' lang='lat' dir='ltr'><strong>opinionem</strong></span> 
     </span>
    </p>
   </div>
   <div class='ocr_carea' id='block_1_56' title="bbox 2056 2687 3629 2758">
    <p class='ocr_par' dir='ltr' id='par_1_56' title="bbox 2056 2687 3629 2758">
     <span class='ocr_line' id='line_1_56' title="bbox 2056 2687 3629 2758; baseline 0.008 -21"><span class='ocrx_word' id='word_1_442' title='bbox 2056 2701 2179 2756; x_wconf 66' lang='lat' dir='ltr'><strong>qua:</strong></span> <span class='ocrx_word' id='word_1_443' title='bbox 2204 2698 2283 2740; x_wconf 88' lang='lat' dir='ltr'><strong>est</strong></span> <span class='ocrx_word' id='word_1_444' title='bbox 2309 2687 2431 2739; x_wconf 91' lang='lat' dir='ltr'><strong>boni</strong></span> <span class='ocrx_word' id='word_1_445' title='bbox 2464 2688 2712 2753; x_wconf 67' lang='lat' dir='ltr'><strong>quitniam</strong></span> <span class='ocrx_word' id='word_1_446' title='bbox 2743 2689 2936 2744; x_wconf 90' lang='lat' dir='ltr'><strong>bonum</strong></span> <span class='ocrx_word' id='word_1_447' title='bbox 2970 2706 3074 2745; x_wconf 90' lang='lat' dir='ltr'><strong>non</strong></span> <span class='ocrx_word' id='word_1_448' title='bbox 3104 2704 3205 2758; x_wconf 88' lang='lat' dir='ltr'><strong>est,</strong></span> <span class='ocrx_word' id='word_1_449' title='bbox 3238 2696 3423 2749; x_wconf 83' lang='lat' dir='ltr'><strong>eodem</strong></span> <span class='ocrx_word' id='word_1_450' title='bbox 3474 2697 3629 2755; x_wconf 86' lang='lat' dir='ltr'><strong>modo</strong></span> 
     </span>
    </p>
   </div>
   <div class='ocr_carea' id='block_1_57' title="bbox 2056 2779 3629 2853">
    <p class='ocr_par' dir='ltr' id='par_1_57' title="bbox 2056 2779 3629 2853">
     <span class='ocr_line' id='line_1_57' title="bbox 2056 2779 3629 2853; baseline 0.008 -20"><span class='ocrx_word' id='word_1_451' title='bbox 2056 2794 2178 2834; x_wconf 82' lang='lat' dir='ltr'><strong>sese</strong></span> <span class='ocrx_word' id='word_1_452' title='bbox 2210 2779 2366 2834; x_wconf 82' lang='lat' dir='ltr'><strong>habet</strong></span> <span class='ocrx_word' id='word_1_453' title='bbox 2390 2791 2443 2835; x_wconf 91' lang='lat' dir='ltr'><strong>et</strong></span> <span class='ocrx_word' id='word_1_454' title='bbox 2468 2782 2647 2848; x_wconf 90' lang='lat' dir='ltr'><strong>opinio</strong></span> <span class='ocrx_word' id='word_1_455' title='bbox 2669 2797 2787 2850; x_wconf 71' lang='lat' dir='ltr'><strong>quae</strong></span> <span class='ocrx_word' id='word_1_456' title='bbox 2819 2792 2902 2835; x_wconf 85' lang='lat' dir='ltr'><strong>est</strong></span> <span class='ocrx_word' id='word_1_457' title='bbox 2928 2799 3033 2836; x_wconf 92' lang='lat' dir='ltr'><strong>non</strong></span> <span class='ocrx_word' id='word_1_458' title='bbox 3064 2784 3188 2838; x_wconf 90' lang='lat' dir='ltr'><strong>boni</strong></span> <span class='ocrx_word' id='word_1_459' title='bbox 3235 2788 3484 2853; x_wconf 85' lang='lat' dir='ltr'><strong>quoniam</strong></span> <span class='ocrx_word' id='word_1_460' title='bbox 3524 2803 3629 2846; x_wconf 85' lang='lat' dir='ltr'><strong>non</strong></span> 
     </span>
    </p>
   </div>
   <div class='ocr_carea' id='block_1_58' title="bbox 2056 2870 3629 2946">
    <p class='ocr_par' dir='ltr' id='par_1_58' title="bbox 2056 2870 3629 2946">
     <span class='ocr_line' id='line_1_58' title="bbox 2056 2870 3629 2946; baseline 0.006 -21"><span class='ocrx_word' id='word_1_461' title='bbox 2056 2870 2254 2925; x_wconf 86' lang='lat' dir='ltr'><strong>bonum</strong></span> <span class='ocrx_word' id='word_1_462' title='bbox 2282 2879 2385 2930; x_wconf 85' lang='lat' dir='ltr'><strong>est.</strong></span> <span class='ocrx_word' id='word_1_463' title='bbox 2418 2871 2482 2925; x_wconf 92' lang='lat' dir='ltr'><strong>ad</strong></span> <span class='ocrx_word' id='word_1_464' title='bbox 2510 2886 2627 2926; x_wconf 90' lang='lat' dir='ltr'><strong>eam</strong></span> <span class='ocrx_word' id='word_1_465' title='bbox 2659 2888 2777 2938; x_wconf 62' lang='lat' dir='ltr'><strong>qua</strong></span> <span class='ocrx_word' id='word_1_466' title='bbox 2798 2881 2882 2927; x_wconf 88' lang='lat' dir='ltr'><strong>est</strong></span> <span class='ocrx_word' id='word_1_467' title='bbox 2911 2888 3014 2927; x_wconf 88' lang='lat' dir='ltr'><strong>non</strong></span> <span class='ocrx_word' id='word_1_468' title='bbox 3065 2875 3187 2929; x_wconf 71' lang='lat' dir='ltr'><strong>boni</strong></span> <span class='ocrx_word' id='word_1_469' title='bbox 3231 2877 3480 2946; x_wconf 83' lang='lat' dir='ltr'><strong>quoniam</strong></span> <span class='ocrx_word' id='word_1_470' title='bbox 3534 2880 3629 2935; x_wconf 83' lang='lat' dir='ltr'><strong>bo-</strong></span> 
     </span>
    </p>
   </div>
   <div class='ocr_carea' id='block_1_59' title="bbox 2057 2964 3628 3036">
    <p class='ocr_par' dir='ltr' id='par_1_59' title="bbox 2057 2964 3628 3036">
     <span class='ocr_line' id='line_1_59' title="bbox 2057 2964 3628 3036; baseline 0.004 -17"><span class='ocrx_word' id='word_1_471' title='bbox 2057 2980 2183 3019; x_wconf 87' lang='lat' dir='ltr'><strong>num</strong></span> <span class='ocrx_word' id='word_1_472' title='bbox 2225 2975 2325 3020; x_wconf 89' lang='lat' dir='ltr'><strong>est.</strong></span> <span class='ocrx_word' id='word_1_473' title='bbox 2359 2965 2489 3018; x_wconf 83' lang='lat' dir='ltr'><strong>Nam</strong></span> <span class='ocrx_word' id='word_1_474' title='bbox 2533 2964 2667 3019; x_wconf 87' lang='lat' dir='ltr'><strong>sicut</strong></span> <span class='ocrx_word' id='word_1_475' title='bbox 2698 2966 2807 3020; x_wconf 86' lang='lat' dir='ltr'><strong>illic</strong></span> <span class='ocrx_word' id='word_1_476' title='bbox 2838 2981 2959 3020; x_wconf 81' lang='lat' dir='ltr'><strong>vera</strong></span> <span class='ocrx_word' id='word_1_477' title='bbox 2993 2982 3094 3021; x_wconf 89' lang='lat' dir='ltr'><strong>una</strong></span> <span class='ocrx_word' id='word_1_478' title='bbox 3139 2981 3241 3032; x_wconf 89' lang='lat' dir='ltr'><strong>est,</strong></span> <span class='ocrx_word' id='word_1_479' title='bbox 3276 2969 3438 3023; x_wconf 87' lang='lat' dir='ltr'><strong>altera</strong></span> <span class='ocrx_word' id='word_1_480' title='bbox 3476 2970 3628 3036; x_wconf 80' lang='lat' dir='ltr'><strong>falsa,</strong></span> 
     </span>
    </p>
   </div>
   <div class='ocr_carea' id='block_1_60' title="bbox 2056 3057 3628 3133">
    <p class='ocr_par' dir='ltr' id='par_1_60' title="bbox 2056 3057 3628 3133">
     <span class='ocr_line' id='line_1_60' title="bbox 2056 3057 3628 3133; baseline 0.004 -21"><span class='ocrx_word' id='word_1_481' title='bbox 2056 3058 2129 3112; x_wconf 87' lang='lat' dir='ltr'><strong>ita</strong></span> <span class='ocrx_word' id='word_1_482' title='bbox 2154 3073 2367 3129; x_wconf 85' lang='lat' dir='ltr'><strong>quoque</strong></span> <span class='ocrx_word' id='word_1_483' title='bbox 2394 3057 2479 3111; x_wconf 90' lang='lat' dir='ltr'><strong>ltic</strong></span> <span class='ocrx_word' id='word_1_484' title='bbox 2503 3073 2604 3112; x_wconf 85' lang='lat' dir='ltr'><strong>una</strong></span> <span class='ocrx_word' id='word_1_485' title='bbox 2633 3073 2756 3112; x_wconf 78' lang='lat' dir='ltr'><strong>vera</strong></span> <span class='ocrx_word' id='word_1_486' title='bbox 2785 3068 2886 3123; x_wconf 88' lang='lat' dir='ltr'><strong>est,</strong></span> <span class='ocrx_word' id='word_1_487' title='bbox 2919 3059 3085 3113; x_wconf 85' lang='lat' dir='ltr'><strong>altera</strong></span> <span class='ocrx_word' id='word_1_488' title='bbox 3113 3060 3262 3115; x_wconf 75' lang='lat' dir='ltr'><strong>falsa.</strong></span> <span class='ocrx_word' id='word_1_489' title='bbox 3292 3059 3445 3131; x_wconf 82' lang='lat' dir='ltr'><strong>Capit</strong></span> <span class='ocrx_word' id='word_1_490' title='bbox 3471 3062 3628 3133; x_wconf 75' lang='lat' dir='ltr'><strong>igitur</strong></span> 
     </span>
    </p>
   </div>
   <div class='ocr_carea' id='block_1_61' title="bbox 2058 3150 3629 3222">
    <p class='ocr_par' dir='ltr' id='par_1_61' title="bbox 2058 3150 3629 3222">
     <span class='ocr_line' id='line_1_61' title="bbox 2058 3150 3629 3222; baseline 0.003 -19"><span class='ocrx_word' id='word_1_491' title='bbox 2058 3150 2359 3221; x_wconf 72' lang='lat' dir='ltr'><strong>exetnplum</strong></span> <span class='ocrx_word' id='word_1_492' title='bbox 2385 3150 2528 3218; x_wconf 85' lang='lat' dir='ltr'><strong>prius</strong></span> <span class='ocrx_word' id='word_1_493' title='bbox 2544 3150 2610 3203; x_wconf 89' lang='lat' dir='ltr'><strong>ab</strong></span> <span class='ocrx_word' id='word_1_494' title='bbox 2636 3165 2698 3206; x_wconf 89' lang='lat' dir='ltr'><strong>ea</strong></span> <span class='ocrx_word' id='word_1_495' title='bbox 2721 3167 2839 3221; x_wconf 70' lang='lat' dir='ltr'><strong>qua:</strong></span> <span class='ocrx_word' id='word_1_496' title='bbox 2860 3162 3066 3205; x_wconf 86' lang='lat' dir='ltr'><strong>estnon</strong></span> <span class='ocrx_word' id='word_1_497' title='bbox 3090 3152 3211 3206; x_wconf 85' lang='lat' dir='ltr'><strong>boni</strong></span> <span class='ocrx_word' id='word_1_498' title='bbox 3243 3153 3492 3222; x_wconf 89' lang='lat' dir='ltr'><strong>quoniam</strong></span> <span class='ocrx_word' id='word_1_499' title='bbox 3526 3169 3629 3213; x_wconf 88' lang='lat' dir='ltr'><strong>non</strong></span> 
     </span>
    </p>
   </div>
   <div class='ocr_carea' id='block_1_62' title="bbox 389 3231 3629 3318">
    <p class='ocr_par' dir='ltr' id='par_1_62' title="bbox 389 3231 3629 3318">
     <span class='ocr_line' id='line_1_62' title="bbox 389 3231 3629 3318; baseline 0 -18"><span class='ocrx_word' id='word_1_500' title='bbox 389 3248 640 3318; x_wconf 78' lang='lat' dir='ltr'><strong>opposita,</strong></span> <span class='ocrx_word' id='word_1_501' title='bbox 665 3254 718 3299; x_wconf 78' lang='lat' dir='ltr'><strong>ut</strong></span> <span class='ocrx_word' id='word_1_502' title='bbox 748 3247 829 3315; x_wconf 87' lang='lat' dir='ltr'><strong>qui</strong></span> <span class='ocrx_word' id='word_1_503' title='bbox 852 3246 1107 3301; x_wconf 81' lang='lat' dir='ltr'><strong>hominem</strong></span> <span class='ocrx_word' id='word_1_504' title='bbox 1153 3262 1254 3299; x_wconf 83' lang='lat' dir='ltr'><strong>non</strong></span> <span class='ocrx_word' id='word_1_505' title='bbox 1284 3255 1426 3317; x_wconf 67' lang='lat' dir='ltr'><strong>putat</strong></span> <span class='ocrx_word' id='word_1_506' title='bbox 1466 3243 1743 3307; x_wconf 77' lang='lat' dir='ltr'><strong>hominem,</strong></span> <span class='ocrx_word' id='word_1_507' title='bbox 1793 3242 1955 3312; x_wconf 72' lang='lat' dir='ltr'><strong>falsus</strong></span> <span class='ocrx_word' id='word_1_508' title='bbox 1982 3231 2029 3295; x_wconf 83' lang='lat' dir='ltr'><strong><em>C</em></strong></span> <span class='ocrx_word' id='word_1_509' title='bbox 2062 3246 2255 3299; x_wconf 88' lang='lat' dir='ltr'><strong>bonum</strong></span> <span class='ocrx_word' id='word_1_510' title='bbox 2284 3255 2388 3300; x_wconf 87' lang='lat' dir='ltr'><strong>est.</strong></span> <span class='ocrx_word' id='word_1_511' title='bbox 2435 3245 2557 3298; x_wconf 71' lang='lat' dir='ltr'><strong>lla-c</strong></span> <span class='ocrx_word' id='word_1_512' title='bbox 2603 3245 2770 3304; x_wconf 68' lang='lat' dir='ltr'><strong>enim,</strong></span> <span class='ocrx_word' id='word_1_513' title='bbox 2805 3246 2993 3314; x_wconf 89' lang='lat' dir='ltr'><strong>inquit.</strong></span> <span class='ocrx_word' id='word_1_514' title='bbox 3026 3262 3145 3300; x_wconf 84' lang='lat' dir='ltr'><strong>cum</strong></span> <span class='ocrx_word' id='word_1_515' title='bbox 3186 3261 3311 3301; x_wconf 80' lang='lat' dir='ltr'><strong>vera</strong></span> <span class='ocrx_word' id='word_1_516' title='bbox 3352 3248 3436 3311; x_wconf 91' lang='lat' dir='ltr'><strong>sit,</strong></span> <span class='ocrx_word' id='word_1_517' title='bbox 3471 3263 3629 3317; x_wconf 85' lang='lat' dir='ltr'><strong>quam</strong></span> 
     </span>
    </p>
   </div>
   <div class='ocr_carea' id='block_1_63' title="bbox 389 3338 1955 3412">
    <p class='ocr_par' dir='ltr' id='par_1_63' title="bbox 389 3338 1955 3412">
     <span class='ocr_line' id='line_1_63' title="bbox 389 3338 1955 3412; baseline -0.004 -17"><span class='ocrx_word' id='word_1_518' title='bbox 389 3347 459 3395; x_wconf 73' lang='lat' dir='ltr'><strong>at</strong></span> <span class='ocrx_word' id='word_1_519' title='bbox 482 3356 502 3405; x_wconf 88' lang='lat'><em>;</em></span> <span class='ocrx_word' id='word_1_520' title='bbox 532 3355 649 3412; x_wconf 78' lang='lat' dir='ltr'><strong>ergo</strong></span> <span class='ocrx_word' id='word_1_521' title='bbox 673 3340 717 3393; x_wconf 87' lang='lat' dir='ltr'><strong>si</strong></span> <span class='ocrx_word' id='word_1_522' title='bbox 740 3338 820 3394; x_wconf 77' lang='grc' dir='ltr'><strong>Ιιω</strong></span> <span class='ocrx_word' id='word_1_523' title='bbox 864 3340 1135 3395; x_wconf 61' lang='lat' dir='ltr'><strong>contraria</strong></span> <span class='ocrx_word' id='word_1_524' title='bbox 1162 3348 1297 3406; x_wconf 83' lang='lat' dir='ltr'><strong>sunt,</strong></span> <span class='ocrx_word' id='word_1_525' title='bbox 1346 3347 1393 3391; x_wconf 83' lang='lat' dir='ltr'><strong>et</strong></span> <span class='ocrx_word' id='word_1_526' title='bbox 1420 3339 1525 3391; x_wconf 86' lang='lat' dir='ltr'><strong>alia</strong></span> <span class='ocrx_word' id='word_1_527' title='bbox 1551 3352 1663 3407; x_wconf 73' lang='lat' dir='ltr'><strong>quae</strong></span> <span class='ocrx_word' id='word_1_528' title='bbox 1688 3346 1806 3391; x_wconf 85' lang='lat' dir='ltr'><strong>sunt</strong></span> <span class='ocrx_word' id='word_1_529' title='bbox 1837 3352 1955 3390; x_wconf 85' lang='lat' dir='ltr'><strong>can-</strong></span> 
     </span>
    </p>
   </div>
   <div class='ocr_carea' id='block_1_64' title="bbox 388 3434 728 3489">
    <p class='ocr_par' dir='ltr' id='par_1_64' title="bbox 388 3434 728 3489">
     <span class='ocr_line' id='line_1_64' title="bbox 388 3434 728 3489; baseline 0.003 -1"><span class='ocrx_word' id='word_1_530' title='bbox 388 3434 728 3489; x_wconf 62' lang='lat' dir='ltr'><strong>&quot;edictiones.</strong></span> 
     </span>
    </p>
   </div>
   <div class='ocr_carea' id='block_1_65' title="bbox 420 3522 1957 3596">
    <p class='ocr_par' dir='ltr' id='par_1_65' title="bbox 420 3522 1957 3596">
     <span class='ocr_line' id='line_1_65' title="bbox 420 3522 1957 3596; baseline -0.003 -15"><span class='ocrx_word' id='word_1_531' title='bbox 420 3529 561 3583; x_wconf 81' lang='lat' dir='ltr'><strong>.Aut</strong></span> <span class='ocrx_word' id='word_1_532' title='bbox 608 3528 661 3584; x_wconf 88' lang='lat' dir='ltr'><strong>in</strong></span> <span class='ocrx_word' id='word_1_533' title='bbox 714 3528 983 3593; x_wconf 83' lang='lat' dir='ltr'><strong>omnibus,</strong></span> <span class='ocrx_word' id='word_1_534' title='bbox 1038 3526 1227 3596; x_wconf 80' lang='lat' dir='ltr'><strong>inquit,</strong></span> <span class='ocrx_word' id='word_1_535' title='bbox 1279 3540 1403 3580; x_wconf 86' lang='lat' dir='ltr'><strong>vere</strong></span> <span class='ocrx_word' id='word_1_536' title='bbox 1448 3524 1646 3579; x_wconf 84' lang='lat' dir='ltr'><strong>dicitur</strong></span> <span class='ocrx_word' id='word_1_537' title='bbox 1687 3522 1957 3577; x_wconf 87' lang='lat' dir='ltr'><strong>contradi-</strong></span> 
     </span>
    </p>
   </div>
   <div class='ocr_carea' id='block_1_66' title="bbox 386 3617 1957 3691">
    <p class='ocr_par' dir='ltr' id='par_1_66' title="bbox 386 3617 1957 3691">
     <span class='ocr_line' id='line_1_66' title="bbox 386 3617 1957 3691; baseline -0.004 -13"><span class='ocrx_word' id='word_1_538' title='bbox 386 3624 615 3679; x_wconf 88' lang='lat' dir='ltr'><strong>ctionem</strong></span> <span class='ocrx_word' id='word_1_539' title='bbox 652 3622 818 3691; x_wconf 76' lang='lat' dir='ltr'><strong>magis</strong></span> <span class='ocrx_word' id='word_1_540' title='bbox 837 3635 957 3677; x_wconf 83' lang='lat' dir='ltr'><strong>esse</strong></span> <span class='ocrx_word' id='word_1_541' title='bbox 980 3622 1302 3675; x_wconf 78' lang='lat' dir='ltr'><strong>ctmtrarlam</strong></span> <span class='ocrx_word' id='word_1_542' title='bbox 1327 3634 1484 3690; x_wconf 79' lang='lat' dir='ltr'><strong>qtram</strong></span> <span class='ocrx_word' id='word_1_543' title='bbox 1516 3618 1769 3673; x_wconf 85' lang='lat' dir='ltr'><strong>contrarii</strong></span> <span class='ocrx_word' id='word_1_544' title='bbox 1801 3617 1957 3671; x_wconf 78' lang='lat' dir='ltr'><strong>amr-</strong></span> 
     </span>
    </p>
   </div>
   <div class='ocr_carea' id='block_1_67' title="bbox 382 3710 1956 3782">
    <p class='ocr_par' dir='ltr' id='par_1_67' title="bbox 382 3710 1956 3782">
     <span class='ocr_line' id='line_1_67' title="bbox 382 3710 1956 3782; baseline -0.004 -14"><span class='ocrx_word' id='word_1_545' title='bbox 382 3713 694 3779; x_wconf 87' lang='lat' dir='ltr'><strong>mationem,</strong></span> <span class='ocrx_word' id='word_1_546' title='bbox 712 3721 803 3766; x_wconf 84' lang='lat' dir='ltr'><strong>aut</strong></span> <span class='ocrx_word' id='word_1_547' title='bbox 830 3726 1107 3782; x_wconf 82' lang='lat' dir='ltr'><strong>nusquam.</strong></span> <span class='ocrx_word' id='word_1_548' title='bbox 1133 3712 1240 3765; x_wconf 82' lang='lat' dir='ltr'><strong>Aut</strong></span> <span class='ocrx_word' id='word_1_549' title='bbox 1263 3712 1404 3765; x_wconf 87' lang='lat' dir='ltr'><strong>enim</strong></span> <span class='ocrx_word' id='word_1_550' title='bbox 1429 3718 1483 3765; x_wconf 92' lang='lat' dir='ltr'><strong>et</strong></span> <span class='ocrx_word' id='word_1_551' title='bbox 1510 3711 1564 3764; x_wconf 86' lang='lat' dir='ltr'><strong>io</strong></span> <span class='ocrx_word' id='word_1_552' title='bbox 1594 3710 1716 3763; x_wconf 83' lang='lat' dir='ltr'><strong>aliis</strong></span> <span class='ocrx_word' id='word_1_553' title='bbox 1745 3722 1956 3779; x_wconf 85' lang='lat' dir='ltr'><strong>quoque</strong></span> 
     </span>
    </p>
   </div>
   <div class='ocr_carea' id='block_1_68' title="bbox 385 3802 1953 3873">
    <p class='ocr_par' dir='ltr' id='par_1_68' title="bbox 385 3802 1953 3873">
     <span class='ocr_line' id='line_1_68' title="bbox 385 3802 1953 3873; baseline -0.005 -12"><span class='ocrx_word' id='word_1_554' title='bbox 385 3805 526 3861; x_wconf 90' lang='lat' dir='ltr'><strong>idem</strong></span> <span class='ocrx_word' id='word_1_555' title='bbox 555 3806 769 3861; x_wconf 82' lang='lat' dir='ltr'><strong>evenire</strong></span> <span class='ocrx_word' id='word_1_556' title='bbox 796 3814 1024 3873; x_wconf 87' lang='lat' dir='ltr'><strong>oportet,</strong></span> <span class='ocrx_word' id='word_1_557' title='bbox 1053 3814 1144 3858; x_wconf 89' lang='lat' dir='ltr'><strong>aut</strong></span> <span class='ocrx_word' id='word_1_558' title='bbox 1172 3819 1239 3858; x_wconf 92' lang='lat' dir='ltr'><strong>ne</strong></span> <span class='ocrx_word' id='word_1_559' title='bbox 1285 3802 1369 3859; x_wconf 88' lang='lat' dir='ltr'><strong>hic</strong></span> <span class='ocrx_word' id='word_1_560' title='bbox 1396 3802 1613 3872; x_wconf 87' lang='lat' dir='ltr'><strong>quidem</strong></span> <span class='ocrx_word' id='word_1_561' title='bbox 1643 3817 1823 3856; x_wconf 88' lang='lat' dir='ltr'><strong>verum</strong></span> <span class='ocrx_word' id='word_1_562' title='bbox 1850 3812 1953 3867; x_wconf 87' lang='lat' dir='ltr'><strong>est,</strong></span> 
     </span>
    </p>
   </div>
   <div class='ocr_carea' id='block_1_69' title="bbox 388 3897 1955 3969">
    <p class='ocr_par' dir='ltr' id='par_1_69' title="bbox 388 3897 1955 3969">
     <span class='ocr_line' id='line_1_69' title="bbox 388 3897 1955 3969; baseline -0.004 -17"><span class='ocrx_word' id='word_1_563' title='bbox 388 3898 529 3969; x_wconf 86' lang='lat' dir='ltr'><strong>quod</strong></span> <span class='ocrx_word' id='word_1_564' title='bbox 586 3899 798 3965; x_wconf 86' lang='lat' dir='ltr'><strong>dicitur,</strong></span> <span class='ocrx_word' id='word_1_565' title='bbox 855 3897 1173 3951; x_wconf 83' lang='lat' dir='ltr'><strong>contrariam</strong></span> <span class='ocrx_word' id='word_1_566' title='bbox 1224 3909 1345 3951; x_wconf 84' lang='lat' dir='ltr'><strong>esse</strong></span> <span class='ocrx_word' id='word_1_567' title='bbox 1394 3910 1511 3950; x_wconf 88' lang='lat' dir='ltr'><strong>eam</strong></span> <span class='ocrx_word' id='word_1_568' title='bbox 1565 3911 1683 3963; x_wconf 73' lang='lat' dir='ltr'><strong>qttte</strong></span> <span class='ocrx_word' id='word_1_569' title='bbox 1738 3904 1955 3950; x_wconf 86' lang='lat' dir='ltr'><strong>contra-</strong></span> 
     </span>
    </p>
   </div>
   <div class='ocr_carea' id='block_1_70' title="bbox 388 3986 1954 4057">
    <p class='ocr_par' dir='ltr' id='par_1_70' title="bbox 388 3986 1954 4057">
     <span class='ocr_line' id='line_1_70' title="bbox 388 3986 1954 4057; baseline -0.002 -14"><span class='ocrx_word' id='word_1_570' title='bbox 388 3990 637 4043; x_wconf 85' lang='lat' dir='ltr'><strong>dictionis</strong></span> <span class='ocrx_word' id='word_1_571' title='bbox 664 3998 766 4054; x_wconf 89' lang='lat' dir='ltr'><strong>est,</strong></span> <span class='ocrx_word' id='word_1_572' title='bbox 794 3988 843 4042; x_wconf 90' lang='lat' dir='ltr'><strong>id</strong></span> <span class='ocrx_word' id='word_1_573' title='bbox 866 3998 945 4043; x_wconf 64' lang='lat' dir='ltr'><strong>est</strong></span> <span class='ocrx_word' id='word_1_574' title='bbox 988 3989 1283 4056; x_wconf 74' lang='lat' dir='ltr'><strong>negationis</strong></span> <span class='ocrx_word' id='word_1_575' title='bbox 1314 3990 1487 4055; x_wconf 77' lang='lat' dir='ltr'><strong>potius</strong></span> <span class='ocrx_word' id='word_1_576' title='bbox 1515 4003 1672 4057; x_wconf 91' lang='lat' dir='ltr'><strong>quam</strong></span> <span class='ocrx_word' id='word_1_577' title='bbox 1698 3986 1954 4042; x_wconf 86' lang='lat' dir='ltr'><strong>contrarii</strong></span> 
     </span>
    </p>
   </div>
   <div class='ocr_carea' id='block_1_71' title="bbox 388 4079 1956 4151">
    <p class='ocr_par' dir='ltr' id='par_1_71' title="bbox 388 4079 1956 4151">
     <span class='ocr_line' id='line_1_71' title="bbox 388 4079 1956 4151; baseline -0.002 -15"><span class='ocrx_word' id='word_1_578' title='bbox 388 4081 814 4136; x_wconf 82' lang='lat' dir='ltr'><strong>ailirmationem.</strong></span> <span class='ocrx_word' id='word_1_579' title='bbox 846 4080 955 4135; x_wconf 81' lang='lat' dir='ltr'><strong>Hoc</strong></span> <span class='ocrx_word' id='word_1_580' title='bbox 979 4090 1153 4134; x_wconf 89' lang='lat' dir='ltr'><strong>autem</strong></span> <span class='ocrx_word' id='word_1_581' title='bbox 1182 4081 1543 4151; x_wconf 77' lang='lat' dir='ltr'><strong>speculeutur,</strong></span> <span class='ocrx_word' id='word_1_582' title='bbox 1577 4081 1765 4147; x_wconf 86' lang='lat' dir='ltr'><strong>inquit,</strong></span> <span class='ocrx_word' id='word_1_583' title='bbox 1796 4080 1846 4132; x_wconf 93' lang='lat' dir='ltr'><strong>iu</strong></span> <span class='ocrx_word' id='word_1_584' title='bbox 1875 4079 1956 4133; x_wconf 82' lang='lat' dir='ltr'><strong>his</strong></span> 
     </span>
    </p>
   </div>
   <div class='ocr_carea' id='block_1_72' title="bbox 386 4170 1955 4244">
    <p class='ocr_par' dir='ltr' id='par_1_72' title="bbox 386 4170 1955 4244">
     <span class='ocr_line' id='line_1_72' title="bbox 386 4170 1955 4244; baseline -0.001 -17"><span class='ocrx_word' id='word_1_585' title='bbox 386 4189 505 4244; x_wconf 73' lang='lat' dir='ltr'><strong>qure</strong></span> <span class='ocrx_word' id='word_1_586' title='bbox 550 4174 869 4228; x_wconf 87' lang='lat' dir='ltr'><strong>contrarium</strong></span> <span class='ocrx_word' id='word_1_587' title='bbox 916 4188 1019 4227; x_wconf 91' lang='lat' dir='ltr'><strong>non</strong></span> <span class='ocrx_word' id='word_1_588' title='bbox 1053 4173 1267 4237; x_wconf 84' lang='lat' dir='ltr'><strong>habent,</strong></span> <span class='ocrx_word' id='word_1_589' title='bbox 1310 4182 1367 4227; x_wconf 90' lang='lat' dir='ltr'><strong>ut</strong></span> <span class='ocrx_word' id='word_1_590' title='bbox 1407 4176 1457 4226; x_wconf 90' lang='lat' dir='ltr'><strong>in</strong></span> <span class='ocrx_word' id='word_1_591' title='bbox 1486 4174 1597 4226; x_wconf 70' lang='lat' dir='ltr'><strong>hort</strong></span> <span class='ocrx_word' id='word_1_592' title='bbox 1613 4173 1717 4226; x_wconf 90' lang='lat' dir='ltr'><strong>ine.</strong></span> <span class='ocrx_word' id='word_1_593' title='bbox 1749 4170 1807 4225; x_wconf 86' lang='lat' dir='ltr'><strong>Si</strong></span> <span class='ocrx_word' id='word_1_594' title='bbox 1834 4171 1955 4240; x_wconf 86' lang='lat' dir='ltr'><strong>quis</strong></span> 
     </span>
    </p>
   </div>
   <div class='ocr_carea' id='block_1_73' title="bbox 382 4265 1953 4335">
    <p class='ocr_par' dir='ltr' id='par_1_73' title="bbox 382 4265 1953 4335">
     <span class='ocr_line' id='line_1_73' title="bbox 382 4265 1953 4335; baseline -0.003 -15"><span class='ocrx_word' id='word_1_595' title='bbox 382 4268 523 4321; x_wconf 84' lang='lat' dir='ltr'><strong>enim</strong></span> <span class='ocrx_word' id='word_1_596' title='bbox 556 4274 701 4335; x_wconf 90' lang='lat' dir='ltr'><strong>putet</strong></span> <span class='ocrx_word' id='word_1_597' title='bbox 744 4265 1009 4319; x_wconf 88' lang='lat' dir='ltr'><strong>hominem</strong></span> <span class='ocrx_word' id='word_1_598' title='bbox 1063 4266 1327 4319; x_wconf 86' lang='lat' dir='ltr'><strong>hominem</strong></span> <span class='ocrx_word' id='word_1_599' title='bbox 1354 4279 1500 4329; x_wconf 86' lang='lat' dir='ltr'><strong>esse,</strong></span> <span class='ocrx_word' id='word_1_600' title='bbox 1536 4278 1655 4319; x_wconf 71' lang='lat' dir='ltr'><strong>vera</strong></span> <span class='ocrx_word' id='word_1_601' title='bbox 1682 4277 1823 4333; x_wconf 85' lang='lat' dir='ltr'><strong>esse,</strong></span> <span class='ocrx_word' id='word_1_602' title='bbox 1855 4276 1953 4316; x_wconf 87' lang='lat' dir='ltr'><strong>ve-</strong></span> 
     </span>
    </p>
   </div>
   <div class='ocr_carea' id='block_1_74' title="bbox 382 4358 1954 4428">
    <p class='ocr_par' dir='ltr' id='par_1_74' title="bbox 382 4358 1954 4428">
     <span class='ocr_line' id='line_1_74' title="bbox 382 4358 1954 4428; baseline -0.001 -15"><span class='ocrx_word' id='word_1_603' title='bbox 382 4373 501 4413; x_wconf 90' lang='lat' dir='ltr'><strong>rum</strong></span> <span class='ocrx_word' id='word_1_604' title='bbox 541 4368 658 4422; x_wconf 88' lang='lat' dir='ltr'><strong>est;</strong></span> <span class='ocrx_word' id='word_1_605' title='bbox 684 4358 725 4411; x_wconf 83' lang='lat' dir='ltr'><strong>si</strong></span> <span class='ocrx_word' id='word_1_606' title='bbox 756 4360 875 4428; x_wconf 88' lang='lat' dir='ltr'><strong>quis</strong></span> <span class='ocrx_word' id='word_1_607' title='bbox 904 4373 1031 4413; x_wconf 83' lang='lat' dir='ltr'><strong>vero</strong></span> <span class='ocrx_word' id='word_1_608' title='bbox 1062 4358 1328 4413; x_wconf 86' lang='lat' dir='ltr'><strong>hominem</strong></span> <span class='ocrx_word' id='word_1_609' title='bbox 1379 4366 1527 4428; x_wconf 87' lang='lat' dir='ltr'><strong>putet</strong></span> <span class='ocrx_word' id='word_1_610' title='bbox 1570 4374 1673 4413; x_wconf 92' lang='lat' dir='ltr'><strong>non</strong></span> <span class='ocrx_word' id='word_1_611' title='bbox 1707 4373 1827 4413; x_wconf 84' lang='lat' dir='ltr'><strong>esse</strong></span> <span class='ocrx_word' id='word_1_612' title='bbox 1860 4358 1954 4412; x_wconf 87' lang='lat' dir='ltr'><strong>ho—</strong></span> 
     </span>
    </p>
   </div>
   <div class='ocr_carea' id='block_1_75' title="bbox 384 4449 1953 4521">
    <p class='ocr_par' dir='ltr' id='par_1_75' title="bbox 384 4449 1953 4521">
     <span class='ocr_line' id='line_1_75' title="bbox 384 4449 1953 4521; baseline 0.002 -19"><span class='ocrx_word' id='word_1_613' title='bbox 384 4449 601 4511; x_wconf 87' lang='lat' dir='ltr'><strong>minem.</strong></span> <span class='ocrx_word' id='word_1_614' title='bbox 636 4449 787 4504; x_wconf 83' lang='lat' dir='ltr'><strong>falsa.</strong></span> <span class='ocrx_word' id='word_1_615' title='bbox 834 4449 887 4505; x_wconf 80' lang='lat' dir='ltr'><strong>Si</strong></span> <span class='ocrx_word' id='word_1_616' title='bbox 918 4452 1037 4521; x_wconf 86' lang='lat' dir='ltr'><strong>quis</strong></span> <span class='ocrx_word' id='word_1_617' title='bbox 1062 4460 1238 4505; x_wconf 90' lang='lat' dir='ltr'><strong>autem</strong></span> <span class='ocrx_word' id='word_1_618' title='bbox 1290 4460 1433 4520; x_wconf 93' lang='lat' dir='ltr'><strong>putet</strong></span> <span class='ocrx_word' id='word_1_619' title='bbox 1461 4452 1725 4506; x_wconf 83' lang='lat' dir='ltr'><strong>hominem</strong></span> <span class='ocrx_word' id='word_1_620' title='bbox 1759 4466 1953 4521; x_wconf 89' lang='lat' dir='ltr'><strong>equum</strong></span> 
     </span>
    </p>
   </div>
   <div class='ocr_carea' id='block_1_76' title="bbox 384 4541 1953 4612">
    <p class='ocr_par' dir='ltr' id='par_1_76' title="bbox 384 4541 1953 4612">
     <span class='ocr_line' id='line_1_76' title="bbox 384 4541 1953 4612; baseline -0.001 -17"><span class='ocrx_word' id='word_1_621' title='bbox 384 4556 523 4605; x_wconf 79' lang='lat' dir='ltr'><strong>es~e,</strong></span> <span class='ocrx_word' id='word_1_622' title='bbox 552 4542 725 4595; x_wconf 87' lang='lat' dir='ltr'><strong>nullus</strong></span> <span class='ocrx_word' id='word_1_623' title='bbox 755 4541 947 4595; x_wconf 78' lang='lat' dir='ltr'><strong>dixerit</strong></span> <span class='ocrx_word' id='word_1_624' title='bbox 975 4543 1112 4598; x_wconf 87' lang='lat' dir='ltr'><strong>hanc</strong></span> <span class='ocrx_word' id='word_1_625' title='bbox 1142 4545 1311 4612; x_wconf 81' lang='lat' dir='ltr'><strong>magis</strong></span> <span class='ocrx_word' id='word_1_626' title='bbox 1340 4558 1461 4598; x_wconf 83' lang='lat' dir='ltr'><strong>esse</strong></span> <span class='ocrx_word' id='word_1_627' title='bbox 1488 4544 1810 4597; x_wconf 86' lang='lat' dir='ltr'><strong>contrariam</strong></span> <span class='ocrx_word' id='word_1_628' title='bbox 1835 4559 1953 4612; x_wconf 80' lang='lat' dir='ltr'><strong>qua:</strong></span> 
     </span>
    </p>
   </div>
   <div class='ocr_carea' id='block_1_77' title="bbox 2065 3338 3629 3411">
    <p class='ocr_par' dir='ltr' id='par_1_77' title="bbox 2065 3338 3629 3411">
     <span class='ocr_line' id='line_1_77' title="bbox 2065 3338 3629 3411; baseline 0.005 -20"><span class='ocrx_word' id='word_1_629' title='bbox 2065 3338 2187 3392; x_wconf 86' lang='lat' dir='ltr'><strong>huic</strong></span> <span class='ocrx_word' id='word_1_630' title='bbox 2239 3352 2496 3407; x_wconf 88' lang='lat' dir='ltr'><strong>ponemus</strong></span> <span class='ocrx_word' id='word_1_631' title='bbox 2541 3353 2659 3392; x_wconf 84' lang='lat' dir='ltr'><strong>esse</strong></span> <span class='ocrx_word' id='word_1_632' title='bbox 2705 3338 3070 3392; x_wconf 86' lang='lat' dir='ltr'><strong>contrariam?</strong></span> <span class='ocrx_word' id='word_1_633' title='bbox 3097 3354 3285 3395; x_wconf 87' lang='lat' dir='ltr'><strong>eamne</strong></span> <span class='ocrx_word' id='word_1_634' title='bbox 3323 3356 3441 3411; x_wconf 70' lang='lat' dir='ltr'><strong>quae</strong></span> <span class='ocrx_word' id='word_1_635' title='bbox 3482 3343 3629 3406; x_wconf 85' lang='lat' dir='ltr'><strong>dicit,</strong></span> 
     </span>
    </p>
   </div>
   <div class='ocr_carea' id='block_1_78' title="bbox 2060 3432 3629 3492">
    <p class='ocr_par' dir='ltr' id='par_1_78' title="bbox 2060 3432 3629 3492">
     <span class='ocr_line' id='line_1_78' title="bbox 2060 3432 3629 3492; baseline 0.004 -6"><span class='ocrx_word' id='word_1_636' title='bbox 2060 3434 2257 3486; x_wconf 88' lang='lat' dir='ltr'><strong>malum</strong></span> <span class='ocrx_word' id='word_1_637' title='bbox 2288 3432 2413 3485; x_wconf 87' lang='lat' dir='ltr'><strong>est?</strong></span> <span class='ocrx_word' id='word_1_638' title='bbox 2443 3433 2535 3486; x_wconf 84' lang='lat' dir='ltr'><strong>sed</strong></span> <span class='ocrx_word' id='word_1_639' title='bbox 2570 3446 2673 3485; x_wconf 90' lang='lat' dir='ltr'><strong>non</strong></span> <span class='ocrx_word' id='word_1_640' title='bbox 2704 3441 2786 3487; x_wconf 80' lang='lat' dir='ltr'><strong>est</strong></span> <span class='ocrx_word' id='word_1_641' title='bbox 2826 3434 3114 3487; x_wconf 80' lang='lat' dir='ltr'><strong>contraria.</strong></span> <span class='ocrx_word' id='word_1_642' title='bbox 3159 3433 3341 3489; x_wconf 79' lang='lat' dir='ltr'><strong>Potest</strong></span> <span class='ocrx_word' id='word_1_643' title='bbox 3374 3437 3515 3492; x_wconf 87' lang='lat' dir='ltr'><strong>enim</strong></span> <span class='ocrx_word' id='word_1_644' title='bbox 3554 3438 3629 3492; x_wconf 89' lang='lat' dir='ltr'><strong>si-</strong></span> 
     </span>
    </p>
   </div>
   <div class='ocr_carea' id='block_1_79' title="bbox 2059 3526 3630 3598">
    <p class='ocr_par' dir='ltr' id='par_1_79' title="bbox 2059 3526 3630 3598">
     <span class='ocr_line' id='line_1_79' title="bbox 2059 3526 3630 3598; baseline 0.003 -19"><span class='ocrx_word' id='word_1_645' title='bbox 2059 3527 2165 3579; x_wconf 88' lang='lat' dir='ltr'><strong>mul</strong></span> <span class='ocrx_word' id='word_1_646' title='bbox 2191 3540 2313 3582; x_wconf 79' lang='lat' dir='ltr'><strong>esse</strong></span> <span class='ocrx_word' id='word_1_647' title='bbox 2332 3540 2477 3588; x_wconf 83' lang='lat' dir='ltr'><strong>vera,</strong></span> <span class='ocrx_word' id='word_1_648' title='bbox 2509 3534 2561 3579; x_wconf 91' lang='lat' dir='ltr'><strong>et</strong></span> <span class='ocrx_word' id='word_1_649' title='bbox 2582 3539 2643 3579; x_wconf 87' lang='lat' dir='ltr'><strong>ea</strong></span> <span class='ocrx_word' id='word_1_650' title='bbox 2667 3541 2783 3595; x_wconf 85' lang='lat' dir='ltr'><strong>quae</strong></span> <span class='ocrx_word' id='word_1_651' title='bbox 2806 3526 2934 3581; x_wconf 80' lang='lat' dir='ltr'><strong>dicit</strong></span> <span class='ocrx_word' id='word_1_652' title='bbox 2956 3542 3059 3580; x_wconf 90' lang='lat' dir='ltr'><strong>non</strong></span> <span class='ocrx_word' id='word_1_653' title='bbox 3089 3541 3211 3581; x_wconf 87' lang='lat' dir='ltr'><strong>esse</strong></span> <span class='ocrx_word' id='word_1_654' title='bbox 3242 3528 3435 3582; x_wconf 87' lang='lat' dir='ltr'><strong>bonum</strong></span> <span class='ocrx_word' id='word_1_655' title='bbox 3490 3530 3630 3598; x_wconf 62' lang='lat' dir='ltr'><strong>quod</strong></span> 
     </span>
    </p>
   </div>
   <div class='ocr_carea' id='block_1_80' title="bbox 2061 3616 3630 3691">
    <p class='ocr_par' dir='ltr' id='par_1_80' title="bbox 2061 3616 3630 3691">
     <span class='ocr_line' id='line_1_80' title="bbox 2061 3616 3630 3691; baseline 0.005 -22"><span class='ocrx_word' id='word_1_656' title='bbox 2061 3616 2259 3670; x_wconf 87' lang='lat' dir='ltr'><strong>bonum</strong></span> <span class='ocrx_word' id='word_1_657' title='bbox 2303 3633 2409 3671; x_wconf 87' lang='lat' dir='ltr'><strong>non</strong></span> <span class='ocrx_word' id='word_1_658' title='bbox 2440 3626 2544 3681; x_wconf 86' lang='lat' dir='ltr'><strong>est,</strong></span> <span class='ocrx_word' id='word_1_659' title='bbox 2572 3626 2626 3671; x_wconf 88' lang='lat' dir='ltr'><strong>et</strong></span> <span class='ocrx_word' id='word_1_660' title='bbox 2669 3632 2730 3671; x_wconf 90' lang='lat' dir='ltr'><strong>ea</strong></span> <span class='ocrx_word' id='word_1_661' title='bbox 2773 3632 2887 3687; x_wconf 71' lang='lat' dir='ltr'><strong>qua:</strong></span> <span class='ocrx_word' id='word_1_662' title='bbox 2933 3618 3063 3672; x_wconf 88' lang='lat' dir='ltr'><strong>dicit</strong></span> <span class='ocrx_word' id='word_1_663' title='bbox 3095 3619 3289 3673; x_wconf 89' lang='lat' dir='ltr'><strong>malum</strong></span> <span class='ocrx_word' id='word_1_664' title='bbox 3318 3635 3438 3675; x_wconf 88' lang='lat' dir='ltr'><strong>esse</strong></span> <span class='ocrx_word' id='word_1_665' title='bbox 3491 3621 3630 3691; x_wconf 94' lang='lat' dir='ltr'><strong>quod</strong></span> 
     </span>
    </p>
   </div>
   <div class='ocr_carea' id='block_1_81' title="bbox 2061 3708 3631 3781">
    <p class='ocr_par' dir='ltr' id='par_1_81' title="bbox 2061 3708 3631 3781">
     <span class='ocr_line' id='line_1_81' title="bbox 2061 3708 3631 3781; baseline 0.002 -19"><span class='ocrx_word' id='word_1_666' title='bbox 2061 3708 2257 3762; x_wconf 87' lang='lat' dir='ltr'><strong>bonum</strong></span> <span class='ocrx_word' id='word_1_667' title='bbox 2304 3724 2408 3761; x_wconf 86' lang='lat' dir='ltr'><strong>non</strong></span> <span class='ocrx_word' id='word_1_668' title='bbox 2453 3718 2535 3762; x_wconf 84' lang='lat' dir='ltr'><strong>est</strong></span> <span class='ocrx_word' id='word_1_669' title='bbox 2581 3708 2712 3761; x_wconf 88' lang='lat' dir='ltr'><strong>Sunt</strong></span> <span class='ocrx_word' id='word_1_670' title='bbox 2738 3708 2878 3763; x_wconf 83' lang='lat' dir='ltr'><strong>enim</strong></span> <span class='ocrx_word' id='word_1_671' title='bbox 2909 3710 3153 3777; x_wconf 77' lang='lat' dir='ltr'><strong>qua-dam</strong></span> <span class='ocrx_word' id='word_1_672' title='bbox 3201 3725 3303 3763; x_wconf 88' lang='lat' dir='ltr'><strong>non</strong></span> <span class='ocrx_word' id='word_1_673' title='bbox 3355 3713 3487 3765; x_wconf 88' lang='lat' dir='ltr'><strong>bona</strong></span> <span class='ocrx_word' id='word_1_674' title='bbox 3515 3728 3631 3781; x_wconf 73' lang='lat' dir='ltr'><strong>qua:</strong></span> 
     </span>
    </p>
   </div>
   <div class='ocr_carea' id='block_1_82' title="bbox 2060 3799 3630 3873">
    <p class='ocr_par' dir='ltr' id='par_1_82' title="bbox 2060 3799 3630 3873">
     <span class='ocr_line' id='line_1_82' title="bbox 2060 3799 3630 3873; baseline 0.004 -20"><span class='ocrx_word' id='word_1_675' title='bbox 2060 3800 2195 3853; x_wconf 90' lang='lat' dir='ltr'><strong>mala</strong></span> <span class='ocrx_word' id='word_1_676' title='bbox 2227 3810 2369 3853; x_wconf 83' lang='lat' dir='ltr'><strong>sunt.</strong></span> <span class='ocrx_word' id='word_1_677' title='bbox 2398 3799 2655 3867; x_wconf 81' lang='lat' dir='ltr'><strong>Quocirca</strong></span> <span class='ocrx_word' id='word_1_678' title='bbox 2685 3800 2965 3855; x_wconf 77' lang='lat' dir='ltr'><strong>centrarite</strong></span> <span class='ocrx_word' id='word_1_679' title='bbox 3011 3816 3119 3854; x_wconf 91' lang='lat' dir='ltr'><strong>non</strong></span> <span class='ocrx_word' id='word_1_680' title='bbox 3168 3813 3310 3865; x_wconf 86' lang='lat' dir='ltr'><strong>sunt,</strong></span> <span class='ocrx_word' id='word_1_681' title='bbox 3358 3804 3409 3857; x_wconf 89' lang='lat' dir='ltr'><strong>iu</strong></span> <span class='ocrx_word' id='word_1_682' title='bbox 3439 3806 3630 3873; x_wconf 90' lang='lat' dir='ltr'><strong>quibus</strong></span> 
     </span>
    </p>
   </div>
   <div class='ocr_carea' id='block_1_83' title="bbox 2061 3890 3630 3960">
    <p class='ocr_par' dir='ltr' id='par_1_83' title="bbox 2061 3890 3630 3960">
     <span class='ocr_line' id='line_1_83' title="bbox 2061 3890 3630 3960; baseline 0.006 -19"><span class='ocrx_word' id='word_1_683' title='bbox 2061 3891 2273 3958; x_wconf 88' lang='lat' dir='ltr'><strong>ponitur</strong></span> <span class='ocrx_word' id='word_1_684' title='bbox 2297 3890 2435 3958; x_wconf 91' lang='lat' dir='ltr'><strong>quod</strong></span> <span class='ocrx_word' id='word_1_685' title='bbox 2488 3906 2589 3957; x_wconf 87' lang='lat' dir='ltr'><strong>non</strong></span> <span class='ocrx_word' id='word_1_686' title='bbox 2640 3890 2836 3943; x_wconf 89' lang='lat' dir='ltr'><strong>bonum</strong></span> <span class='ocrx_word' id='word_1_687' title='bbox 2883 3901 2985 3954; x_wconf 90' lang='lat' dir='ltr'><strong>est,</strong></span> <span class='ocrx_word' id='word_1_688' title='bbox 3039 3893 3233 3945; x_wconf 87' lang='lat' dir='ltr'><strong>bonum</strong></span> <span class='ocrx_word' id='word_1_689' title='bbox 3262 3910 3365 3948; x_wconf 90' lang='lat' dir='ltr'><strong>non</strong></span> <span class='ocrx_word' id='word_1_690' title='bbox 3406 3911 3551 3960; x_wconf 85' lang='lat' dir='ltr'><strong>esse,</strong></span> <span class='ocrx_word' id='word_1_691' title='bbox 3579 3906 3630 3957; x_wconf 87' lang='lat' dir='ltr'><strong>et</strong></span> 
     </span>
    </p>
   </div>
   <div class='ocr_carea' id='block_1_84' title="bbox 2060 3980 3630 4050">
    <p class='ocr_par' dir='ltr' id='par_1_84' title="bbox 2060 3980 3630 4050">
     <span class='ocr_line' id='line_1_84' title="bbox 2060 3980 3630 4050; baseline 0.004 -16"><span class='ocrx_word' id='word_1_692' title='bbox 2060 3982 2199 4050; x_wconf 90' lang='lat' dir='ltr'><strong>quod</strong></span> <span class='ocrx_word' id='word_1_693' title='bbox 2243 3996 2346 4033; x_wconf 89' lang='lat' dir='ltr'><strong>non</strong></span> <span class='ocrx_word' id='word_1_694' title='bbox 2377 3981 2699 4043; x_wconf 57' lang='lat' dir='ltr'><strong>estbonum,</strong></span> <span class='ocrx_word' id='word_1_695' title='bbox 2754 3980 2947 4032; x_wconf 88' lang='lat' dir='ltr'><strong>malum</strong></span> <span class='ocrx_word' id='word_1_696' title='bbox 2974 3995 3116 4034; x_wconf 87' lang='lat' dir='ltr'><strong>esse.</strong></span> <span class='ocrx_word' id='word_1_697' title='bbox 3166 3982 3459 4039; x_wconf 70' lang='lat' dir='ltr'><strong>Centrariu:</strong></span> <span class='ocrx_word' id='word_1_698' title='bbox 3488 3991 3630 4041; x_wconf 91' lang='lat' dir='ltr'><strong>enim</strong></span> 
     </span>
    </p>
   </div>
   <div class='ocr_carea' id='block_1_85' title="bbox 2061 4070 3632 4139">
    <p class='ocr_par' dir='ltr' id='par_1_85' title="bbox 2061 4070 3632 4139">
     <span class='ocr_line' id='line_1_85' title="bbox 2061 4070 3632 4139; baseline 0.005 -13"><span class='ocrx_word' id='word_1_699' title='bbox 2061 4087 2204 4126; x_wconf 75' lang='lat' dir='ltr'><strong>vera:</strong></span> <span class='ocrx_word' id='word_1_700' title='bbox 2227 4072 2382 4125; x_wconf 90' lang='lat' dir='ltr'><strong>simul</strong></span> <span class='ocrx_word' id='word_1_701' title='bbox 2409 4083 2670 4139; x_wconf 86' lang='lat' dir='ltr'><strong>nequeunt</strong></span> <span class='ocrx_word' id='word_1_702' title='bbox 2701 4070 2948 4134; x_wconf 85' lang='lat' dir='ltr'><strong>inveniri,</strong></span> <span class='ocrx_word' id='word_1_703' title='bbox 2972 4080 3023 4125; x_wconf 92' lang='lat' dir='ltr'><strong>et</strong></span> <span class='ocrx_word' id='word_1_704' title='bbox 3046 4086 3168 4124; x_wconf 81' lang='lat' dir='ltr'><strong>vera</strong></span> <span class='ocrx_word' id='word_1_705' title='bbox 3197 4089 3337 4127; x_wconf 64' lang='lat' dir='ltr'><strong>verae</strong></span> <span class='ocrx_word' id='word_1_706' title='bbox 3363 4079 3632 4134; x_wconf 39' lang='lat' dir='ltr'><strong>contraria</strong></span> 
     </span>
    </p>
   </div>
   <div class='ocr_carea' id='block_1_86' title="bbox 2063 4162 3632 4235">
    <p class='ocr_par' dir='ltr' id='par_1_86' title="bbox 2063 4162 3632 4235">
     <span class='ocr_line' id='line_1_86' title="bbox 2063 4162 3632 4235; baseline 0.003 -16"><span class='ocrx_word' id='word_1_707' title='bbox 2063 4179 2325 4234; x_wconf 88' lang='lat' dir='ltr'><strong>nunquam</strong></span> <span class='ocrx_word' id='word_1_708' title='bbox 2354 4173 2455 4226; x_wconf 82' lang='lat' dir='ltr'><strong>est,</strong></span> <span class='ocrx_word' id='word_1_709' title='bbox 2481 4163 2572 4216; x_wconf 89' lang='lat' dir='ltr'><strong>sed</strong></span> <span class='ocrx_word' id='word_1_710' title='bbox 2604 4178 2700 4216; x_wconf 91' lang='lat' dir='ltr'><strong>nec</strong></span> <span class='ocrx_word' id='word_1_711' title='bbox 2722 4162 2806 4215; x_wconf 88' lang='lat' dir='ltr'><strong>illa</strong></span> <span class='ocrx_word' id='word_1_712' title='bbox 2831 4165 3026 4229; x_wconf 68' lang='lat' dir='ltr'><strong>poti-rit</strong></span> <span class='ocrx_word' id='word_1_713' title='bbox 3046 4177 3164 4219; x_wconf 83' lang='lat' dir='ltr'><strong>esse</strong></span> <span class='ocrx_word' id='word_1_714' title='bbox 3189 4169 3453 4220; x_wconf 89' lang='lat' dir='ltr'><strong>contraria</strong></span> <span class='ocrx_word' id='word_1_715' title='bbox 3481 4169 3632 4235; x_wconf 89' lang='lat' dir='ltr'><strong>huic,</strong></span> 
     </span>
    </p>
   </div>
   <div class='ocr_carea' id='block_1_87' title="bbox 2062 4253 3632 4327">
    <p class='ocr_par' dir='ltr' id='par_1_87' title="bbox 2062 4253 3632 4327">
     <span class='ocr_line' id='line_1_87' title="bbox 2062 4253 3632 4327; baseline 0.001 -17"><span class='ocrx_word' id='word_1_716' title='bbox 2062 4273 2180 4327; x_wconf 61' lang='lat' dir='ltr'><strong>quae</strong></span> <span class='ocrx_word' id='word_1_717' title='bbox 2210 4257 2338 4310; x_wconf 84' lang='lat' dir='ltr'><strong>dicit</strong></span> <span class='ocrx_word' id='word_1_718' title='bbox 2368 4256 2563 4309; x_wconf 87' lang='lat' dir='ltr'><strong>malum</strong></span> <span class='ocrx_word' id='word_1_719' title='bbox 2590 4269 2710 4309; x_wconf 60' lang='lat' dir='ltr'><strong>esse</strong></span> <span class='ocrx_word' id='word_1_720' title='bbox 2734 4253 2872 4324; x_wconf 88' lang='lat' dir='ltr'><strong>quod</strong></span> <span class='ocrx_word' id='word_1_721' title='bbox 2910 4254 3106 4309; x_wconf 88' lang='lat' dir='ltr'><strong>bonum</strong></span> <span class='ocrx_word' id='word_1_722' title='bbox 3141 4270 3243 4310; x_wconf 90' lang='lat' dir='ltr'><strong>non</strong></span> <span class='ocrx_word' id='word_1_723' title='bbox 3276 4268 3376 4310; x_wconf 82' lang='grc' dir='ltr'>εει.</span> <span class='ocrx_word' id='word_1_724' title='bbox 3410 4257 3632 4320; x_wconf 82' lang='lat' dir='ltr'><strong>Possunt</strong></span> 
     </span>
    </p>
   </div>
   <div class='ocr_carea' id='block_1_88' title="bbox 2062 4344 3633 4417">
    <p class='ocr_par' dir='ltr' id='par_1_88' title="bbox 2062 4344 3633 4417">
     <span class='ocr_line' id='line_1_88' title="bbox 2062 4344 3633 4417; baseline 0.001 -16"><span class='ocrx_word' id='word_1_725' title='bbox 2062 4350 2203 4402; x_wconf 91' lang='lat' dir='ltr'><strong>enim</strong></span> <span class='ocrx_word' id='word_1_726' title='bbox 2235 4346 2476 4417; x_wconf 81' lang='lat' dir='ltr'><strong>qua-dam</strong></span> <span class='ocrx_word' id='word_1_727' title='bbox 2506 4361 2607 4399; x_wconf 92' lang='lat' dir='ltr'><strong>non</strong></span> <span class='ocrx_word' id='word_1_728' title='bbox 2636 4344 2846 4415; x_wconf 90' lang='lat' dir='ltr'><strong>quidem</strong></span> <span class='ocrx_word' id='word_1_729' title='bbox 2877 4361 2995 4401; x_wconf 85' lang='lat' dir='ltr'><strong>esse</strong></span> <span class='ocrx_word' id='word_1_730' title='bbox 3029 4348 3187 4413; x_wconf 82' lang='lat' dir='ltr'><strong>bona,</strong></span> <span class='ocrx_word' id='word_1_731' title='bbox 3243 4363 3346 4402; x_wconf 90' lang='lat' dir='ltr'><strong>non</strong></span> <span class='ocrx_word' id='word_1_732' title='bbox 3389 4365 3509 4404; x_wconf 75' lang='lat' dir='ltr'><strong>e~se</strong></span> <span class='ocrx_word' id='word_1_733' title='bbox 3552 4360 3633 4403; x_wconf 79' lang='lat' dir='ltr'><strong>ta-</strong></span> 
     </span>
    </p>
   </div>
   <div class='ocr_carea' id='block_1_89' title="bbox 2065 4439 3634 4504">
    <p class='ocr_par' dir='ltr' id='par_1_89' title="bbox 2065 4439 3634 4504">
     <span class='ocr_line' id='line_1_89' title="bbox 2065 4439 3634 4504; baseline 0.001 -10"><span class='ocrx_word' id='word_1_734' title='bbox 2065 4456 2185 4494; x_wconf 88' lang='lat' dir='ltr'><strong>men</strong></span> <span class='ocrx_word' id='word_1_735' title='bbox 2212 4440 2368 4504; x_wconf 79' lang='lat' dir='ltr'><strong>ntula,</strong></span> <span class='ocrx_word' id='word_1_736' title='bbox 2404 4450 2457 4492; x_wconf 91' lang='lat' dir='ltr'><strong>ut</strong></span> <span class='ocrx_word' id='word_1_737' title='bbox 2484 4452 2547 4491; x_wconf 80' lang='lat' dir='ltr'><strong>ex</strong></span> <span class='ocrx_word' id='word_1_738' title='bbox 2592 4440 2783 4492; x_wconf 88' lang='lat' dir='ltr'><strong>arbore</strong></span> <span class='ocrx_word' id='word_1_739' title='bbox 2823 4439 3019 4493; x_wconf 89' lang='lat' dir='ltr'><strong>nullius</strong></span> <span class='ocrx_word' id='word_1_740' title='bbox 3055 4439 3296 4494; x_wconf 64' lang='lat' dir='ltr'><strong>utilitatis</strong></span> <span class='ocrx_word' id='word_1_741' title='bbox 3339 4456 3513 4502; x_wconf 84' lang='lat' dir='ltr'><strong>causa.</strong></span> <span class='ocrx_word' id='word_1_742' title='bbox 3549 4456 3634 4496; x_wconf 71' lang='grc' dir='ltr'><strong>τε·</strong></span> 
     </span>
    </p>
   </div>
   <div class='ocr_carea' id='block_1_90' title="bbox 2066 4531 3634 4604">
    <p class='ocr_par' dir='ltr' id='par_1_90' title="bbox 2066 4531 3634 4604">
     <span class='ocr_line' id='line_1_90' title="bbox 2066 4531 3634 4604; baseline 0.003 -18"><span class='ocrx_word' id='word_1_743' title='bbox 2066 4549 2206 4586; x_wconf 84' lang='lat' dir='ltr'><strong>mum</strong></span> <span class='ocrx_word' id='word_1_744' title='bbox 2237 4531 2561 4600; x_wconf 69' lang='lat' dir='ltr'><strong>distringere,</strong></span> <span class='ocrx_word' id='word_1_745' title='bbox 2592 4532 2634 4584; x_wconf 58' lang='lat' dir='ltr'><strong>si</strong></span> <span class='ocrx_word' id='word_1_746' title='bbox 2661 4531 2907 4585; x_wconf 86' lang='lat' dir='ltr'><strong>arborem</strong></span> <span class='ocrx_word' id='word_1_747' title='bbox 2939 4531 3066 4585; x_wconf 87' lang='lat' dir='ltr'><strong>nihil</strong></span> <span class='ocrx_word' id='word_1_748' title='bbox 3101 4532 3277 4596; x_wconf 67' lang='lat' dir='ltr'><strong>Its-dat,</strong></span> <span class='ocrx_word' id='word_1_749' title='bbox 3322 4550 3495 4604; x_wconf 84' lang='lat' dir='ltr'><strong>neque</strong></span> <span class='ocrx_word' id='word_1_750' title='bbox 3527 4551 3634 4591; x_wconf 77' lang='lat' dir='ltr'><strong>ma-</strong></span> 
     </span>
    </p>
   </div>
   <div class='ocr_carea' id='block_1_91' title="bbox 386 4614 3634 4705">
    <p class='ocr_par' dir='ltr' id='par_1_91' title="bbox 386 4614 3634 4705">
     <span class='ocr_line' id='line_1_91' title="bbox 386 4614 3634 4705; baseline 0.002 -30"><span class='ocrx_word' id='word_1_751' title='bbox 386 4644 529 4701; x_wconf 70' lang='grc' dir='ltr'>ρυιςιι</span> <span class='ocrx_word' id='word_1_752' title='bbox 556 4633 820 4687; x_wconf 73' lang='lat' dir='ltr'><strong>humian</strong></span> <span class='ocrx_word' id='word_1_753' title='bbox 843 4648 1035 4703; x_wconf 66' lang='lat' dir='ltr'><strong>equum</strong></span> <span class='ocrx_word' id='word_1_754' title='bbox 1060 4648 1180 4689; x_wconf 70' lang='lat' dir='ltr'><strong>esse</strong></span> <span class='ocrx_word' id='word_1_755' title='bbox 1210 4650 1367 4704; x_wconf 74' lang='lat' dir='ltr'><strong>quam</strong></span> <span class='ocrx_word' id='word_1_756' title='bbox 1396 4650 1517 4705; x_wconf 58' lang='lat' dir='ltr'><strong>qua</strong></span> <span class='ocrx_word' id='word_1_757' title='bbox 1548 4636 1816 4692; x_wconf 75' lang='lat' dir='ltr'><strong>hominem</strong></span> <span class='ocrx_word' id='word_1_758' title='bbox 1848 4651 1950 4689; x_wconf 77' lang='lat' dir='ltr'><strong>non</strong></span> <span class='ocrx_word' id='word_1_759' title='bbox 1980 4614 2035 4679; x_wconf 65' lang='grc' dir='ltr'><strong>β</strong></span> <span class='ocrx_word' id='word_1_760' title='bbox 2066 4626 2169 4679; x_wconf 89' lang='lat' dir='ltr'><strong>lum</strong></span> <span class='ocrx_word' id='word_1_761' title='bbox 2218 4638 2389 4692; x_wconf 90' lang='lat' dir='ltr'><strong>neque</strong></span> <span class='ocrx_word' id='word_1_762' title='bbox 2439 4625 2632 4676; x_wconf 65' lang='lat' dir='ltr'><strong>bonum</strong></span> <span class='ocrx_word' id='word_1_763' title='bbox 2681 4632 2782 4675; x_wconf 85' lang='lat' dir='ltr'><strong>est.</strong></span> <span class='ocrx_word' id='word_1_764' title='bbox 2813 4622 2988 4687; x_wconf 87' lang='lat' dir='ltr'><strong>Quare</strong></span> <span class='ocrx_word' id='word_1_765' title='bbox 3042 4638 3182 4677; x_wconf 62' lang='lat' dir='ltr'><strong>verm</strong></span> <span class='ocrx_word' id='word_1_766' title='bbox 3209 4624 3366 4680; x_wconf 88' lang='lat' dir='ltr'><strong>simul</strong></span> <span class='ocrx_word' id='word_1_767' title='bbox 3415 4636 3634 4696; x_wconf 85' lang='lat' dir='ltr'><strong>possunt</strong></span> 
     </span>
    </p>
   </div>
   <div class='ocr_carea' id='block_1_92' title="bbox 384 4725 1957 4800">
    <p class='ocr_par' dir='ltr' id='par_1_92' title="bbox 384 4725 1957 4800">
     <span class='ocr_line' id='line_1_92' title="bbox 384 4725 1957 4800; baseline 0.003 -22"><span class='ocrx_word' id='word_1_768' title='bbox 384 4738 503 4779; x_wconf 86' lang='lat' dir='ltr'><strong>esse</strong></span> <span class='ocrx_word' id='word_1_769' title='bbox 543 4725 811 4779; x_wconf 87' lang='lat' dir='ltr'><strong>hominem</strong></span> <span class='ocrx_word' id='word_1_770' title='bbox 848 4726 1154 4781; x_wconf 85' lang='lat' dir='ltr'><strong>arbitratur.</strong></span> <span class='ocrx_word' id='word_1_771' title='bbox 1185 4730 1362 4794; x_wconf 89' lang='lat' dir='ltr'><strong>Quare</strong></span> <span class='ocrx_word' id='word_1_772' title='bbox 1390 4728 1432 4781; x_wconf 88' lang='lat' dir='ltr'><strong>si</strong></span> <span class='ocrx_word' id='word_1_773' title='bbox 1465 4729 1516 4781; x_wconf 89' lang='lat' dir='ltr'><strong>in</strong></span> <span class='ocrx_word' id='word_1_774' title='bbox 1560 4729 1641 4783; x_wconf 89' lang='lat' dir='ltr'><strong>his</strong></span> <span class='ocrx_word' id='word_1_775' title='bbox 1678 4745 1796 4800; x_wconf 62' lang='lat' dir='ltr'><strong>quae</strong></span> <span class='ocrx_word' id='word_1_776' title='bbox 1826 4746 1957 4783; x_wconf 89' lang='lat' dir='ltr'><strong>con-</strong></span> 
     </span>
    </p>
   </div>
   <div class='ocr_carea' id='block_1_93' title="bbox 384 4817 1954 4888">
    <p class='ocr_par' dir='ltr' id='par_1_93' title="bbox 384 4817 1954 4888">
     <span class='ocr_line' id='line_1_93' title="bbox 384 4817 1954 4888; baseline 0.006 -21"><span class='ocrx_word' id='word_1_777' title='bbox 384 4817 543 4869; x_wconf 84' lang='lat' dir='ltr'><strong>traria</strong></span> <span class='ocrx_word' id='word_1_778' title='bbox 575 4831 675 4870; x_wconf 88' lang='lat' dir='ltr'><strong>non</strong></span> <span class='ocrx_word' id='word_1_779' title='bbox 708 4818 929 4880; x_wconf 91' lang='lat' dir='ltr'><strong>habent,</strong></span> <span class='ocrx_word' id='word_1_780' title='bbox 963 4819 1049 4871; x_wconf 84' lang='lat' dir='ltr'><strong>illa</strong></span> <span class='ocrx_word' id='word_1_781' title='bbox 1088 4819 1355 4873; x_wconf 79' lang='lat' dir='ltr'><strong>contraria</strong></span> <span class='ocrx_word' id='word_1_782' title='bbox 1405 4829 1488 4873; x_wconf 87' lang='lat' dir='ltr'><strong>est</strong></span> <span class='ocrx_word' id='word_1_783' title='bbox 1522 4836 1640 4888; x_wconf 68' lang='lat' dir='ltr'><strong>quae</strong></span> <span class='ocrx_word' id='word_1_784' title='bbox 1683 4823 1954 4876; x_wconf 90' lang='lat' dir='ltr'><strong>contradi-</strong></span> 
     </span>
    </p>
   </div>
   <div class='ocr_carea' id='block_1_94' title="bbox 382 4908 1956 4981">
    <p class='ocr_par' dir='ltr' id='par_1_94' title="bbox 382 4908 1956 4981">
     <span class='ocr_line' id='line_1_94' title="bbox 382 4908 1956 4981; baseline 0.003 -18"><span class='ocrx_word' id='word_1_785' title='bbox 382 4909 561 4964; x_wconf 75' lang='lat' dir='ltr'><strong>ctione</strong></span> <span class='ocrx_word' id='word_1_786' title='bbox 581 4908 855 4969; x_wconf 76' lang='lat' dir='ltr'><strong>formatur.</strong></span> <span class='ocrx_word' id='word_1_787' title='bbox 881 4911 933 4963; x_wconf 92' lang='lat' dir='ltr'><strong>in</strong></span> <span class='ocrx_word' id='word_1_788' title='bbox 954 4909 1035 4965; x_wconf 87' lang='lat' dir='ltr'><strong>his</strong></span> <span class='ocrx_word' id='word_1_789' title='bbox 1055 4926 1264 4979; x_wconf 88' lang='lat' dir='ltr'><strong>quoque</strong></span> <span class='ocrx_word' id='word_1_790' title='bbox 1306 4925 1423 4981; x_wconf 72' lang='lat' dir='ltr'><strong>quae</strong></span> <span class='ocrx_word' id='word_1_791' title='bbox 1446 4910 1643 4965; x_wconf 76' lang='lat' dir='ltr'><strong>habent</strong></span> <span class='ocrx_word' id='word_1_792' title='bbox 1665 4913 1956 4978; x_wconf 84' lang='lat' dir='ltr'><strong>contraria,</strong></span> 
     </span>
    </p>
   </div>
   <div class='ocr_carea' id='block_1_95' title="bbox 385 5002 1959 5075">
    <p class='ocr_par' dir='ltr' id='par_1_95' title="bbox 385 5002 1959 5075">
     <span class='ocr_line' id='line_1_95' title="bbox 385 5002 1959 5075; baseline 0.003 -20"><span class='ocrx_word' id='word_1_793' title='bbox 385 5018 489 5056; x_wconf 89' lang='lat' dir='ltr'><strong>non</strong></span> <span class='ocrx_word' id='word_1_794' title='bbox 506 5004 753 5057; x_wconf 79' lang='lat' dir='ltr'><strong>contrarii</strong></span> <span class='ocrx_word' id='word_1_795' title='bbox 781 5002 1169 5071; x_wconf 81' lang='lat' dir='ltr'><strong>afﬁrmationis,</strong></span> <span class='ocrx_word' id='word_1_796' title='bbox 1202 5005 1296 5059; x_wconf 88' lang='lat' dir='ltr'><strong>sed</strong></span> <span class='ocrx_word' id='word_1_797' title='bbox 1330 5006 1626 5074; x_wconf 81' lang='lat' dir='ltr'><strong>negationis</strong></span> <span class='ocrx_word' id='word_1_798' title='bbox 1663 5004 1959 5075; x_wconf 88' lang='lat' dir='ltr'><strong>propositio</strong></span> 
     </span>
    </p>
   </div>
   <div class='ocr_carea' id='block_1_96' title="bbox 383 5096 985 5165">
    <p class='ocr_par' dir='ltr' id='par_1_96' title="bbox 383 5096 985 5165">
     <span class='ocr_line' id='line_1_96' title="bbox 383 5096 985 5165; baseline 0.003 -17"><span class='ocrx_word' id='word_1_799' title='bbox 383 5096 549 5165; x_wconf 77' lang='lat' dir='ltr'><strong>magis</strong></span> <span class='ocrx_word' id='word_1_800' title='bbox 577 5097 852 5150; x_wconf 84' lang='lat' dir='ltr'><strong>contraria</strong></span> <span class='ocrx_word' id='word_1_801' title='bbox 882 5109 985 5151; x_wconf 76' lang='lat' dir='ltr'><strong>est.</strong></span> 
     </span>
    </p>
   </div>
   <div class='ocr_carea' id='block_1_97' title="bbox 454 5188 1957 5265">
    <p class='ocr_par' dir='ltr' id='par_1_97' title="bbox 454 5188 1957 5265">
     <span class='ocr_line' id='line_1_97' title="bbox 454 5188 1957 5265; baseline 0.003 -26"><span class='ocrx_word' id='word_1_802' title='bbox 454 5188 682 5257; x_wconf 71' lang='lat' dir='ltr'><strong>Amplius</strong></span> <span class='ocrx_word' id='word_1_803' title='bbox 700 5190 931 5242; x_wconf 54' lang='lat' dir='ltr'><strong>similiter</strong></span> <span class='ocrx_word' id='word_1_804' title='bbox 950 5206 1003 5243; x_wconf 85' lang='lat' dir='ltr'><strong>se</strong></span> <span class='ocrx_word' id='word_1_805' title='bbox 1023 5190 1207 5246; x_wconf 78' lang='lat' dir='ltr'><strong>habent</strong></span> <span class='ocrx_word' id='word_1_806' title='bbox 1245 5193 1363 5247; x_wconf 87' lang='lat' dir='ltr'><strong>boni</strong></span> <span class='ocrx_word' id='word_1_807' title='bbox 1390 5194 1633 5265; x_wconf 86' lang='lat' dir='ltr'><strong>quoniam</strong></span> <span class='ocrx_word' id='word_1_808' title='bbox 1655 5191 1838 5246; x_wconf 87' lang='lat' dir='ltr'><strong>bonum</strong></span> <span class='ocrx_word' id='word_1_809' title='bbox 1861 5201 1957 5254; x_wconf 86' lang='lat' dir='ltr'><strong>est,</strong></span> 
     </span>
    </p>
   </div>
   <div class='ocr_carea' id='block_1_98' title="bbox 384 5279 1960 5349">
    <p class='ocr_par' dir='ltr' id='par_1_98' title="bbox 384 5279 1960 5349">
     <span class='ocr_line' id='line_1_98' title="bbox 384 5279 1960 5349; baseline 0.004 -20"><span class='ocrx_word' id='word_1_810' title='bbox 384 5290 429 5329; x_wconf 82' lang='lat' dir='ltr'><strong>et</strong></span> <span class='ocrx_word' id='word_1_811' title='bbox 460 5295 559 5331; x_wconf 88' lang='lat' dir='ltr'><strong>non</strong></span> <span class='ocrx_word' id='word_1_812' title='bbox 584 5279 699 5333; x_wconf 85' lang='lat' dir='ltr'><strong>boni</strong></span> <span class='ocrx_word' id='word_1_813' title='bbox 742 5280 984 5349; x_wconf 85' lang='lat' dir='ltr'><strong>quoniam</strong></span> <span class='ocrx_word' id='word_1_814' title='bbox 1025 5299 1127 5336; x_wconf 83' lang='lat' dir='ltr'><strong>non</strong></span> <span class='ocrx_word' id='word_1_815' title='bbox 1168 5285 1354 5337; x_wconf 85' lang='lat' dir='ltr'><strong>bonum</strong></span> <span class='ocrx_word' id='word_1_816' title='bbox 1384 5295 1478 5338; x_wconf 88' lang='lat' dir='ltr'><strong>est.</strong></span> <span class='ocrx_word' id='word_1_817' title='bbox 1529 5285 1592 5335; x_wconf 78' lang='lat' dir='ltr'><strong>Et</strong></span> <span class='ocrx_word' id='word_1_818' title='bbox 1623 5285 1689 5335; x_wconf 87' lang='lat' dir='ltr'><strong>ad</strong></span> <span class='ocrx_word' id='word_1_819' title='bbox 1716 5285 1810 5335; x_wconf 81' lang='lat' dir='ltr'><strong>has</strong></span> <span class='ocrx_word' id='word_1_820' title='bbox 1842 5282 1960 5335; x_wconf 85' lang='lat' dir='ltr'><strong>boni</strong></span> 
     </span>
    </p>
   </div>
   <div class='ocr_carea' id='block_1_99' title="bbox 384 5374 1958 5446">
    <p class='ocr_par' dir='ltr' id='par_1_99' title="bbox 384 5374 1958 5446">
     <span class='ocr_line' id='line_1_99' title="bbox 384 5374 1958 5446; baseline 0.003 -25"><span class='ocrx_word' id='word_1_821' title='bbox 384 5374 620 5436; x_wconf 83' lang='lat' dir='ltr'><strong>quoniam</strong></span> <span class='ocrx_word' id='word_1_822' title='bbox 652 5388 754 5425; x_wconf 85' lang='lat' dir='ltr'><strong>non</strong></span> <span class='ocrx_word' id='word_1_823' title='bbox 787 5377 971 5427; x_wconf 82' lang='lat' dir='ltr'><strong>bonum</strong></span> <span class='ocrx_word' id='word_1_824' title='bbox 1000 5385 1095 5439; x_wconf 87' lang='lat' dir='ltr'><strong>est,</strong></span> <span class='ocrx_word' id='word_1_825' title='bbox 1136 5385 1183 5431; x_wconf 90' lang='lat' dir='ltr'><strong>et</strong></span> <span class='ocrx_word' id='word_1_826' title='bbox 1213 5393 1311 5429; x_wconf 88' lang='lat' dir='ltr'><strong>non</strong></span> <span class='ocrx_word' id='word_1_827' title='bbox 1345 5376 1463 5429; x_wconf 88' lang='lat' dir='ltr'><strong>boni</strong></span> <span class='ocrx_word' id='word_1_828' title='bbox 1495 5376 1733 5446; x_wconf 86' lang='lat' dir='ltr'><strong>quoniam</strong></span> <span class='ocrx_word' id='word_1_829' title='bbox 1774 5377 1958 5427; x_wconf 87' lang='lat' dir='ltr'><strong>bonum</strong></span> 
     </span>
    </p>
   </div>
   <div class='ocr_carea' id='block_1_100' title="bbox 383 5460 1959 5536">
    <p class='ocr_par' dir='ltr' id='par_1_100' title="bbox 383 5460 1959 5536">
     <span class='ocr_line' id='line_1_100' title="bbox 383 5460 1959 5536; baseline 0.001 -24"><span class='ocrx_word' id='word_1_830' title='bbox 383 5471 476 5512; x_wconf 82' lang='lat' dir='ltr'><strong>est.</strong></span> <span class='ocrx_word' id='word_1_831' title='bbox 510 5460 596 5514; x_wconf 84' lang='lat' dir='ltr'><strong>Illi</strong></span> <span class='ocrx_word' id='word_1_832' title='bbox 624 5477 743 5530; x_wconf 89' lang='lat' dir='ltr'><strong>ergo</strong></span> <span class='ocrx_word' id='word_1_833' title='bbox 772 5480 883 5531; x_wconf 68' lang='lat' dir='ltr'><strong>qum</strong></span> <span class='ocrx_word' id='word_1_834' title='bbox 908 5474 980 5518; x_wconf 83' lang='lat' dir='ltr'><strong>est</strong></span> <span class='ocrx_word' id='word_1_835' title='bbox 1004 5482 1104 5519; x_wconf 85' lang='lat' dir='ltr'><strong>non</strong></span> <span class='ocrx_word' id='word_1_836' title='bbox 1136 5468 1251 5520; x_wconf 86' lang='lat' dir='ltr'><strong>boui</strong></span> <span class='ocrx_word' id='word_1_837' title='bbox 1270 5468 1509 5536; x_wconf 87' lang='lat' dir='ltr'><strong>quoniam</strong></span> <span class='ocrx_word' id='word_1_838' title='bbox 1532 5483 1631 5519; x_wconf 90' lang='lat' dir='ltr'><strong>non</strong></span> <span class='ocrx_word' id='word_1_839' title='bbox 1661 5467 1846 5518; x_wconf 86' lang='lat' dir='ltr'><strong>bonum</strong></span> <span class='ocrx_word' id='word_1_840' title='bbox 1869 5473 1959 5531; x_wconf 83' lang='lat' dir='ltr'><strong>est,</strong></span> 
     </span>
    </p>
   </div>
   <div class='ocr_carea' id='block_1_101' title="bbox 385 5553 1962 5621">
    <p class='ocr_par' dir='ltr' id='par_1_101' title="bbox 385 5553 1962 5621">
     <span class='ocr_line' id='line_1_101' title="bbox 385 5553 1962 5621; baseline 0.001 -17"><span class='ocrx_word' id='word_1_841' title='bbox 385 5568 512 5604; x_wconf 78' lang='lat' dir='ltr'><strong>rem:</strong></span> <span class='ocrx_word' id='word_1_842' title='bbox 545 5554 822 5620; x_wconf 87' lang='lat' dir='ltr'><strong>opinationi</strong></span> <span class='ocrx_word' id='word_1_843' title='bbox 871 5570 1103 5621; x_wconf 73' lang='lat' dir='ltr'><strong>quwnam</strong></span> <span class='ocrx_word' id='word_1_844' title='bbox 1144 5568 1216 5609; x_wconf 86' lang='lat' dir='ltr'><strong>est</strong></span> <span class='ocrx_word' id='word_1_845' title='bbox 1259 5554 1535 5609; x_wconf 82' lang='lat' dir='ltr'><strong>contraria.</strong></span> <span class='ocrx_word' id='word_1_846' title='bbox 1573 5553 1695 5609; x_wconf 84' lang='lat' dir='ltr'><strong>Non</strong></span> <span class='ocrx_word' id='word_1_847' title='bbox 1745 5554 1881 5607; x_wconf 86' lang='lat' dir='ltr'><strong>enim</strong></span> <span class='ocrx_word' id='word_1_848' title='bbox 1903 5569 1962 5606; x_wconf 87' lang='lat' dir='ltr'><strong>ea</strong></span> 
     </span>
    </p>
   </div>
   <div class='ocr_carea' id='block_1_102' title="bbox 384 5631 1961 5715">
    <p class='ocr_par' dir='ltr' id='par_1_102' title="bbox 384 5631 1961 5715">
     <span class='ocr_line' id='line_1_102' title="bbox 384 5631 1961 5715; baseline 0.003 -20"><span class='ocrx_word' id='word_1_849' title='bbox 384 5658 499 5713; x_wconf 78' lang='lat' dir='ltr'><strong>qua:</strong></span> <span class='ocrx_word' id='word_1_850' title='bbox 542 5644 663 5695; x_wconf 85' lang='lat' dir='ltr'><strong>dicit</strong></span> <span class='ocrx_word' id='word_1_851' title='bbox 693 5646 929 5712; x_wconf 87' lang='lat' dir='ltr'><strong>quoniam</strong></span> <span class='ocrx_word' id='word_1_852' title='bbox 963 5631 1156 5700; x_wconf 80' lang='lat' dir='ltr'><strong>malum</strong></span> <span class='ocrx_word' id='word_1_853' title='bbox 1201 5656 1293 5702; x_wconf 85' lang='lat' dir='ltr'><strong>est.</strong></span> <span class='ocrx_word' id='word_1_854' title='bbox 1325 5647 1493 5701; x_wconf 83' lang='lat' dir='ltr'><strong>Simul</strong></span> <span class='ocrx_word' id='word_1_855' title='bbox 1529 5649 1661 5702; x_wconf 87' lang='lat' dir='ltr'><strong>enim</strong></span> <span class='ocrx_word' id='word_1_856' title='bbox 1685 5646 1961 5715; x_wconf 85' lang='lat' dir='ltr'><strong>aliquando</strong></span> 
     </span>
    </p>
   </div>
   <div class='ocr_carea' id='block_1_103' title="bbox 384 5739 1955 5799">
    <p class='ocr_par' dir='ltr' id='par_1_103' title="bbox 384 5739 1955 5799">
     <span class='ocr_line' id='line_1_103' title="bbox 384 5739 1955 5799; baseline 0.001 -12"><span class='ocrx_word' id='word_1_857' title='bbox 384 5740 533 5787; x_wconf 87' lang='lat' dir='ltr'><strong>erunt</strong></span> <span class='ocrx_word' id='word_1_858' title='bbox 576 5748 722 5799; x_wconf 73' lang='lat' dir='ltr'><strong>verte,</strong></span> <span class='ocrx_word' id='word_1_859' title='bbox 768 5751 1027 5799; x_wconf 82' lang='lat' dir='ltr'><strong>nunquam</strong></span> <span class='ocrx_word' id='word_1_860' title='bbox 1059 5748 1229 5791; x_wconf 87' lang='lat' dir='ltr'><strong>autem</strong></span> <span class='ocrx_word' id='word_1_861' title='bbox 1256 5754 1372 5791; x_wconf 80' lang='lat' dir='ltr'><strong>vera</strong></span> <span class='ocrx_word' id='word_1_862' title='bbox 1404 5754 1532 5793; x_wconf 72' lang='lat' dir='ltr'><strong>verte</strong></span> <span class='ocrx_word' id='word_1_863' title='bbox 1578 5750 1648 5793; x_wconf 79' lang='lat' dir='ltr'><strong>est</strong></span> <span class='ocrx_word' id='word_1_864' title='bbox 1682 5739 1955 5791; x_wconf 82' lang='lat' dir='ltr'><strong>contraria.</strong></span> 
     </span>
    </p>
   </div>
   <div class='ocr_carea' id='block_1_104' title="bbox 388 5822 1958 5901">
    <p class='ocr_par' dir='ltr' id='par_1_104' title="bbox 388 5822 1958 5901">
     <span class='ocr_line' id='line_1_104' title="bbox 388 5822 1958 5901; baseline 0.003 -23"><span class='ocrx_word' id='word_1_865' title='bbox 388 5822 483 5879; x_wconf 79' lang='lat' dir='ltr'><strong>Est</strong></span> <span class='ocrx_word' id='word_1_866' title='bbox 529 5826 663 5881; x_wconf 79' lang='lat' dir='ltr'><strong>enim</strong></span> <span class='ocrx_word' id='word_1_867' title='bbox 690 5824 933 5897; x_wconf 79' lang='lat' dir='ltr'><strong>quiddam</strong></span> <span class='ocrx_word' id='word_1_868' title='bbox 982 5842 1082 5886; x_wconf 77' lang='lat' dir='ltr'><strong>non</strong></span> <span class='ocrx_word' id='word_1_869' title='bbox 1125 5830 1328 5901; x_wconf 82' lang='lat' dir='ltr'><strong>bonum,</strong></span> <span class='ocrx_word' id='word_1_870' title='bbox 1362 5831 1572 5887; x_wconf 83' lang='lat' dir='ltr'><strong>malum.</strong></span> <span class='ocrx_word' id='word_1_871' title='bbox 1630 5832 1802 5899; x_wconf 81' lang='lat' dir='ltr'><strong>Quare</strong></span> <span class='ocrx_word' id='word_1_872' title='bbox 1840 5846 1958 5883; x_wconf 83' lang='lat' dir='ltr'><strong>con-</strong></span> 
     </span>
    </p>
   </div>
   <div class='ocr_carea' id='block_1_105' title="bbox 2066 4711 3635 4781">
    <p class='ocr_par' dir='ltr' id='par_1_105' title="bbox 2066 4711 3635 4781">
     <span class='ocr_line' id='line_1_105' title="bbox 2066 4711 3635 4781; baseline 0.008 -18"><span class='ocrx_word' id='word_1_873' title='bbox 2066 4729 2207 4777; x_wconf 81' lang='lat' dir='ltr'><strong>esse,</strong></span> <span class='ocrx_word' id='word_1_874' title='bbox 2237 4724 2291 4767; x_wconf 92' lang='lat' dir='ltr'><strong>et</strong></span> <span class='ocrx_word' id='word_1_875' title='bbox 2318 4714 2397 4765; x_wconf 68' lang='lat' dir='ltr'><strong>hac</strong></span> <span class='ocrx_word' id='word_1_876' title='bbox 2418 4726 2627 4780; x_wconf 86' lang='lat' dir='ltr'><strong>quoque</strong></span> <span class='ocrx_word' id='word_1_877' title='bbox 2651 4727 2767 4779; x_wconf 76' lang='lat' dir='ltr'><strong>qua:</strong></span> <span class='ocrx_word' id='word_1_878' title='bbox 2802 4711 3085 4776; x_wconf 73' lang='lat' dir='ltr'><strong>Opinautur</strong></span> <span class='ocrx_word' id='word_1_879' title='bbox 3129 4714 3178 4766; x_wconf 90' lang='lat' dir='ltr'><strong>id</strong></span> <span class='ocrx_word' id='word_1_880' title='bbox 3224 4716 3364 4781; x_wconf 88' lang='lat' dir='ltr'><strong>quod</strong></span> <span class='ocrx_word' id='word_1_881' title='bbox 3410 4726 3494 4771; x_wconf 72' lang='lat' dir='ltr'><strong>est</strong></span> <span class='ocrx_word' id='word_1_882' title='bbox 3532 4734 3635 4776; x_wconf 84' lang='lat' dir='ltr'><strong>non</strong></span> 
     </span>
    </p>
   </div>
   <div class='ocr_carea' id='block_1_106' title="bbox 2068 4804 3634 4877">
    <p class='ocr_par' dir='ltr' id='par_1_106' title="bbox 2068 4804 3634 4877">
     <span class='ocr_line' id='line_1_106' title="bbox 2068 4804 3634 4877; baseline 0.008 -20"><span class='ocrx_word' id='word_1_883' title='bbox 2068 4810 2260 4862; x_wconf 84' lang='lat' dir='ltr'><strong>bonum</strong></span> <span class='ocrx_word' id='word_1_884' title='bbox 2290 4805 2536 4875; x_wconf 88' lang='lat' dir='ltr'><strong>quoniam</strong></span> <span class='ocrx_word' id='word_1_885' title='bbox 2567 4818 2671 4858; x_wconf 90' lang='lat' dir='ltr'><strong>non</strong></span> <span class='ocrx_word' id='word_1_886' title='bbox 2715 4804 2907 4858; x_wconf 80' lang='lat' dir='ltr'><strong>bonum</strong></span> <span class='ocrx_word' id='word_1_887' title='bbox 2938 4817 3039 4871; x_wconf 53' lang='lat' dir='ltr'><strong>est,</strong></span> <span class='ocrx_word' id='word_1_888' title='bbox 3078 4815 3132 4862; x_wconf 88' lang='lat' dir='ltr'><strong>ct</strong></span> <span class='ocrx_word' id='word_1_889' title='bbox 3163 4808 3212 4861; x_wconf 91' lang='lat' dir='ltr'><strong>id</strong></span> <span class='ocrx_word' id='word_1_890' title='bbox 3244 4810 3383 4877; x_wconf 89' lang='lat' dir='ltr'><strong>quod</strong></span> <span class='ocrx_word' id='word_1_891' title='bbox 3416 4821 3499 4865; x_wconf 89' lang='lat' dir='ltr'><strong>est</strong></span> <span class='ocrx_word' id='word_1_892' title='bbox 3529 4828 3634 4869; x_wconf 90' lang='lat' dir='ltr'><strong>non</strong></span> 
     </span>
    </p>
   </div>
   <div class='ocr_carea' id='block_1_107' title="bbox 2066 4899 3635 4969">
    <p class='ocr_par' dir='ltr' id='par_1_107' title="bbox 2066 4899 3635 4969">
     <span class='ocr_line' id='line_1_107' title="bbox 2066 4899 3635 4969; baseline -0.001 -14"><span class='ocrx_word' id='word_1_893' title='bbox 2066 4901 2261 4955; x_wconf 87' lang='lat' dir='ltr'><strong>bonum</strong></span> <span class='ocrx_word' id='word_1_894' title='bbox 2290 4899 2538 4969; x_wconf 87' lang='lat' dir='ltr'><strong>quoniam</strong></span> <span class='ocrx_word' id='word_1_895' title='bbox 2572 4899 2763 4952; x_wconf 87' lang='lat' dir='ltr'><strong>malum</strong></span> <span class='ocrx_word' id='word_1_896' title='bbox 2804 4912 2907 4951; x_wconf 91' lang='lat' dir='ltr'><strong>non</strong></span> <span class='ocrx_word' id='word_1_897' title='bbox 2934 4910 3037 4953; x_wconf 82' lang='lat' dir='ltr'><strong>est.</strong></span> <span class='ocrx_word' id='word_1_898' title='bbox 3072 4901 3248 4967; x_wconf 86' lang='lat' dir='ltr'><strong>Quare</strong></span> <span class='ocrx_word' id='word_1_899' title='bbox 3276 4918 3373 4956; x_wconf 90' lang='lat' dir='ltr'><strong>nec</strong></span> <span class='ocrx_word' id='word_1_900' title='bbox 3404 4904 3484 4956; x_wconf 66' lang='lat' dir='ltr'><strong>ha:</strong></span> <span class='ocrx_word' id='word_1_901' title='bbox 3506 4920 3635 4960; x_wconf 83' lang='lat' dir='ltr'><strong>eon.</strong></span> 
     </span>
    </p>
   </div>
   <div class='ocr_carea' id='block_1_108' title="bbox 2067 4992 3634 5066">
    <p class='ocr_par' dir='ltr' id='par_1_108' title="bbox 2067 4992 3634 5066">
     <span class='ocr_line' id='line_1_108' title="bbox 2067 4992 3634 5066; baseline 0.003 -18"><span class='ocrx_word' id='word_1_902' title='bbox 2067 4992 2244 5048; x_wconf 68' lang='lat' dir='ltr'><strong>traria:</strong></span> <span class='ocrx_word' id='word_1_903' title='bbox 2275 5001 2432 5056; x_wconf 85' lang='lat' dir='ltr'><strong>sunt;</strong></span> <span class='ocrx_word' id='word_1_904' title='bbox 2482 5000 2647 5045; x_wconf 89' lang='lat' dir='ltr'><strong>restat</strong></span> <span class='ocrx_word' id='word_1_905' title='bbox 2688 4993 2844 5060; x_wconf 73' lang='lat' dir='ltr'><strong>igitur</strong></span> <span class='ocrx_word' id='word_1_906' title='bbox 2886 5001 2940 5045; x_wconf 82' lang='grc' dir='ltr'><strong>ιιι</strong></span> <span class='ocrx_word' id='word_1_907' title='bbox 2969 4993 3085 5062; x_wconf 84' lang='lat' dir='ltr'><strong>eius</strong></span> <span class='ocrx_word' id='word_1_908' title='bbox 3115 4997 3380 5063; x_wconf 76' lang='lat' dir='ltr'><strong>opinionis</strong></span> <span class='ocrx_word' id='word_1_909' title='bbox 3408 5013 3525 5066; x_wconf 78' lang='lat' dir='ltr'><strong>quze</strong></span> <span class='ocrx_word' id='word_1_910' title='bbox 3557 5010 3634 5059; x_wconf 81' lang='lat' dir='ltr'><strong>est</strong></span> 
     </span>
    </p>
   </div>
   <div class='ocr_carea' id='block_1_109' title="bbox 2067 5084 3634 5153">
    <p class='ocr_par' dir='ltr' id='par_1_109' title="bbox 2067 5084 3634 5153">
     <span class='ocr_line' id='line_1_109' title="bbox 2067 5084 3634 5153; baseline 0.004 -12"><span class='ocrx_word' id='word_1_911' title='bbox 2067 5102 2171 5141; x_wconf 92' lang='lat' dir='ltr'><strong>non</strong></span> <span class='ocrx_word' id='word_1_912' title='bbox 2217 5086 2339 5140; x_wconf 89' lang='lat' dir='ltr'><strong>boni</strong></span> <span class='ocrx_word' id='word_1_913' title='bbox 2384 5084 2634 5153; x_wconf 89' lang='lat' dir='ltr'><strong>quoniam</strong></span> <span class='ocrx_word' id='word_1_914' title='bbox 2678 5100 2781 5139; x_wconf 93' lang='lat' dir='ltr'><strong>non</strong></span> <span class='ocrx_word' id='word_1_915' title='bbox 2831 5085 3027 5139; x_wconf 88' lang='lat' dir='ltr'><strong>bonum</strong></span> <span class='ocrx_word' id='word_1_916' title='bbox 3057 5102 3159 5153; x_wconf 67' lang='lat' dir='ltr'><strong>es&#39;,</strong></span> <span class='ocrx_word' id='word_1_917' title='bbox 3186 5104 3245 5142; x_wconf 87' lang='lat' dir='ltr'><strong>ea</strong></span> <span class='ocrx_word' id='word_1_918' title='bbox 3271 5094 3339 5142; x_wconf 91' lang='lat' dir='ltr'><strong>sit</strong></span> <span class='ocrx_word' id='word_1_919' title='bbox 3367 5092 3634 5148; x_wconf 78' lang='lat' dir='ltr'><strong>cuntraria</strong></span> 
     </span>
    </p>
   </div>
   <div class='ocr_carea' id='block_1_110' title="bbox 2064 5176 3633 5249">
    <p class='ocr_par' dir='ltr' id='par_1_110' title="bbox 2064 5176 3633 5249">
     <span class='ocr_line' id='line_1_110' title="bbox 2064 5176 3633 5249; baseline 0.003 -16"><span class='ocrx_word' id='word_1_920' title='bbox 2064 5196 2181 5249; x_wconf 70' lang='lat' dir='ltr'><strong>qur</strong></span> <span class='ocrx_word' id='word_1_921' title='bbox 2212 5188 2294 5232; x_wconf 91' lang='lat' dir='ltr'><strong>est</strong></span> <span class='ocrx_word' id='word_1_922' title='bbox 2324 5193 2427 5231; x_wconf 88' lang='lat' dir='ltr'><strong>nou</strong></span> <span class='ocrx_word' id='word_1_923' title='bbox 2452 5177 2573 5230; x_wconf 87' lang='lat' dir='ltr'><strong>boui</strong></span> <span class='ocrx_word' id='word_1_924' title='bbox 2602 5180 2849 5246; x_wconf 83' lang='lat' dir='ltr'><strong>quoniam</strong></span> <span class='ocrx_word' id='word_1_925' title='bbox 2874 5176 3070 5231; x_wconf 91' lang='lat' dir='ltr'><strong>bonum</strong></span> <span class='ocrx_word' id='word_1_926' title='bbox 3101 5190 3202 5233; x_wconf 90' lang='lat' dir='ltr'><strong>est.</strong></span> <span class='ocrx_word' id='word_1_927' title='bbox 3228 5180 3378 5245; x_wconf 86' lang='lat' dir='ltr'><strong>Quod</strong></span> <span class='ocrx_word' id='word_1_928' title='bbox 3400 5184 3444 5234; x_wconf 89' lang='lat' dir='ltr'><strong>si</strong></span> <span class='ocrx_word' id='word_1_929' title='bbox 3470 5183 3519 5234; x_wconf 90' lang='lat' dir='ltr'><strong>in</strong></span> <span class='ocrx_word' id='word_1_930' title='bbox 3551 5184 3633 5238; x_wconf 83' lang='lat' dir='ltr'><strong>liis</strong></span> 
     </span>
    </p>
   </div>
   <div class='ocr_carea' id='block_1_111' title="bbox 2065 5270 3630 5343">
    <p class='ocr_par' dir='ltr' id='par_1_111' title="bbox 2065 5270 3630 5343">
     <span class='ocr_line' id='line_1_111' title="bbox 2065 5270 3630 5343; baseline 0.005 -18"><span class='ocrx_word' id='word_1_931' title='bbox 2065 5280 2290 5338; x_wconf 86' lang='lat' dir='ltr'><strong>quatuor</strong></span> <span class='ocrx_word' id='word_1_932' title='bbox 2347 5270 2799 5337; x_wconf 78' lang='lat' dir='ltr'><strong>prepositionibos</strong></span> <span class='ocrx_word' id='word_1_933' title='bbox 2858 5285 2990 5339; x_wconf 89' lang='lat' dir='ltr'><strong>quas</strong></span> <span class='ocrx_word' id='word_1_934' title='bbox 3036 5285 3195 5338; x_wconf 83' lang='lat' dir='ltr'><strong>supra</strong></span> <span class='ocrx_word' id='word_1_935' title='bbox 3250 5273 3630 5343; x_wconf 70' lang='lat' dir='ltr'><strong>descripsimus</strong></span> 
     </span>
    </p>
   </div>
   <div class='ocr_carea' id='block_1_112' title="bbox 2066 5360 3633 5431">
    <p class='ocr_par' dir='ltr' id='par_1_112' title="bbox 2066 5360 3633 5431">
     <span class='ocr_line' id='line_1_112' title="bbox 2066 5360 3633 5431; baseline 0.006 -17"><span class='ocrx_word' id='word_1_936' title='bbox 2066 5361 2356 5417; x_wconf 75' lang='lat' dir='ltr'><strong>similitudo</strong></span> <span class='ocrx_word' id='word_1_937' title='bbox 2402 5370 2660 5421; x_wconf 70' lang='lat' dir='ltr'><strong>servatur,</strong></span> <span class='ocrx_word' id='word_1_938' title='bbox 2714 5369 2765 5414; x_wconf 89' lang='lat' dir='ltr'><strong>et</strong></span> <span class='ocrx_word' id='word_1_939' title='bbox 2812 5360 2948 5413; x_wconf 89' lang='lat' dir='ltr'><strong>sicut</strong></span> <span class='ocrx_word' id='word_1_940' title='bbox 2995 5372 3077 5415; x_wconf 90' lang='lat' dir='ltr'><strong>est</strong></span> <span class='ocrx_word' id='word_1_941' title='bbox 3123 5363 3303 5431; x_wconf 87' lang='lat' dir='ltr'><strong>opinio</strong></span> <span class='ocrx_word' id='word_1_942' title='bbox 3350 5382 3453 5420; x_wconf 93' lang='lat' dir='ltr'><strong>non</strong></span> <span class='ocrx_word' id='word_1_943' title='bbox 3510 5370 3633 5426; x_wconf 89' lang='lat' dir='ltr'><strong>boni</strong></span> 
     </span>
    </p>
   </div>
   <div class='ocr_carea' id='block_1_113' title="bbox 2068 5450 3632 5523">
    <p class='ocr_par' dir='ltr' id='par_1_113' title="bbox 2068 5450 3632 5523">
     <span class='ocr_line' id='line_1_113' title="bbox 2068 5450 3632 5523; baseline 0.004 -17"><span class='ocrx_word' id='word_1_944' title='bbox 2068 5456 2311 5523; x_wconf 83' lang='lat' dir='ltr'><strong>quoniam</strong></span> <span class='ocrx_word' id='word_1_945' title='bbox 2344 5468 2449 5504; x_wconf 88' lang='lat' dir='ltr'><strong>non</strong></span> <span class='ocrx_word' id='word_1_946' title='bbox 2482 5451 2673 5503; x_wconf 87' lang='lat' dir='ltr'><strong>bonum</strong></span> <span class='ocrx_word' id='word_1_947' title='bbox 2699 5460 2802 5511; x_wconf 85' lang='lat' dir='ltr'><strong>est,</strong></span> <span class='ocrx_word' id='word_1_948' title='bbox 2834 5450 2899 5503; x_wconf 89' lang='lat' dir='ltr'><strong>ad</strong></span> <span class='ocrx_word' id='word_1_949' title='bbox 2931 5465 3047 5505; x_wconf 83' lang='lat' dir='ltr'><strong>eam</strong></span> <span class='ocrx_word' id='word_1_950' title='bbox 3092 5467 3209 5521; x_wconf 64' lang='lat' dir='ltr'><strong>quae</strong></span> <span class='ocrx_word' id='word_1_951' title='bbox 3254 5463 3335 5508; x_wconf 88' lang='lat' dir='ltr'><strong>est</strong></span> <span class='ocrx_word' id='word_1_952' title='bbox 3367 5472 3469 5510; x_wconf 89' lang='lat' dir='ltr'><strong>non</strong></span> <span class='ocrx_word' id='word_1_953' title='bbox 3508 5460 3632 5521; x_wconf 88' lang='lat' dir='ltr'><strong>b0ni</strong></span> 
     </span>
    </p>
   </div>
   <div class='ocr_carea' id='block_1_114' title="bbox 2075 5540 3622 5617">
    <p class='ocr_par' dir='ltr' id='par_1_114' title="bbox 2075 5540 3622 5617">
     <span class='ocr_line' id='line_1_114' title="bbox 2075 5540 3622 5617; baseline 0.006 -19"><span class='ocrx_word' id='word_1_954' title='bbox 2075 5545 2321 5617; x_wconf 85' lang='lat' dir='ltr'><strong>quoniam</strong></span> <span class='ocrx_word' id='word_1_955' title='bbox 2339 5543 2529 5596; x_wconf 84' lang='lat' dir='ltr'><strong>bOnum</strong></span> <span class='ocrx_word' id='word_1_956' title='bbox 2545 5550 2648 5603; x_wconf 83' lang='lat' dir='ltr'><strong>est,</strong></span> <span class='ocrx_word' id='word_1_957' title='bbox 2664 5542 2738 5593; x_wconf 91' lang='lat' dir='ltr'><strong>sic</strong></span> <span class='ocrx_word' id='word_1_958' title='bbox 2762 5540 3129 5605; x_wconf 75' lang='lat' dir='ltr'><strong>epininioboni</strong></span> <span class='ocrx_word' id='word_1_959' title='bbox 3152 5547 3399 5612; x_wconf 88' lang='lat' dir='ltr'><strong>quoniam</strong></span> <span class='ocrx_word' id='word_1_960' title='bbox 3426 5549 3622 5607; x_wconf 84' lang='lat' dir='ltr'><strong>bunum</strong></span> 
     </span>
    </p>
   </div>
   <div class='ocr_carea' id='block_1_115' title="bbox 2067 5634 3630 5701">
    <p class='ocr_par' dir='ltr' id='par_1_115' title="bbox 2067 5634 3630 5701">
     <span class='ocr_line' id='line_1_115' title="bbox 2067 5634 3630 5701; baseline 0.004 -7"><span class='ocrx_word' id='word_1_961' title='bbox 2067 5649 2148 5694; x_wconf 90' lang='lat' dir='ltr'><strong>est</strong></span> <span class='ocrx_word' id='word_1_962' title='bbox 2168 5640 2230 5692; x_wconf 87' lang='lat' dir='ltr'><strong>ad</strong></span> <span class='ocrx_word' id='word_1_963' title='bbox 2255 5637 2556 5699; x_wconf 64' lang='lat' dir='ltr'><strong>opinionem</strong></span> <span class='ocrx_word' id='word_1_964' title='bbox 2582 5634 2701 5687; x_wconf 88' lang='lat' dir='ltr'><strong>boni</strong></span> <span class='ocrx_word' id='word_1_965' title='bbox 2722 5636 2970 5701; x_wconf 87' lang='lat' dir='ltr'><strong>quoniam</strong></span> <span class='ocrx_word' id='word_1_966' title='bbox 3020 5635 3214 5690; x_wconf 86' lang='lat' dir='ltr'><strong>bonum</strong></span> <span class='ocrx_word' id='word_1_967' title='bbox 3248 5656 3469 5696; x_wconf 87' lang='lat' dir='ltr'><strong>nonest.</strong></span> <span class='ocrx_word' id='word_1_968' title='bbox 3491 5647 3630 5701; x_wconf 89' lang='lat' dir='ltr'><strong>Con-</strong></span> 
     </span>
    </p>
   </div>
   <div class='ocr_carea' id='block_1_116' title="bbox 2067 5725 3624 5797">
    <p class='ocr_par' dir='ltr' id='par_1_116' title="bbox 2067 5725 3624 5797">
     <span class='ocr_line' id='line_1_116' title="bbox 2067 5725 3624 5797; baseline 0.004 -13"><span class='ocrx_word' id='word_1_969' title='bbox 2067 5731 2221 5784; x_wconf 81' lang='lat' dir='ltr'><strong>traria</strong></span> <span class='ocrx_word' id='word_1_970' title='bbox 2253 5739 2423 5782; x_wconf 90' lang='lat' dir='ltr'><strong>autetn</strong></span> <span class='ocrx_word' id='word_1_971' title='bbox 2452 5739 2528 5781; x_wconf 87' lang='lat' dir='ltr'><strong>est</strong></span> <span class='ocrx_word' id='word_1_972' title='bbox 2571 5725 2753 5792; x_wconf 90' lang='lat' dir='ltr'><strong>opinio</strong></span> <span class='ocrx_word' id='word_1_973' title='bbox 2802 5742 2907 5780; x_wconf 89' lang='lat' dir='ltr'><strong>non</strong></span> <span class='ocrx_word' id='word_1_974' title='bbox 2949 5727 3071 5780; x_wconf 78' lang='lat' dir='ltr'><strong>Itoni</strong></span> <span class='ocrx_word' id='word_1_975' title='bbox 3119 5731 3368 5797; x_wconf 80' lang='lat' dir='ltr'><strong>quoniam</strong></span> <span class='ocrx_word' id='word_1_976' title='bbox 3426 5734 3624 5794; x_wconf 89' lang='lat' dir='ltr'><strong>bonum</strong></span> 
     </span>
    </p>
   </div>
   <div class='ocr_carea' id='block_1_117' title="bbox 2068 5818 3629 5897">
    <p class='ocr_par' dir='ltr' id='par_1_117' title="bbox 2068 5818 3629 5897">
     <span class='ocr_line' id='line_1_117' title="bbox 2068 5818 3629 5897; baseline 0.007 -21"><span class='ocrx_word' id='word_1_977' title='bbox 2068 5823 2118 5876; x_wconf 92' lang='lat' dir='ltr'><strong>ni</strong></span> <span class='ocrx_word' id='word_1_978' title='bbox 2167 5838 2268 5877; x_wconf 87' lang='lat' dir='ltr'><strong>non</strong></span> <span class='ocrx_word' id='word_1_979' title='bbox 2324 5831 2427 5885; x_wconf 80' lang='lat' dir='ltr'><strong>est,</strong></span> <span class='ocrx_word' id='word_1_980' title='bbox 2472 5819 2762 5889; x_wconf 86' lang='lat' dir='ltr'><strong>opiniouon</strong></span> <span class='ocrx_word' id='word_1_981' title='bbox 2795 5818 2914 5875; x_wconf 87' lang='lat' dir='ltr'><strong>boni</strong></span> <span class='ocrx_word' id='word_1_982' title='bbox 2967 5819 3216 5889; x_wconf 85' lang='lat' dir='ltr'><strong>quoniam</strong></span> <span class='ocrx_word' id='word_1_983' title='bbox 3262 5824 3455 5883; x_wconf 85' lang='lat' dir='ltr'><strong>bonum</strong></span> <span class='ocrx_word' id='word_1_984' title='bbox 3506 5839 3591 5886; x_wconf 87' lang='lat' dir='ltr'><strong>est</strong></span> <span class='ocrx_word' id='word_1_985' title='bbox 3609 5842 3629 5897; x_wconf 82' lang='lat'><strong>,°</strong></span> 
     </span>
    </p>
   </div>
  </div>
