4270 6266
653 379 748 435 391

1872 379 1981 437 ΔΝ.
2024 377 2230 438 MAN]...
2271 382 2420 439 SEV.
2467 373 2689 438 BOETII

3803 374 3905 430 ὅθί

651 494 913 551 contraria
943 493 1099 561 igitur
1142 492 1244 546 erit
1283 492 1519 562 opinioni
1557 495 1683 548 boni
1742 498 1991 561 quoniam
2027 496 2221 550 bonum
2251 509 2307 570 Α
2331 508 2431 552 εει.
2460 497 2651 551 Nullus
2682 497 2758 551 illi
2785 498 2991 551 scilicet
3014 495 3233 564 opponit
3258 508 3375 560 quae
3397 494 3525 547 dicit
3554 493 3724 545 omnis
3749 496 3951 597 ιιοηιο(

650 598 752 650 est,
785 587 963 654 opinio
989 586 1111 641 boni
1142 588 1391 656 quoniam
1427 589 1619 640 bonum
1654 604 1755 641 non
1797 598 1901 642 est.

724 678 1054 738 Manifestum
1099 686 1170 745 est
1215 689 1379 731 autem
1422 681 1664 747 quoniam
1711 680 1844 732 nihil
1869 682 2098 747 interest,
2133 697 2226 734 nec

647 768 1092 833 siuninersaliter,
1141 784 1391 839 ponamus
1450 770 1850 838 a/ﬁrmationem.
1905 770 2045 824 Huic
2095 774 2227 824 enim

650 860 949 912 universalis
970 860 1164 928 negatio
1183 860 1271 911 erit
1296 864 1571 923 contraria,
1597 869 1652 912 ut
1684 862 1915 929 Opinioni
1955 877 2070 930 qua:
2113 863 2225 930 cpi-

648 960 798 1003 natur
825 951 1061 1019 quoniam
1090 966 1236 1003 omne
1281 952 1419 1020 quod
1448 960 1521 1006 est
1545 951 1731 1005 bonum
1772 953 1962 1005 bonum
2020 966 2113 1021 est,
2168 971 2228 1007 ea

647 1060 758 1110 qua!
785 1054 876 1105 εει,
910 1046 1149 1111 quoniam
1188 1042 1317 1096 nihil
1344 1046 1524 1097 horum
1553 1062 1665 1113 qua:
1693 1044 1825 1098 bona
1856 1054 1993 1110 sunt,
2038 1047 2227 1098 bonum

646 1145 735 1186 est.
773 1133 908 1185 Nam
947 1134 1058 1203 ejus
1087 1149 1199 1201 qua:
1234 1143 1306 1187 εει
1350 1132 1467 1186 boni
1512 1134 1754 1203 quoniam
1809 1137 1991 1188 bonum
2042 1146 2135 1199 est,
2183 1137 2229 1188 si

648 1222 997 1275 universaliter
1016 1225 1083 1277 sit
1112 1225 1319 1289 bonum,
1353 1227 1526 1278 eadem
1558 1236 1625 1278 est
1654 1227 1699 1279 ei
1726 1243 1841 1296 quin
1888 1230 2148 1297 opinatur,
2174 1230 2229 1280 id

644 1314 779 1382 quod
809 1317 992 1367 bonum
1022 1328 1093 1367 est
1118 1315 1358 1379 quoniam
1385 1315 1571 1368 bonum
1602 1328 1692 1370 est.
1734 1317 1848 1370 [Ioc
1879 1331 2050 1371 autem
2100 1320 2231 1372 nihil

644 1400 813 1466 iii/fert
843 1402 905 1456 ab
931 1420 990 1457 eo
1024 1406 1164 1474 quod
1192 1414 1282 1467 est,
1308 1409 1546 1473 quoniam
1582 1425 1727 1461 omne
1756 1410 1891 1476 quod
1942 1418 2014 1461 est
2041 1412 2229 1462 bonum

647 1492 831 1544 bonum
859 1504 951 1545 est.
985 1494 1234 1547 Similiter
1278 1507 1449 1549 autem
1486 1510 1531 1550 et
1582 1499 1632 1549 in
1667 1515 1771 1550 non
1801 1498 1954 1555 bono.
1988 1500 2160 1565 Quare
2186 1502 2231 1553 si

647 1587 697 1637 in
735 1587 970 1654 opinione
1014 1588 1085 1639 sic
1112 1604 1164 1641 se
1205 1590 1370 1642 habet.
1418 1590 1551 1645 Sunt
1595 1593 1866 1645 auteuthaz
1887 1609 2001 1658 quae
2030 1607 2145 1647 sunt
2177 1595 2232 1647 in

647 1694 761 1732 noce
785 1682 1148 1748 amrinationes
1175 1694 1219 1735 et
1249 1685 1541 1754 negationes
1585 1686 1719 1738 'notte
1748 1702 1922 1739 eorum
1965 1703 2079 1757 qua:
2112 1697 2232 1740 sunt

648 1774 700 1823 in
729 1773 916 1826 anima.
956 1773 1285 1845 Manifestum
1329 1784 1424 1841 est,
1453 1779 1694 1847 quoniam
1740 1780 2066 1849 aﬁirmationi
2110 1799 2231 1835 con-

2332 595 2502 646 bonus
2533 602 2635 657 est,
2667 602 2723 645 ut
2747 594 2853 646 sint
2882 594 2982 646 hoc
3033 592 3213 655 modo,
3260 605 3421 645 omne
3466 589 3662 643 bonum
3712 589 3936 691 bonum,

2331 695 2435 751 est,
2479 686 2603 739 huic
2644 688 2906 739 contraria
2960 694 3042 738 est
3085 683 3283 737 nullum
3334 685 3527 736 bonum
3582 683 3773 733 bonum
3804 691 3906 733 est.

2334 779 2536 831 Rursus
2566 777 2742 830 omnis
2778 776 2935 828 homo
2964 776 3136 829 bonus
3168 783 3271 837 est,
3305 774 3425 824 huic
3469 773 3757 833 contraria,
3790 770 3949 843 nul-g

2334 868 2416 921 lus
2461 868 2623 920 homo
2652 868 2821 920 bonus
2851 878 2950 921 εει.
2983 867 3437 920 Οοηιινεᾱὶειοι-ἱεε
3468 877 3644 917 autem
3672 862 3799 915 dicit
3822 868 3953 916 eas!

2332 974 2452 1011 esse
2482 966 2615 1027 quas
2640 974 2796 1027 supra
2825 959 3020 1026 posuit,
3045 958 3167 1010 dum
3192 957 3258 1010 de
3288 956 3675 1010 uuiversdibus
3708 969 3768 1006 ac
3797 932 3936 1020 par-r

2335 1051 2644 1103 tit-ularibus
2675 1049 2999 1117 loqueretur,
3050 1063 3142 1101 eas
3172 1049 3373 1101 scilicet
3420 1063 3536 1116 qua:
3568 1055 3693 1099 sunt
3740 1059 3911 1112 angu-

2335 1140 2498 1194 lares.
2525 1140 2848 1194 Universalis
2895 1141 3038 1193 enim
3084 1139 3370 1193 afﬁrmatio
3418 1135 3914 1206 particularinega-

2333 1236 2487 1295 tioni,
2535 1246 2586 1286 et
2631 1234 2963 1302 particularis
3006 1231 3293 1286 afﬁrmatio
3326 1231 3611 1285 universali
3644 1225 3915 1298 negationi

2338 1342 2431 1392 per
2460 1328 2935 1380 contradictionem
2965 1326 3162 1395 opponi
3189 1335 3479 1378 monstrata
3509 1334 3608 1377 est.

2412 1416 2745 1483 Manifestum
2772 1429 2844 1470 est
2873 1425 3039 1469 autem
3087 1418 3327 1485 quoniam
3376 1426 3421 1467 et
3465 1428 3635 1467 ueram
3660 1404 3792 1465 verte
3815 1427 3915 1464 non

2335 1509 2581 1576 contingit
2621 1525 2726 1562 esse
2751 1517 3083 1574 contrariam,
3117 1524 3207 1560 nec
3238 1508 3554 1575 opinionem,
3590 1520 3681 1556 nec
3705 1514 3915 1556 contra—

2337 1598 2629 1650 dictionem.
2683 1598 2964 1651 Contrarice
3013 1600 3145 1651 enim
3191 1606 3309 1651 sunt
3356 1612 3470 1667 qua:
3506 1597 3644 1649 circa
3684 1594 3913 1663 apposita

2336 1699 2475 1756 sunt,
2494 1691 2628 1742 circa
2642 1691 2815 1743 eadem
2832 1701 2998 1742 autem
3022 1690 3267 1757 contingit
3288 1706 3456 1743 verum
3480 1690 3645 1741 dicere
3664 1684 3913 1739 euntdem.

2339 1779 2511 1835 Simul
2537 1793 2705 1835 autem
2734 1799 2833 1835 non
2865 1785 3119 1851 contingit
3150 1784 3313 1834 eidem
3341 1784 3502 1834 inesse
3521 1779 3795 1833 contraria.

648 1864 803 1916 traria
831 1864 1034 1935 quidem
1072 1869 1274 1938 negatio
1300 1877 1371 1920 est
1412 1869 1551 1921 circa
1579 1871 1714 1921 idem
1744 1873 2077 1937 universalis,
2107 1882 2161 1925 ut
2186 1876 2231 1929 ei
2268 1883 2311 1944 Β
2413 1873 2489 1925 Ex
2522 1874 2605 1926 bis
2634 1889 2750 1942 quae
2777 1889 2935 1941 supra
2962 1883 3085 1926 sunt
3124 1872 3266 1926 diota
3294 1873 3419 1926 illud
3447 1885 3655 1939 quoque
3685 1868 3912 1935 collis“.

647 1974 756 2027 quae
778 1968 851 2012 εει
878 1962 1119 2030 quoniam
1146 1977 1294 2015 omne
1317 1962 1503 2015 bonum
1557 1964 1742 2017 bonum
1763 1975 1855 2025 est,
1890 1966 1965 2018 uel
1987 1968 2229 2035 quoniam

648 2050 807 2103 omnis
846 2048 996 2103 homo
1023 2051 1181 2104 bonus
1213 2062 1308 2118 est,
1350 2069 1408 2107 ea
1444 2070 1555 2119 qua:
1597 2064 1694 2119 est,
1736 2057 1981 2125 quoniam
2006 2056 2226 2124 nullum,

647 2141 719 2194 vel
752 2138 948 2207 nullus,
980 2142 1387 2197 contradictoria:
1410 2154 1598 2209 autem,
1641 2146 1883 2215 quoniam
1928 2162 2031 2200 non
2059 2164 2226 2215 omne,

649 2241 732 2282 aut
756 2246 857 2283 non
882 2232 1064 2284 omnis.

720 2320 849 2375 lllud
877 2336 1089 2392 quoque
1118 2333 1263 2378 recte
1302 2335 1689 2380 commemorat
1717 2326 1859 2395 quod
1886 2326 2015 2381 nihil
2051 2326 2232 2382 dill‘ert

651 2411 702 2467 in
746 2414 1087 2482 Opinionibus
1112 2414 1226 2469 hate
1263 2431 1383 2470 esse
1412 2417 1679 2471 contraria
1708 2433 1812 2471 n0n
1858 2421 2233 2473 universaliter

652 2508 974 2571 constitutis,
1027 2516 1078 2561 et
1108 2507 1162 2561 iu
1208 2509 1273 2562 iis
1300 2525 1418 2577 quae
1475 2509 1579 2564 sibi
1634 2510 2008 2566 universaliter
2061 2528 2231 2581 Oppo-

653 2607 866 2650 nuntur.
924 2596 1180 2651 Similiter
1208 2597 1351 2651 enim
1379 2598 1432 2651 in
1466 2614 1526 2652 ea
1557 2616 1767 2669 quoque
1821 2601 2073 2669 opinione
2112 2617 2232 2673 qua:

654 2690 932 2745 arbitratur
949 2704 1107 2743 omne
1135 2690 1545 2745 bonumbonum
1575 2709 1715 2757 esse,
1739 2695 1826 2746 illa
1845 2699 2116 2749 contraria
2143 2705 2229 2749 est

655 2796 771 2851 qua:
793 2792 939 2851 putat
956 2782 1157 2835 nullum
1184 2784 1376 2836 b0uuin
1410 2785 1602 2839 bonum
1625 2803 1763 2840 esse.
1792 2788 1921 2841 Nam
1950 2790 2089 2856 quod
2107 2788 2235 2841 dici-

657 2890 771 2930 mus
795 2875 991 2930 bouum
1016 2890 1137 2930 esse
1167 2876 1218 2931 id
1249 2879 1389 2946 quod
1416 2877 1611 2932 bonum
1642 2891 1745 2945 cst,
1771 2880 1821 2934 id
1842 2881 1886 2934 si
1912 2881 1963 2935 in
1979 2882 2235 2950 opinione

657 2970 1026 3026 universaliter
1051 2973 1344 3026 al‘llrmetur
1375 2990 1389 3037 ;
1419 2972 1490 3026 ita
1524 2973 1811 3041 putandum
1840 2985 1941 3039 est,
1976 2973 2234 3043 quidquid

657 3064 849 3121 bonum
878 3074 960 3121 est
990 3065 1186 3120 bonum
1207 3081 1345 3120 esse.
1382 3066 1490 3120 Hoc
1515 3076 1691 3120 autem
1725 3067 1852 3120 nihil
1878 3067 2074 3130 dillert,
2113 3077 2230 3120 tan-

659 3174 810 3229 quam
841 3157 887 3212 si
908 3158 1167 3223 dicamus,
1193 3173 1350 3213 omne
1382 3158 1576 3212 bonum
1611 3160 1804 3213 bonum
1834 3171 1936 3214 est.
1959 3161 2087 3226 Qum
2118 3159 2233 3227 opi-

2336 1967 2479 2037 quod
2504 1980 2601 2019 nec
2627 1980 2687 2019 ea
2718 1982 2836 2035 quin
2860 1976 2984 2020 sunt
3010 1967 3279 2020 contraria
3306 1980 3430 2018 vera
3462 1963 3619 2017 simul
3641 1977 3759 2016 esse
3785 1975 3911 2029 pos-

2335 2060 2465 2121 sint,
2491 2074 2588 2111 nec
2609 2073 2670 2112 ea
2695 2073 2812 2126 quae
2836 2073 2959 2111 vera
2978 2066 3102 2110 sunt
3122 2058 3223 2111 sibi
3248 2058 3453 2125 possint
3474 2070 3596 2110 esse
3624 2053 3913 2113 contraria,

2334 2158 2393 2203 et
2418 2150 2521 2202 hoc
2546 2165 2648 2201 non
2671 2150 2839 2201 solum
2874 2148 2927 2202 in
2957 2148 3296 2217 Opinionibus
3325 2162 3462 2212 esse,
3493 2156 3549 2200 ut
3579 2159 3708 2199 vera
3737 2144 3916 2211 opinio

2338 2239 2738 2307 veranpiuioni
2770 2240 3038 2294 contraria
3078 2239 3169 2306 sit,
3218 2239 3313 2292 sed
3364 2241 3416 2292 in
3466 2236 3915 2306 propositionibus

2337 2348 2584 2401 quoque;
2624 2348 2793 2400 neque
2821 2337 2964 2386 enim
3007 2334 3122 2386 lieri
3165 2340 3340 2400 potest
3368 2342 3426 2387 ut
3463 2332 3593 2385 duas
3624 2332 3916 2385 contrarias

2338 2426 2498 2480 simul
2528 2438 2684 2478 veras
2712 2440 2831 2479 esse
2856 2426 3149 2493 ccutingat.
3184 2425 3252 2478 Et
3294 2427 3395 2478 hoc
3430 2440 3524 2493 per
3549 2423 3910 2493 syllogismum

2341 2520 2541 2588 colligit
2572 2518 2890 2587 hujusmotli.
2937 2519 3125 2573 Omnia
3170 2521 3437 2573 contraria
3481 2530 3605 2571 sunt
3648 2514 3909 2584 Opposita.

2341 2612 2470 2677 Quae
2512 2620 2689 2663 autem
2718 2610 2959 2678 opposita
2997 2622 3142 2677 sunt,
3173 2610 3333 2664 simul
3374 2610 3548 2663 eidem
3596 2608 3773 2662 inesse
3814 2620 3915 2661 non

2342 2694 2588 2773 possunt,
2620 2705 2885 2757 contraria
2909 2704 3072 2773 igitur
3099 2708 3147 2757 in
3192 2721 3297 2757 uno
3337 2704 3633 2771 eodemque
3658 2715 3775 2756 esse
3819 2715 3915 2753 na-

2342 2804 2461 2849 tura
2502 2810 2606 2849 nou
2641 2798 2860 2864 patitur,
2889 2800 3052 2865 quare
3080 2796 3124 2850 si
3149 2796 3253 2848 duo
3278 2810 3399 2849 vera
3430 2796 3514 2865 ide
3554 2796 3743 2847 eodem
3783 2806 3918 2861 prte-

2342 2889 2507 2944 dicari
2534 2900 2774 2959 possunt,
2792 2890 2897 2943 duo
2922 2900 3099 2943 autem
3126 2890 3389 2942 contraria
3418 2864 3589 2942 cidem
3613 2887 3789 2940 inesse
3812 2899 3915 2938 non

2343 2990 2584 3050 possunt.
2641 2982 2770 3047 Qua:
2814 2982 3082 3033 contraria
3133 2992 3279 3047 sunt,
3311 2994 3433 3034 vera
3481 2993 3600 3034 esse
3629 2978 3770 3031 nulla
3820 2991 3911 3030 na-

2341 3083 2473 3126 tura:
2507 3074 2713 3126 ratione
2762 3072 3105 3140 permittitur.
3158 3071 3269 3124 lloc
3319 3079 3403 3125 est
3451 3072 3593 3124 enim
3638 3068 3779 3137 quod
3821 3066 3916 3134 ait,

2341 3163 2607 3216 contraria
2645 3161 2786 3215 enim
2819 3174 2940 3214 sunt
2982 3177 3099 3231 quae
3130 3165 3269 3216 circa
3314 3164 3555 3230 opposita
3586 3172 3730 3223 sunt,
3762 3160 3812 3213 id
3836 3166 3918 3214 est

660 3252 747 3306 nio
782 3266 903 3304 cum
935 3251 1007 3305 sit
1055 3267 1202 3315 vera,
1249 3252 1338 3306 illa
1395 3252 1442 3305 ei
1494 3254 1761 3307 contrarie
1799 3254 2083 3321 Opponitur
2114 3269 2235 3321 qua:
2268 3263 2316 3325 ο
2347 3268 2505 3307 omne
2526 3254 2849 3306 contrarium
2873 3254 3173 3322 oppositum
3199 3262 3301 3317 est,
3334 3268 3433 3307 nec
3486 3252 3599 3306 ﬁeri
3646 3260 3821 3320 potest
3861 3260 3918 3304 ut

660 3342 785 3395 dicit
807 3341 1061 3410 quidquid
1086 3344 1279 3397 bonum
1304 3355 1383 3397 est
1413 3345 1611 3398 bonum
1647 3360 1750 3398 non
1776 3355 1877 3398 est.
1912 3344 2023 3397 Hoc
2054 3355 2233 3399 autem

661 3434 1009 3500 nihil’dillert,
1042 3444 1291 3504 tanquam
1313 3439 1356 3489 si
1382 3438 1663 3505 opinemur
1686 3435 1886 3491 nullum
1916 3438 2107 3491 bonum
2143 3441 2237 3492 bo-

661 3540 783 3579 num
802 3524 1579 3595 esse.etinnoubonoqunque
1593 3527 1780 3583 eodem
1806 3528 1986 3592 modo,
2023 3532 2133 3583 utsi
2164 3530 2236 3582 ita

663 3614 901 3670 dicamus
919 3657 935 3682 ,
950 3630 1109 3670 omne
1127 3619 1265 3684 quod
1285 3634 1388 3670 non
1409 3621 1600 3672 bonmn
1625 3630 1824 3674 estnon
1843 3628 1927 3675 est
1944 3622 2161 3688 bonum,
2183 3632 2239 3677 et

663 3722 1039 3776 rursus,omue
1059 3710 1201 3778 quod
1229 3724 1333 3763 non
1360 3711 1556 3764 bonum
1582 3722 1663 3766 est
1689 3713 1884 3766 bunum
1911 3726 2013 3783 est,
2045 3716 2234 3769 eodem

664 3800 819 3854 modo
847 3800 947 3854 sibi
978 3810 1102 3854 sunt
1141 3800 1259 3855 ista:
1286 3804 1591 3868 contrariae,
1618 3814 1677 3858 ut
1710 3821 1809 3858 una
1843 3822 1964 3859 vera
2024 3807 2116 3870 sit,
2155 3809 2232 3861 al-

665 3901 775 3948 tera
824 3893 976 3948 falsa.
1010 3892 1159 3960 Quod
1210 3893 1262 3948 in
1314 3878 1598 3949 contrariis
1645 3902 1873 3950 maxime
1932 3899 2235 3965 reperitur;

667 3998 825 4054 quare
867 3992 973 4037 tota
1030 3985 1318 4054 disputatio
1362 3987 1696 4057 qutestiuque
1750 3989 1821 4041 ita
1875 3990 2235 4044 concluditur.

667 4074 793 4128 Nam
824 4074 865 4127 si
890 4089 951 4128 ea
975 4090 1093 4144 qua:
1117 4086 1241 4128 sunt
1268 4076 1320 4131 in
1342 4078 1518 4130 anima
1546 4078 1829 4145 principia,
1851 4077 2093 4146 quaedam
2118 4088 2244 4132 sunt

669 4183 848 4223 eorum
880 4181 999 4236 quae
1048 4169 1417 4237 signiﬁcantur
1446 4170 1499 4222 in
1540 4184 1692 4233 voce,
1744 4185 1847 4222 vox
1893 4183 2071 4224 autem
2118 4178 2241 4222 nota

670 4262 906 4329 quaedam
937 4271 1018 4314 est
1046 4262 1238 4314 animte
1270 4262 1598 4329 passionum,
1624 4262 1880 4330 quidquid
1902 4262 2163 4330 contingit
2193 4262 2243 4313 in

671 4368 861 4417 anma,
891 4352 1027 4406 idem
1058 4368 1270 4420 quoque
1299 4354 1364 4405 ad
1400 4367 1585 4407 vocem
1635 4354 1811 4407 redire
1863 4367 2086 4406 necesse
2140 4361 2242 4405 est.

672 4445 813 4512 Quod
842 4445 887 4499 si
929 4444 1243 4497 universalis
1289 4442 1576 4497 afﬁrmatio
1605 4453 1659 4497 et
1688 4445 2003 4497 universalis
2033 4444 2245 4511 negatio

673 4546 791 4589 sunt
835 4537 887 4588 in
936 4535 1186 4604 opinione
1225 4534 1529 4598 contrariae,
1573 4536 1774 4588 eaedem
1823 4551 2034 4605 quoque
2064 4534 2118 4588 in
2148 4551 2242 4588 vo-

2343 3362 2462 3415 qute
2488 3356 2608 3399 sunt
2666 3345 2933 3398 contraria
2979 3345 3028 3397 in
3054 3345 3311 3412 oppositis
3354 3360 3459 3396 non
3502 3343 3913 3396 contineantur:

2342 3440 2478 3492 sicut
2524 3437 2663 3490 enim
2699 3438 2749 3489 in
2802 3436 3228 3504 prmtlicamentis
3265 3435 3497 3499 edocuit,
3526 3434 3913 3488 contrariorum

2345 3545 2511 3598 genus
2560 3528 2823 3595 quoddam
2856 3539 2933 3581 est
2983 3529 3275 3596 Oppositio,
3326 3528 3467 3580 circa
3506 3526 3692 3580 eadem
3738 3534 3914 3578 autem

2344 3622 2604 3688 conting‘t
2629 3634 2816 3673 verum
2843 3620 3024 3673 dicere
3052 3620 3322 3683 eumdem,
3353 3618 3403 3672 id
3427 3628 3507 3673 est
3530 3618 3635 3671 duo
3655 3631 3781 3670 vera
3800 3632 3917 3684 pos-

2345 3721 2469 3763 sunt
2504 3710 2667 3778 _simul
2704 3724 2842 3778 esse,
2873 3721 2926 3764 et
2952 3710 3017 3764 de
3048 3710 3234 3764 eodem
3259 3711 3416 3764 simul
3444 3724 3569 3763 vere
3619 3708 3916 3778 praedicari,

2347 3815 2405 3855 ut
2448 3789 2566 3857 cum
2615 3804 2839 3857 dicimus
2863 3803 3059 3873 aliquid
3091 3804 3285 3857 bonum
3325 3820 3428 3855 non
3461 3818 3601 3869 esse,
3638 3812 3691 3855 et
3721 3802 3915 3854 malum

2349 3908 2489 3959 esse,
2521 3906 2743 3963 utraque
2765 3895 2922 3949 simul
2955 3910 3081 3950 vere
3126 3896 3230 3949 dici
3257 3903 3497 3964 possunt.
3534 3892 3919 3950 Possuntenim

2348 3987 2590 4055 quaedam
2615 4004 2734 4057 quae
2752 4002 2871 4041 cum
2899 3988 3034 4042 bona
3059 4003 3163 4041 non
3185 3988 3311 4053 sint,
3341 3997 3519 4041 tamen
3539 3987 3674 4040 mala
3697 4000 3841 4051 esse,
3869 3992 3925 4039 ut

2350 4079 2624 4147 turpitudo
2653 4081 2791 4135 bona
2818 4080 3030 4149 quidem
3077 4094 3180 4135 non
3229 4090 3331 4149 est,
3383 4081 3579 4135 malum
3613 4090 3789 4134 tamen
3820 4088 3920 4133 est.

2353 4174 2491 4243 Ergo
2516 4187 2576 4227 ea
2611 4188 2730 4242 qua:
2758 4190 2881 4227 vera
2923 4182 3065 4236 sunt,
3089 4173 3263 4232 .simul
3305 4182 3364 4227 ut
3412 4173 3771 4243 prazdicentur
3802 4188 3925 4226 vere

2352 4266 2467 4321 tieri
2519 4274 2713 4335 potest,
2742 4274 2795 4319 et
2817 4273 2874 4318 ut
2903 4267 2958 4319 in
2989 4268 3178 4321 eodem
3207 4268 3335 4330 sint,
3363 4266 3519 4320 simul
3547 4274 3720 4318 autem
3746 4264 3922 4318 eidem

2354 4372 2459 4409 non
2488 4357 2747 4425 contingit
2775 4361 2948 4410 inesse
2970 4358 3257 4412 contraria.
3302 4359 3557 4425 Quocirca
3584 4357 3628 4410 si
3657 4370 3778 4409 vera
3802 4356 3917 4424 qui-

2352 4447 2474 4499 dem
2523 4457 2744 4514 possunt
2768 4445 2941 4500 cidem
2991 4448 3183 4511 inesse,
3220 4448 3485 4502 contraria
3535 4457 3707 4499 autem
3750 4445 3919 4499 cidem

2355 4542 2532 4595 inesse
2576 4556 2678 4593 non
2706 4548 2943 4608 possunt,
2967 4555 3029 4594 ea
3058 4557 3174 4610 quze
3206 4543 3468 4596 contraria
3519 4548 3663 4609 Sunt,
3696 4554 3817 4593 vera
3850 4540 3923 4592 si-

673 4631 817 4685 cibus
845 4638 1021 4695 erunt,
1051 4628 1106 4683 id
1134 4641 1237 4695 est,
1269 4645 1373 4683 nun
1413 4630 1509 4684 erit
1539 4643 1601 4683 ea
1648 4628 1912 4683 contraria
1959 4644 2080 4698 qum
2109 4643 2237 4682 con-
2275 4635 2328 4697 D
2354 4635 2462 4689 mul
2486 4649 2605 4688 esse
2634 4649 2739 4686 non
2768 4643 3027 4702 possunt:
3057 4649 3220 4703 quare
3263 4635 3611 4697 convertitur,
3662 4648 3761 4688 nec
3810 4648 3925 4700 quat

674 4724 889 4775 irarium
936 4723 1187 4788 afﬁrmat,
1236 4724 1329 4776 sed
1378 4736 1440 4777 ea
1478 4738 1599 4792 quae
1626 4722 1677 4774 id
1714 4723 1852 4793 quod
1900 4732 2024 4777 ante
2056 4738 2253 4792 propo-

679 4813 840 4867 situm
887 4822 971 4867 est
1016 4828 1108 4883 per
1146 4814 1560 4869 universalitatis
1590 4816 2022 4869 contrarietatem
2071 4826 2248 4885 negat,

678 4914 737 4959 ut
764 4915 845 4959 est
873 4921 1033 4960 omne
1057 4909 1250 4961 bonum
1282 4910 1479 4961 bonum
1511 4917 1614 4973 est,
1650 4908 1730 4961 vel
1756 4910 1932 4962 omnis
1959 4909 2118 4962 homo
2156 4910 2251 4964 bo-

679 5009 780 5048 nus
805 5003 925 5051 est:
957 4996 1037 5048 his
1068 4998 1332 5051 contraria
1356 5006 1437 5050 est
1461 5000 1662 5051 nullum
1690 4997 1888 5051 bonum
1923 4999 2118 5051 bonum
2146 5008 2247 5063 est,

681 5087 765 5143 vel
808 5088 983 5143 nullus
1030 5087 1191 5142 homo
1221 5090 1390 5143 bonus
1419 5099 1519 5145 est.
1565 5090 1676 5143 Hoc
1709 5089 1956 5143 est'enim
1984 5090 2124 5157 quod
2153 5094 2247 5157 ait,

683 5180 765 5234 vel
793 5182 1043 5251 quoniam
1065 5183 1291 5246 nullum,
1322 5182 1407 5235 vel
1434 5182 1632 5247 nullus,
1663 5181 1864 5235 nullum
1895 5182 1961 5235 ad
1990 5182 2132 5236 illam
2162 5199 2250 5238 re-

682 5269 861 5331 ferens
885 5275 1323 5343 propositionem,
1349 5290 1464 5342 qua:
1494 5272 1620 5328 dicit
1648 5288 1807 5329 omne
1828 5273 2024 5329 bonum
2056 5276 2250 5331 bonum

2362 4744 2486 4783 vera
2535 4727 2692 4781 simul
2744 4736 2868 4781 sunt
2911 4728 3176 4782 contraria
3207 4743 3331 4782 esse
3356 4736 3596 4797 possunt.
3624 4728 3739 4781 Non
3772 4726 3928 4796 igitur

2362 4820 2478 4874 ﬁeri
2516 4827 2692 4889 potest
2714 4827 2792 4883 ut,
2829 4820 2911 4873 vel
2944 4819 2995 4873 in
3027 4820 3367 4888 opinionibus
3392 4820 3474 4873 vel
3519 4822 3574 4873 in
3615 4820 3929 4887 propositio-

2362 4912 2518 4966 nibus
2547 4927 2607 4965 ea
2635 4925 2753 4979 qua:
2797 4926 2920 4964 vera
2983 4922 3124 4975 sunt,
3171 4912 3336 4978 possit
3382 4911 3574 4979 aliquis
3616 4917 3764 4964 recte
3804 4924 3930 4963 con-

2364 5003 2527 5056 traria
2554 5002 2836 5071 suspicari.
2862 5002 2984 5056 Hzec
3011 5012 3191 5056 autem
3216 5012 3473 5071 quantum
3503 5002 3737 5057 brevitas
3761 5016 3928 5067 expo—

2364 5093 2575 5146 sitionis
2604 5094 2941 5160 permittebat
2974 5096 3359 5164 expressimus.
3392 5093 3525 5161 Quid
3572 5104 3748 5149 autem
3776 5094 3929 5149 altior

2366 5182 2521 5251 hujus
2544 5184 2660 5238 libri
2696 5193 2947 5240 tractatus
2998 5188 3239 5251 edoceat,
3285 5185 3535 5241 secunda:
3562 5185 3812 5242 editionis
3850 5200 3933 5242 se-

2371 5282 2474 5334 ries
2496 5280 2803 5348 explicabit.
