4270 6266
334 382 437 440 395

335 488 1078 535 Em

957 660 1215 764 ΑΝ.
1352 660 1842 763 MANL.

1078 383 1139 437 IN
1182 382 1433 439 LIBRUM
1478 380 1562 439 ut:
1604 377 2241 442 lNTEllPRETATlONE
2282 389 2501 443 EDIIIO
2539 382 2869 449 sccusos.

1974 519 2228 530 —“"—'w___‘.

1985 656 2284 763 SEV
2304 727 2341 761 .

3506 397 3605 452 394

2869 500 3605 548 Μ-φ*

2696 534 2759 539 —
2781 534 3482 547 *θύῃ-φ*

2480 665 3018 769 ΒΟΕΤΠ

342 878 489 989 ΙΝ
533 877 1055 991 LIBRUM
1100 874 2029 990 ARISTOTELIS
2064 877 2239 987 DE
2281 879 3611 1000 INTERPRETATIONE

1770 1054 1982 1116 LIBRI
2007 1052 2187 1115 SEX.

676 1237 1051 1311 EDITIO
1080 1236 1601 1311 SECUNDA.
1658 1236 1855 1307 SEU
1911 1236 2375 1307 MAJORA
2435 1238 3279 1313 COMMENTARIA.

1840 1368 2097 1383 ᾜ

1617 1465 1909 1541 LIBER
1972 1463 2350 1541 PRIMUS

1865 1604 2105 1621 .—_

417 1694 721 1751 Alexander
739 1693 793 1747 in
829 1690 1227 1747 commentariis
1256 1690 1367 1745 suis
1396 1690 1496 1744 hac
1532 1704 1590 1745 se
1634 1690 1924 1761 impulsum
1953 1693 2009 1753 Α
2032 1709 2219 1749 vocem
2246 1695 2585 1763 conjunctam
2614 1693 3091 1762 compositamque,
3116 1709 3233 1763 quae
3262 1695 3458 1751 locutio
3488 1713 3616 1767 prae.

344 1802 502 1842 causa
526 1785 835 1855 pronuntiat
859 1784 1149 1851 sumpsisse
1180 1782 1550 1853 longissimum
1580 1786 1930 1855 expositionis

344 1879 611 1940 laborem,
644 1875 784 1945 quod
835 1875 887 1928 in
943 1874 1123 1928 multis
1165 1874 1309 1928 illea
1360 1876 1598 1944 priorum
1652 1876 1930 1931 sententiis

336 1972 667 2036 scriptorum
714 1966 1020 2021 dissideret.
1053 1965 1176 2020 Mihi
1210 1981 1338 2021 vero
1368 1968 1538 2036 major
1570 1969 1928 2037 persequendi

347 2063 527 2133 operis
548 2076 704 2115 causa
731 2070 835 2123 est,
859 2060 1000 2127 quod
1027 2076 1131 2113 non
1156 2058 1310 2115 facile
1338 2061 1618 2131 quisquam
1640 2062 1727 2116 vel
1757 2070 1932 2117 trans-

348 2157 576 2219 ferendi,
601 2155 680 2208 vel
706 2156 862 2209 etiam
895 2154 1297 2208 commentandi
1338 2155 1647 2209 continuam
1682 2170 1928 2226 sumpse-

347 2250 422 2303 rit
449 2248 663 2313 scricm,
708 2247 804 2300 nisi
862 2246 1001 2315 quod
1034 2245 1287 2317 Vegetius
1329 2256 1676 2315 prmtextatus
1722 2248 1932 2317 priores

345 2352 755 2410 postremosque
796 2338 1091 2408 analyticos
1133 2354 1240 2392 non
1280 2339 1537 2393 vertendo
1586 2340 1929 2395 Aristotelem

348 2430 536 2485 Latino
559 2430 791 2484 sermoni
847 2428 1081 2492 tradidit,
1133 2428 1226 2482 sed
1284 2430 1657 2486 transferendo
1711 2432 1932 2487 Themi-

347 2526 532 2586 stium,
566 2521 707 2590 quod
736 2521 823 2590 qui
856 2530 1110 2590 utrosque
1139 2520 1264 2591 legit
1286 2520 1440 2576 facile
1473 2523 1734 2592 intelligit.
1780 2523 1927 2578 Albi-

352 2633 448 2671 nus
477 2632 687 2687 quoque
712 2614 779 2669 de
818 2614 1020 2669 eisdem
1073 2612 1240 2667 rebus
1283 2614 1563 2683 scripsisse
1597 2615 1927 2683 perhibetur,

353 2708 499 2777 cujus
520 2722 619 2772 ego
646 2706 1003 2775 geometricos
1042 2703 1257 2770 quidem
1289 2703 1459 2758 libros
1487 2706 1665 2760 editos
1712 2706 1844 2769 scio,
1868 2706 1933 2759 de

352 2800 624 2854 dialectica
657 2813 782 2852 vero
804 2797 891 2850 diu
922 2796 1255 2863 multumque
1272 2784 1528 2863 qum-sitos
1554 2796 1793 2864 reperire
1827 2812 1931 2850 non

353 2890 506 2944 valui.
536 2889 659 2943 Sive
681 2886 841 2957 igitur
872 2887 959 2939 ille
986 2887 1206 2940 omnino
1235 2885 1419 2951 tacuit,
1448 2901 1547 2940 nos
1572 2888 1931 2954 prtetermissa

352 2980 612 3043 dicemus,
642 2980 751 3032 sive
774 2976 974 3046 aliquid
1001 2976 1235 3045 scripsit,
1273 2990 1374 3029 nos
1410 2991 1620 3045 quoque
1657 2976 1799 3030 docti
1831 2977 1929 3030 viri

2033 1784 2257 1841 dicatur.
2293 1787 2419 1842 Sive
2448 1795 2625 1839 autem
2658 1784 2859 1854 aliquid
2893 1801 3225 1855 quaecunque
3273 1804 3376 1842 vox
3422 1791 3619 1859 signiﬁ.

2033 1889 2136 1942 cet,
2168 1892 2223 1934 ut
2244 1889 2324 1933 est
2349 1879 2435 1933 hic
2464 1893 2663 1942 sermo,
2698 1878 2881 1939 homo,
2927 1878 3042 1932 sive
3071 1880 3289 1933 omnino
3326 1881 3478 1946 nihil,
3506 1884 3620 1941 sive

2036 1974 2267 2041 positum
2321 1973 2484 2026 alicui
2547 1986 2741 2024 nomen
2794 1971 3097 2037 signiﬁcare
3151 1973 3366 2039 possit,
3424 1984 3483 2027 ut
3539 1983 3622 2036 est

2034 2063 2233 2117 blictiri
2260 2080 2273 2126 ;
2306 2063 2419 2116 lucc
2446 2062 2587 2115 enim
2644 2076 2746 2114 vox
2778 2077 2899 2114 cum
2931 2077 3027 2129 per
3058 2078 3115 2115 se
3172 2064 3299 2116 nihil
3333 2066 3619 2134 signiﬁcet,

2036 2157 2210 2224 posita
2239 2164 2412 2209 tamen
2445 2162 2503 2207 ut
2532 2154 2689 2207 alicui
2744 2168 2936 2206 nomen
2992 2154 3076 2218 sit,
3128 2155 3467 2223 signiﬁcabit,
3510 2158 3623 2216 sive

2035 2262 2132 2317 per
2160 2262 2218 2301 se
2247 2245 2459 2315 quidem
2495 2244 2628 2298 nihil
2660 2243 2941 2312 signiﬁcet,
2984 2259 3104 2297 cum
3137 2244 3256 2298 aliis
3284 2261 3410 2299 vero
3435 2246 3622 2314 juncta

2035 2340 2304 2408 designet,
2334 2348 2390 2391 ut
2410 2346 2533 2391 sunt
2575 2336 3002 2404 conjunctiones,
3036 2336 3148 2390 haec
3187 2340 3363 2391 omnia
3399 2338 3619 2393 locutio-

2034 2446 2132 2486 nes
2155 2440 2447 2494 vocautur,
2484 2438 2539 2481 ut
2586 2429 2651 2481 sit
2705 2428 2915 2497 prOpria
2964 2428 3245 2482 locutionis
3293 2428 3459 2484 forma
3510 2445 3620 2487 vox

2035 2528 2326 2590 composita
2358 2522 2689 2592 quaelitteris
2714 2520 3069 2574 describatur.
3106 2518 3173 2575 Ut
3200 2546 3203 2549 -
3230 2522 3393 2585 igitur
3438 2522 3507 2576 sit
3545 2523 3620 2577 Ιο-

2036 2616 2197 2680 cutio,
2223 2630 2353 2669 voce
2376 2628 2510 2681 opus
2558 2624 2662 2677 eSt,
2713 2611 2763 2665 id
2794 2621 2873 2665 est
2918 2626 2983 2665 eo
3025 2626 3158 2666 sono
3190 2628 3347 2681 quem
3396 2616 3621 2681 percutit

2035 2707 2232 2776 lingua,
2264 2718 2316 2761 et
2339 2715 2397 2760 nt
2427 2720 2532 2760 vox
2560 2705 2670 2773 ipsa
2702 2703 2769 2757 sit
2810 2719 2902 2771 per
2929 2703 3156 2771 linguam
3190 2705 3539 2760 determinata
3570 2707 3620 2762 in

2036 2814 2156 2853 eum
2188 2814 2378 2853 sonum
2409 2799 2495 2867 qui
2520 2795 2738 2850 inscribi
2771 2795 2965 2849 litteris
3011 2798 3197 2863 possit,
3231 2798 3473 2852 similiter
3492 2814 3621 2867 opus

2041 2903 2124 2956 est
2153 2909 2217 2946 eo
2249 2907 2381 2946 sono
2407 2906 2562 2960 quem
2599 2889 2827 2954 percutit
2856 2888 3052 2956 lingua.
3077 2888 3183 2941 Sed
3217 2898 3269 2941 ut
3291 2888 3404 2943 haec
3428 2890 3622 2944 locutio
3698 2912 3699 2915 η

2040 2982 2391 3050 signiticativa
2440 2982 2541 3043 sit,
2576 2978 2705 3031 illud
2756 2992 2966 3046 quoque
3022 2976 3146 3030 addi
3180 2988 3391 3044 oportet
3445 2989 3498 3033 ut
3554 2980 3621 3036 sit

354 3074 543 3127 imitati
592 3072 823 3126 studium
881 3069 932 3123 iu
973 3069 1160 3123 eadem
1211 3068 1365 3123 laude
1419 3069 1774 3123 versabimur.
1825 3068 1931 3124 Sed
1964 3074 2013 3134 B
2038 3076 2211 3145 aliqua
2243 3072 2575 3138 signiﬁcandi
2610 3071 2939 3140 imaginatio,
2976 3086 3071 3135 per
3119 3086 3277 3138 quam
3318 3072 3369 3125 id
3396 3071 3533 3141 quod
3566 3075 3620 3127 in

356 3180 659 3234 quanquam
715 3164 876 3217 multa
927 3162 1036 3216 sint
1078 3158 1381 3215 Aristotelis
1422 3176 1540 3230 qua:
1585 3160 1931 3215 subtilissima

358 3256 709 3327 philosOphia:
737 3263 851 3309 arte
876 3254 1049 3309 celata
1079 3262 1233 3315 sunt,
1288 3252 1371 3306 hic
1401 3262 1576 3306 tamen
1607 3262 1731 3305 ante
1759 3254 1933 3306 omnia

358 3350 499 3404 liber
528 3348 684 3401 nimis
708 3357 760 3400 et
806 3346 1050 3400 acumine
1097 3345 1510 3407 sententiarum,
1544 3352 1599 3398 et
1644 3342 1933 3396 verborum

356 3440 619 3495 brevitate
649 3438 966 3493 constrictus
1011 3444 1116 3489 est.
1174 3433 1435 3501 Quocirca
1469 3432 1587 3500 plus
1635 3430 1721 3486 hic
1774 3446 1932 3499 quam

358 3532 411 3585 in
490 3529 673 3584 decem
738 3525 1165 3597 praedicamentis
1229 3523 1565 3591 expositione
1635 3522 1931 3577 sudabitur.

358 3619 512 3675 Prius
542 3634 670 3689 ergo
692 3619 818 3688 quid
845 3631 947 3671 vox
979 3616 1047 3670 sit
1092 3615 1466 3671 difliniendum
1507 3622 1610 3669 est.
1645 3613 1756 3669 Hoc
1790 3614 1931 3669 enim

362 3714 644 3783 perSpicno
673 3719 727 3765 et
754 3709 1040 3763 manifesto
1064 3707 1238 3762 omnis
1268 3706 1385 3759 libri
1422 3706 1581 3774 hujus
1606 3706 1824 3775 pateﬁet
1853 3708 1934 3759 in-

360 3805 546 3858 tentio.
580 3802 696 3856 Vox
738 3811 824 3857 est
862 3800 999 3854 aeris
1050 3814 1146 3868 per
1189 3797 1424 3867 linguam
1478 3797 1783 3865 percussio,
1817 3813 1935 3865 qua:

360 3912 460 3965 per
491 3894 745 3963 quasdam
776 3892 1003 3961 gutturis
1033 3900 1232 3960 partes,
1264 3904 1381 3957 quze
1409 3888 1619 3941 arteriae
1648 3897 1927 3953 vocantur,

361 3988 433 4041 ab
461 3986 676 4039 animali
722 3986 1008 4054 profertur.
1060 3982 1193 4037 Sunt
1254 3982 1397 4035 enim
1449 3980 1662 4049 quidam
1695 3980 1785 4032 alii
1819 3978 1937 4032 soni

362 4079 457 4148 qui
490 4077 678 4131 eodem
709 4076 1053 4145 perﬁciuntur
1098 4072 1244 4140 ﬁatu,
1275 4086 1409 4142 quos
1438 4072 1615 4141 lingua
1660 4086 1765 4124 non
1817 4085 1937 4137 per-

361 4173 519 4235 cutit,
552 4181 707 4225 utest
736 4169 919 4225 tussis.
964 4168 1088 4222 Ha’c
1136 4170 1278 4222 enim
1311 4166 1432 4219 ﬁatu
1466 4167 1524 4219 lit
1570 4165 1796 4233 quodam
1845 4178 1938 4230 per

361 4264 592 4318 arterias
618 4261 944 4331 egrediente,
990 4259 1081 4314 sed
1136 4258 1281 4312 nulla
1336 4258 1529 4325 lingua:
1582 4255 1937 4321 impressione

362 4358 645 4419 formatur,
702 4364 859 4422 atque
902 4350 1023 4406 ideo
1064 4366 1163 4405 nec
1208 4351 1312 4405 illis
1344 4347 1586 4417 suhjacet
1628 4344 1932 4411 elementis,

2039 3183 2172 3222 voce
2195 3166 2279 3221 vel
2310 3168 2359 3218 iu
2416 3164 2685 3219 locutione
2732 3171 2813 3216 est
2856 3162 3177 3230 proferatur.
3231 3169 3337 3218 Aut
3378 3175 3521 3220 certe
3551 3167 3620 3225 ita

2039 3257 2321 3313 dicendum
2353 3266 2433 3309 est
2456 3256 2499 3309 si
2532 3256 2582 3308 iu
2608 3255 2708 3307 hoe
2732 3255 2858 3307 llatu
2890 3270 3045 3322 quem
3078 3270 3171 3323 per
3198 3258 3421 3309 arterias
3460 3258 3620 3311 emit-

2037 3351 2221 3415 timus,
2254 3351 2320 3403 sit
2342 3349 2532 3418 linguze
2555 3349 2665 3399 sola
2690 3347 2985 3413 percussio,
3015 3362 3114 3401 vox
3139 3351 3239 3401 es't.
3266 3348 3321 3402 Si
3346 3364 3477 3403 vero
3506 3350 3621 3403 talis

2040 3444 2315 3513 percussio
2344 3443 2443 3505 sit,
2476 3452 2528 3492 ut
2580 3440 2630 3493 in
2678 3439 2880 3493 litteras
2937 3439 3142 3509 redigat
3182 3456 3393 3506 sonum,
3423 3442 3620 3497 locutio

2039 3546 2142 3592 est.
2175 3534 2324 3603 Quod
2370 3534 2416 3587 si
2447 3534 2525 3586 vis
2554 3548 2762 3601 quoque
2816 3532 3057 3601 quaedam
3108 3533 3496 3597 imaginationis
3522 3535 3615 3589 ad-
3646 3598 3653 3603 ,

2038 3628 2217 3689 datur,
2252 3628 2339 3680 illa
2367 3626 2715 3692 signiticativa
2739 3638 2837 3675 vox
2867 3624 3123 3677 redditur.
3165 3624 3617 3680 Concurrentibus

2042 3722 2201 3790 igitur
2224 3722 2305 3773 his
2337 3719 2526 3779 tribus,
2560 3716 2751 3785 Iingum
2775 3716 3138 3782 percussione,
3169 3717 3450 3771 articulate
3469 3719 3618 3773 vocis

2040 3811 2239 3873 sonitu,
2268 3808 2643 3877 imaginatione
2674 3806 2847 3872 aliqua
2899 3804 3221 3871 proferendi,
3268 3806 3325 3857 ﬁt
3355 3807 3619 3876 interpre-

2040 3908 2189 3954 tatio.
2227 3898 2601 3966 Interpretatio
2639 3909 2867 3960 namque
2919 3905 2997 3945 est
3044 3909 3145 3944 vox
3194 3895 3473 3949 articulata
3524 3914 3622 3965 per

2040 3991 2269 4058 seipsani
2303 3988 2627 4055 significans.
2654 3984 2911 4050 Quoc'rca
2937 3998 3039 4034 non
3090 3983 3265 4034 omnis
3298 3999 3398 4036 vox
3453 3986 3618 4040 inter-

2042 4082 2270 4151 pretatio
2297 4090 2399 4143 est,
2426 4087 2549 4131 sunt
2578 4076 2718 4131 enim
2750 4083 3063 4127 casterorum
3091 4074 3402 4129 animalium
3435 4091 3616 4143 voces,

2042 4190 2165 4245 qua:
2213 4170 2669 4237 interpretationis
2715 4166 2975 4220 vocabulo
3025 4182 3126 4218 non
3177 4175 3443 4219 tenentur.
3512 4167 3621 4221 Nec

2045 4268 2220 4323 omnis
2248 4264 2446 4320 locutio
2477 4262 2842 4330 interpretatio
2868 4272 2973 4325 est,
3008 4259 3204 4314 idcirco
3245 4260 3364 4328 quia
3415 4261 3495 4329 (ut
3536 4261 3622 4314 di-

2044 4370 2188 4416 ctum
2220 4361 2322 4426 est)
2353 4366 2477 4412 sunt
2533 4357 2828 4410 locutiones
2876 4356 3146 4425 quazdam,
3196 4369 3316 4423 qua:
3356 4354 3621 4423 signiﬁca-

363 4445 527 4499 s'ribi
570 4444 709 4499 enim
754 4442 897 4497 nullo
948 4442 1108 4496 modo
1154 4450 1347 4508 ιοιεει.
1380 4439 1639 4505 Quocirca
1670 4453 1767 4490 vox
1824 4436 1939 4489 haec
1971 4452 2019 4516 ο

1932 4452 1939 4487 ⁵
1971 4452 2019 4516 C
2051 4456 2197 4510 tione
2222 4460 2406 4508 carent
2435 4463 2627 4505 etcum
2662 4466 2757 4518 per
2788 4464 2844 4502 se
2893 4449 3131 4513 qnmdam
3162 4463 3265 4500 non
3300 4448 3618 4516 significent,

366 4556 470 4595 non
502 4541 714 4604 dicitur,
756 4539 850 4592 sed
902 4547 1106 4592 tantum
1157 4551 1337 4590 sonus.
1384 4534 1479 4587 llla
1524 4547 1736 4603 quoque
1767 4539 1943 4599 potest

365 4652 485 4692 esse
538 4634 780 4690 difﬁnitio
812 4634 976 4698 vocis,
1024 4640 1081 4685 ut
1132 4647 1250 4686 eam
1307 4630 1544 4683 dicamus
1590 4642 1777 4679 sonum
1824 4638 1943 4679 esse

364 4747 487 4786 cum
514 4730 738 4800 quadam
770 4726 1147 4798 imaginatione
1173 4722 1531 4795 signiﬁcandi.
1561 4721 1674 4773 Vox
1713 4734 1943 4787 namque

365 4840 491 4879 cum
545 4823 825 4889 emittitur,
874 4818 1278 4889 signiﬁcationis
1303 4816 1523 4879 alicujus
1553 4829 1707 4867 t'ausn
1744 4812 1947 4880 profer-

365 4926 474 4973 tur.
500 4915 685 4969 Tussis
708 4929 838 4968 vero
866 4927 986 4965 cum
1016 4926 1180 4965 sonus
1228 4910 1317 4974 sit,
1352 4908 1549 4962 nullius
1604 4904 1947 4975 signiﬁcatio-

367 5012 454 5065 nis
474 5022 665 5075 causa,
722 5006 956 5075 surrepit
1004 5004 1181 5075 potius
1231 5016 1388 5073 quam
1436 4999 1722 5070 profertur.
1772 4996 1949 5063 Quare

365 5105 615 5175 quoniam
640 5102 795 5156 ﬂatus
826 5110 1009 5155 noster
1039 5100 1110 5152 ita
1136 5112 1258 5153 sese
1280 5097 1459 5161 habet,
1484 5105 1540 5149 ut
1587 5094 1631 5148 si
1661 5092 1733 5147 ita
1764 5107 1951 5161 percu-

368 5198 532 5250 tiatur
559 5204 719 5263 atque
746 5192 1025 5258 formetur,
1057 5200 1112 5245 ut
1145 5204 1267 5244 eum
1312 5189 1486 5258 lingua
1538 5186 1817 5257 percutiat,
1850 5198 1949 5236 vox

366 5292 459 5344 sit.
495 5288 550 5344 Si
581 5303 701 5342 eum
752 5286 929 5355 lingua
970 5288 1041 5339 ita
1081 5284 1366 5353 percutiat,
1398 5294 1454 5336 ut
1485 5281 1771 5335 terminato
1817 5293 1951 5345 quo-

366 5380 495 5433 dam
527 5388 580 5433 et
599 5378 1001 5445 circumscripto
1029 5390 1162 5429 sono
1195 5390 1301 5430 vox
1332 5381 1504 5435 exeat,
1538 5371 1734 5424 locutio
1756 5369 1811 5420 fit
1838 5384 1955 5434 qua:

367 5473 557 5529 Graece
588 5470 781 5524 dicitur
805 5470 953 5531 λέξις.
994 5467 1215 5521 Locutio
1239 5466 1380 5519 enim
1412 5473 1495 5518 cst
1518 5461 1795 5515 articulate
1825 5474 1954 5522 vox,

368 5576 547 5631 neque
584 5560 725 5612 enim
760 5558 903 5611 hunc
931 5572 1257 5618 sermonem,
1289 5555 1341 5609 id
1389 5562 1473 5609 est
1493 5554 1640 5617 λέξιν,
1670 5550 1956 5603 dictionem

367 5656 635 5714 dicemus,
666 5648 868 5702 idcirco
917 5646 1059 5714 quod
1108 5648 1258 5719 φάσιν
1299 5643 1588 5698 dictionem
1639 5644 1959 5708 interpreta-

367 5764 515 5811 mur,
548 5746 697 5809 λέξιν,
728 5741 1076 5795 locutionem.
1113 5738 1278 5808 Cujus
1310 5736 1590 5791 locutionis
1617 5743 1796 5804 partes
1838 5739 1962 5787 sunt

366 5840 585 5902 litterae,
636 5850 753 5905 qua:
781 5847 901 5887 cum
941 5832 1245 5902 conjunctae
1269 5828 1491 5898 fuerint,
1521 5843 1679 5885 unam
1720 5824 1957 5881 efﬁciunt

572 5933 844 5995 Ριτιοι..
891 5925 1117 5989 LXIV.

2046 4548 2225 4615 juncta
2249 4555 2424 4597 tamen
2450 4557 2569 4596 cum
2595 4542 2711 4593 aliis
2743 4540 3044 4606 signiﬁcant
3065 4582 3077 4601 ,
3113 4548 3168 4591 ut
3193 4539 3619 4604 conjuncﬁones.

2052 4634 2423 4704 lnterpretatio
2448 4640 2623 4685 autem
2680 4632 2730 4683 in
2764 4632 2891 4684 solis
2938 4647 3030 4699 per
3072 4645 3129 4683 se
3178 4632 3541 4697 significativis
3573 4643 3623 4688 et

2052 4726 2346 4782 articulatis
2374 4724 2595 4776 veribus
2637 4733 2931 4791 permanet.
2965 4724 3144 4786 Quare
3172 4725 3523 4791 convertitur,
3571 4733 3624 4782 ut

2053 4816 2307 4888 quidquid
2331 4816 2400 4868 sit
2428 4814 2816 4879 interpretatio,
2868 4813 2990 4865 illud
3042 4814 3325 4878 significet.
3376 4816 3439 4866 Et
3475 4816 3625 4883 quid-

2055 4910 2179 4981 quid
2208 4907 2506 4978 significat,
2542 4906 2993 4974 interpretationis
3034 4904 3295 4959 venabulo
3354 4923 3626 4975 nm-t-upe~

2056 5013 2161 5057 tur.
2201 5000 2354 5057 Unde
2399 4998 2558 5051 etiam
2616 4998 2729 5065 ipse
2776 5012 2986 5066 quoque
3033 4996 3351 5051 Aristoteles
3398 5000 3446 5050 in
3483 4999 3629 5054 libris

2057 5108 2191 5163 quos
2222 5092 2290 5147 de
2320 5096 2448 5144 Arte
2475 5090 2677 5158 poetica
2704 5089 2940 5155 scripsit,
2970 5088 3256 5143 locutionis
3296 5099 3470 5154 palles
3513 5107 3631 5144 «με-,ε

2056 5186 2291 5257 syllabas
2341 5197 2390 5239 et
2443 5184 2844 5252 eonjuuctiones
2897 5184 3058 5235 etiam
3106 5182 3361 5244 tradidit,
3408 5198 3631 5247 quarum

2058 5281 2303 5353 syllabae,
2328 5273 2379 5332 in
2410 5295 2473 5333 eo
2496 5278 2632 5345 quod
2660 5287 2781 5330 Sunt
2802 5276 3043 5345 syllabae,
3068 5275 3199 5327 nihil
3230 5275 3445 5327 omnino
3476 5275 3633 5341 signi-

2063 5374 2247 5428 ﬁcant.
2305 5370 2721 5439 Conjuuctioues
2764 5383 2891 5420 vero
2963 5366 3371 5431 ronsignizicare
3421 5366 3633 5432 quidem

2065 5470 2309 5531 possunt,
2358 5476 2452 5528 per
2484 5474 2543 5512 se
2575 5472 2701 5510 vero
2733 5456 2860 5509 nihil
2893 5456 3191 5523 designant.
3240 5455 3633 5523 Interpretatio-

2066 5553 2148 5606 nis
2176 5566 2305 5606 vero
2335 5558 2515 5619 partes
2555 5548 2655 5601 hoc
2702 5544 2838 5598 libro
2867 5544 3145 5597 constituit
3182 5559 3376 5597 nomen
3418 5555 3469 5597 et
3515 5561 3629 5598 ver.

2061 5642 2211 5706 bum,
2244 5655 2363 5711 qua:
2394 5638 2599 5693 scilicet
2625 5651 2717 5705 per
2742 5636 2916 5704 seipsa
2939 5632 3255 5703 signiﬁcant.
3287 5635 3635 5697 Nihilominus

2064 5746 2275 5802 quoque
2327 5731 2621 5783 orationem
2670 5728 3161 5795 interpretationem
3213 5742 3333 5782 esse
3388 5738 3634 5795 cohstat,

2065 5838 2187 5893 quae
2229 5831 2283 5877 et
2313 5820 2427 5891 ipsa
2462 5836 2581 5877 cum
2634 5834 2735 5875 vox
2786 5820 2859 5875 sit
2900 5829 2956 5876 et
2999 5817 3362 5891 signiﬁcativis
3403 5822 3634 5891 partibus

3168 5909 3242 5969 13
