4270 6266
612 324 728 399 an;

1866 313 2678 392 AN.MANL.SEV.BOETH

3781 318 3882 379 39b

607 444 806 531 juncta,
839 450 1226 523 signiﬁcatione
1265 465 1368 505 non
1400 456 1561 505 caret.
1595 447 1770 517 Quare
1798 450 2047 518 quoniam
2074 462 2181 500 non
2212 447 2270 508 Α
2294 452 2478 512 guent.
2513 441 2642 495 Nam
2675 434 2928 510 quoniam
2960 436 3146 494 decem
3176 450 3263 491 res
3290 432 3510 491 omnino
3532 431 3584 487 in
3612 431 3755 487 omni
3785 450 3882 487 na~

611 549 679 603 de
708 548 947 600 oratione
976 546 1109 607 sola,
1145 543 1235 597 sed
1266 543 1424 596 etiam
1449 540 1515 595 de
1545 541 1759 594 nomine
1788 549 1841 594 et
1872 541 2059 602 verbo,
2090 552 2190 592 nec

609 656 739 695 vero
765 643 832 693 de
874 637 985 692 sola
1038 636 1333 697 loiuiione,
1366 633 1459 687 sed
1510 632 1672 687 etiam
1717 632 1784 685 de
1839 628 2193 699 signiﬁcativa
2236 660 2247 672 ο

609 735 899 799 locutione,
934 746 1051 799 qure
1108 739 1191 784 est
1240 726 1608 796 interpretatio
1636 766 1650 790 ,
1710 724 1763 779 in
1815 723 1916 777 hoc
1946 723 2084 776 libro
2125 720 2192 774 ab

612 826 898 881 Aristotele
939 832 1231 886 tractatur,
1263 821 1462 873 idcirco
1501 817 1751 888 quoniam
1807 813 1987 867 verbis
2031 822 2191 881 atque

610 916 937 976 nominibus,
972 913 1403 981 etsignilicativis
1434 908 1791 965 locutiouibus
1813 921 2009 961 nomen
2040 906 2197 959 inter-

612 1006 925 1081 pretationis
952 1017 1184 1073 aptatur,
1239 1019 1266 1055 a
1312 1003 1581 1057 communi
1630 1000 1846 1055 nomine
1894 1013 2077 1053 eorum
2129 996 2198 1050 de

613 1100 807 1171 quibus
834 1101 883 1152 in
910 1098 1010 1151 hoc
1038 1097 1170 1150 libro
1200 1105 1477 1159 tractatur,
1509 1094 1558 1145 id
1592 1102 1672 1147 est
1728 1090 2193 1160 interpretatione,

616 1192 735 1259 ipse
764 1204 973 1259 quoque
1002 1190 1071 1243 de
1116 1188 1553 1256 lnterpretatione
1590 1185 1724 1237 liber
1772 1184 2057 1250 inscriptus
2089 1192 2193 1243 est,

613 1284 767 1355 cujus
791 1283 1173 1353 expositionem
1198 1298 1296 1336 nos
1324 1281 1528 1335 scilicet
1559 1294 1716 1350 quam
1745 1280 1982 1332 maxime
2007 1292 2034 1329 a
2062 1276 2196 1330 Por-

616 1378 830 1449 phyrio,
879 1380 1181 1446 quanquam
1229 1375 1389 1427 etiam
1451 1388 1478 1425 a
1533 1372 1745 1426 caeteris
1789 1371 2195 1432 transferentes,

615 1470 799 1527 [mina
827 1470 1069 1524 oratione
1101 1467 1440 1536 digessimus.
1477 1466 1572 1519 Hic
1602 1468 1743 1518 enim
1778 1465 1934 1517 nobis
1981 1463 2197 1531 exposi-

616 1571 701 1616 tur
726 1573 776 1615 et
808 1560 1110 1614 intellectus
1140 1557 1386 1611 acumine
1432 1565 1486 1609 et
1540 1555 1927 1609 sententiarum
1973 1550 2201 1618 disposi-

618 1656 762 1710 tione
790 1655 998 1707 videtur
1023 1649 1308 1706 excellere.
1355 1647 1521 1701 Erunt
1567 1662 1698 1716 ergo
1742 1642 2198 1713 interpretationis

619 1748 735 1803 dum
764 1749 947 1814 primm
979 1754 1155 1813 partes
1186 1755 1378 1793 nomen
1408 1749 1457 1790 et
1480 1738 1723 1801 verbum,
1760 1736 1841 1789 his
1868 1735 2011 1791 enim
2042 1732 2199 1803 quid-

620 1840 745 1911 quid
770 1849 847 1893 est
882 1839 933 1892 in
963 1836 1124 1891 animi
1155 1832 1511 1887 intellectibus
1556 1830 1890 1898 designatur,
1934 1824 2017 1881 his
2051 1842 2200 1879 nam-
2234 1821 2281 1881 Β

621 1947 721 2002 que
751 1937 895 1985 totus
938 1927 1070 1982 ordo
1114 1924 1376 1979 orationis
1422 1921 1675 1991 efﬁcitur,
1724 1929 1779 1974 et
1835 1918 1887 1971 in
1942 1927 2198 1986 quantum

620 2035 721 2080 vox
752 2024 863 2093 ipsa
891 2020 1108 2091 quidem
1162 2016 1464 2071 intellectus
1518 2014 1804 2084 significat,
1857 2012 1908 2065 in
1944 2009 2038 2090 bas
2071 2009 2204 2063 duas

623 2126 707 2198 (ut
732 2125 930 2178 dictum
960 2120 1063 2190 εει)
1091 2126 1302 2174 secatur
1330 2132 1539 2186 partes,
1575 2130 1766 2169 nomen
1791 2121 1846 2167 et
1878 2113 2119 2167 verbum.
2149 2112 2205 2166 In

623 2239 878 2300 quantum
899 2241 1024 2279 vero
1041 2240 1141 2278 vox
1174 2237 1269 2292 per
1294 2221 1653 2274 intellectuum
1690 2217 2027 2272 medietatem
2080 2214 2207 2270 sub-

624 2322 793 2392 iectas
812 2317 1105 2374 intellectui
1120 2331 1205 2370 res
1222 2319 1568 2377 demonstrat,
1588 2310 1999 2381 signiﬁcantium
2020 2323 2208 2362 vocum

626 2423 942 2480 Aristotcles
966 2434 1241 2473 numerum
1266 2417 1320 2471 in
1338 2417 1519 2469 decem
1549 2413 1954 2483 praedicainenta
1981 2414 2203 2481 partitus

628 2528 733 2583 εει,
750 2528 907 2583 atque
925 2513 1025 2566 hoc
1041 2510 1336 2564 distatlibri
1354 2509 1505 2575 hujus
1521 2506 1745 2562 intentio
1773 2520 1801 2557 a
1838 2504 1983 2573 prmd
2006 2516 2213 2557 camen-

627 2627 803 2672 torum
818 2618 867 2669 in
882 2614 1151 2669 denariam
1170 2612 1557 2665 multitudinem
1574 2610 1953 2664 numero~itate
1965 2608 2211 2670 collecta,

629 2720 688 2766 ut
706 2711 790 2765 hic
802 2709 1013 2780 quidem
1032 2716 1234 2761 tantum
1258 2706 1322 2758 de
1344 2719 1565 2758 numero
1586 2705 1999 2773 significantium
2024 2713 2213 2754 vocum

632 2814 922 2875 quaeratur,
951 2810 1208 2869 quantum
1239 2797 1304 2851 ad
1334 2798 1473 2865 ip~as
1496 2796 1683 2847 attinet
1708 2808 1865 2847 voces
1884 2834 1897 2857 ,
1927 2792 2117 2862 quibus
2146 2792 2219 2847 si-

631 2898 954 2970 gnificativis
1002 2894 1221 2948 vocibus
1289 2892 1586 2945 intellectus
1632 2890 1791 2941 animi
1848 2887 2215 2956 designentur,

633 3007 753 3065 quae
783 3000 907 3046 sunt
936 2990 1142 3043 scilicet
1170 2986 1431 3055 simplicia
1461 2984 1677 3053 quidem
1706 2982 1917 3035 nomina
1947 2991 1999 3034 et
2027 2979 2211 3044 vt-rba,

635 3102 698 3144 ex
732 3087 813 3141 his
842 3099 969 3155 vero
997 3081 1310 3149 compositrc
1350 3083 1640 3132 orationes.
1678 3075 2216 3129 Pi-zcdicamentorum

635 3192 765 3234 vero
797 3178 911 3231 [nec
934 3175 1158 3231 intentio
1180 3182 1281 3232 est,
1312 3171 1378 3224 de
1404 3169 1766 3238 signilicativis
1795 3182 1971 3221 rerum
1998 3164 2218 3217 vocibus

637 3277 868 3326 tractare
893 3270 946 3321 in
976 3277 1177 3322 tantum
1206 3271 1457 3331 quantum
1489 3276 1581 3315 eas
1609 3260 1775 3313 animi
1807 3260 2011 3312 medius
2047 3256 2211 3325 signi-

637 3362 762 3417 ﬁcet
806 3360 857 3413 in
885 3360 1127 3414 ellectus.
1175 3353 1337 3410 Vocis
1383 3354 1522 3407 enim
1571 3351 1813 3419 quaedam
1863 3350 2087 3414 qualitas
2135 3357 2219 3404 est

638 3463 913 3510 nomeu'et
940 3451 1184 3513 verbum,
1209 3463 1325 3517 quae
1354 3444 1599 3499 nimirum
1628 3443 1712 3497 illa
1740 3459 1849 3511 ipsa
1872 3446 2055 3495 decem
2087 3456 2221 3506 prte-

641 3546 942 3601 dicainenta
974 3538 1292 3611 signiﬁcant.
1326 3538 1517 3591 Decem
1550 3551 1776 3603 namque
1810 3535 2217 3602 prmdicamenta

643 3650 913 3705 nunquam
943 3633 1060 3687 sine
1088 3633 1257 3698 aliqua
1284 3630 1426 3683 verbi
1456 3628 1714 3697 qualitate
1735 3627 1815 3680 vel
1850 3626 2077 3678 nominis
2104 3641 2224 3692 pru-

644 3729 905 3783 feruntur.
937 3725 1111 3791 Quare
1139 3723 1239 3775 erit
1270 3721 1385 3773 libri
1424 3720 1576 3786 hujus
1608 3718 1834 3770 intentio
1864 3716 1928 3769 de
1958 3715 2225 3784 significa-

645 3820 768 3875 tivis
793 3833 972 3873 rerum
1007 3817 1224 3868 vocibus
1257 3814 1309 3866 in
1342 3824 1541 3864 tantum
1569 3822 1822 3879 quantum
1846 3812 2225 3876 conceptiones

647 3912 810 3965 animi
858 3909 1266 3975 iutellectusque
1316 3904 1632 3972 signiﬁcent.
1688 3902 1761 3956 De
1809 3901 1993 3955 decem
2046 3914 2226 3953 autem

649 4000 1082 4076 prmdicamentis
1132 3998 1251 4052 libri
1299 3996 1525 4050 intentio
1574 3996 1623 4047 in
1676 3993 1792 4059 ejus
1841 3989 2229 4047 commentario

650 4096 791 4152 dicta
818 4104 919 4155 est.
944 4092 1194 4163 quoniam
1218 4090 1287 4144 sit
1307 4090 1373 4143 de
1396 4088 1759 4157 signiﬁcativis
1783 4102 1959 4139 rerum
1984 4085 2227 4149 vocibus,

652 4196 781 4259 quat
824 4186 1060 4255 partibus
1090 4182 1332 4236 distribui
1379 4180 1544 4245 possit
1582 4193 1762 4233 earum
1808 4175 2143 4245 significatio,
2176 4174 2230 4229 in

653 4291 863 4338 tantum
886 4287 1141 4349 quantum
1170 4293 1263 4344 per
1285 4289 1534 4329 Sensuum
1552 4283 1711 4341 atque
1736 4274 2095 4325 intellectuum
2124 4283 2235 4322 me-

656 4374 908 4432 dietatem
933 4385 1017 4425 res
1036 4369 1301 4436 subjectas
1327 4366 1683 4420 intelectibus
1701 4377 1858 4416 voces
1880 4362 2009 4430 ipsa:
2028 4361 2237 4413 valeant

658 4468 957 4539 designare.
994 4466 1047 4517 In
1076 4477 1238 4532 opere
1268 4475 1394 4514 vero
1417 4459 1486 4513 de
1509 4460 1637 4512 Arte
1667 4457 1873 4526 poetica
1906 4469 2010 4507 non
2045 4455 2234 4506 eodem

659 4563 819 4619 modo
847 4558 1038 4615 dividit
1067 4556 1409 4618 locutionem,
1434 4553 1525 4607 sed
1555 4566 1742 4606 omnes
1765 4550 1984 4603 omnino
2008 4548 2237 4601 locutio-

663 4666 747 4721 nis
778 4676 955 4733 partes
975 4660 1240 4730 apposuit,
1264 4655 1585 4712 conﬁrmans
1607 4668 1727 4708 esse
1754 4652 2039 4706 lci-uiionis
2062 4658 2241 4719 partes

666 4758 965 4820 elementa,
1013 4751 1279 4823 syllabas,
1317 4745 1759 4816 conjunctiones,
1811 4743 2095 4808 articulos,
2147 4758 2243 4797 no-

665 4849 808 4905 mina
828 4889 843 4913 ,
873 4861 1050 4909 casus,
1083 4843 1273 4905 verba,
1306 4842 1595 4893 orationes.
1629 4836 1849 4890 Locutio
1879 4849 2104 4902 namque
2136 4849 2243 4888 non

665 4943 719 4997 iii
749 4940 878 4996 solis
907 4936 1268 5007 signiﬁcativis
1299 4932 1514 4985 vocibus
1541 4937 1781 4991 consuat,
1826 4929 1920 4980 sed
1957 4940 2244 4995 supergre-

668 5044 819 5100 diens
865 5036 1283 5104 signiﬁcationes
1330 5048 1554 5096 vocum,
1609 5029 1674 5083 ad
1720 5028 2032 5083 articulatos
2081 5041 2246 5081 sonos

670 5150 838 5204 usque
863 5130 1123 5187 consistit.
1154 5125 1415 5192 Quaelibet
1447 5125 1586 5177 enim
1617 5122 1818 5192 syllaba
1842 5161 1857 5185 ,
1889 5122 1968 5174 vel
1997 5120 2248 5188 quazlibet

671 5238 774 5293 alia
806 5251 905 5291 vox
932 5248 1049 5303 qua:
1079 5230 1237 5285 scribi
1273 5228 1462 5281 litteris
1497 5234 1685 5295 potest,
1720 5225 2002 5277 locutionis
2028 5225 2247 5276 nomine

673 5330 994 5391 continetur,
1026 5338 1146 5395 qua:
1184 5319 1366 5375 Graece
1393 5318 1583 5372 dicitur
1610 5318 1756 5381 λέξις.
1789 5314 1893 5371 Sed
1923 5331 2026 5368 non
2060 5317 2249 5369 eodem

680 5434 843 5490 modo
869 5428 1258 5500 interpretatio.
1295 5424 1415 5479 huic
1445 5437 1669 5491 namque
1696 5438 1800 5474 non
1832 5432 1914 5475 est
1943 5421 2074 5475 satis
2103 5429 2159 5473 ιιι
2184 5424 2253 5474 sit

678 5534 985 5610 hujusmodi
1024 5547 1121 5585 vox
1165 5545 1283 5598 quae
1313 5527 1504 5581 litteris
1546 5524 1711 5577 valeat
1756 5522 2029 5587 adnotari,
2063 5521 2159 5575 sed
2190 5519 2256 5574 ad

681 5632 785 5686 hoc
824 5640 881 5684 ut
910 5624 1106 5697 aliquid
1141 5637 1350 5695 quoque
1390 5620 1672 5689 signiﬁcet.
1718 5616 2255 5673 Praedicamentorum

682 5736 810 5777 vero
840 5722 893 5775 in
926 5719 1026 5773 hoc
1055 5718 1190 5771 ratio
1219 5702 1504 5769 constituta
1534 5722 1636 5776 est,
1667 5710 1717 5764 in
1751 5725 1855 5779 quo
1885 5710 1965 5763 b;e
1995 5710 2110 5762 dure
2140 5723 2257 5775 par-

681 5820 770 5878 ιιι
806 5814 1260 5889 interpretationis
1321 5828 1407 5893 res
1438 5812 1793 5867 iutellectibus
1820 5811 2092 5879 subjectas
2117 5809 2259 5863 desi-

2300 544 2415 588 tura
2457 534 2821 601 reperiuntur,
2868 530 3052 585 decem
3095 544 3305 601 quoque
3356 528 3656 581 intellectus
3697 536 3881 591 erunt,

2298 642 2433 698 quos
2485 626 2822 693 intellectus,
2869 625 3118 696 quoniam
3164 622 3376 679 nomina
3409 631 3463 675 et
3493 620 3653 673 verba
3686 616 3885 686 signiﬁ-
3954 686 3962 694 θ

2297 733 2441 785 cant,
2468 720 2653 775 decem
2683 718 2901 773 omnino
2923 730 3079 773 erunt
3106 718 3537 787 praedicamenta,
3562 728 3679 780 qua:
3708 711 3888 765 verbis

2298 826 2433 887 tque
2456 817 2765 871 nominibus
2788 815 3169 883 designentur;
3198 813 3302 865 duo
3322 826 3450 866 vero
3473 809 3714 872 quaedam
3739 817 3884 872 sunt,

2302 910 2356 965 id
2389 921 2471 967 εει
2503 926 2694 965 nomen
2726 920 2781 966 et
2810 909 3030 965 verbum
3063 921 3183 977 qua:
3213 907 3356 973 ipsos
3386 904 3684 973 signiﬁcent
3730 900 3888 955 intel-

2299 1005 2487 1060 lectus.
2517 1004 2649 1060 Sunt
2676 1004 2840 1074 igitur
2870 976 3133 1057 elementa
3166 996 3622 1068 interpretatioiiis
3656 976 3809 1049 verba
3838 1002 3890 1047 et

2300 1098 2516 1153 nomina
2538 1139 2553 1164 ,
2587 1096 2801 1167 pr0prie
2832 1111 2959 1151 vero
2991 1106 3170 1163 partes
3196 1093 3390 1161 quibus
3423 1091 3533 1157 ipsa
3565 1098 3773 1144 constat
3806 1089 3888 1140 in-

2304 1192 2617 1259 terpretatio
2644 1198 2769 1243 sunt
2798 1190 3090 1243 orationes.
3123 1186 3436 1239 Orationum
3471 1198 3598 1236 vero
3632 1182 3749 1233 alia:
3767 1188 3891 1232 sunt

2300 1282 2583 1353 perfectm,
2618 1282 2733 1334 alim
2776 1280 3126 1347 imperfecte.
3164 1276 3419 1331 Perfecta}
3455 1286 3664 1328 suntex
3699 1273 3892 1340 quibus

2302 1376 2459 1443 plene
2490 1374 2539 1427 id
2570 1373 2708 1443 quod
2736 1373 2936 1426 dicitur
2960 1371 3102 1425 Valet
3128 1369 3383 1437 intelligi;
3415 1365 3742 1434 imperfecta:
3763 1378 3892 1417 vero

2305 1471 2357 1521 in
2410 1467 2604 1537 quibus
2635 1465 2836 1531 aliquid
2887 1463 3059 1516 adhuc
3113 1461 3322 1529 plenius
3366 1459 3575 1512 animus
3618 1464 3893 1522 ex~pectat

2305 1562 2518 1627 audire,
2547 1572 2606 1616 ut
2634 1570 2715 1615 est
2743 1559 2991 1615 Socrates
3022 1572 3142 1612 cum
3177 1554 3417 1608 Platone.
3450 1552 3604 1606 Nullo
3633 1551 3775 1604 enim
3800 1547 3893 1602 ad-

2308 1655 2441 1715 dito,
2471 1652 2729 1707 craticiiis
2757 1650 3061 1707 intellectus
3087 1647 3259 1701 adhuc
3288 1646 3485 1713 pendet
3513 1656 3576 1695 ac
3603 1641 3811 1704 titubat,
3841 1646 3893 1693 et

2307 1746 2518 1799 auditor
2549 1742 2747 1813 aliquid
2792 1742 2929 1795 ultra
2966 1745 3240 1807 exspectat
3286 1734 3490 1789 audire.
3536 1729 3892 1786 Perfectarttm

2308 1855 2437 1893 vero
2469 1837 2769 1891 orationum
2820 1848 2995 1904 partes
3036 1832 3271 1902 quinque
3313 1838 3456 1882 sunt.
3509 1824 3890 1892 Deprecativa,

2308 1942 2367 1986 ut
2390 1950 2402 1984 :
2434 1931 2675 1999 Juppiter
2691 1930 3050 1996 omnipotens,
3073 1924 3315 1991 precibus
3331 1923 3374 1975 si
3395 1919 3622 1974 ﬂecteris
3648 1917 3791 1978 ullis,
3822 1915 3894 1970 Da

2310 2025 2507 2078 deinde
2534 2022 2814 2087 auxilium,
2849 2030 3018 2088 pater,
3048 2025 3207 2084 atque
3229 2018 3342 2067 haec
3372 2010 3547 2064 omina
3583 2008 3755 2062 ﬁrma.
3788 2005 3894 2059 lm-

2311 2120 2577 2186 perativa,
2611 2124 2705 2168 ut:
2742 2113 2884 2166 Vade
2914 2127 3037 2180 age,
3073 2119 3224 2174 nate,
3271 2121 3401 2160 voca
3431 2104 3696 2174 zephyros
3738 2110 3789 2153 et
3819 2102 3893 2153 la-

2312 2207 2440 2262 bere
2471 2207 2678 2276 pennis.
2714 2202 3127 2272 Interrogativa,
3159 2209 3218 2253 ut
3250 2216 3263 2253 :
3298 2198 3392 2251 Dic
3428 2196 3593 2258 mibi,
3629 2195 3894 2254 Dammtai,

2312 2297 2489 2367 eujum
2524 2310 2717 2367 pecus,
2749 2310 2815 2347 an
2849 2290 3112 2348 Melibmi?
3147 2290 3430 2353 Vorativa,
3462 2297 3517 2340 ut
3551 2304 3562 2338 :
3602 2286 3642 2338 0
3670 2293 3834 2351 pater,
3865 2297 3897 2336 0

2314 2389 2586 2445 hominum
2619 2401 2902 2455 rerumque
2934 2396 3131 2439 acterna
3165 2392 3421 2452 potestas.
3456 2375 3818 2440 Enuntiativa,
3846 2376 3896 2429 in

2315 2500 2415 2553 qua
2438 2484 2638 2537 veritas
2667 2481 2747 2536 vel
2780 2478 2979 2532 falsitas
3009 2476 3301 2539 invenitur,
3331 2481 3427 2527 ut:
3462 2470 3727 2537 Principio
3750 2468 3897 2522 arbo~

2315 2576 2466 2644 ribus
2507 2575 2648 2627 varia
2691 2582 2771 2626 est
2812 2578 2997 2623 natura
3041 2565 3309 2621 creandis.
3357 2561 3523 2632 llnjns
3558 2571 3737 2616 autem
3780 2558 3899 2613 duae

2318 2674 2498 2736 partes
2545 2674 2699 2728 sunt,
2741 2672 2821 2715 est
2863 2676 3089 2727 namque
3133 2668 3187 2715 et
3238 2656 3464 2726 simplex
3519 2655 3689 2707 oratio
3733 2668 3898 2705 enun-

2318 2760 2522 2822 tiativa,
2555 2766 2608 2812 et
2638 2755 2951 2825 composita.
2983 2752 3240 2820 Simplex,
3278 2758 3335 2803 ut
3367 2768 3379 2800 :
3414 2747 3530 2801 dies
3554 2754 3656 2811 est,
3686 2746 3770 2799 lux
3797 2753 3898 2798 εει.

2318 2849 2649 2920 Composita.
2683 2858 2779 2902 ut:
2812 2847 2854 2900 si
2883 2846 2998 2900 dies
3031 2854 3137 2909 est,
3168 2844 3252 2897 lux
3283 2853 3385 2897 est.
3420 2840 3475 2895 ln
3509 2840 3610 2893 hoc
3640 2838 3799 2901 igitur
3826 2835 3902 2889 li-

2323 2941 2419 2996 bro
2449 2941 2750 2995 Aristotelis
2781 2938 2847 2992 de
2885 2935 3218 2992 enuntiativa
3263 2932 3489 3003 simplici
3519 2931 3763 2985 oratione
3791 2928 3899 2983 dis-

2321 3044 2501 3104 putat,
2542 3043 2595 3087 et
2634 3032 2701 3086 de
2742 3031 2857 3100 ejus
2886 3030 3201 3093 elementis,
3244 3029 3459 3082 nomine
3503 3025 3703 3080 scilicet
3750 3035 3903 3091 atque

2324 3125 2510 3178 verbo.
2546 3124 2675 3189 Quae
2706 3121 2957 3191 quoniam
2985 3120 3334 3186 signiﬁcativa
3358 3128 3514 3180 sunt,
3554 3126 3608 3171 et
3635 3116 3903 3185 significa-

2245 3202 2291 3266 C
2325 3221 2427 3271 tiva
2460 3232 2590 3282 vox,
2623 3224 2678 3270 et
2707 3214 2983 3269 articulata
3015 3212 3469 3282 interpretationis
3496 3211 3707 3264 nomine
3738 3208 3907 3287 conti-

2322 3318 2504 3375 netur,
2534 3308 2600 3361 de
2643 3308 2910 3361 communi
2946 3306 3031 3377 (ut
3059 3306 3258 3359 dictum
3290 3304 3394 3371 est)
3430 3303 3686 3356 vocabulo
3717 3302 3904 3354 librum

2319 3402 2386 3454 de
2420 3397 2865 3469 lnterpretatione
2901 3396 3215 3465 appellavit.
3256 3393 3319 3447 Et
3360 3392 3763 3461 TbeOphrastus
3791 3389 3907 3458 qui-

2322 3492 2442 3546 dem
2473 3492 2524 3545 in
2569 3506 2635 3544 eo
2686 3489 2819 3544 libro
2848 3504 3004 3558 quem
3036 3488 3102 3542 de
3133 3486 3499 3541 Afﬁrmatione
3521 3497 3571 3539 et
3618 3482 3909 3551 Ncgatione

2324 3581 2661 3649 composuit,
2714 3579 2782 3634 de
2839 3579 3166 3635 enuntiativa
3228 3578 3470 3653 oratione
3520 3574 3784 3630 tractavit.
3846 3573 3909 3627 Et

2325 3675 2488 3729 Stoici
2517 3688 2729 3743 quoque
2767 3675 2819 3726 in
2860 3673 2943 3725 his
2979 3672 3130 3727 libris
3169 3687 3303 3739 quos
3342 3674 3459 3746 Περὶ
3485 3671 3778 3740 ἀξιωμάτων
3817 3682 3911 3734 ap-

2331 3765 2558 3834 pellant,
2603 3766 2670 3818 de
2710 3763 2912 3835 eisdem
2966 3763 3316 3816 nihilominus
3360 3763 3663 3827 disputant,
3695 3759 3787 3812 sed
3836 3756 3910 3810 illi

2329 3857 2540 3925 quidem
2584 3864 2637 3910 et
2681 3854 2746 3909 de
2785 3854 3013 3923 simplici
3047 3864 3100 3908 et
3146 3853 3213 3907 de
3256 3869 3360 3907 non
3402 3851 3629 3919 simplici
3674 3849 3912 3904 oratione

2330 3948 2659 4004 enuntiativa
2684 3947 3051 4016 speculantur.
3081 3945 3396 4001 Aristoteles
3418 3961 3545 3999 vero
3570 3947 3622 3998 in
3652 3944 3751 3997 hoc
3778 3942 3913 3996 libro

2335 4043 2465 4097 nihil
2499 4042 2600 4096 nisi
2632 4042 2699 4094 de
2728 4040 2841 4094 sola
2864 4040 3090 4108 simplici
3118 4039 3444 4094 enuntiativa
3471 4038 3713 4092 oratione
3738 4035 3916 4090 consi-

2335 4134 2507 4189 derat.
2541 4131 2797 4195 Asiiasius
2843 4145 3058 4200 quoque
3088 4140 3143 4185 et
3173 4130 3473 4185 Alexander
3519 4130 3655 4181 sicut
3706 4128 3756 4180 in
3797 4125 3917 4179 aliis

2336 4225 2644 4280 Aristotelis
2667 4224 2836 4285 libris,
2867 4225 2919 4277 in
2945 4223 3046 4276 hoc
3066 4237 3278 4292 quoque
3300 4219 3712 4275 commentarios
3733 4216 3916 4271 edide-

2339 4324 2491 4379 runt,
2523 4317 2613 4366 sed
2647 4321 2871 4379 uterque
2901 4313 3242 4367 Aristotelem
3270 4310 3335 4365 de
3363 4308 3603 4362 oratione
3661 4316 3916 4361 tractasse

2341 4404 2664 4474 pronuntiat,
2700 4402 2829 4456 Nam
2858 4403 2900 4455 si
2927 4402 3168 4471 proferre
3189 4400 3383 4471 aliquid
3407 4399 3650 4453 oratione
3673 4403 3749 4470 (ut
3770 4412 3798 4449 a
3823 4406 3917 4451 unt

2345 4494 2468 4565 ipsi)
2518 4495 2859 4561 interpretari
2906 4504 3017 4559 est,
3070 4496 3135 4551 de
3179 4494 3622 4563 interpretatione
3669 4490 3918 4544 nimirum

2263 4579 2316 4640 Ι)
2345 4590 2476 4645 liber
2507 4589 2669 4643 veluti
2710 4589 2775 4641 de
2803 4590 3047 4641 oratione
3089 4588 3414 4654 perscriptus
3458 4594 3569 4650 est,
3607 4583 3758 4652 quasi
3796 4598 3921 4636 vero

2345 4684 2455 4737 Sola
2488 4679 2692 4745 oratio,
2726 4695 2787 4733 ac
2816 4694 2921 4733 non
2952 4678 3111 4734 verba
3140 4693 3364 4749 quoque
3406 4685 3460 4730 et
3506 4676 3717 4729 nomina
3761 4672 3921 4727 inter-

2346 4773 2663 4847 pretatiouis
2692 4772 2949 4826 vocabulo
2972 4771 3381 4827 concludantur.
3410 4768 3583 4837 [Eque
3610 4782 3838 4835 namque
3862 4781 3923 4819 ac

2349 4869 2543 4935 oratio,
2575 4878 2679 4921 tam
2713 4867 2872 4921 verba
2896 4878 2948 4919 et
2972 4864 3205 4928 nomina,
3234 4880 3352 4933 quae
3381 4872 3506 4917 sunt
3536 4862 3925 4929 interpretatio~

2352 4966 2433 5019 nis
2462 4962 2723 5015 elementa
2742 5003 2756 5029 ,
2791 4959 3005 5012 nomine
3034 4955 3488 5024 interpretatimiis
3518 4964 3794 5008 Vocantur.
3824 4952 3928 5007 Sed

2352 5053 2655 5108 Alexander
2695 5050 2896 5104 addidit
2928 5049 3233 5120 imperfecte
3272 5063 3390 5103 sese
3436 5045 3633 5100 habere
3683 5040 3929 5111 titulum,

2355 5160 2525 5212 neque
2557 5142 2700 5197 enim
2729 5142 3011 5210 designare
3040 5141 3107 5193 de
3136 5156 3234 5209 qua
3261 5141 3506 5192 oratione
3539 5135 3931 5203 perscripserit.

2356 5237 2533 5291 Multa:
2580 5248 2807 5303 namque
2853 5238 2933 5302 (ut
2971 5232 3171 5285 dictum
3200 5233 3306 5298 εει)
3354 5238 3476 5282 sunt
3513 5229 3809 5289 orationes,
3843 5226 3931 5283 sed

2357 5329 2711 5398 adjiciendum
2743 5325 2826 5379 vel
2862 5322 3358 5393 subintelligenduin
3409 5328 3561 5388 putat
3589 5320 3655 5373 de
3696 5319 3932 5376 oratione

2361 5424 2505 5476 illum
2538 5420 2772 5475 scribere
2804 5416 3167 5487 philosophica
3197 5414 3282 5468 vel
3310 5412 3585 5467 dialectica
3606 5453 3619 5474 ,
3657 5410 3703 5464 id
3729 5421 3810 5463 est
3838 5426 3933 5477 qua

2364 5528 2545 5567 verum
2579 5512 2874 5578 falsumque
2903 5509 3076 5563 valeat
3104 5505 3369 5574 expediri.
3402 5502 3506 5558 Sed
3538 5504 3625 5571 qui
3657 5500 3819 5555 semel
3852 5516 3932 5551 so~

2365 5605 2467 5659 iam
2495 5606 2788 5659 oratiooem
2815 5598 3269 5665 interpretationis
3292 5597 3509 5651 nomine
3532 5594 3707 5650 vocari
3733 5591 3935 5659 recipit,

2366 5707 2419 5761 in
2444 5706 2719 5762 intellectu
2748 5718 2957 5773 quoque
2998 5700 3165 5771 ipsius
3197 5698 3559 5767 inscriptionis
3589 5710 3633 5749 ei
3652 5698 3804 5750 ravit.
3834 5692 3934 5746 Ctll

2368 5810 2509 5866 enim
2553 5815 2763 5878 putaret
2806 5802 3179 5877 imperfectum
3228 5816 3348 5859 esse
3398 5798 3641 5867 titulum,
3692 5794 3936 5867 quoniam
