4270 6266
371 367 472 424 397

1103 369 1170 434 ΙΝ
1207 375 1464 434 LIBRUM
1503 377 1592 434 DE
1632 367 2284 437 INTERPRETATIONE
2324 373 2554 442 EDlTlO
2591 375 2921 446 SECUNDA.

3539 400 3641 457 598

368 488 497 542 nihil
526 488 595 544 de
619 504 721 562 qua
752 493 995 550 oratione
1024 496 1315 566 disputaret
1341 500 1597 567 adjecvrit
1627 521 1638 554 :
1670 510 1728 556 ut
1755 503 1799 558 si
1831 503 1949 573 quis
1975 504 2030 565 Α
2053 515 2186 554 vero
2217 500 2471 569 magister
2499 506 2615 576 ejus
2643 511 2804 564 tacuit
2824 554 2837 576 ,
2869 513 2983 582 ipse
3020 515 3282 573 Subtiliori
3314 519 3476 574 modo
3505 536 3639 577 cou-

368 581 733 652 iuterrogans,
766 589 902 654 Quid
932 603 1010 645 est
1047 594 1237 647 homo?
1266 595 1369 648 alio
1400 594 1779 663 restiondcnte,
1813 596 1944 650 Atti-

366 677 500 737 tual,
530 679 707 744 culpet
742 698 803 734 ac
830 682 966 736 dicat
988 727 1003 750 ,
1035 686 1345 753 imperfecte
1380 688 1521 740 illuttt
1553 687 1786 753 dixisse,
1822 688 1946 756 qttid

365 770 428 819 sit
451 811 464 828 ,
501 770 747 831 quoniam
793 789 898 827 non
928 777 996 828 sit
1032 795 1216 832 omnes
1243 778 1569 833 differentias
1614 795 1944 848 persecutus.

364 861 514 926 Quod
547 880 586 915 si
625 864 761 929 huic,
795 866 844 918 id
876 877 956 921 est
990 869 1220 927 homini.
1252 883 1372 925 sunt
1398 872 1642 940 qumdam
1669 874 1771 927 alia
1803 889 1949 928 com-

361 954 540 1006 munia
571 955 634 1006 ad
667 973 858 1010 nomen
885 961 1132 1015 auimalts
1153 1001 1167 1026 ,
1203 963 1331 1015 nihil
1367 973 1543 1018 tamen
1578 965 1799 1032 itnpedit
1826 984 1946 1036 per-

359 1039 496 1097 iecle
521 1048 918 1105 demonstrasse
947 1056 1069 1114 quid
1106 1055 1136 1107 lt
1163 1071 1266 1110 imo
1293 1070 1453 1123 esset,
1485 1074 1604 1112 eum
1628 1062 1717 1129 qui
1746 1061 1946 1116 animal

359 1136 580 1202 dixerit;
613 1143 725 1195 sive
755 1144 897 1197 enim
935 1146 1262 1203 differentias
1292 1151 1452 1205 addat
1480 1153 1625 1218 quis,
1659 1155 1773 1208 sive
1801 1170 1904 1208 non
1928 1197 1942 1220 ,

353 1227 622 1284 homini-tn
672 1233 870 1288 animal
922 1254 1143 1293 necesse
1192 1251 1274 1294 est
1318 1258 1456 1296 esse.
1503 1243 1701 1298 Eodem
1732 1261 1944 1315 quoque

351 1325 512 1376 modo
545 1335 597 1377 et
627 1328 693 1380 de
721 1331 965 1385 oratione
988 1372 1002 1394 ,
1033 1333 1074 1385 si
1106 1340 1224 1404 uns
1269 1336 1370 1392 hoc
1400 1341 1658 1393 ceucedat
1691 1341 1940 1408 primum,

351 1417 481 1469 nihil
514 1419 655 1471 aliud
689 1421 1134 1490 interpretatione
1183 1428 1284 1482 dici
1329 1430 1426 1483 nisi
1478 1432 1805 1498 orationem,
1850 1451 1943 1488 cur

350 1511 438 1578 qui
469 1514 536 1563 de
578 1519 1021 1583 interpretatione
1061 1521 1419 1586 inscripSerit,
1453 1535 1499 1577 et
1535 1525 1601 1577 de
1644 1541 1745 1595 qua
1781 1527 1944 1581 inter-

347 1604 654 1671 preta-ione
699 1607 846 1662 dicat
893 1627 994 1662 ttott
1042 1611 1334 1678 addidi-rit,
1377 1617 1655 1685 Cuipctttt‘?
1687 1619 1828 1672 Satis
1860 1630 1941 1675 est

347 1697 492 1747 cnim
542 1714 660 1750 eum
709 1700 826 1753 libri
863 1701 1067 1757 titulum
1119 1709 1277 1759 etiam
1327 1708 1393 1762 de
1423 1711 1598 1778 aliqua
1645 1716 1937 1769 continenti

346 1793 724 1845 comtttunioue
757 1795 964 1858 fet-isse,
1001 1808 1054 1850 tit
1094 1814 1190 1852 nos
1220 1817 1338 1853 eum
1371 1815 1420 1856 et
1451 1803 1518 1855 de
1550 1807 1853 1861 nominibus
1884 1819 1936 1863 et

2052 594 2397 651 siderationis
2420 599 2632 666 adjecit.
2663 604 2824 656 Addit
2848 621 3057 675 quoque
3080 611 3215 664 hanc
3239 629 3479 678 causam,
3508 632 3642 685 quo-

2052 687 2194 740 niam
2225 689 2537 746 Aristoteles
2564 693 2778 761 quidem
2809 697 2875 750 de
2901 701 3223 771 syllogismis
3254 707 3490 762 scribere
3523 713 3640 764 ani-

2051 787 2248 838 matus.
2281 797 2548 852 nunquam
2582 783 2630 836 id
2664 797 2808 840 recte
2832 787 3006 843 facere
3048 796 3332 860 potuisset,
3365 800 3463 854 nisi
3494 819 3638 869 qure-

2050 869 2173 924 dam
2229 872 2296 926 de
2357 875 2811 944 propositionibus
2879 882 3174 939 aduotaret.
3242 888 3367 942 Mihi
3426 908 3639 963 quoque

2049 959 2258 1014 videtur
2291 963 2392 1017 hoc
2423 967 2692 1022 subtiliter
2725 972 3177 1038 perpendentibus
3212 978 3451 1046 liquere,
3497 986 3636 1040 hunc

2049 1049 2244 1105 librum
2276 1054 2340 1106 ad
2375 1058 2670 1128 analytii-os
2691 1075 2809 1114 esse
2836 1078 3212 1132 praeparatum.
3238 1069 3369 1122 Nam
3391 1075 3527 1127 sicut
3553 1077 3636 1131 ltie

2049 1139 2116 1194 de
2142 1141 2367 1210 simplici
2403 1149 2767 1213 proiiositioue
2795 1152 3049 1221 disputat,
3083 1157 3150 1210 ita
3180 1173 3393 1230 quoque
3424 1165 3474 1216 in
3501 1181 3632 1219 ana-

2047 1229 2224 1300 lyticis
2253 1237 2319 1290 ile
2349 1237 2680 1306 simplicnbus
2713 1251 2914 1298 tantum
2953 1250 3251 1304 considerat
3284 1255 3629 1325 syllogismis,

2047 1334 2104 1377 ut
2130 1327 2239 1394 ipsa
2272 1328 2704 1399 syllogismorum
2737 1340 3270 1414 propositionumque
3298 1348 3631 1418 simplicitas,

2046 1433 2152 1472 non
2185 1420 2248 1474 ad
2280 1421 2423 1475 aliud
2459 1426 2555 1478 nisi
2601 1428 2665 1480 ad
2703 1431 2987 1487 continens
3016 1450 3149 1503 opus
3181 1439 3484 1497 Aristotelis
3516 1459 3634 1512 per-

2044 1510 2212 1566 tinere
2237 1514 2496 1571 videatur.
2517 1519 2694 1585 Quare
2718 1540 2822 1578 non
2847 1535 2929 1579 est
2951 1529 3248 1586 audiendus
3273 1535 3630 1607 Andronicus,

2043 1604 2130 1673 qui
2181 1619 2397 1676 pr0pter
2429 1613 2731 1676 passionum
2770 1635 2959 1673 nomen
2985 1666 2991 1674 .
3029 1621 3170 1677 hunc
3202 1625 3390 1680 librttut
3419 1632 3486 1686 ab
3516 1604 3632 1687 Aris

2041 1701 2249 1753 stotelis
2293 1704 2544 1767 operibus
2589 1720 2820 1776 Separal.
2871 1712 3192 1771 Arismteles
3249 1722 3388 1774 enim
3435 1723 3631 1782 idcirco

2042 1789 2317 1854 passiones
2354 1795 2549 1848 animae
2617 1798 2916 1856 intellectus
2948 1809 3192 1870 Vocavit,
3233 1813 3371 1880 quod
3415 1816 3629 1873 intelle-

347 1883 524 1938 verbis
554 1897 602 1937 et
632 1885 698 1938 de
725 1888 1086 1951 orationibus,
1125 1907 1245 1945 cum
1281 1895 1392 1948 hazc
1417 1899 1592 1950 omnia
1627 1915 1732 1952 uno
1765 1901 1929 1955 inter-
1965 1884 2013 1946 Β
2039 1891 2156 1933 ⁸³³⁸
2182 1899 2314 1951 (“ws
2344 1899 2593 1942 sermone
2623 1891 2802 1947 dicere
2866 1905 2919 1950 et
2960 1901 3206 1955 θΓθιίθηθ
3236 1907 3476 1972 Ρτυίθπθ
3505 1926 3629 1965 θοη*

346 1977 658 2042 pretatiouis
703 1982 918 2033 nomine
958 1984 1378 2050 continerentur,
1410 2003 1570 2056 Supra
1604 1988 1794 2045 fecisse
1841 1994 1933 2045 do-

345 2068 583 2130 cuimus,
617 2086 734 2124 cum
767 2072 847 2126 hic
892 2075 1024 2127 liber
1068 2077 1135 2128 ab
1165 2093 1230 2130 eo
1265 2080 1332 2133 de
1370 2081 1808 2152 interpretatione
1837 2103 1933 2143 no-

343 2161 490 2212 mitia
520 2177 580 2214 us
605 2175 706 2216 est.
726 2164 826 2218 Sed
844 2167 982 2234 quod
1013 2169 1235 2235 addidit,
1265 2172 1407 2226 illam
1437 2174 1930 2246 interpretationem

341 2252 514 2306 solam
544 2255 646 2308 dici
695 2274 793 2325 qua
852 2258 903 2312 itt
935 2262 1177 2316 oratione
1223 2266 1387 2326 possit
1419 2267 1613 2322 veritas
1641 2282 1695 2324 et
1730 2272 1798 2328 fal
1832 2274 1932 2330 itas

341 2342 589 2408 imeuiri,
617 2358 669 2398 ut
694 2360 774 2402 e~t
797 2353 1124 2406 euutttiativa
1150 2359 1340 2420 oratio,
1371 2358 1615 2428 fingentis
1642 2372 1722 2417 est
1749 2363 1833 2430 (ut
1857 2367 1932 2422 ait

340 2433 694 2508 Porphyrius)
717 2442 1160 2511 significationem
1191 2451 1422 2504 nominis
1450 2454 1622 2520 potius
1645 2471 1805 2523 quam
1833 2459 1929 2513 do-

339 2533 510 2584 centis
532 2573 547 2597 ,
582 2545 742 2598 atque
775 2537 862 2590 ille
892 2538 1107 2605 quidem
1140 2555 1191 2594 et
1224 2542 1276 2595 in
1308 2544 1600 2601 intentione
1643 2551 1760 2603 libri
1793 2561 1846 2604 et
1879 2555 1928 2607 in

341 2623 492 2678 titttlo
527 2625 689 2679 falsus
731 2639 847 2695 est,
892 2633 983 2685 sed
1032 2649 1136 2685 non
1180 2635 1369 2689 eodem
1420 2640 1578 2692 modo
1622 2641 1691 2696 de
1728 2643 1930 2711 judicio

340 2731 549 2786 quoque
592 2719 709 2773 libri
745 2721 898 2788 hujus
943 2735 1108 2778 errat.
1159 2729 1496 2784 Andronicus
1541 2734 1682 2787 enim
1730 2735 1925 2793 librum

338 2805 478 2862 hunc
505 2811 806 2868 Aristotelis
835 2830 954 2869 esse
986 2834 1089 2872 non
1117 2830 1263 2882 putat
1291 2839 1446 2888 quem
1478 2827 1777 2883 Alexander
1806 2846 1927 2886 vere

336 2899 648 2971 fortiterque
695 2907 983 2975 redarguit.
1024 2911 1190 2975 Quem
1238 2928 1358 2967 cum
1409 2927 1653 2972 exactum
1699 2921 1926 2986 diligen-

337 3003 551 3064 temque
581 2999 879 3052 Aristotelis
910 3001 1165 3056 librorum
1190 3015 1240 3058 et
1265 3005 1497 3074 judicent
1522 3019 1571 3062 et
1597 3023 1923 3080 repertorem

335 3085 585 3160 Iudici-rit
616 3091 930 3161 antiquitas,
961 3112 1057 3149 cur
1088 3097 1137 3149 itt
1174 3099 1328 3166 hujus
1360 3101 1476 3154 libri
1502 3105 1705 3173 judicio
1734 3110 1804 3160 sit
1831 3107 1926 3162 fal-

335 3196 468 3248 sus,
519 3200 734 3251 prorsus
768 3199 848 3241 est
898 3206 1085 3259 magna
1140 3193 1496 3251 admiratione
1532 3198 1921 3268 diguiSsimum.

2040 1973 2341 2040 suevimus,
2389 1993 2454 2033 ex
2507 1981 2678 2049 aliqua
2720 1999 2878 2038 causa
2925 1997 3086 2058 atque
3136 1993 3368 2051 utilitate
3407 2001 3630 2069 profecti

2037 2075 2165 2119 sunt
2208 2085 2220 2121 :
2251 2080 2306 2122 ut
2331 2071 2471 2124 enim
2499 2074 2723 2144 dispersi
2766 2079 3009 2137 homines
3039 2086 3438 2164 colligerentur,
3467 2107 3519 2149 et
3548 2097 3628 2152 le-

2034 2157 2192 2227 gibus
2235 2164 2450 2217 vellent-
2485 2182 2605 2221 esse
2654 2168 2913 2240 subjecti,
2959 2178 3307 2250 civitatesque
3355 2187 3626 2256 condere,

2037 2249 2234 2304 utilitas
2265 2254 2506 2322 quaedam
2539 2255 2638 2310 fuit
2675 2268 2728 2314 et
2764 2277 2920 2317 caus:
2947 2281 2961 2330 ;
3005 2249 3250 2336 quocirca
3283 2288 3402 2343 quze
3431 2293 3494 2330 ex
3524 2279 3627 2333 ali~

2034 2357 2136 2409 qua
2185 2345 2412 2402 utilitate
2453 2349 2736 2414 eveniunt,
2788 2370 2854 2408 ex
2907 2361 3155 2425 passione
3199 2379 3409 2436 quoque
3445 2371 3626 2428 venire

2033 2449 2255 2490 necesse
2289 2447 2393 2492 est.
2438 2439 2568 2494 Nam
2609 2453 2664 2497 ut
2692 2444 2870 2501 divina
2919 2450 3036 2506 sine
3068 2455 3172 2509 ulla
3205 2469 3326 2512 sunt
3355 2466 3621 2531 passione,

2031 2522 2102 2578 ita
2137 2527 2279 2582 nulla
2317 2529 2418 2583 illis
2446 2535 2782 2590 extrinsecus
2823 2541 3025 2596 utilitas
3066 2547 3204 2600 valet
3229 2522 3466 2622 adjuiigi.
3497 2555 3624 2624 Qum

2031 2631 2160 2672 vero
2185 2629 2310 2674 sunt
2337 2623 2607 2691 passlltilia
2654 2643 2869 2699 semper
2920 2634 3153 2704 aliquam
3183 2654 3398 2698 causam
3465 2623 3624 2716 atque

2030 2711 2309 2766 utilitatem
2355 2718 2546 2784 quibus
2589 2733 2952 2780 sustententur
3002 2730 3302 2790 inveniunt.
3355 2738 3622 2804 Quocirca

2032 2801 2337 2869 hujusmodi
2370 2809 2669 2866 intellecms
2700 2817 2788 2884 qui
2822 2818 2886 2870 ad
2923 2821 3149 2876 alterum
3181 2801 3422 2885 oratione
3453 2835 3622 2900 prore.

2030 2895 2182 2949 reudi
2213 2908 2373 2964 sunt,
2408 2905 2660 2969 quoniam
2693 2923 2754 2960 ex
2795 2910 2970 2978 aliqua
3003 2929 3162 2968 causa
3205 2929 3364 2988 atque
3395 2895 3620 2984 utilitate

2032 2985 2282 3042 videntur
2311 3007 2431 3046 esse
2459 2995 2670 3050 collecti
2697 3041 2711 3062 ,
2744 3013 2889 3056 recte
2936 3005 3212 3070 passiones
3255 3013 3417 3067 animi
3452 3019 3620 3072 nomi-

2029 3080 2136 3133 nati
2163 3095 2305 3136 sunt.
2339 3085 2481 3140 Etde
2506 3089 2799 3146 intentione
2828 3096 3064 3164 quidem,
3098 3109 3152 3154 et
3179 3102 3248 3155 de
3277 3104 3394 3159 libri
3422 3107 3619 3163 inscri-

2029 3174 2242 3243 ptioue,
2276 3187 2329 3230 et
2356 3179 2423 3233 de
2467 3197 2532 3235 eo
2574 3186 2715 3253 quod
2751 3187 2834 3241 ltic
2865 3193 3096 3247 maxime
3138 3196 3443 3254 Aristotelis
3488 3203 3619 3261 liber

334 3271 454 3330 Non
484 3291 602 3329 esse
644 3295 867 3348 namque
901 3283 1173 3349 proprium
1207 3285 1508 3342 Aristotelis
1552 3288 1673 3343 ltinc
1702 3284 1925 3347 conatur
1949 3268 1995 3330 ο
2028 3281 2147 3320 esse
2195 3271 2460 3337 p'lmndus
2499 3290 2529 3329 θ
2563 3284 2611 3343 ι’
2655 3277 2769 3334 hmo
2811 3281 2947 3336 diem
2989 3285 3275 3343 summam'
3323 3293 3458 3358 Qui"
3493 3311 3618 3353 vero

334 3368 645 3430 ostendere,
677 3371 925 3436 quoniam
958 3374 1201 3441 quantam
1231 3376 1544 3434 Aristoteles
1573 3379 1624 3433 in
1658 3383 1922 3450 principio

335 3455 455 3510 libri
487 3457 641 3527 hujus
667 3461 733 3513 de
764 3462 1124 3517 intellecdbus
1149 3469 1308 3520 animi
1345 3477 1571 3531 tractat,
1605 3486 1738 3539 quos
1771 3474 1922 3528 intel-

334 3549 504 3604 lectus
531 3554 723 3607 anima:
759 3557 1033 3622 pa~si0ues
1059 3568 1300 3627 vocatu,
1331 3569 1392 3614 “et
1424 3565 1489 3616 de
1521 3563 1604 3616 his
1630 3578 1689 3618 se
1717 3565 1921 3634 plenius

333 3642 385 3695 in
423 3645 570 3698 libris
605 3646 672 3700 de
699 3649 874 3702 anima
913 3649 1216 3718 disputas~e
1257 3665 1663 3711 commemorat.
1698 3658 1763 3712 Et
1789 3676 1920 3729 quo-

331 3737 474 3790 niam
512 3742 787 3802 passiones
836 3745 1029 3798 animze
1060 3747 1315 3814 vocabat,
1352 3748 1436 3803 Vel
1484 3751 1784 3818 tristitiam,
1836 3757 1916 3810 vel

330 3831 614 3898 gaudium,
649 3834 728 3887 vel
765 3835 1140 3902 Cupiditatem,
1180 3843 1256 3894 vel
1289 3842 1416 3894 alias
1453 3845 1754 3913 hujusmodi
1788 3848 1919 3903 affe-

330 3924 542 3978 ctiones
564 3926 691 3979 dicit
714 3927 1066 3989 Andronicus,
1093 3949 1155 3987 ex
1189 3936 1287 3990 hoc
1318 3936 1527 4001 probari
1562 3938 1699 3994 lmuc
1725 3941 1916 3996 librum

330 4016 638 4072 Aristotelis
669 4033 772 4074 non
814 4037 966 4090 esse,
1010 4025 1147 4089 quod
1187 4028 1254 4082 de
1286 4027 1589 4094 lmjusmodi
1622 4031 1917 4090 affectioni-

329 4107 430 4165 bus
470 4113 600 4165 nihil
631 4115 678 4167 iu
716 4115 861 4169 libris
891 4118 958 4172 de
986 4120 1155 4174 anima
1185 4125 1546 4190 tractivisset,
1582 4141 1687 4180 non
1718 4127 1914 4182 intelli-

327 4222 460 4277 gens
505 4209 554 4261 in
596 4208 694 4264 hoc
735 4211 869 4267 libro
912 4217 1251 4270 Aristotelem
1283 4221 1560 4297 p-is'siones
1589 4226 1780 4278 animae
1807 4240 1915 4280 non

329 4312 426 4370 pro
451 4301 849 4371 aﬂection:bus,
881 4312 974 4362 sed
1004 4326 1102 4378 pro
1133 4312 1493 4370 intellectibus
1526 4319 1767 4383 posuisse
1823 4321 1915 4376 llis

327 4394 633 4449 Alexander
664 4399 826 4452 multa
859 4401 960 4453 alia
1000 4403 1144 4456 addit
1175 4417 1489 4474 argumenta
1527 4425 1623 4464 cur
1653 4412 1754 4468 ltoc
1778 4427 1913 4482 Opus

326 4487 560 4540 maxime
591 4489 894 4544 Aristotelis
919 4508 1038 4548 esse
1071 4483 1331 4550 videatur.
1367 4498 1439 4551 Ea
1472 4516 1700 4570 namque
1727 4503 1913 4558 dicun-

325 4583 412 4627 tur
441 4577 526 4630 hic
553 4594 672 4647 quae
701 4583 981 4636 sententiis
1020 4586 1322 4641 Aristotelis
1350 4605 1467 4657 quae.
1495 4603 1620 4647 sunt
1649 4593 1717 4648 de
1746 4611 1910 4650 enun-

2029 3360 2270 3417 utilitatis
2302 3364 2516 3432 habeat,
2549 3387 2653 3424 non
2684 3373 2944 3442 ignorabit
3003 3382 3092 3449 qui
3124 3383 3258 3438 sciet
3281 3401 3382 3455 qua
3413 3388 3462 3442 in
3492 3405 3618 3444 ora-

2025 3455 2170 3511 tione
2212 3459 2408 3514 veritas
2451 3475 2660 3532 constet
2699 3477 2755 3521 et
2797 3467 3020 3527 falsitas.
3068 3471 3120 3527 In
3167 3478 3277 3531 sola
3316 3482 3457 3534 enim
3508 3483 3618 3542 haec

2025 3546 2355 3602 enuntiativa
2391 3555 2634 3610 oratione
2665 3560 2985 3616 consistunt.
3017 3563 3132 3618 Jam
3165 3581 3292 3623 vero
3323 3586 3441 3641 quae
3481 3576 3618 3629 divi~

2022 3635 2150 3691 dant
2197 3657 2380 3696 verum
2431 3645 2761 3720 falsumque;
2805 3669 2993 3723 quasve
3045 3658 3302 3724 diffinita.
3340 3635 3438 3720 vel
3497 3684 3616 3738 qure

2021 3731 2184 3783 varia:
2209 3743 2260 3786 et
2296 3738 2627 3795 mutabiliter
2650 3745 2930 3802 veritatem
2965 3749 3356 3825 ialsitatemque
3385 3763 3616 3826 partian-

2023 3828 2142 3886 tur;
2173 3839 2290 3890 quze
2330 3827 2513 3895 juncta
2554 3832 2654 3884 diei
2705 3836 2939 3904 possint,
2974 3855 3093 3894 cum
3123 3859 3366 3912 separata
3402 3855 3615 3910 valeant

2022 3914 2334 3982 prtedirari;
2365 3936 2432 3988 qu
2453 3941 2480 3970 ι·
2503 3937 2743 3992 separata
2771 3928 3484 4005 dirantur,cutnjunrtation
3508 3948 3614 4002 sint

2022 4003 2344 4071 praedicata;
2377 4026 2494 4077 qure
2525 4012 2634 4066 sint
2664 4016 2970 4084 negationes
3002 4036 3120 4076 eum
3166 4029 3324 4081 modo
3366 4039 3609 4097 preposi-

2021 4095 2258 4161 tionult;
2293 4115 2410 4164 quae
2442 4117 2624 4158 earum
2655 4115 3076 4178 consequentiae,
3106 4115 3316 4186 aliaque
3347 4123 3518 4190 plura,
3553 4129 3604 4182 in

2019 4186 2136 4256 ipso
2167 4204 2331 4256 Opere
2353 4195 2723 4252 consideratur
2753 4203 2944 4268 poterit
2975 4207 3261 4278 diligenter
3290 4227 3603 4286 agnoscere,
3665 4285 3670 4290 ι

2017 4289 2242 4344 quarum
2271 4296 2516 4351 magnam
2557 4293 2862 4357 experietur
2919 4299 3197 4354 utilitatem
3239 4304 3327 4373 qui
3369 4308 3608 4365 animum

2015 4380 2142 4422 cura
2170 4369 2393 4442 alicujus
2425 4377 2849 4448 investigationis
2885 4386 3194 4447 adverterit.
3227 4369 3334 4451 scd
3371 4413 3510 4453 nunc
3537 4401 3604 4457 ad

2015 4459 2184 4528 ipsius
2210 4465 2517 4524 Aristotelis
2538 4476 2699 4527 verba
2732 4481 3029 4537 veniamus.

2635 4585 2722 4640 DE
2760 4589 2910 4645 SIGN
2917 4593 2990 4648 IS.

324 4667 506 4721 tialiva
525 4673 763 4727 oratione
783 4678 1149 4742 consentiant;
1182 4680 1305 4732 illud
1331 4687 1717 4755 quoque,quod
1736 4689 1906 4759 Stylus
1934 4657 1991 4721 Β
2015 4683 2255 4741 Primum
2307 4702 2503 4761 oportet
2555 4701 2860 4756 constituere
2912 4705 3040 4774 quid
3066 4708 3131 4761 si:
3161 4725 3372 4781 nomen,
3402 4728 3448 4770 ει
3481 4721 3603 4788 quid

324 4759 439 4788 3..-...
466 4777 681 4788 .._..--.-..
707 4767 1014 4788 |__--_:..-.,__,
1205 4773 1214 4782 -
1341 4775 1350 4788 .
1411 4778 1423 4788 ι
1474 4778 1483 4787 .
1634 4779 1665 4788 ..
1753 4780 1765 4788 .
2118 4782 2129 4788 -
2271 4785 2279 4788 -

322 4759 440 4828 ipse
466 4777 681 4832 propter
706 4767 1019 4821 brevitatem
1048 4773 1282 4838 pressior
1304 4775 1371 4828 ab
1398 4778 1696 4832 Aristotelis
1717 4780 1906 4836 obscu-

319 4853 486 4908 ritate
526 4873 628 4910 non
677 4858 980 4928 discrepat;
1026 4875 1079 4914 et
1122 4865 1260 4932 quod
1309 4866 1737 4938 Theophrastus,
1772 4886 1826 4928 ut
1855 4876 1908 4930 in

319 4947 444 5000 aliis
475 4949 638 5010 solet.
667 4966 786 5004 cum
819 4952 885 5006 de
915 4954 1178 5010 similibus
1211 4959 1368 5012 rebus
1401 4973 1621 5026 tractat,
1661 4983 1776 5035 qum
1807 4968 1910 5022 sci-

318 5037 448 5092 lice't
477 5041 542 5092 ab
569 5043 857 5099 Aristotele
884 5058 1006 5101 ante
1033 5059 1251 5104 tractata
1279 5064 1422 5121 sunt,
1453 5057 1501 5108 iu
1536 5058 1668 5113 libro
1698 5077 1910 5130 qquue

314 5132 385 5186 de
416 5131 776 5191 affirmatione
803 5151 855 5192 et
884 5143 1189 5208 negatione,
1223 5146 1407 5202 iisdem
1437 5153 1702 5222 aliquibus
1728 5158 1908 5214 verbis

312 5227 508 5288 utitur,
538 5229 728 5297 quibus
761 5231 810 5284 in
843 5232 943 5286 hoc
975 5236 1110 5291 libro
1136 5241 1449 5296 Aristoteles
1477 5261 1602 5298 usus
1631 5258 1734 5300 est.
1761 5248 1906 5304 Idem

311 5336 528 5389 quoque
569 5323 974 5391 Theophrastus
1019 5332 1110 5385 dat
1154 5349 1362 5401 signum
1418 5339 1556 5394 hunc
1604 5342 1907 5400 Aristotelis

305 5412 508 5468 librum
541 5433 661 5471 esse
691 5438 702 5471 :
736 5422 786 5473 in
815 5425 1063 5479 munibus
1093 5430 1234 5482 enim
1266 5432 1334 5485 de
1364 5433 1558 5498 quibus
1588 5436 1700 5501 ipse
1728 5437 1909 5507 dispu-

307 5515 388 5560 tat
421 5520 535 5574 post
571 5510 880 5577 magistrum
900 5556 914 5577 ,
945 5515 1132 5571 leviter
1160 5537 1220 5572 ea
1257 5523 1421 5590 tangit
1452 5539 1572 5591 qua:
1602 5525 1670 5578 ab
1701 5527 1907 5582 Aristo-

309 5603 418 5654 tele
463 5600 604 5652 dicta
645 5609 768 5655 ante
803 5608 1083 5674 cognovit,
1133 5612 1267 5665 alias
1309 5630 1434 5666 vero
1475 5616 1778 5684 diligentius
1820 5637 1906 5677 res

306 5707 416 5747 non
451 5693 523 5745 ab
566 5694 853 5751 Aristotele
885 5709 1137 5754 tractatas
1177 5707 1504 5775 exsequitur.
1551 5709 1646 5765 llic
1691 5727 1906 5784 quitque

304 5783 451 5838 idem
482 5783 635 5851 fecit,
685 5801 805 5841 nam
836 5804 956 5858 qua:
991 5793 1308 5850 Aristoteles
1341 5801 1440 5853 hoc
1472 5802 1608 5856 libro
1636 5803 1705 5858 de
1738 5783 1906 5862 enun-

301 5877 533 5956 tiatioue
564 5885 831 5948 tractavit,
863 5885 1050 5942 leviter
1073 5888 1140 5945 ab
1168 5892 1260 5947 illo
1287 5901 1589 5955 transcursa
1618 5907 1761 5968 sunt,
1785 5911 1905 5972 quat

2085 4782 2149 4835 sit
2179 4785 2402 4850 teritum,
2419 4799 2594 4855 postea
2621 4793 2745 4862 quid
2759 4798 3344 4874 negatio,etaﬁirmatio,
3380 4821 3426 4866 et
3449 4782 3604 4870 enun-

2093 4877 2257 4927 tiatt‘o.
2294 4886 2339 4928 et
2371 4879 2553 4932 oratio.

2087 4986 2607 5050 Librum’inchoans
2637 5000 2704 5054 de
2733 5003 2923 5072 quibus
2951 5009 3004 5062 in
3047 5014 3193 5068 omni
3224 5017 3364 5072 serie
3403 5030 3598 5078 tracta-

2018 5087 2168 5136 turus
2199 5084 2268 5136 sit
2317 5098 2444 5142 ante
2483 5095 2776 5159 proposuit.
2811 5097 3059 5157 Aitenim
3087 5118 3333 5176 Oportere
3366 5113 3510 5180 prius
3537 5117 3603 5172 de

2019 5171 2211 5240 quibus
2241 5176 2606 5244 disputaturos
2653 5195 2735 5239 est
2781 5189 3030 5248 diffinire.
3087 5171 3180 5252 Hic
3223 5171 3378 5256 enim.
3405 5171 3603 5262 COIISIi;

2019 5271 2170 5318 tuere
2227 5266 2460 5322 diffinire
2501 5272 2902 5346 intezligendum
2976 5294 3077 5340 est.
3131 5289 3600 5355 Deterniiunndum

2019 5367 2248 5423 namque
2277 5370 2360 5412 est
2389 5362 2512 5428 quid
2547 5363 2657 5436 lucc
2683 5371 2859 5424 omnia
2891 5374 3023 5437 sint,
3055 5377 3104 5430 id
3129 5389 3211 5433 est
3240 5385 3363 5449 quid
3406 5403 3599 5446 uutncn

2018 5446 2108 5508 sit,
2141 5447 2264 5514 quid
2299 5452 2537 5517 verbum,
2568 5465 2622 5508 et
2649 5473 2838 5514 ctetera
2861 5504 2874 5525 ,
2907 5481 3025 5533 quae
3049 5473 3311 5527 elementa
3345 5478 3600 5549 interpre-

2018 5537 2232 5595 tationis
2261 5556 2380 5597 esse
2411 5546 2770 5612 praediximus.
2805 5553 2908 5607 Sed
2941 5559 3222 5618 affirmatio
3251 5577 3408 5637 atque.
3442 5537 3598 5644 nega-

2017 5627 2090 5682 tio
2119 5632 2217 5685 sub
2247 5634 2683 5704 interpretatione
2707 5654 2851 5699 sunt.
2875 5646 3048 5714 Quare
3074 5669 3268 5711 nomen
3295 5627 3352 5714 et
3380 5627 3599 5721 verbhm

2015 5721 2386 5781 affirmatiouis
2414 5738 2470 5782 et
2499 5733 2792 5800 negationis
2820 5739 3084 5797 elementa
3115 5760 3233 5804 esse
3258 5755 3601 5817 manifestum

2015 5824 2118 5870 est.
2161 5818 2251 5870 Itis
2286 5819 2428 5875 enim
2468 5827 2779 5893 compositis
2811 5833 3094 5890 affirmatio
3117 5851 3191 5893 'et
3220 5848 3429 5914 negatio
3467 5866 3600 5907 cou-

2011 5905 2328 5978 juuguutur.
2358 5915 2556 5973 Existit
2582 5919 2668 5974 hic
2692 5926 2937 5992 quaedam
2969 5931 3194 6000 quaestio
3219 5905 3317 5993 cur
3345 5939 3451 5996 duo
3481 5905 3597 5999 tati-
