4270 6266
659 452 761 509 ’599

1880 451 1987 507 ΑΝ.
2029 445 2239 506 MANL.
2278 446 2430 508 δΕν.
2474 451 2693 509 BOETll

3813 457 3915 512 400

656 582 768 625 tum
799 583 996 623 nomen
1019 576 1072 622 et
1098 567 1313 621 verbum
1340 583 1397 621 se
1419 564 1778 621 determinare
1803 568 2096 634 promittat,
2119 581 2238 621 cum
2266 570 2322 628 Δ
2342 569 2669 637 imperfectae
2689 612 2703 637 ,
2745 572 2825 626 vel
2870 572 3144 641 perfectae,
3194 574 3347 642 cujus
3375 572 3551 641 plures
3574 584 3711 627 esse
3738 583 3915 641 partes

658 663 836 731 plures
869 671 1046 729 partes
1088 660 1345 713 orationis
1389 675 1507 713 esse
1550 659 1853 713 videantur.
1896 658 2098 725 Quibus
2137 660 2242 711 hoc

656 753 937 805 dicendum
983 761 1098 815 est,
1151 760 1356 804 tantum
1406 750 1747 805 Aristotelem
1796 749 1896 803 hoc
1928 750 2062 804 libro
2096 749 2237 801 diffi-

656 846 830 904 nisse.
861 854 1115 913 quantum
1161 845 1234 897 illi
1277 844 1343 896 ad
1392 843 1441 897 id
1490 843 1630 912 quod
1680 842 1979 896 instituerat
2012 851 2238 895 tractare

654 936 881 990 sudet-it.
918 937 1129 989 Tractat
1154 951 1382 1005 namque
1408 936 1477 991 de
1504 935 1729 1002 simplici
1759 935 2085 989 enuntiativa
2118 951 2238 987 ora-

652 1028 824 1091 tione,
858 1044 975 1095 qum
1003 1028 1204 1081 scilicet
1232 1027 1533 1096 hujusmodi
1566 1038 1683 1091 est,
1715 1037 1771 1081 ut
1809 1027 2001 1096 juncus
2032 1036 2234 1080 tantum

652 1121 831 1173 verbis
863 1132 915 1174 et
942 1120 1243 1173 nominibus
1265 1130 1637 1190 componatur.
1662 1122 1713 1174 Si
1747 1121 1864 1190 quis
1895 1135 2087 1174 nomen
2111 1119 2236 1188 jun-

648 1220 737 1278 gat
764 1220 815 1263 et
838 1212 1081 1274 verbum,
1105 1221 1161 1263 ut
1181 1211 1323 1265 dicat
1348 1230 1357 1262 :
1385 1212 1634 1267 Socrates
1657 1212 1912 1275 ambulat,
1938 1212 2233 1277 simplicem

648 1302 772 1355 fecit
788 1304 1165 1357 enuntiativam
1184 1306 1501 1357 orationem.
1519 1303 1858 1357 Enuntiativa
1877 1317 2105 1369 namque
2117 1318 2237 1356 ora-

647 1397 723 1449 tio
746 1406 829 1450 est
856 1400 935 1453 (ut
962 1413 1118 1465 supra
1145 1399 1464 1469 memoravi)
1489 1415 1607 1468 qua:
1637 1399 1797 1452 habet
1828 1400 1878 1451 in
1909 1414 1968 1452 se
1999 1400 2107 1453 veri
2141 1398 2237 1452 fal-

651 1488 766 1542 sive
792 1488 1236 1557 designationem.
1262 1490 1364 1544 Sed
1391 1491 1443 1543 in
1471 1490 1573 1544 hoc
1598 1489 1737 1559 quod
1766 1490 2012 1554 dicimus,
2041 1490 2235 1544 Socra-

646 1593 727 1636 tes
756 1585 1014 1647 ambulat,
1048 1594 1138 1638 aut
1168 1588 1367 1639 veritas
1397 1600 1616 1641 necesse
1646 1596 1729 1639 est
1757 1587 2113 1652 contineatur,
2142 1592 2235 1638 aut

644 1672 869 1728 falsitas.
909 1674 1017 1729 lloc
1064 1677 1204 1729 enim
1234 1677 1275 1728 si
1315 1678 1619 1730 ambulante
1648 1678 1868 1730 Socrate
1898 1677 2111 1741 dicitur,
2142 1691 2233 1730 ve-

644 1776 759 1816 rum
796 1774 905 1828 est,
948 1765 993 1817 si
1033 1779 1137 1817 non
1181 1766 1517 1827 ambulante,
1554 1766 1745 1819 falsum
1796 1775 1898 1819 est.
1953 1765 2232 1819 Perﬁcilur

645 1870 771 1924 ergo
801 1856 1128 1910 enuntiativa
1172 1859 1341 1909 oratio
1374 1858 1599 1926 simplex
1644 1874 1708 1911 ex
1754 1856 1884 1911 solis
1924 1856 2230 1910 nominibus

2343 674 2501 729 supra
2529 662 2637 728 jam
2679 662 2867 725 docui,
2908 664 3044 717 inter
3069 679 3199 728 quas
3229 665 3475 731 perfecta:
3504 663 3758 717 orationis
3796 680 3915 732 spe-
4002 662 4005 663 ⁷

2342 752 2452 805 cies
2479 761 2562 807 est
2602 755 2915 809 enuntiatio.
2965 758 3029 810 Et
3070 756 3224 825 hujus
3268 772 3479 825 quoque
3522 756 3623 809 alia
3654 757 3911 825 simplex,

2341 842 2438 895 alia
2485 845 2773 912 composita
2806 854 2906 899 est.
2955 847 3029 900 De
3070 848 3329 915 simplicis
3366 862 3492 900 vero
3533 846 3915 901 enuntiationis

2339 933 2619 1001 speciebus
2659 937 2797 990 inter
2838 936 3183 1005 philosophos
3211 946 3763 1007 commentatoresque
3797 951 3913 992 cer-

2341 1032 2499 1077 tatur.
2534 1025 2693 1079 Aiunt
2723 1026 2863 1080 enim
2890 1028 3101 1097 quidam
3135 1028 3539 1083 affirmationem
3568 1041 3724 1097 atque
3752 1044 3914 1098 nega-

2339 1116 2540 1171 tionem
2581 1119 2927 1173 entmtiationi
2967 1131 3022 1173 ut
3052 1122 3257 1189 species
3294 1123 3517 1190 supponi
3547 1134 3821 1189 oportere,
3858 1122 3910 1175 in

2337 1208 2527 1273 quibus
2556 1221 2608 1263 et
2639 1210 2964 1280 Porphyrius
2991 1222 3091 1265 est.
3131 1212 3354 1279 Quidam
3377 1230 3503 1267 vero
3533 1214 3672 1289 nulla
3704 1215 3912 1268 ratione

2337 1302 2711 1366 consentiunt,
2744 1304 2835 1357 sed
2866 1305 3190 1359 contendunt
3218 1306 3625 1360 afﬁrmationem
3668 1317 3721 1361 et
3750 1322 3911 1375 nega-

2338 1393 2535 1447 tionem
2563 1396 2887 1463 mqnivocam
2918 1412 3059 1460 esse,
3091 1407 3141 1451 et
3165 1413 3269 1451 uno
3292 1398 3503 1466 quidem
3528 1398 3911 1453 enuntiationis

2336 1487 2593 1541 vocabulo
2626 1490 2916 1557 nuncupari
2937 1530 2951 1554 ,
2987 1490 3257 1559 przedicari
3290 1500 3464 1547 autem
3493 1491 3909 1545 enuntiationem

2335 1577 2400 1631 ad
2433 1588 2684 1648 utrasque
2710 1590 2766 1634 ut
2786 1596 2978 1636 nomen
3002 1584 3355 1650 tequivocum,
3392 1599 3494 1636 non
3525 1592 3579 1636 ut
3605 1598 3769 1653 genus
3798 1583 3908 1636 uni-

2336 1683 2557 1733 vocum,
2612 1685 2835 1739 quorum
2888 1673 3134 1741 princeps
3179 1673 3478 1726 Alexander
3524 1683 3637 1739 est,
3688 1687 3907 1742 quorum

2334 1762 2707 1815 contentiones
2744 1776 3012 1830 apponere
3042 1778 3147 1815 non
3180 1762 3389 1816 videtur
3418 1762 3621 1816 inutile.
3665 1765 3738 1817 Ac
3767 1763 3907 1833 prius

2334 1850 2524 1917 quibus
2554 1852 2727 1905 modis
2772 1851 3201 1907 afﬁrmationem'
3230 1866 3387 1923 atque
3434 1856 3763 1923 negationem
3805 1870 3906 1907 non

642 1956 800 2016 atque
828 1949 1023 2003 verbis.
1053 1950 1229 2016 Quare
1260 1950 1584 2018 superﬂuum
1608 1960 1692 2005 est
1713 1966 1954 2019 qumrcrc
1975 1965 2070 2003 cur
2095 1949 2226 2003 alias
2263 1941 2305 2000 Β
2332 1954 2449 1993 esse
2477 1941 2685 2008 species
2706 1943 3088 1997 enuntiationis
3108 1944 3411 1998 Alexander
3434 1954 3579 2013 putet
3624 1944 3905 1999 dicendum

642 2057 850 2110 quoque
872 2058 990 2110 quae
1021 2042 1267 2095 videntur
1296 2042 1555 2097 orationis
1581 2053 1759 2111 partes
1789 2058 1895 2095 non
1933 2056 2224 2109 proposue—

640 2133 739 2195 rit,
772 2134 861 2201 qui
898 2149 1002 2186 non
1038 2134 1197 2187 totius
1230 2133 1544 2201 simpliciter
1572 2133 1859 2197 orationis,
1890 2132 1983 2186 sed
2021 2139 2221 2185 tantum

640 2226 893 2294 simplicis
952 2228 1334 2280 enuntiationis
1397 2226 1651 2281 iustituit-
1686 2226 1948 2280 elementa
2002 2225 2218 2293 partiri,

639 2335 942 2388 quanquam
974 2319 1056 2373 ha:
1086 2319 1205 2373 dua:
1233 2320 1445 2389 proprie
1477 2328 1655 2388 partes
1695 2317 1953 2372 orationis
1982 2316 2221 2371 dicendae

638 2413 777 2477 sint,
829 2427 1021 2466 nomen
1063 2412 1271 2465 scilicet
1309 2420 1469 2481 atque
1499 2413 1721 2466 verbum
1744 2451 1760 2475 ,
1801 2411 1918 2465 haec
1956 2412 2097 2464 enim
2128 2426 2222 2480 per

638 2522 757 2561 sese
801 2516 1027 2574 utraque
1079 2505 1402 2572 signiﬁcant.
1450 2503 1869 2573 Conjunctiones
1917 2515 2091 2559 autem
2136 2505 2218 2560 vel

636 2596 1042 2664 priapositiones
1072 2596 1203 2648 nihil
1235 2599 1454 2649 omnino
1483 2596 1581 2650 nisi
1612 2612 1731 2651 cum
1756 2596 1875 2650 aliis
1895 2594 2097 2665 junctae
2128 2596 2221 2651 de-

637 2691 873 2756 signant.
914 2688 1195 2758 Participia
1242 2689 1405 2742 verbo
1434 2698 1654 2759 cognata
1694 2698 1845 2753 sunt,
1877 2689 1963 2743 vel
2004 2690 2144 2758 quod
2186 2703 2218 2743 a

634 2782 924 2849 gerundive
965 2780 1125 2835 modo
1164 2782 1412 2845 veniant,
1446 2784 1527 2837 vel
1558 2784 1702 2851 quod
1746 2793 1955 2850 tempus
2000 2784 2216 2851 propria

634 2872 1020 2942 significatione
1070 2874 1403 2927 contineant.
1449 2872 1852 2942 Interjcctiones
1893 2888 2021 2927 vero
2059 2883 2216 2941 atque

632 2964 981 3033 pronomina,
1036 2980 1271 3019 necnon
1315 2965 1565 3019 adverbia
1615 2965 1667 3019 in
1713 2966 1940 3019 nominis
1975 2964 2091 3019 loco
2123 2980 2217 3032 po-

631 3056 805 3111 nenda
836 3064 989 3120 sunt,
1037 3056 1235 3111 idcirco
1266 3057 1404 3127 quod
1452 3056 1650 3124 aliquid
1693 3057 1975 3111 diffinitum
2015 3056 2216 3125 signiﬁ-

631 3156 772 3211 cant,
806 3147 894 3200 ubi
926 3148 1067 3200 nulla
1093 3160 1175 3202 εει
1206 3149 1290 3202 vel
1318 3148 1579 3213 passionis
1602 3149 1920 3217 signiﬁcatio
1941 3150 2027 3204 vel
2049 3150 2214 3205 actio-

630 3244 731 3297 nis.
772 3244 925 3309 Quod
956 3245 998 3296 si
1032 3242 1244 3297 casibus
1276 3243 1462 3295 horum
1494 3241 1737 3311 quaedam
1782 3242 1920 3296 ﬁecti
1956 3258 2059 3297 non
2090 3258 2212 3312 pos-

627 3346 771 3399 sunt,
804 3338 933 3391 nihil
966 3336 1204 3406 impedit.
1238 3336 1374 3391 Sunt
1403 3335 1543 3389 enim
1570 3336 1812 3402 quaedam
1846 3337 2057 3391 nomina
2090 3353 2209 3405 qua:

627 3438 934 3496 monoptota
967 3440 1244 3482 vocantur.
1278 3426 1428 3491 Quod
1453 3428 1495 3479 si
1516 3428 1635 3495 quis
1664 3427 1872 3491 lO“;iUS
1898 3428 1997 3482 ista
2025 3438 2079 3483 et
2103 3444 2207 3484 non

624 3522 866 3590 proxime
897 3522 1060 3591 petita
1092 3535 1211 3574 esse
1242 3520 1547 3585 arbitretur,
1577 3520 1702 3573 illud
1744 3529 1920 3576 tamen
1953 3522 2210 3576 concedat

624 3612 773 3681 quod.
787 3627 943 3679 supra
966 3612 1076 3680 jam
1101 3610 1353 3675 diximus,
1382 3625 1488 3664 non
1515 3624 1635 3665 esse
1658 3626 1866 3677 aequum
1894 3612 2207 3666 calumniari

623 3704 672 3759 ei
704 3702 792 3771 qui
825 3719 929 3757 non
960 3702 1026 3756 de
1049 3703 1192 3755 omni
1219 3703 1484 3765 oratione,
1516 3702 1610 3755 sed
1643 3710 1850 3755 tantum
1881 3702 1949 3755 de
1978 3702 2206 3771 simplici

622 3795 988 3848 enuntiatione
1033 3804 1325 3863 proponat,
1356 3794 1493 3863 quod
1540 3802 1740 3848 tantum
1774 3794 1875 3848 sibi
1911 3794 1975 3847 ad
2011 3794 2208 3848 diffini-

620 3886 822 3939 tionem
863 3887 1181 3954 sumpserit,
1220 3895 1474 3953 quantum
1519 3887 1807 3940 arbitratus
1853 3888 1922 3941 sit
1947 3888 2096 3957 operi
2127 3887 2205 3941 in-

620 3977 807 4031 stituto
853 3976 1123 4035 sufficere.
1174 3977 1350 4042 Quare
1398 3976 1682 4032 dicendum
1734 3986 1817 4033 est
1863 3979 2203 4033 Aristotelem

620 4083 727 4123 non
777 4070 950 4123 omnis
996 4070 1257 4123 orationis
1299 4079 1476 4136 partes
1524 4070 1625 4123 hoc
1670 4084 1833 4137 opere
1880 4070 2017 4125 velle
2059 4070 2203 4125 difﬁ-

616 4160 765 4225 nire,
816 4160 909 4215 sed
953 4170 1153 4214 tantum
1212 4161 1380 4216 solius
1434 4160 1691 4228 simplicis
1734 4162 1993 4216 orationis
2036 4179 2204 4217 enun-

548 4246 557 4253 ’
616 4258 846 4323 tiativae,
897 4274 1015 4327 qua:
1074 4267 1197 4311 sunt
1236 4259 1441 4313 scilicet
1490 4274 1684 4313 nomen
1724 4269 1778 4313 et
1818 4261 2061 4315 verbum.
2102 4261 2204 4315 Ar-

619 4360 931 4418 gumentum
962 4358 1139 4403 autem
1174 4348 1331 4415 hujus
1360 4350 1436 4404 rei
1468 4349 1569 4403 hoc
1598 4358 1698 4403 est.
1735 4350 2020 4419 Postquam
2058 4352 2200 4405 enim

617 4442 897 4507 pr0posuit
925 4441 1145 4495 dicens:
1176 4440 1411 4495 Primum
1460 4452 1669 4507 Oportet
1702 4444 2031 4498 constituere
2075 4444 2200 4511 quid

614 4533 684 4585 sit
712 4549 908 4587 nomen
940 4543 991 4585 et
1023 4533 1147 4602 quid
1207 4534 1449 4599 verbum,
1480 4551 1585 4589 non
1641 4537 1821 4589 statim
1863 4537 2033 4605 inquit
2074 4536 2199 4605 quid

612 4626 682 4679 sit
710 4627 902 4690 oratio,
936 4627 1027 4679 sed
1066 4642 1188 4680 mox
1216 4627 1417 4681 addidit
1446 4629 1571 4698 quid
1602 4629 1840 4700 negatio,
1881 4640 1935 4685 et
1964 4630 2088 4697 quid
2116 4630 2199 4685 af-

2327 2044 2427 2089 est.
2460 2035 2587 2089 Post
2618 2052 2748 2091 vero
2773 2038 2963 2093 addam
2994 2054 3095 2107 qua
3124 2040 3450 2109 Porphyrius
3483 2039 3596 2093 lucc
3627 2054 3904 2108 argumen-

2327 2128 2526 2181 tatione
2555 2130 2881 2187 dissolverit.
2927 2132 3229 2187 Alexander
3279 2147 3507 2200 namque
3558 2130 3753 2185 idcirco
3781 2131 3904 2188 dicit

2327 2240 2429 2279 non
2462 2242 2579 2280 csse
2627 2228 2831 2295 species
2861 2228 3242 2281 enuntiationis
3271 2227 3680 2281 al'ﬁrmationem
3719 2236 3768 2281 et
3817 2242 3906 2281 ne-

2325 2317 2612 2384 gationem,
2632 2318 2877 2386 quoniam
2895 2317 3177 2373 afﬁrmatio
3202 2322 3345 2387 prior
3371 2319 3439 2372 sit
3481 2336 3494 2372 :
3527 2319 3756 2388 priorem
3780 2334 3904 2373 vero

2325 2409 2730 2465 afﬁrmationem
2756 2411 2954 2466 idcirco
2976 2421 3198 2465 conatur
3229 2406 3541 2477 ostendere,
3568 2411 3709 2481 quod
3730 2410 3902 2465 omnis

2324 2505 2535 2576 negatio
2566 2505 2974 2560 afﬁrmationem
3009 2506 3159 2559 tollat
3186 2520 3249 2560 ac
3277 2505 3550 2570 destruat;
3588 2505 3725 2573 quod
3756 2504 3801 2559 si
3831 2504 3900 2559 ita

2323 2610 2427 2662 est,
2462 2600 2607 2666 prior
2630 2610 2710 2653 est
2741 2600 3026 2653 afﬁrmatio
3078 2614 3195 2668 quae
3219 2599 3537 2671 subruatur,
3558 2613 3716 2667 quam
3745 2611 3900 2667 nega-

2325 2691 2400 2743 tio
2452 2706 2569 2759 qua:
2598 2692 2839 2745 subruat.
2875 2690 2933 2743 ln
2978 2691 3170 2760 quibus
3214 2698 3392 2744 autem
3436 2689 3584 2759 prius
3628 2689 3821 2759 aliquid
3849 2697 3900 2742 et

2320 2784 2587 2852 posterius
2617 2792 2730 2848 est,
2766 2784 2852 2837 illa
2897 2783 2995 2838 sub
3034 2783 3225 2837 eodem
3267 2797 3459 2850 genere
3496 2781 3620 2850 poni
3650 2796 3754 2834 non
3783 2794 3899 2849 pos-

2320 2886 2464 2944 sunt,
2495 2886 2553 2931 ut
2596 2877 2649 2931 in
2679 2893 2744 2931 eo
2812 2876 2969 2930 titulo
3015 2874 3544 2944 medicamentorum
3583 2874 3782 2927 dictum
3824 2880 3899 2927 est

2319 2966 2408 3034 qui
2440 2967 2507 3019 de
2537 2967 2618 3019 his
2640 2983 2759 3035 quae
2788 2976 2911 3021 sunt
2938 2965 3094 3019 simul
3124 2964 3457 3019 inscribitur.
3491 2963 3733 3031 Amplius
3763 2979 3775 3013 ε
3805 2960 3898 3017 Ne.

2318 3058 2461 3128 gatio
2487 3058 2684 3121 omnis,
2718 3058 2917 3126 inquit,
2941 3057 3134 3111 divisio
3163 3065 3265 3122 est,
3298 3055 3587 3111 afﬁrmatio
3641 3054 3898 3123 composi-

2320 3149 2392 3203 tio
2429 3158 2587 3219 atque
2628 3149 2937 3218 conjunctio
2981 3158 3083 3203 est.
3116 3148 3248 3202 Cum
3297 3149 3439 3203 enim
3488 3147 3609 3201 dlCO
3652 3146 3898 3202 Socrates

2318 3242 2487 3305 vivit.
2526 3242 2684 3295 vitam
2716 3256 2837 3295 cum
2878 3241 3103 3296 Socrate
3140 3240 3411 3309 coniunxi.
3446 3242 3574 3293 Cum
3617 3239 3766 3305 dico,
3806 3238 3897 3293 So-

2315 3347 2492 3390 crates
2526 3352 2630 3390 non
2659 3335 2821 3399 vivit,
2856 3334 3020 3389 vitam
3051 3348 3079 3387 a
3134 3333 3356 3388 Socrate
3393 3330 3649 3402 disjunxi.
3702 3332 3897 3385 Divisio

2315 3430 2474 3498 igitur
2526 3426 2767 3497 qurcdam
2819 3428 3185 3496 tiegatioest,
3228 3424 3537 3493 conjunctio
3574 3422 3895 3484 afﬁrmatio,

2314 3522 2593 3589 compositi
2624 3530 2798 3574 autem
2834 3530 2917 3575 est
2948 3518 3327 3588 conjunctique
3361 3517 3575 3571 divisio.
3626 3515 3779 3568 Prior
3815 3523 3896 3568 est

2315 3617 2472 3686 igitur
2500 3614 2829 3683 conjunctio,
2864 3612 3005 3683 quod
3028 3620 3112 3666 est
3132 3611 3448 3674 afﬁrmatio;
3479 3611 3743 3679 posterior
3770 3622 3896 3660 vero

2311 3708 2525 3773 divisio,
2558 3706 2696 3777 quod
2728 3715 2810 3760 est
2838 3705 3070 3773 negatio.
3105 3704 3236 3758 Illud
3263 3718 3476 3773 quoque
3500 3701 3721 3771 adjecit,
3755 3699 3895 3770 quod

2311 3800 2487 3854 omnis
2518 3815 2614 3868 per
2641 3799 3050 3852 afﬁrmationem
3097 3796 3234 3851 facta
3273 3795 3567 3849 enuntiatio
3603 3794 3895 3861 simplicior

2310 3896 2398 3959 sit,
2432 3908 2525 3963 per
2554 3894 2889 3962 negationem
2924 3891 3057 3946 facta
3088 3890 3477 3945 enuntiatione.
3506 3888 3582 3942 Ex
3615 3888 3895 3955 negatione

2311 3989 2452 4044 enim
2489 3989 2745 4058 particula
2775 3988 3013 4056 negativa
3043 3985 3085 4039 si
3113 3984 3321 4038 sublata
3347 3984 3437 4051 sit,
3473 3982 3761 4036 afﬁrmatio
3781 3980 3893 4034 sola

2309 4084 2646 4152 relinquitur.
2682 4082 2758 4137 De
2788 4096 2853 4136 eo
2878 4082 3020 4135 enim
3043 4078 3183 4149 quod
3211 4088 3314 4142 est,
3342 4078 3593 4134 Socrates
3618 4092 3722 4131 non
3747 4076 3890 4141 vivit,

2309 4176 2355 4229 si
2381 4191 2487 4230 non
2519 4174 2774 4244 particula
2802 4189 2919 4241 qua:
2948 4182 3032 4227 est
3056 4172 3120 4225 ad
3148 4176 3370 4225 verbum
3399 4169 3691 4232 auferatur,
3719 4182 3891 4222 rema-

2310 4278 2399 4323 net
2442 4268 2690 4321 Socrates
2730 4268 2879 4319 vivit.
2931 4264 3237 4333 Simplicior
3278 4264 3433 4332 igitur
3480 4270 3563 4314 est
3608 4259 3891 4313 affirmatio

2307 4378 2465 4431 quam
2502 4362 2731 4431 negatio.
2762 4362 2917 4415 Prius
2946 4376 3074 4415 vero
3117 4361 3185 4414 sit
3214 4374 3433 4414 necesse
3459 4367 3541 4412 est
3575 4357 3715 4424 quod
3761 4357 3889 4410 sime

2308 4455 2494 4525 plicius
2527 4462 2629 4507 est.
2668 4452 2721 4506 ln
2762 4453 3053 4522 quantitate
3081 4454 3242 4507 etiam
3274 4453 3411 4523 quod
3442 4450 3502 4503 ad
3535 4451 3885 4518 quantitateut

2308 4548 2482 4601 minus
2510 4558 2610 4612 est,
2641 4547 2789 4617 prius
2807 4556 2892 4599 est
2922 4562 2986 4601 eo
3016 4548 3154 4616 quod
3183 4546 3247 4600 ad
3277 4546 3620 4614 quantitatem
3646 4543 3761 4612 plus
3783 4551 3884 4597 est.

2306 4641 2490 4695 Omnis
2517 4656 2644 4694 vero
2665 4643 2838 4696 oratio
2860 4641 3126 4711 quantitas
3145 4656 3158 4701 ;
3176 4651 3249 4693 ρει
3277 4638 3367 4691 sed
3393 4652 3513 4691 cttm
3537 4636 3674 4700 dico,
3702 4634 3887 4690 Socra-

612 4718 864 4782 ﬁrmatin.
896 4728 948 4772 ct
976 4719 1100 4785 quid
1131 4721 1446 4784 enuntiatiO.
1478 4732 1746 4791 postremo
1767 4739 1894 4778 vero
1920 4724 2041 4793 quid
2074 4740 2197 4779 οη-
2224 4700 2280 4763 Ῑ)
2308 4745 2385 4790 tes
2410 4736 2667 4799 ambulat,
2693 4739 2866 4790 minor
2893 4737 3063 4789 oratio
3086 4744 3166 4788 est
3190 4747 3346 4801 quam
3377 4746 3496 4785 cum
3527 4729 3669 4795 dico,
3697 4728 3883 4783 Socra-

613 4810 707 4861 tio.
746 4809 894 4873 Quod
927 4810 969 4861 si
1020 4810 1086 4864 de
1122 4811 1264 4863 omni
1302 4812 1543 4866 oratione
1574 4813 1902 4883 loqueretur,
1938 4826 2057 4881 post
2098 4832 2195 4872 no-

610 4916 731 4953 men
760 4910 811 4953 et
834 4900 1051 4953 verbum
1096 4915 1202 4954 non
1233 4902 1298 4955 de
1328 4902 1683 4960 afﬁrmatione
1707 4915 1761 4960 et
1791 4909 2107 4977 negatione,
2140 4920 2193 4963 et

610 5002 728 5057 post
780 4992 916 5046 hanc
960 4993 1027 5046 de
1071 4995 1474 5061 enuntiatione,
1524 4999 1618 5052 sed
1665 4984 1909 5055 mox'de
1949 5003 2193 5058 oratione

609 5088 852 5140 dixisset.
893 5084 1043 5140 Nunc
1084 5102 1214 5139 vero
1245 5087 1495 5154 quoniam
1537 5098 1657 5157 post
1689 5092 1920 5145 nominis
1959 5101 2013 5146 et
2042 5094 2189 5148 verbi

606 5178 1049 5246 propositionem,
1082 5177 1517 5245 afﬁrmationem,
1548 5183 1905 5250 negationem,
1934 5193 1988 5240 et
2015 5200 2188 5239 enun-

606 5276 884 5328 tiationem
917 5283 972 5329 et
1005 5282 1123 5341 post
1149 5276 1445 5328 orationem
1492 5278 1797 5345 preposuit,
1828 5278 2191 5335 conﬁtendum

601 5379 685 5423 est
713 5368 763 5422 id
791 5368 931 5437 quod
964 5378 1087 5421 ante
1118 5369 1386 5435 diximus,
1410 5384 1515 5422 non
1549 5369 1807 5425 oratioiiis
1850 5374 2189 5439 universalis,

604 5462 699 5515 sed
733 5461 991 5529 simplicis
1020 5462 1361 5516 enuntiativaa
1389 5463 1644 5516 orationis
1665 5504 1679 5526 ,
1710 5480 1827 5533 quia
1858 5465 2112 5520 dividitur
2142 5467 2191 5519 in

601 5553 1013 5607 afﬁrmationem
1042 5562 1203 5623 atque
1229 5554 1589 5622 negationem,
1617 5555 1934 5610 divisionem
1962 5558 2187 5627 partium

599 5644 775 5698 facere
802 5645 1053 5706 voluisse.
1081 5661 1196 5713 quae
1222 5656 1347 5699 sunt
1373 5647 1585 5700 nomina
1615 5657 1669 5701 et
1691 5649 1871 5703 verba.
1902 5650 2023 5704 Hac
2043 5650 2186 5703 enim

599 5748 695 5802 per
722 5737 895 5802 seipsa
928 5736 1255 5791 intellectum
1300 5739 1596 5807 simplicem
1647 5752 1896 5805 servant,
1929 5757 2048 5811 quae
2078 5757 2189 5795 eae-

600 5825 720 5880 dem
751 5826 1014 5881 dictiones
1041 5838 1321 5895 vocantur,
1350 5831 1442 5885 sed
1468 5848 1572 5886 non
1601 5833 1731 5887 solae
1756 5833 2024 5888 dicuntur.
2053 5834 2187 5889 Sunt

597 5933 829 5987 namque
874 5916 1136 5974 dictiones
1175 5928 1231 5975 et
1277 5921 1393 5976 alia:
1435 5938 1645 5993 quoque
1697 5935 1752 5980 ut
1796 5927 2068 5983 orationes
2098 5927 2180 5982 vel

2307 4837 2387 4882 tes
2416 4842 2518 4880 non
2549 4828 2802 4882 ambulat.
2838 4828 3013 4893 Quare
3040 4827 3081 4880 si
3111 4825 3401 4880 secundum
3427 4824 3774 4893 quantitatem
3805 4818 3884 4871 af-

2305 4919 2534 4974 ﬁrmatio
2556 4922 2732 4975 minor
2756 4930 2856 4985 est,
2885 4936 2999 4973 eam
3024 4919 3255 4987 priorem
3282 4929 3495 4984 quoque
3520 4929 3638 4969 esse
3668 4926 3885 4965 necesse

2303 5024 2407 5068 est.
2438 5014 2567 5067 Illud
2598 5029 2810 5085 quoque
2853 5013 3123 5083 adjunxit,
3158 5011 3569 5065 affirmatiooem
3598 5007 3883 5076 quemdam

2304 5117 2424 5157 esse
2468 5103 2740 5164 habitum.
2792 5105 3126 5173 negatioan
3180 5116 3307 5154 vero
3352 5100 3737 5169 privationem;
3791 5095 3881 5149 56d

2303 5194 2449 5261 prior
2486 5203 2569 5247 est
2597 5194 2808 5247 habitus
2839 5194 3135 5260 privatione
3156 5233 3170 5255 ,
3205 5190 3491 5244 afﬁrmatio
3534 5189 3693 5257 igitur
3724 5202 3883 5256 nega-

2302 5288 2447 5342 tione
2479 5287 2624 5355 prior
2650 5296 2750 5342 est.
2784 5288 2847 5340 Et
2876 5303 2941 5341 ne
2966 5288 3166 5356 singula
3200 5285 3447 5355 persequi
3480 5282 3739 5345 laborem.
3764 5287 3889 5334 cum‘

2300 5382 2383 5435 his
2410 5382 2635 5449 aliisque
2677 5380 2849 5435 modis
2893 5380 3226 5436 demonstret
3269 5376 3683 5431 afﬁrmationem
3724 5388 3881 5441 nega-

2299 5474 2444 5527 tione
2468 5476 2695 5539 priorem
2730 5487 2867 5538 esse,
2901 5486 2928 5524 a
2954 5472 3221 5524 communi
3253 5486 3343 5526 eas
3371 5485 3567 5540 genere
3593 5468 3875 5533 separavit.

2300 5564 2481 5619 Nuilas
2509 5566 2650 5619 enim
2680 5564 2966 5618 arbitratur
2986 5566 3193 5631 species
3215 5564 3314 5619 sub
3336 5567 3524 5619 eodem
3548 5580 3743 5631 genere
3764 5576 3877 5615 esse

2296 5673 2455 5727 posse
2474 5700 2487 5723 ,
2520 5659 2570 5711 in
2600 5659 2792 5727 quibus
2821 5658 2967 5725 prius
2995 5658 3074 5711 vel
3114 5658 3378 5725 posterius
3411 5658 3609 5728 aliquid
3639 5653 3877 5711 conside-

2298 5759 2463 5804 retur.
2496 5750 2600 5804 Sed
2627 5748 2955 5819 Porphyrius
2976 5750 3045 5803 ait
3072 5764 3192 5805 sese
3219 5750 3462 5805 docuisse
3484 5750 3688 5821 Species
3710 5762 3877 5801 enim.

2298 5840 2535 5893 tiationis
2582 5856 2701 5895 esse
2749 5841 3156 5896 afﬁrmationem
3207 5852 3261 5897 et
3290 5845 3657 5913 negationem,
3709 5840 3760 5894 in
3795 5838 3877 5896 his

2296 5932 2695 5986 commentariis
2721 5946 2855 6002 quos
2880 5932 2931 5987 in
2958 5932 3386 6003 TheOphrastum
3422 5935 3607 6002 edidit,
3634 5933 3719 5987 hic
3748 5947 3879 5990 vero
