4270 6266
471 294 567 352 001

1206 308 1273 361 ιΝ
1310 307 1565 367 LIBRUM
1605 311 1691 367 DE
1730 313 2372 377 INTERPRETATIONE
2412 322 2639 382 EDITIO
2677 329 3005 389 SECUNDA.

3633 345 3743 404 402

471 412 762 469 Alexandri
813 419 1328 487 argumentationem
1386 427 1473 480 tali
1530 433 1735 485 ratione
1783 430 2045 485 dissolvit.
2078 437 2129 494 Α
2158 434 2224 490 ah
2266 436 2555 494 Alexandri
2586 457 2798 514 quoque
2845 452 3109 505 sententia
3158 469 3263 509 non
3312 454 3555 514 discedit.
3602 461 3739 519 Illud

470 503 555 557 Ait
585 504 728 559 enim
764 522 868 561 non
893 520 1140 578 oportere
1169 516 1416 570 arbitrari
1455 534 1783 591 quaecunque
1809 523 2047 592 quolibet

474 597 632 649 modo
684 599 859 665 priora
908 613 1089 657 essent
1145 607 1297 674 aliis,
1348 624 1410 664 ea
1466 612 1565 665 sub
1617 614 1804 669 eodem
1850 632 2046 685 genere

475 691 593 754 poni
622 703 723 741 non
757 706 931 758 posse.
959 695 1062 749 Sed
1086 712 1410 769 quzecunque
1432 706 1722 758 secundum
1747 723 1864 761 esse
1889 724 2042 763 suum

469 788 626 847 atque
648 780 992 838 substantiam
1023 790 1196 854 priora
1222 792 1303 845 vel
1332 797 1625 860 p05teriora
1651 810 1775 852 sunt
1795 842 1809 865 ,
1843 816 1904 854 ea
1929 804 2043 857 sola

466 873 565 922 sub
596 873 779 924 eodem
813 890 1007 940 genere
1065 881 1164 934 uolt
1206 896 1493 951 ponuntur.
1539 889 1605 941 Et
1643 903 1787 946 recte
1828 893 2038 949 dicitur.

463 960 515 1011 Si
547 961 685 1014 enim
717 966 968 1033 quidquid
1001 971 1239 1037 quolibet
1290 976 1449 1031 modo
1492 981 1640 1048 prius
1680 993 1762 1037 est
1814 1000 1934 1039 cum
1975 1003 2041 1042 eo

454 1235 645 1298 poterit
674 1253 793 1292 esse
819 1242 1113 1299 substantia
1142 1264 1155 1311 ;
1189 1251 1330 1318 quod
1372 1256 1459 1323 qui
1490 1256 1649 1323 dicit,
1681 1276 1709 1314 a
1758 1274 1903 1318 recto
1944 1281 2034 1321 or-

452 1322 576 1376 dine
623 1330 846 1383 rationis
890 1336 1173 1392 exorbitat.
1214 1342 1330 1396 .Sed
1376 1322 1821 1414 Quemadmodum
1862 1371 2033 1426 quan-

453 1428 609 1481 quam
666 1419 773 1474 sint
824 1424 1007 1489 prima:
1060 1438 1114 1482 et
1160 1434 1409 1489 secundae
1456 1439 1801 1509 substantiae,
1853 1456 2031 1503 tamen

452 1515 690 1578 utraique
719 1516 994 1581 mqualiter
1036 1520 1087 1574 in
1134 1524 1375 1592 subjecto
1408 1546 1511 1585 non
1544 1545 1701 1601 sunt,
1735 1548 1787 1591 et
1833 1541 2030 1595 idcirco

452 1612 574 1653 esse
618 1600 851 1670 ipsorum
900 1624 963 1661 ex
1009 1626 1072 1663 eo
1121 1617 1346 1684 pendet,
1392 1624 1530 1689 quod
1562 1625 1615 1680 in
1655 1629 1892 1697 subjecto
1921 1648 2026 1688 non

449 1699 609 1756 sunt,
639 1704 797 1762 atque
836 1697 955 1752 ideo
992 1702 1092 1756 sub
1134 1721 1238 1759 uno
1276 1710 1585 1769 substantia:
1626 1732 1819 1785 genere
1859 1724 2024 1777 collo-

447 1790 651 1834 cantur.
689 1783 763 1837 lta
793 1802 1001 1858 quoque
1035 1810 1332 1865 quanquam
1362 1783 1741 1864 afﬁrmationes
1779 1816 2017 1883 negatio-

448 1869 602 1924 uibus
632 1872 683 1925 in
715 1877 973 1933 orationis
1002 1884 1299 1949 prolatione
1341 1896 1544 1958 priores
1584 1899 1720 1965 sint,
1752 1912 1926 1959 tamen
1955 1908 2023 1961 ad

448 1976 566 2018 esse
602 1974 758 2035 atque
785 1971 849 2023 ad
880 1982 1123 2029 naturam
1157 1985 1423 2051 propriam
1465 1992 1739 2059 aequaliter
1777 2002 2023 2053 enuntia-

448 2054 591 2109 tione
620 2060 949 2129 participant.
984 2066 1297 2127 Enuutiatio
1325 2092 1449 2131 vero
1484 2092 1565 2135 est
1596 2082 1647 2137 in
1680 2102 1782 2153 qua
1826 2096 2020 2146 veritas

446 2155 499 2199 et
540 2146 739 2203 falsitas
778 2153 1004 2210 inveniri
1048 2174 1239 2229 potest.
1269 2166 1381 2233 Qua
1411 2171 1465 2224 in
1492 2188 1549 2227 re
1575 2184 1629 2227 et
1654 2178 1939 2236 afﬁrmatio
1968 2194 2021 2237 et

444 2240 655 2305 negatio
693 2245 923 2312 aequales
959 2263 1098 2304 sunt.
1161 2253 1455 2323 Equaliter
1483 2264 1625 2318 enim
1654 2266 1938 2325 affirmatio
1965 2284 2020 2329 et

444 2334 653 2397 negatio
710 2337 933 2394 veritate
980 2352 1033 2396 et
1081 2345 1311 2404 falsitate
1367 2356 1703 2425 participant.
1754 2361 2012 2429 Quocirca

442 2423 690 2488 quoniam
721 2425 774 2480 id
805 2431 943 2497 quod
970 2445 1091 2488 sunt
1122 2438 1406 2498 afﬁrmatio
1434 2456 1488 2502 et
1516 2423 1727 2519 negatio
1745 2423 2017 2526 ,wazquali-

442 2522 522 2567 ter
576 2516 642 2571 ali
688 2523 1052 2579 enuntiatione
1109 2532 1460 2605 participant,
1516 2557 1543 2594 a
1599 2550 1869 2602 communi
1923 2565 2013 2606 eas

1428 2687 1440 2698 .
1806 2687 2012 2710 una"

438 2698 645 2753 videtur
669 2706 807 2771 quod
832 2687 1110 2780 Porphyrii
1139 2715 1206 2769 sit
1230 2724 1498 2788 sequenda
1524 2733 1786 2785 sententia
1808 2774 1821 2796 ,
1853 2746 1906 2789 ut
1935 2736 2012 2790 af-

437 2786 662 2844 ﬁrmatio
683 2802 737 2846 et
756 2798 963 2863 negatio
980 2808 1247 2860 communi
1266 2812 1645 2872 enuntiationis
1665 2836 1861 2890 genere
1880 2843 2007 2901 sup-

438 2892 717 2948 ponantur.
767 2885 943 2959 Longa
1001 2908 1227 2965 namque
1274 2901 1361 2955 illa
1414 2914 1469 2959 et
1507 2885 1817 2981 multiplicia
1842 2885 2009 2978 Ale'x-

435 2972 580 3025 andri
633 2990 939 3045 argumenta
1007 2986 1177 3042 soluta
1248 3006 1400 3063 sunt,
1451 3013 1571 3056 cum
1624 3006 2009 3070 demonstravit

439 3063 762 3137 Porphyrius
788 3088 893 3126 non
923 3079 1097 3134 modis
1123 3087 1368 3143 omnibus
1396 3106 1456 3145 ea
1486 3110 1604 3164 qua:
1647 3102 1821 3167 priora
1852 3120 2003 3176 sunt,

1502 3156 1517 3164 _
1647 3156 1661 3167 .
1852 3156 1997 3176 -----,

438 3156 539 3209 sub
583 3165 846 3217 communi
885 3182 1081 3236 genere
1123 3178 1244 3241 poni
1273 3195 1375 3235 non
1410 3199 1593 3253 posse;
1623 3192 1713 3245 sed
1742 3210 1997 3262 quincun-

435 3261 538 3317 que
557 3250 623 3305 ad
653 3267 769 3309 esse
797 3262 1066 3330 proprium
1098 3276 1256 3338 atque
1279 3250 1630 3335 substantiam
1658 3288 1832 3353 priora
1881 3306 2006 3350 sunt

434 3340 520 3393 illa
549 3344 661 3398 sola
689 3349 788 3401 sub
826 3359 1093 3410 communi
1136 3374 1335 3428 genere
1377 3374 1627 3427 constitui
1671 3388 1831 3449 atque
1878 3386 2004 3453 poni

430 3447 533 3486 non
566 3450 739 3502 posse.
781 3439 1036 3510 Syriauus
1066 3463 1191 3504 vero
1221 3458 1302 3507 cui
1347 3457 1665 3519 Philoxeuus
1704 3484 2003 3541 cognomen

430 3533 538 3587 est,
579 3527 678 3580 hoc
708 3528 826 3584 loco
869 3539 1055 3602 quaerit
1083 3554 1177 3595 cur
1217 3560 1518 3615 proponens
1558 3560 1707 3625 prius
1745 3564 1813 3618 de
1842 3582 2003 3634 nega-

431 3612 590 3677 tione,
614 3628 731 3684 post
753 3620 820 3673 de
840 3623 1194 3710 afﬁrmatione
1214 3612 1864 3708 proiiuntiaveritdicens:
1888 3612 1999 3714 Sri-

427 3717 569 3757 mum
619 3721 825 3776 Oportet
866 3719 1187 3778 constituere
1235 3730 1358 3797 quid
1406 3734 1475 3787 sit
1519 3753 1712 3796 nomen
1737 3786 1752 3810 ,
1786 3757 1840 3800 et
1870 3752 1994 3818 quid

428 3794 640 3818 un...l...-__
713 3816 730 3818 α
750 3815 765 3818 -
785 3817 793 3818 ,
809 3814 817 3818 .
995 3810 1005 3818 .
1033 3810 1041 3818 .

428 3794 674 3862 verbum,
709 3814 886 3869 postea
918 3810 1043 3876 quid
1073 3794 1283 3883 negatio
1311 3832 1364 3875 et
1394 3825 1699 3886 afﬁrmatio.
1734 3836 1797 3889 Et
1826 3794 1996 3905 primo

431 3883 632 3905 unum
710 3890 741 3905 ,,
769 3892 797 3905 .,
996 3900 1003 3905 .

430 3883 638 3949 quidem
671 3890 797 3943 nihil
831 3900 1097 3964 proprium
1132 3905 1306 3976 dixit,
1336 3918 1583 3981 quoniam
1615 3883 1997 3993 quibo-suat:

1292 3972 1300 3976 .
1353 3972 1366 3981 .
1574 3972 1581 3973 ί
1615 3972 1666 3976 ---
1701 3972 1891 3993 1---"‘"
1917 3972 1997 3986 "'—

429 3972 660 4028 lirmatio
701 3989 873 4047 potest
926 3997 978 4040 et
1010 3996 1213 4061 negatio
1245 4008 1554 4079 provenire,
1584 4016 1730 4081 prius
1757 4034 1874 4076 esse
1904 4042 1997 4085 ne-

419 4065 596 4132 gatio,
644 4083 824 4138 postea
873 4078 1154 4141 afﬁrmatio
1204 4065 1402 4162 potest,
1447 4111 1502 4154 ut
1662 4108 1916 4182 Socrate,
1948 4120 1994 4173 si

415 4170 583 4214 sanus
607 4172 706 4217 est.
751 4166 932 4226 Potest
959 4176 1006 4228 ei
1038 4179 1156 4235 talis
1183 4184 1467 4245 afﬁrmatio
1497 4200 1687 4267 aptari,
1717 4213 1773 4256 ut
1818 4166 1994 4264 de,eo

1530 4247 1687 4267 τμη,
1719 4247 1773 4256 _-
1819 4247 1883 4261 ..ν
1928 4247 1990 4264 υυ

416 4247 623 4306 dicatur
668 4274 681 4309 :
726 4260 973 4320 Socrates
1014 4284 1176 4327 sanus
1220 4286 1328 4343 est;
1377 4292 1431 4336 et
1472 4285 1771 4356 liujusmodi
1818 4310 1990 4365 pctest

1539 4344 1559 4356 _
1818 4344 1987 4365 ,----.

414 4344 581 4409 aptari
607 4354 846 4417 negatio,
875 4368 931 4409 ut
956 4358 1023 4413 de
1051 4377 1117 4416 eo
1141 4365 1351 4424 dicatur
1380 4392 1390 4425 :
1426 4374 1672 4437 Socrates
1697 4398 1858 4442 sanus
1882 4407 1987 4448 non

412 4445 513 4490 est.
544 4439 800 4504 Quoniam
839 4464 968 4519 ergo
1007 4455 1057 4508 in
1099 4472 1222 4513 eum
1253 4465 1537 4525 afﬁrmatio
1564 4486 1615 4528 et
1643 4483 1853 4549 negatio
1887 4502 1984 4553 po-

414 4536 517 4581 test
543 4537 852 4603 provenire,
882 4544 1028 4609 prius
1058 4553 1269 4620 evenit,
1303 4567 1357 4610 ut
1388 4561 1457 4613 sit
1485 4570 1695 4635 negatio
1713 4536 1983 4641 quamraf-
2012 4560 2068 4621 Β

414 4618 549 4641 αφ,
568 4627 599 4641 _.
701 4629 715 4641 .
924 4637 934 4641 -

1256 4618 1261 4620 γ
1553 4618 1688 4635 νη--
1723 4618 1875 4641 1"...
1905 4618 1983 4632 ι..-

411 4618 656 4679 ﬁrmatio.
685 4629 823 4686 Ante
851 4637 990 4690 enim
1033 4657 1187 4709 quam
1232 4660 1387 4706 natus
1420 4668 1595 4728 esset,
1626 4670 1796 4731 potuit
1822 4670 1889 4725 de
1918 4690 1987 4726 eo,

410 4714 539 4782 dici,
582 4719 829 4780 Socrates
877 4745 1040 4785 sanus
1087 4751 1189 4792 non
1228 4752 1335 4807 est,
1386 4751 1473 4815 qui
1515 4754 1657 4809 enim
1691 4772 1845 4817 natus
1875 4781 1981 4821 non

405 4816 549 4875 erat,
583 4828 680 4867 nec
707 4830 827 4871 esse
854 4832 1062 4888 poterat
1091 4843 1271 4887 sanus.
1306 4837 1435 4893 Huic
1464 4843 1590 4899 illud
1617 4849 1838 4919 adjecit,
1869 4874 1982 4911 ser-

406 4988 564 5047 tiouis
591 4996 1041 5063 distributionem.
1078 5014 1173 5069 Hic
1202 5022 1341 5074 enim
1375 5026 1521 5092 prius
1549 5043 1665 5097 post
1705 5051 1896 5094 nomen
1925 5054 1981 5097 et

403 5084 617 5138 verbum
663 5090 728 5143 de
749 5098 1032 5162 negatione
1048 5111 1346 5177 proposuit,
1374 5084 1490 5183 post
1505 5084 1572 5174 de
1591 5122 1974 5201 afﬁrmatione,

403 5184 448 5201 ΑΙ
492 5176 611 5201 ιαε--ιι
658 5182 705 5201 κ³ν
766 5200 771 5201 ν
922 5194 931 5201 ⁸
996 5197 1006 5201 ³

1334 5176 1337 5177 ν
1374 5176 1387 5183 ,
1688 5176 1974 5201 η--------ν,

399 5184 451 5227 et
492 5176 614 5231 hinc
651 5182 716 5236 de
753 5194 1144 5263 enuntiatione,
1176 5215 1450 5270 postremo
1479 5212 1547 5265 de
1575 5220 1851 5289 oratione,
1881 5228 1974 5281 sed

398 5273 666 5337 proposita
698 5276 1011 5340 difﬁuitione
1040 5293 1272 5348 nominis
1300 5306 1354 5349 et
1392 5304 1540 5355 verbi
1594 5310 1739 5372 prius
1782 5273 1976 5372 oratio-

2136 542 2361 598 quoque
2376 543 2459 585 est
2485 533 2744 604 additum,
2779 542 2918 608 quod
2950 560 3058 598 non
3088 560 3230 601 esset
3259 550 3463 615 inutile,
3491 558 3738 611 enuntia-

2149 620 2350 675 tionem
2385 640 2553 692 genus
2580 628 2951 689 afﬁrmationis
2979 650 3033 692 et
3060 643 3355 710 negationis
3382 648 3549 716 accipi
3576 664 3736 718 opor-

2152 722 2296 780 tere,
2330 718 2469 785 quod
2498 736 2800 791 quanquam
2826 726 2906 796 (ut
2929 730 3125 785 dictum
3158 738 3258 805 est)
3282 739 3346 791 ad
3379 741 3726 806 prolationem

2150 804 2295 869 prior
2324 819 2404 861 est
2431 810 2746 879 affirmatio,
2777 823 2954 872 tamen
2986 821 3054 875 ad
3080 823 3247 889 ipsam
3270 832 3725 895 enuntiationem,

2147 896 2196 949 id
2214 907 2296 951 est
2320 902 2426 954 veri
2452 902 2674 971 falsique
2696 910 2972 977 aequaliter
2991 914 3091 967 sub
3106 920 3491 990 enuntiatione,
3525 928 3731 980 Aristo-

2145 989 2280 1042 teles
2322 995 2618 1050 constituit.
2663 997 2717 1051 ld
2753 1001 2913 1055 etiam
2946 1006 3286 1064 Aristotelem
3318 1014 3545 1081 probare
3575 1019 3723 1073 dicit.

2143 1077 2406 1135 Praemisit
2451 1090 2593 1138 enim
2639 1089 2863 1155 primam
2893 1100 3258 1165 negationem,
3292 1108 3577 1162 secundam
3627 1127 3725 1179 po-

2140 1171 2251 1225 suit
2289 1174 2729 1247 afﬁrmationem,
2774 1200 2891 1253 qua:
2927 1203 3013 1242 res
3042 1190 3170 1243 nihil
3203 1193 3363 1249 habet
3386 1198 3496 1251 vitii
3521 1242 3535 1265 ,
3569 1202 3611 1254 si
3657 1203 3725 1257 ad

2140 1260 2309 1330 ipsam
2341 1271 2763 1328 enuntiationem
2795 1277 3083 1336 afﬁrmatio
3110 1295 3163 1337 et
3208 1290 3417 1357 negatio
3460 1304 3723 1360 ponantur

2137 1358 2396 1422 aequales,
2421 1377 2539 1428 qua:
2561 1364 2704 1419 enim
2728 1370 2959 1437 :equales
2983 1386 3139 1441 sunt,
3170 1378 3301 1432 nihil
3330 1382 3565 1438 retinent
3593 1400 3719 1441 con-

2138 1449 2286 1502 trarii
2315 1451 2681 1510 iudiﬁ‘erenter
2703 1472 2957 1529 acceptae.
2995 1466 3089 1518 Est
3119 1470 3278 1537 igitur
3307 1474 3439 1529 ordo
3463 1491 3569 1545 quo
3597 1493 3720 1547 pro-

2134 1542 2311 1606 posuit
2342 1546 2567 1612 primum
2604 1551 2767 1604 totius
2813 1558 3069 1613 orationis
3113 1562 3470 1633 elementum,
3514 1570 3718 1625 scilicet

2133 1646 2326 1688 nomen
2357 1644 2407 1689 et
2437 1638 2687 1707 verbum,
2728 1655 2847 1712 post
2876 1648 2989 1703 haec
3026 1655 3362 1720 negationem
3394 1670 3447 1714 et
3475 1661 3715 1718 afﬁrma-

2132 1727 2364 1793 tionem,
2417 1748 2532 1802 qua:
2582 1737 2788 1805 species
2835 1745 3213 1809 enuntiationis
3268 1765 3412 1806 sunt.
3467 1757 3704 1823 Quorum

2048 1817 2098 1878 Β
2123 1825 2471 1890 genus,idest
2485 1832 2921 1902 enuntiationem,
2955 1840 3165 1895 tertium
3190 1846 3504 1913 nominavit,
3544 1866 3702 1919 quar-

2129 1923 2237 1968 tum
2267 1932 2394 1971 vero
2424 1922 2720 1978 orationem
2750 1930 2942 1994 posuit,
2973 1947 3091 2000 qua:
3119 1938 3497 1995 enuntiatiouis
3542 1960 3708 2013 genus

2124 2017 2206 2060 est
2225 2049 2238 2073 ,
2267 2017 2320 2062 et
2348 2010 2537 2065 horum
2564 2029 2621 2068 se
2647 2016 2993 2077 diffinitiones
3032 2028 3268 2082 oumium
3302 2032 3548 2088 daturum
3589 2052 3710 2094 esse

2124 2100 2395 2165 promisit,
2424 2118 2555 2171 quas
2586 2105 2799 2163 interim
2831 2114 3138 2185 relinquens
3169 2128 3329 2187 atque
3362 2128 3703 2195 prieteriens,

2122 2199 2176 2243 et
2204 2191 2255 2244 in
2290 2195 2639 2261 posteriorem
2668 2208 2951 2258 tractatum
2979 2208 3259 2277 differens,
3288 2215 3411 2269 illud
3449 2234 3587 2274 nunc
3614 2223 3708 2276 ad-

2121 2281 2198 2335 dit
2227 2300 2344 2351 qua:
2372 2288 2478 2339 sint
2512 2290 2676 2345 verba
2705 2303 2759 2345 et
2788 2298 3031 2364 nomina,
3067 2311 3159 2355 aut
3186 2306 3311 2373 quid
3345 2308 3456 2375 ipsa
3502 2311 3705 2384 signifi;

2120 2384 2260 2427 cent.
2293 2376 2469 2443 Quare
2501 2388 2879 2452 autequam_ad
2912 2392 3071 2445 verba
3114 2396 3416 2453 Arismtelis
3460 2403 3569 2471 ipsa
3612 2420 3703 2461 ve-

2121 2466 2362 2531 niamus,
2425 2485 2588 2537 pauca
2646 2480 3000 2535 communiter
3051 2484 3119 2539 de
3173 2490 3478 2547 nominibus
3539 2506 3701 2567 atque

2118 2555 2294 2610 verbis
2314 2597 2330 2621 ,
2359 2568 2412 2612 et
2439 2559 2506 2615 de
2533 2562 2613 2616 his
2637 2579 2755 2633 qua:
2784 2568 3150 2638 signiﬁcantur
3174 2594 3202 2631 a
3227 2581 3402 2636 verbis
3428 2600 3491 2639 ac
3523 2590 3668 2642 nomi
3695 2622 3701 2631 -

2116 2646 2271 2702 nibus
2298 2649 2647 2720 disputemus.
2698 2658 2824 2725 Sive
2867 2664 3009 2719 enim
3058 2670 3309 2735 quaelibet
3354 2678 3697 2748 interrogatio

2116 2737 2187 2792 sit
2205 2750 2363 2809 atque
2384 2750 2692 2817 responsio,
2718 2752 2829 2807 sive
2853 2768 3105 2825 perpetua
3132 2766 3417 2831 cujuslibet
3438 2772 3697 2828 orationis

2113 2835 2474 2904 continuatio,
2510 2851 2668 2911 atque
2708 2846 2929 2900 alterius
2970 2854 3183 2908 auditus
3224 2868 3276 2910 et
3306 2859 3694 2932 intelligentia,

2112 2928 2227 2982 sive
2269 2930 2353 2983 hic
2382 2933 2593 2999 quidem
2626 2935 2842 3006 doceat,
2878 2942 2965 2997 ille
3006 2960 3133 2999 vero
3170 2949 3369 3018 discat,
3401 2955 3570 3009 tribus
3615 2959 3696 3012 bis

2100 3028 2255 3075 totus
2308 3024 2494 3078 orandi
2554 3030 2686 3081 ordo
2745 3034 3036 3102 perﬁcitur,
3096 3040 3282 3109 rebus,
3335 3032 3693 3107 intellectibus

2091 3309 2228 3366 .cat,
2263 3300 2360 3365 ipsi
2390 3318 2519 3357 vero
2546 3304 2849 3365 intellectus
2893 3322 2946 3367 et
2972 3319 3277 3387 concipiunt
3305 3326 3572 3392 subjectus
3604 3345 3690 3384 res

2108 3399 2164 3444 et
2190 3392 2555 3461 signiﬁcantur
2591 3416 2617 3451 a
2654 3404 2890 3460 vocibus.
2921 3407 3053 3463 Cum
3083 3412 3242 3483 igitur
3285 3418 3380 3470 tria
3425 3424 3526 3474 sint
3574 3424 3687 3479 haec

2110 3497 2205 3550 per
2249 3500 2367 3552 quae
2415 3490 2589 3544 omnis
2634 3496 2806 3549 oratio
2851 3499 3239 3574 collocutioque
3282 3513 3567 3580 periit-itur,
3604 3533 3687 3570 res

2105 3589 2225 3643 quae
2255 3577 2509 3647 subjectae
2538 3597 2692 3651 sunt,
2727 3588 3030 3650 iutellec’tus
3074 3601 3163 3668 qui
3216 3618 3301 3658 res
3347 3611 3682 3677 concipiunt,

2104 3675 2156 3721 et
2180 3683 2363 3725 rursus
2385 3689 2414 3726 a
2440 3678 2659 3732 vocibus
2686 3682 3053 3752 signiﬁcantur
3071 3732 3086 3755 ,
3114 3708 3275 3750 voces
3302 3714 3429 3752 vero
3455 3718 3572 3772 qua:
3606 3707 3686 3758 iu~

2103 3760 2344 3817 tellectus
2385 3766 2699 3838 designant,
2746 3789 2991 3844 quartum
3034 3801 3247 3856 quoque
3288 3794 3539 3859 quiddam
3568 3812 3684 3863 est,

2101 3867 2207 3920 quo
2235 3870 2392 3911 voces
2426 3860 2552 3928 ipsae
2579 3866 2786 3921 valeant
2813 3871 3110 3941 designari,
3144 3878 3195 3931 id
3236 3895 3413 3939 autem
3444 3901 3567 3942 sunt
3600 3892 3679 3943 lit-

2101 3955 2249 4002 terae.
2282 3952 2508 4021 Scripta:
2536 3972 2764 4029 namque
2790 3964 2982 4020 littera:
3006 3969 3149 4036 ipsas
3170 3975 3471 4042 significant
3502 3999 3679 4038 voces.

2100 4036 2276 4103 Quare
2315 4053 2543 4111 quatuor
2571 4049 2669 4102 ista
2700 4065 2859 4121 sunt,
2894 4068 2949 4111 ut
2986 4061 3176 4115 litterae
3219 4070 3433 4133 quidem
3479 4076 3679 4141 signiﬁs

2083 4140 2222 4183 .cent
2247 4147 2440 4204 voces,
2472 4154 2629 4193 voces
2656 4158 2785 4199 vero
2810 4147 3138 4217 intellectus,
3172 4157 3470 4217 intellectus
3498 4178 3674 4224 autem

2098 4236 2185 4276 res
2197 4227 2515 4296 concipiant,
2541 4249 2661 4302 quae
2684 4239 2888 4294 scilicet
2912 4242 3112 4300 habent
3136 4254 3425 4319 quamdam
3451 4273 3553 4310 :tOn
3572 4276 3676 4316 con

2097 4310 2264 4368 fusam
2293 4333 2465 4389 neque
2494 4323 2763 4382 fortuitam
2788 4340 3247 4409 consequentiam,
3273 4347 3364 4398 scd
3393 4352 3678 4409 terminato

2074 4418 2298 4463 .naturae
2322 4427 2433 4467 sua;
2462 4417 2648 4473 ordine
2678 4434 2947 4480 constant.
2974 4428 3080 4485 Res
3108 4436 3247 4488 enim
3276 4452 3491 4507 semper
3513 4448 3677 4499 comi-

2095 4506 2275 4556 tantur
2316 4519 2436 4559 euin
2476 4510 2564 4577 qui
2595 4514 2663 4564 ab
2699 4517 2826 4582 ipsis
2867 4524 3163 4591 concipitur
3219 4528 3554 4603 intellectus,
3592 4542 3675 4608 ip-

2092 4603 2209 4643 sum
2254 4609 2379 4648 vero
2424 4600 2748 4659 intellectum
2793 4624 2892 4662 vox
2935 4617 3196 4682 sequitur.
3239 4624 3332 4676 sed
3377 4642 3535 4683 voces
3566 4635 3675 4686 ele-

2072 4695 2269 4736 menta
2288 4726 2301 4749 ,
2335 4686 2386 4740 id
2414 4700 2497 4743 est
2527 4693 2733 4751 litterm.
2772 4700 2949 4757 Rebus
2978 4710 3120 4763 enim
3149 4721 3273 4768 ante
3304 4723 3589 4784 propositis
3619 4738 3673 4780 et

2093 4772 2147 4824 in
2179 4778 2389 4843 propria
2418 4782 2711 4861 substantia
2743 4796 3051 4852 constitutis
3075 4800 3376 4861 intellectus
3404 4814 3668 4873 uriuntur.

2090 4863 2287 4921 Rerum
2322 4872 2461 4926 enim
2492 4890 2706 4948 semper
2732 4882 3037 4945 intellectus
3069 4908 3189 4950 sunt
3209 4941 3222 4965 ,
3259 4902 3451 4969 quibus
3480 4907 3670 4964 iterum

2093 4960 2397 5016 constitutis
2445 4981 2566 5022 mox
2616 4972 2934 5042 signiﬁcatio
2986 4987 3134 5040 vocis
3178 4994 3434 5047 exoritur.
3466 4997 3669 5055 Prmter

2094 5050 2420 5111 intellectum
2451 5074 2678 5131 namque
2709 5082 2808 5121 vox
2838 5074 3045 5138 penitus
3089 5081 3218 5135 nihil
3265 5084 3523 5154 designat.
3559 5093 3666 5147 Sed

2085 5140 2335 5206 quoniam
2384 5143 2543 5203 voces
2582 5164 2731 5220 sunt,
2762 5157 2963 5214 idcirco
2996 5165 3217 5234 litterae,
3250 5188 3380 5239 quas
3413 5192 3665 5234 vocamus

2082 5230 2345 5289 elementa
2366 5277 2381 5303 ,
2414 5254 2643 5309 repertae
2672 5260 2830 5314 sunt,
2860 5254 3052 5322 quibus
3094 5275 3278 5316 vocum
3309 5269 3534 5335 qualitas
3564 5274 3660 5327 de-

2080 5321 2345 5392 signetur,
2377 5330 2444 5382 ad
2485 5338 2839 5403 ciignitionem
2884 5360 3009 5397 vero
3056 5356 3354 5408 conversim
3406 5372 3526 5413 sese
3573 5379 3658 5417 res

1408 5350 1540 5355 ⁷’““⁷“
1594 5350 1739 5372 I'"“""
1783 5350 1967 5372 υΙαιΙυ·

394 5350 548 5425 δειην
592 5374 771 5431 Postea
820 5380 1271 5453 enuntiationem,
1330 5392 1480 5446 tertio
1529 5394 1967 5479 afﬁrmationem,

394 5451 579 5479 nlui...“
611 5455 723 5479 hu...
755 5474 871 5479 _-,,,
895 5467 927 5479 ,ι
1136 5473 1148 5479 -

393 5451 581 5505 ultimo
611 5455 728 5511 loco
752 5467 1089 5531 negationem
1119 5451 1524 5549 determinavit,
1553 5502 1706 5555 quam
1738 5493 1824 5548 hic
1852 5454 1969 5565 pos;

392 5551 809 5617 propositionem
853 5561 1004 5616 verbi
1053 5577 1107 5619 et
1155 5572 1385 5629 nominis
1418 5579 1641 5643 primam
1672 5584 1959 5648 locaverat.

393 5640 460 5693 lit
486 5642 642 5711 igitur
667 5648 799 5701 ordo
826 5666 1133 5712 servaretur
1158 5674 1448 5722 conversus
1466 5712 1482 5737 ,
1508 5670 1706 5729 idcirco
1732 5685 1963 5749 negatio-

387 5753 512 5791 nem
542 5738 688 5807 prius
717 5743 790 5796 ait
830 5759 953 5800 esse
990 5752 1349 5826 propositam,
1391 5775 1494 5831 qua
1536 5765 1593 5820 in
1632 5738 1960 5834 expositione

2058 5412 2260 5469 habet.
2293 5419 2529 5490 Namque
2571 5430 2707 5494 apud
2747 5434 2888 5500 quod
2939 5438 3138 5493 eaedem
3183 5458 3306 5498 sunt
3352 5447 3571 5514 litterae,
3608 5466 3661 5509 et

2062 5507 2166 5574 qui
2197 5509 2395 5566 eisdem
2423 5517 2698 5573 elementis
2737 5534 2976 5595 utuntur,
3008 5532 3207 5588 eisdem
3246 5555 3458 5611 quoque
3489 5552 3656 5602 nOnii-

2075 5598 2230 5653 nibus
2255 5617 2346 5663 eos
2375 5620 2437 5657 ac
2479 5610 2683 5677 verbis,
2719 5614 2770 5667 id
2801 5632 2879 5671 εει
2912 5623 3150 5691 vocibus,
3188 5632 3263 5683 uti
3290 5648 3510 5693 necesse
3538 5658 3614 5695 es:
3635 5686 3650 5709 ,

2069 5698 2124 5744 et
2145 5694 2233 5759 qui
2257 5696 2473 5753 vocibus
2496 5700 2693 5757 eisdem
2719 5696 2956 5778 utuntur,
2982 5714 3139 5770 iidem
3163 5736 3373 5795 quoque
3394 5732 3533 5797 apud
3555 5749 3651 5787 eos

2060 5782 2371 5843 intellectus
2394 5792 2445 5846 in
2475 5794 2642 5849 animi
2668 5806 3018 5865 conceptione
3042 5782 3344 5875 versantur.
3370 5782 3476 5878 Sed
3508 5825 3644 5891 apud
