4270 6266
579 357 680 411 ιο3

1797 361 1912 418 ΔΝ.
1951 358 2162 416 IANL.
2199 354 2356 415 θεν.
2397 356 2620 414 ΒΟΕΤΙΙ

3733 357 3838 412 ιθι
3879 397 3884 406 .

577 488 709 542 quos
740 472 900 528 iidem
948 471 1249 545 intellectus
1278 480 1431 540 sunt,
1465 473 1680 528 easdem
1728 487 1818 529 res
1860 490 2045 530 eorum
2077 477 2161 529 in-
2189 473 2244 536 Α
2269 481 2418 536 ctus;
2450 472 2588 541 apud
2618 487 2752 542 quos
2778 481 2954 528 autem
2984 472 3145 529 iidem
3175 481 3300 528 sunt
3331 471 3673 534 intellectus,
3700 472 3836 537 apud

577 563 878 618 tellectibus
924 563 1195 632 subiectas
1235 579 1356 618 esse
1399 565 1740 624 mande-«tum
1785 577 1898 633 est,
1931 568 2023 621 sed
2060 569 2162 622 hoc

576 656 721 708 nulla
753 656 959 708 ratione
980 659 1327 710 convertitur.
1357 657 1592 726 Namque
1621 659 1760 726 apud
1791 672 1926 727 quos
1956 658 2158 712 eadem

576 760 662 800 res
692 754 847 812 sunt,
899 746 1145 816 idemque
1187 746 1527 813 intellectus,
1579 765 1684 802 non
1712 751 1910 828 statim
1959 750 2159 805 t-tedem

575 853 734 894 voces
755 840 1109 914 ,eazdetnque
1146 857 1266 897 sunt
1297 844 1509 900 litterae.
1540 845 1671 900 Nam
1699 863 1819 900 cum
1853 848 2158 914 Romanus,

576 913 795 985 Graecus
840 947 903 987 ac
947 935 1202 988 barbarus
1250 937 1407 989 simul
1443 938 1660 991 videant
1687 955 1917 1007 equum,
1965 940 2162 994 habent

575 1036 788 1092 quoque
817 1025 883 1078 de
921 1039 987 1079 eo
1029 1028 1276 1082 eumdem
1322 1030 1648 1083 interiectum
1681 1030 1822 1099 quod
1852 1045 2019 1100 equus
2057 1031 2157 1099 sit,

576 1125 630 1170 et
657 1117 796 1184 apud
826 1133 919 1171 eos
948 1121 1134 1172 eadem
1169 1137 1252 1173 res
1283 1121 1522 1190 subjecta
1567 1133 1680 1185 est,
1729 1123 1980 1192 idemque
2027 1139 2057 1177 a
2103 1139 2160 1179 re

577 1205 691 1275 ipsa
722 1209 1020 1278 Concipitur
1048 1209 1380 1276 intelleCIus,
1414 1212 1508 1265 sed
1535 1209 1752 1266 Grant-us
1781 1216 1938 1268 aliter
1957 1228 2155 1280 equum

573 1307 764 1366 Vocat,
795 1301 900 1354 alia
933 1318 1143 1370 quoque
1171 1319 1269 1356 vox
1302 1307 1356 1358 in
1384 1305 1508 1374 equi
1541 1305 1931 1373 signiﬁcatione
1965 1309 2161 1361 ltotna-

576 1405 643 1444 na
673 1401 790 1458 est,
819 1404 873 1446 et
916 1394 1172 1448 barbarus
1199 1397 1266 1448 ab
1297 1407 1523 1466 utroque
1553 1400 1604 1451 in
1635 1402 1754 1469 equi
1788 1401 2160 1469 designatione

573 1483 855 1550 dissentit,
888 1489 1138 1554 quocirca
1189 1490 1411 1543 diversis
1451 1505 1662 1560 quoque
1705 1506 1864 1552 voces
1915 1493 2160 1561 proprias

573 1576 854 1633 elementis
892 1581 1208 1635 inscribunt.
1250 1581 1410 1637 Recte
1454 1583 1614 1652 igitur
1653 1585 1852 1638 dictum
1893 1595 1977 1639 est
2017 1585 2159 1655 apud

575 1685 708 1737 quos
755 1673 956 1726 eaedem
1005 1690 1090 1729 res
1156 1675 1423 1746 iidemque
1473 1677 1781 1732 intellectus
1849 1691 2001 1741 sunt.
2050 1698 2157 1736 non

572 1762 749 1816 Statim
780 1766 918 1828 apud
962 1780 1056 1821 eos
1099 1768 1182 1820 vel
1213 1769 1426 1822 easdem
1460 1783 1654 1835 voces,
1692 1772 1774 1824 vel
1820 1771 2006 1826 eadem
2049 1773 2157 1826 ele-

2267 577 2362 618 eos
2407 580 2620 634 quoque
2663 582 2748 620 res
2789 566 2989 620 ctedem
3021 567 3271 634 subjectze
3299 573 3441 620 sunt.
3474 563 3674 617 Rursus
3701 563 3838 631 apud

2265 675 2401 730 quos
2429 663 2628 716 ezedeut
2655 677 2741 716 res
2760 672 2886 716 sunt
2905 703 2918 725 ,
2945 662 3101 716 iidem
3131 676 3341 729 qu0que
3366 671 3488 713 sunt
3509 658 3837 723 intellectus;

2263 758 2403 823 apud
2433 770 2569 823 quos
2594 756 2750 809 iidem
2781 756 3110 817 intellectus,
3143 769 3245 808 non
3274 754 3474 806 eaadem
3506 763 3662 804 voces
3684 759 3833 815 sunt;

2264 860 2367 900 nec
2408 846 2547 914 apud
2592 861 2724 915 quos
2768 848 2970 900 caulem
3015 860 3170 900 voces
3215 856 3367 908 sunt,
3399 844 3598 897 eisdem
3628 856 3838 909 semper

2263 935 2454 991 litteris
2496 937 2654 992 verba
2686 939 2799 1004 ipsa
2831 938 2914 993 vel
2963 939 3178 992 nomina
3211 937 3576 1005 designantur.
3605 933 3712 989 Sed
3743 947 3837 986 nos

2264 1030 2317 1084 in
2344 1031 2662 1097 supradicﬁs
2689 1032 2968 1084 sententiis
2997 1032 3266 1084 elemento
3295 1041 3453 1096 atque
3485 1029 3659 1081 littera
3710 1040 3834 1091 pro-

2264 1120 2466 1174 ntiscue
2510 1120 2588 1173 usi
2628 1135 2842 1185 sumus;
2891 1137 3008 1188 qua:
3056 1131 3233 1174 autem
3275 1119 3341 1172 sit
3372 1123 3555 1170 horum
3586 1116 3836 1169 distantia

2265 1212 2445 1278 paucis
2474 1212 2770 1265 absolvam.
2805 1212 3000 1265 Littera
3031 1224 3111 1265 est
3145 1211 3418 1278 inscriptio
3465 1222 3622 1279 atque
3671 1213 3836 1281 ﬁgura

2265 1304 2430 1373 partis
2479 1305 2716 1358 minimae
2761 1304 2909 1357 vocis
2954 1304 3282 1368 articulatm,
3337 1305 3660 1356 eli-mentum
3714 1315 3839 1355 vero

2261 1410 2426 1450 sonus
2473 1395 2640 1464 ipsius
2681 1395 3071 1463 inscriptionis;
3119 1402 3177 1447 ut
3223 1408 3342 1446 cum
3387 1394 3561 1447 scribo
3611 1393 3838 1446 litteram

2261 1501 2381 1556 quae
2410 1497 2493 1541 est
2534 1502 2568 1541 α
2623 1487 2847 1540 formula
2880 1487 2988 1554 ipsa
3019 1501 3138 1552 qua:
3180 1493 3477 1538 atramento
3507 1485 3588 1538 vel
3619 1485 3839 1552 graphio

2262 1577 2514 1632 scribitur
2559 1577 2734 1630 littera
2796 1578 3125 1642 nominatur,
3183 1576 3299 1644 ipse
3355 1591 3479 1629 vero
3525 1590 3692 1628 sonus
3737 1590 3839 1645 quo

2261 1670 2431 1740 ipsam
2464 1671 2694 1726 litteram
2726 1685 2857 1725 voce
2914 1670 3228 1740 proferimus
3265 1669 3460 1723 dicitur
3494 1671 3837 1723 elementum.

2260 1763 2520 1832 Quocirca
2551 1764 2655 1818 hoc
2676 1767 2892 1833 cognito
2923 1764 3047 1818 illud
3079 1765 3361 1817 dicendum
3394 1774 3493 1827 est,
3525 1765 3664 1831 quod
3689 1764 3730 1816 is
3746 1763 3835 1832 qui
3925 1837 3938 1850 θ

572 1866 746 1908 menta
784 1868 1098 1912 consstere.
1142 1857 1404 1912 Praecedit
1444 1871 1620 1914 autem
1668 1875 1754 1915 res
1801 1863 2157 1928 intellectura,

2263 1859 2438 1921 docet,
2468 1858 2546 1911 vel
2579 1857 2668 1925 qui
2697 1858 2946 1910 continua
2971 1858 3210 1910 oratione
3245 1858 3496 1925 loquitur,
3529 1857 3607 1909 vel
3641 1858 3727 1925 qui
3761 1856 3837 1908 in-

574 1947 879 2002 intellectus
927 1964 1151 2014 vocem,
1204 1967 1309 2004 vox
1361 1953 1607 2021 litteras,
1639 1955 1734 2008 sed
1768 1952 1870 2007 hoc
1915 1958 2161 2011 converti

571 2053 679 2093 non
703 2051 905 2108 potest;
940 2057 1111 2112 neque
1137 2043 1280 2114 enim
1311 2045 1356 2098 si
1386 2044 1582 2099 litteras
1605 2057 1726 2099 sunt
1749 2085 1766 2111 ,
1796 2062 1921 2100 mox
1951 2048 2160 2117 aliquas

569 2145 634 2185 ex
665 2131 750 2186 his
783 2133 1106 2202 signiﬁcatio
1136 2135 1283 2190 vocis
1313 2136 1516 2191 existit.
1565 2137 1880 2193 Homintbus
1929 2154 2160 2210 namque

566 2222 661 2293 qui
725 2223 930 2280 littcras
971 2226 1217 2295 ignorant
1271 2227 1472 2282 nullum
1515 2243 1711 2284 nomen
1755 2231 2005 2296 quaelibet
2050 2233 2160 2286 ele-

567 2323 748 2370 menta
771 2317 1093 2385 signiﬁcant,
1116 2320 1313 2389 quippe
1335 2322 1422 2388 qui
1448 2321 1722 2388 nesciunt;
1748 2339 1920 2393 neque
1939 2325 1983 2376 si
2004 2338 2159 2379 voces

565 2419 690 2466 sunt
713 2449 728 2474 ,
757 2425 878 2466 mox
909 2410 1211 2466 ititcllectus
1238 2428 1460 2468 necesse
1480 2424 1582 2467 est.
1609 2414 1797 2470 Plures
1825 2416 1968 2471 enim
2001 2430 2159 2471 voces

574 2500 820 2557 invenies
849 2518 969 2572 quae
998 2505 1129 2556 nihil
1161 2505 1382 2559 omnino
1429 2505 1766 2574 signilicent,
1809 2522 1906 2561 nec
1950 2508 2161 2564 intelle-

573 2595 684 2650 ctui
712 2611 925 2664 quoque
954 2597 1191 2664 subjecta
1225 2582 1312 2651 res
1340 2612 1552 2666 semper
1578 2608 1681 2652 est.
1721 2600 1856 2653 Sunt
1885 2603 2026 2655 enim
2075 2600 2159 2655 in-

569 2687 814 2742 tellectus
837 2688 952 2740 sine
983 2703 1040 2740 re
1071 2688 1171 2740 ulla
1202 2687 1304 2743 sibi
1332 2690 1567 2753 sub,ecta
1585 2729 1602 2753 ,
1627 2700 1684 2742 ut
1706 2705 1842 2756 quos
1868 2705 2160 2749 centauros

571 2775 652 2830 vel
681 2775 963 2830 chimaaras
997 2785 1165 2844 poetae
1207 2778 1495 2832 ﬁnxerunt.
1529 2777 1728 2833 Horum
1768 2780 1910 2835 enim
1955 2782 2162 2839 intelle-

571 2875 687 2921 ctus
724 2875 850 2921 sunt
889 2867 1082 2938 quibus
1136 2869 1372 2937 subjecta
1398 2879 1484 2926 est
1513 2870 1655 2924 nulia
1688 2870 2004 2926 substantia.
2054 2874 2160 2928 Sed

571 2958 760 3028 siquis
789 2960 856 3014 ad
898 2970 1140 3016 naturam
1185 2962 1366 3017 redeat
1416 2977 1644 3030 eamque
1687 2963 1994 3020 consideret
2035 2965 2160 3021 dili-

571 3064 780 3122 genter,
829 3064 1083 3122 agnoscet
1111 3068 1231 3123 cum
1264 3068 1354 3109 res
1381 3062 1499 3120 est,
1531 3057 1649 3123 ejus
1689 3071 1902 3126 quoque
1947 3057 2159 3114 intelle-

573 3153 714 3199 ctum
743 3160 883 3200 esse.
916 3149 1065 3212 Quod
1095 3145 1142 3201 si
1182 3160 1284 3200 non
1325 3148 1464 3214 apud
1510 3148 1786 3214 homines,
1829 3163 1977 3204 certe
2016 3151 2157 3219 apud

2265 1957 2536 2017 terrogat,
2564 1951 2832 2003 contrarie
2857 1964 2916 2003 se
2948 1950 3106 2002 habet
3144 1951 3225 2002 his
3247 1950 3333 2008 qui
3367 1950 3450 2002 vel
3481 1951 3727 2012 discunt,
3760 1951 3838 2009 vel

2264 2042 2521 2108 audiunt,
2551 2043 2634 2096 vel
2664 2043 2992 2110 respondent
3029 2044 3080 2094 in
3114 2043 3194 2096 his
3225 2043 3424 2106 tribus,
3450 2058 3579 2096 voce
3605 2045 3839 2111 scilicet,

2265 2129 2535 2186 intellectu
2560 2143 2613 2186 et
2637 2147 2716 2194 re,
2754 2135 3225 2197 practermittantnr
3247 2138 3386 2186 enim
3417 2135 3603 2186 litterm
3631 2144 3841 2202 proritet

2262 2237 2355 2278 eos
2385 2212 2689 2292 qui'earum
2719 2235 2841 2276 sunt
2869 2233 3143 2291 ettpertes.
3178 2224 3306 2277 Nam
3336 2227 3422 2294 qui
3453 2225 3643 2290 docet,
3674 2236 3728 2278 et
3755 2227 3840 2291 qui

2263 2314 2426 2380 dicit,
2453 2323 2506 2368 et
2529 2315 2619 2382 qui
2654 2325 2978 2383 interrogat,
3012 2331 3040 2367 a
3075 2317 3233 2368 rebus
3263 2317 3326 2368 ad
3361 2317 3686 2369 intellectum
3719 2333 3838 2384 pro-

2263 2405 2432 2461 lectus
2481 2420 2574 2474 per
2623 2407 2837 2460 nomina
2885 2417 2937 2460 et
2984 2408 3143 2461 verba
3188 2407 3291 2460 vim
3340 2408 3570 2475 propria:
3617 2409 3838 2464 actionis

2264 2511 2479 2554 exercet
2507 2506 2670 2568 atque
2698 2502 2953 2553 ofﬁcium.
3003 2501 3179 2554 ltebus
3208 2501 3350 2553 enim
3379 2501 3630 2568 subjectis
3659 2502 3726 2555 ab
3759 2499 3839 2556 his

2262 2593 2480 2662 capiunt
2522 2593 2851 2655 intellectus,
2882 2601 2937 2647 et
2974 2608 3067 2660 per
3097 2594 3309 2645 nomina
3339 2605 3388 2645 et
3417 2594 3574 2645 verba
3610 2609 3840 2660 pronun-

2264 2691 2419 2738 tiant.
2465 2684 2565 2749 Qui
2611 2698 2740 2738 vero
2777 2682 2968 2746 discit,
3000 2683 3083 2736 vel
3113 2682 3198 2750 qui
3230 2686 3410 2758 audit,
3453 2683 3533 2736 vel
3562 2684 3718 2736 etiam
3753 2683 3839 2752 qui

2263 2775 2592 2845 respondet,
2627 2791 2656 2828 a
2689 2775 2992 2828 nominibus
3017 2775 3079 2827 ad
3109 2777 3406 2828 intellectus
3438 2790 3752 2844 progressus
3776 2776 3840 2833 ad

2264 2884 2353 2924 res
2384 2885 2548 2937 usque
2581 2872 2844 2937 pervenit.
2877 2869 3160 2933 Accipiens
3185 2873 3326 2922 enim
3357 2870 3399 2921 is
3430 2871 3515 2935 qni
3542 2870 3729 2932 discit,
3760 2869 3840 2925 vel

2264 2957 2354 3027 qui
2383 2961 2559 3021 audit,
2591 2959 2673 3012 Vel
2704 2960 2790 3027 qui
2819 2962 3134 3027 re-pondet,
3165 2961 3436 3025 docentis,
3471 2960 3553 3013 vel
3579 2961 3839 3025 dicentis,
3902 3023 3909 3045 ‘

2264 3048 2346 3100 vel
2380 3047 2757 3116 interrogantis
2786 3065 3111 3113 sermonem,
3137 3050 3264 3115 quid
3318 3052 3680 3118 unusquiSque
3727 3051 3839 3103 illo~

2265 3153 2384 3192 rutn
2435 3138 2578 3193 dicat
2629 3139 2901 3206 intelligit,
2948 3149 3001 3192 et
3051 3140 3351 3207 intelligens
3401 3157 3577 3194 rerum
3632 3157 3839 3211 quoque

574 3237 772 3305 Deum,
806 3239 896 3307 qui
929 3240 1154 3315 propriae
1184 3238 1465 3294 divinitate
1492 3240 1806 3295 substantiae
1853 3242 1904 3295 in
1942 3242 2156 3311 pr0pria
2183 3230 2234 3297 ς
2265 3236 2542 3285 scientiam
2590 3233 2767 3298 capit,
2808 3241 2860 3284 tt
2893 3232 2943 3285 in
2976 3247 3035 3284 ca
3077 3234 3338 3286 con~istit.
3379 3233 3541 3286 ltecte
3573 3237 3729 3301 igitur
3757 3236 3839 3287 di-

574 3341 758 3386 natura
789 3331 957 3400 ipsius
991 3333 1064 3386 rei
1098 3332 1229 3386 ninil
1274 3333 1505 3401 ignorat.
1553 3334 1624 3388 Et
1665 3336 1708 3388 si
1759 3336 2060 3391 intellectus
2105 3349 2160 3394 et

576 3438 676 3476 vox
703 3431 816 3486 est,
848 3425 986 3490 quod
1021 3424 1064 3476 si
1092 3439 1186 3476 vox
1223 3424 1376 3478 luerit
1403 3424 1520 3492 ejus
1547 3441 1759 3495 quoque
1780 3439 1901 3481 sunt
1934 3429 2155 3494 litterze,

575 3528 690 3582 quae
721 3514 764 3567 si
799 3515 1126 3580 ignorantur,
1154 3514 1287 3568 nihil
1310 3519 1373 3567 ad
1403 3517 1570 3584 ipsam
1602 3520 1747 3571 vocis
1768 3527 2010 3573 naturam
2039 3536 2160 3590 per-

489 3656 491 3658 .
577 3605 706 3664 tinet
773 3604 954 3675 Neque
1002 3607 1141 3658 enim
1185 3606 1338 3674 quasi
1378 3620 1534 3662 caust
1568 3611 1810 3676 quaedam
1843 3625 2033 3665 vocum
2077 3622 2163 3668 est

577 3697 907 3764 intellectus,
933 3709 1022 3751 aut
1049 3714 1155 3752 vox
1184 3714 1341 3754 causa
1376 3700 1690 3767 litterarum,
1723 3714 1778 3757 ut
1807 3719 1928 3759 cum
1956 3705 2157 3761 eadem

576 3791 680 3846 sint
708 3793 846 3860 apud
873 3792 1082 3862 aliquos
1111 3793 1304 3850 littera:
1322 3835 1338 3860 ,
1371 3811 1590 3852 necesse
1619 3798 1690 3854 sit
1718 3799 1907 3854 eadem
1948 3817 2161 3873 quoque

577 3897 693 3938 esse
723 3882 958 3937 nomina.
995 3885 1064 3938 Ita
1097 3901 1308 3956 quoque
1337 3903 1456 3944 cum
1486 3891 1688 3946 eaedem
1720 3890 1826 3946 sint
1851 3893 1934 3948 vel
1960 3909 2045 3949 res
2073 3895 2161 3949 vel

577 3977 874 4031 tntellectus
898 3977 1036 4056 apud
1065 3978 1303 4048 aliquos,
1339 3997 1461 4036 mox
1486 3998 1594 4039 non
1627 3999 1848 4042 necesse
1882 3997 1962 4040 est
2007 3990 2162 4042 intel-

577 4073 806 4123 lectuum
860 4069 1095 4136 ipsorum
1143 4071 1223 4124 vel
1275 4087 1451 4128 rerum
1493 4076 1681 4130 eadem
1720 4092 1840 4132 8893
1883 4082 2158 4134 vocabula.

578 4161 812 4226 Natique
844 4179 962 4216 cum
991 4165 1180 4218 eadem
1209 4164 1280 4218 sit
1306 4173 1362 4220 et
1382 4181 1468 4223 res
1495 4179 1549 4223 et
1573 4170 1875 4225 intellectus
1903 4172 2158 4241 hominis,

577 4259 714 4329 apud
731 4259 969 4317 diversos
985 4271 1159 4318 tamen
1181 4261 1424 4318 homines
1442 4263 1744 4333 liujusmodi
1763 4267 2054 4321 substantia
2073 4271 2163 4322 ali-

578 4358 658 4407 ter
676 4364 729 4417 et
743 4353 956 4408 diverso
979 4355 1195 4408 nomine
1211 4365 1561 4423 nuncupatur.
1585 4356 1760 4422 Quare
1775 4373 1936 4412 voces
1954 4375 2164 4428 quoque

578 4457 696 4498 cum
742 4445 945 4499 eaedem
998 4446 1137 4510 sint,
1191 4456 1411 4513 possunt
1442 4447 1633 4500 littera:
1661 4463 1782 4503 esse
1807 4447 2070 4514 diversa,
2103 4459 2163 4506 ut

581 4552 634 4591 Ill
667 4537 768 4591 hoc
799 4537 1014 4592 nomine
1039 4537 1177 4607 quod
1207 4548 1289 4592 est
1315 4536 1636 4609 homo,|cum
1666 4555 1828 4594 unum
1852 4543 1920 4595 sit
1942 4559 2159 4606 nomen,

2263 3334 2405 3377 ctum
2432 3334 2512 3377 est
2545 3326 2594 3376 in
2625 3338 2754 3377 vore
2780 3363 2793 3384 ,
2822 3324 3123 3389 intellectu,
3155 3334 3314 3392 atque
3343 3341 3397 3378 re
3429 3326 3694 3378 contrarie
3723 3340 3840 3379 sese

2266 3415 2462 3471 habere
2491 3431 2586 3471 eos
2624 3416 2713 3485 qui
2743 3418 2968 3482 docent,
3002 3418 3184 3471 dicunt
3213 3431 3264 3471 et
3297 3419 3652 3486 interrogant,
3683 3430 3838 3486 atque

2263 3522 2358 3563 eos
2396 3509 2486 3577 qui
2517 3508 2758 3572 discunt,
2791 3510 3010 3562 audiunt
3041 3521 3093 3562 et
3125 3512 3463 3578 re~pundent.
3511 3509 3642 3564 Cutn
3682 3514 3838 3580 igitur

2267 3597 2380 3652 haec
2406 3599 2514 3653 sint
2542 3613 2784 3665 quatuor,
2819 3602 3038 3666 Πιθεῖ-ιε,
3071 3616 3228 3654 Voces
3247 3642 3260 3666 ,
3296 3602 3596 3655 intellectus
3624 3613 3677 3655 et
3710 3619 3792 3656 res
3819 3644 3836 3670 ,

2263 3692 2512 3763 proxime
2542 3693 2752 3760 quidem
2783 3703 2838 3746 et
2866 3695 3226 3761 principaliter
3252 3696 3440 3747 Ιιιιιιιιεε
3467 3698 3630 3748 verba
3661 3703 3714 3751 et
3747 3713 3842 3750 no-

2264 3783 2405 3836 tnina
2449 3783 2768 3852 signiﬁcant.
2805 3785 2927 3837 llaic
2959 3799 3084 3839 vero
3117 3801 3177 3854 pr
3201 3787 3350 3854 ncipa
3378 3787 3481 3842 iter
3511 3789 3722 3855 quidem
3757 3790 3840 3842 in-

2265 3874 2541 3940 tellectus,
2569 3875 2804 3930 secundo
2843 3892 2970 3930 vero
3008 3876 3125 3930 loco
3168 3893 3254 3930 res
3298 3895 3508 3947 quoque
3537 3880 3836 3950 designant.

2263 3967 2568 4023 Intellectus
2597 3985 2725 4024 vero
2757 3970 2856 4038 ipsi
2889 3971 3014 4023 nhil
3048 3971 3188 4024 aliud
3224 3973 3324 4024 nisi
3360 3987 3536 4026 rerum
3571 3975 3842 4044 sigltiliCa-

2267 4059 2359 4114 tivi
2404 4070 2546 4114 sunt.
2593 4062 2935 4130 Antiquiores
2963 4076 3095 4115 vero
3124 4077 3348 4130 quorum
3390 4073 3473 4117 est
3505 4063 3689 4131 Plato,
3725 4066 3842 4120 Ari-

2265 4153 2520 4212 5totclrs,
2552 4154 2880 4221 Speusippus
2911 4163 2963 4206 et
2999 4154 3356 4221 Xenocrates,
3389 4157 3439 4208 hi
3485 4158 3622 4211 inter
3665 4175 3751 4212 res
3791 4167 3842 4215 et

2265 4242 2680 4309 significationes
2724 4242 3085 4297 intedectuum
3135 4248 3340 4299 medios
3384 4261 3572 4300 sensus
3606 4258 3834 4313 ponunt,

2266 4333 2319 4389 in
2347 4334 2686 4388 sensibilibus
2723 4336 2882 4388 rebus
2915 4336 2996 4387 vel
3029 4338 3432 4407 imaginatioocs
3462 4341 3716 4407 quasdam
3743 4383 3755 4400 .
3786 4339 3839 4396 in

2265 4425 2454 4495 quibus
2504 4424 2804 4478 intellectus
2853 4427 3017 4493 ipsius
3066 4431 3214 4496 origo
3259 4430 3535 4482 consistat.
3587 4430 3652 4483 Et
3699 4446 3840 4486 nunc

2266 4518 2479 4587 quidem
2509 4516 2637 4586 quid
2683 4517 2749 4570 de
2780 4517 2878 4571 hac
2906 4534 2964 4572 re
3009 4522 3169 4572 Stoici
3211 4521 3393 4575 dicunt
3437 4525 3845 4591 pnetermitten-

581 4627 806 4682 diversis
837 4629 1027 4683 “nens
1054 4629 1214 4683 scribi
1246 4641 1452 4697 potest,
1483 4647 1712 4700 namque
1739 4633 1941 4690 lminis
1974 4636 2164 4692 "mm
2191 4614 2247 4677 Β
2270 4612 2394 4666 dum
2427 4621 2526 4666 est.
2559 4611 2669 4667 lloc
2699 4624 2875 4666 autem
2909 4630 2972 4667 ex
3005 4614 3086 4668 his
3116 4617 3360 4669 omnibus
3390 4618 3563 4672 solum
3595 4620 3844 4687 cognosci

581 4723 741 4778 scribi
779 4733 990 4791 potest,
1026 4733 1201 4792 potest
1225 4725 1384 4778 etiam
1416 4725 1652 4790 Graecis,
1681 4737 1856 4794 potest
1881 4729 2001 4784 aliis
2025 4747 2166 4788 nunc

583 4819 812 4887 primutn
855 4817 1084 4870 inventis
1126 4818 1412 4885 ﬁgurarum
1457 4819 1661 4887 ﬁguris.
1704 4823 1881 4888 Quare
1911 4827 2165 4894 quoniam

582 4910 719 4977 ,ψιιά
763 4925 896 4978 quos
925 4911 1128 4964 eadem
1159 4925 1243 4965 res
1268 4922 1422 4980 sunt,
1455 4915 1673 4967 eosdem
1715 4916 2018 4972 intellectus
2046 4935 2167 4976 esse

583 5013 807 5054 necesse
833 5010 944 5064 est,
972 5001 1109 5068 apud
1135 5017 1269 5069 quos
1293 5001 1453 5056 iidem
1487 5005 1789 5058 intellectus
1819 5018 1977 5072 sunt,
2010 5024 2168 5064 voces

584 5092 789 5148 eaedem
823 5108 929 5146 non
959 5102 1112 5158 sunt,
1148 5101 1204 5146 et
1229 5095 1365 5161 apud
1410 5109 1544 5163 quos
1573 5095 1776 5150 ea-dem
1818 5113 1976 5153 voces
2006 5112 2163 5164 sunt,

585 5201 691 5241 non
721 5200 940 5240 necesse
959 5195 1039 5240 est
1061 5186 1248 5239 eadem
1278 5185 1543 5240 elementa
1569 5188 1859 5254 constitui,
1882 5190 2164 5247 dicendum

586 5287 670 5334 est
719 5292 804 5332 res
844 5287 898 5332 ct
941 5277 1276 5342 intellectus,
1317 5277 1567 5344 quoniam
1600 5280 1740 5347 apud
1777 5295 1965 5334 omnes
2006 5283 2165 5338 iidem

587 5379 734 5435 sunt,
764 5386 884 5425 esse
924 5369 1238 5425 naturaliter
1259 5371 1607 5435 constitutos;
1641 5387 1799 5426 voces
1841 5389 1967 5429 vero
1997 5392 2166 5446 neque

587 5462 652 5514 ad
703 5463 936 5527 litteras,
970 5460 1218 5530 quntiiam
1253 5461 1478 5516 diversis
1512 5463 1784 5517 hominum
1819 5447 2166 5533 positionibus

591 5566 981 5620 permutantur,
1029 5572 1132 5609 non
1182 5571 1302 5610 esse
1348 5557 1692 5623 naturaliter,
1739 5562 1832 5612 sed
1879 5561 2162 5630 positione.

592 5645 1024 5700 Concltnlcnduni
1056 5658 1138 5701 est
1170 5648 1331 5716 igitur
1359 5650 1606 5717 quoniam
1643 5651 1782 5716 apud
1812 5669 1947 5722 quos
1974 5661 2162 5710 eadem

592 5747 718 5788 sunt
745 5738 1030 5802 eletm-nta,
1063 5740 1198 5807 apud
1232 5754 1325 5794 eos
1354 5756 1564 5810 quoque
1591 5745 1793 5796 eaedem
1826 5760 1982 5800 voces
2009 5756 2160 5812 sunt;

591 5837 646 5884 et
689 5828 824 5896 apud
865 5846 998 5899 quos
1023 5831 1224 5888 eaedem
1251 5846 1408 5888 vocas
1431 5842 1584 5897 sunt.
1615 5835 1776 5892 iidem
1805 5850 1928 5894 sunt
1955 5840 2164 5898 intelle-

2270 4714 2512 4773 Oportet,
2545 4705 2686 4773 quod
2727 4721 2790 4760 ea
2834 4723 2950 4772 qua:
2993 4718 3117 4760 sunt
3164 4709 3212 4760 in
3250 4709 3464 4773 litteris,
3495 4727 3611 4764 eam
3643 4713 3845 4777 signiﬁ-

2271 4804 2394 4850 cent
2435 4795 2728 4850 orationem
2774 4813 2890 4866 qua:
2940 4799 2991 4851 itt
3035 4814 3164 4851 voce
3204 4801 3480 4860 Consistit,
3516 4814 3569 4856 et
3615 4805 3753 4872 quod
3781 4819 3843 4858 ea

2276 4901 2394 4955 quae
2423 4893 2508 4940 est
2537 4888 2680 4940 vocis
2711 4893 2912 4952 oratio,
2946 4890 3104 4946 animi
3133 4907 3290 4958 atque
3321 4893 3622 4947 itttcllecnts
3648 4897 3846 4950 oratio-

2274 4992 2396 5030 nem
2443 4977 2713 5046 dcsiguet,
2744 4996 2861 5042 qum
2908 4982 3060 5033 tacita
3103 4983 3423 5050 cogitatione
3462 4985 3759 5051 Cllllﬁt'ilur,
3793 4995 3846 5043 et

2277 5069 2417 5137 quod
2468 5071 2580 5124 haec
2636 5069 2934 5125 intellectus
2975 5077 3142 5126 trario
3186 5075 3452 5145 subjectus
3485 5080 3846 5146 principaliter

2274 5161 2373 5215 sibi
2425 5177 2511 5216 res
2554 5165 2823 5229 concipiat
2862 5181 2923 5217 ac
2971 5168 3231 5235 designet.
3279 5185 3288 5220 l
3324 5186 3355 5223 κ
3401 5173 3591 5238 quibu~
3621 5187 3846 5242 quatuor

2281 5253 2414 5308 duas
2443 5254 2655 5324 quidem
2682 5259 2990 5312 Aristoteles
3017 5275 3135 5315 esse
3160 5265 3468 5317 naturaliter
3497 5266 3622 5318 dicit
3680 5283 3763 5319 res
3795 5277 3846 5321 et

2276 5347 2446 5402 animi
2477 5350 2883 5415 conceptiones.
2919 5353 2966 5403 id
2997 5363 3076 5406 est
3106 5369 3223 5406 eam
3254 5371 3372 5424 qua:
3403 5358 3456 5408 lit
3491 5358 3538 5409 in
3571 5359 3846 5411 intellecti-

2280 5439 2380 5494 bus
2430 5441 2762 5506 orationem,
2809 5443 3010 5498 idcirco
3056 5450 3194 5513 quod
3243 5460 3380 5514 apuu
3429 5466 3616 5504 omnes
3647 5456 3844 5505 cautem

2272 5553 2441 5612 atque
2470 5547 2746 5600 mutabiles
2774 5551 2879 5602 sint
2903 5565 2916 5615 ;
2944 5552 3075 5602 duas
3103 5567 3228 5603 vero
3261 5570 3362 5605 non
3395 5556 3722 5619 naturaliter,
3754 5557 3845 5613 scd

2273 5648 2548 5716 positione
2597 5652 2882 5716 constitui,
2938 5670 3052 5720 (μην
3100 5665 3216 5707 sunt
3270 5661 3483 5708 nomina
3528 5666 3582 5709 et
3625 5657 3842 5719 litterar,

2268 5759 2401 5814 quas
2422 5746 2622 5802 idcirco
2644 5753 2956 5805 naturaliter
2980 5751 3108 5804 ﬁxas
3138 5769 3254 5806 esse
3285 5771 3388 5808 non
3426 5756 3572 5821 dicit,
3604 5762 3738 5825 quod
3767 5760 3842 5824 (ut

2269 5859 2434 5914 supra
2457 5847 2878 5905 demonstratum
2901 5852 3004 5920 est)
3033 5867 3138 5908 non
3157 5853 3357 5910 eisdem
3382 5857 3603 5914 vocibus
3627 5874 3811 5915 omnes
3827 5899 3841 5922 .
