4270 6266
384 435 488 494 405

1113 433 1178 494 IN
1214 430 1469 490 LIBRUM
1505 429 1593 486 DE
1632 427 2279 489 INTERPRETATIONE
2318 434 2544 492 EDITIO
2582 437 2917 498 SECUNDA.

3537 441 3642 502 406

382 560 475 606 aut
497 550 699 606 eisdem
729 559 942 604 utantur
965 547 1261 604 elementis.
1297 550 1461 615 Atque
1479 543 1579 598 hoc
1597 543 1832 612 estquod
1856 541 1958 594 ait:
1990 542 2043 602 Α
2069 543 2267 610 tabaut,
2301 553 2355 599 et
2381 562 2501 600 cum
2544 549 2662 602 aliis
2703 551 2828 605 item
2867 553 3028 609 rebus
3067 555 3118 609 in
3161 555 3642 627 signiﬁcationibus

455 641 589 697 Sunt
621 658 738 712 ergo
768 658 824 694 ea
854 657 967 706 qua:
992 651 1106 692 sunt
1141 638 1192 691 in
1245 652 1364 690 voce
1398 649 1573 689 parum
1605 649 1720 704 qua:
1756 642 1871 687 sunt
1909 634 1962 686 in

383 735 556 787 animo
592 735 883 804 passionum
913 742 1074 794 noue,
1105 741 1154 784 et
1206 745 1265 783 ea
1318 743 1434 800 quia
1460 727 1767 782 scribuntur
1787 741 1960 779 eorum

381 841 495 888 ante
520 836 633 879 sunt
660 824 709 877 in
741 839 872 877 vare.
904 823 973 878 Ac
1003 821 1422 887 quemadmodum
1451 834 1540 877 nec
1569 818 1744 871 littera:
1771 820 1958 872 eisdem

380 918 641 977 omnibus,
691 915 765 967 sic
812 930 900 966 nec
946 917 1130 967 ewdem
1173 919 1335 966 voces.
1391 910 1621 978 Quorum
1668 921 1840 962 autem
1881 911 1961 962 ha:

379 1012 540 1079 primo
589 1015 718 1060 nota:
761 1012 912 1072 sunt,
966 1005 1151 1058 eaedem
1191 1003 1420 1056 omnibus
1471 1003 1727 1071 passiones
1774 1001 1959 1055 animus

378 1108 522 1162 sunt,
553 1109 597 1151 et
627 1114 841 1167 quorum
870 1097 950 1150 hw
973 1097 1331 1150 similitudines
1357 1103 1474 1148 sunt
1501 1135 1515 1161 ,
1543 1110 1620 1148 res
1650 1094 1856 1148 cadum.
1881 1093 1959 1148 De

376 1191 454 1244 Itis
483 1190 650 1260 itaque
680 1190 873 1243 dictum
902 1198 974 1242 est
1003 1191 1052 1242 in
1083 1189 1160 1250 his
1183 1205 1296 1260 qua:
1323 1189 1460 1242 dicta
1494 1197 1609 1241 sunt
1653 1187 1716 1240 de
1743 1187 1916 1240 anima
1935 1227 1952 1253 ,

375 1284 582 1336 alterius
613 1283 746 1336 enim
768 1292 841 1335 est
871 1283 1078 1350 negotii.

441 1373 571 1428 Cum
608 1375 769 1446 igitur
797 1375 945 1445 prius
988 1375 1367 1444 praeposuisset
1399 1389 1592 1430 nomen
1619 1385 1673 1429 et
1697 1375 1916 1429 verbum
1935 1413 1950 1438 ,

370 1475 426 1522 et
454 1483 784 1538 quaecunque
813 1474 1028 1521 secutus
1052 1478 1131 1520 est
1173 1478 1352 1535 postea
1403 1482 1462 1522 se
1490 1465 1721 1521 difﬁnire
1755 1464 1951 1533 promi-

373 1562 568 1624 sisset,
603 1562 717 1617 haec
768 1562 977 1614 interim
1019 1560 1462 1628 praetermittens,
1507 1559 1574 1613 de
1621 1558 1952 1627 pJSSiOnibllS

372 1652 567 1705 anima:
594 1653 765 1719 deque
799 1668 979 1706 earum
1023 1652 1191 1712 notis,
1235 1667 1352 1721 quae
1391 1661 1512 1706 sunt
1546 1650 1743 1704 scilicet
1773 1665 1947 1714 voces,

370 1758 539 1814 pauca
575 1744 861 1810 praemittit.
897 1744 996 1799 Sed
1026 1760 1122 1798 cur
1162 1745 1260 1798 hoc
1291 1746 1358 1797 ita
1396 1743 1798 1810 iuterposnerit,
1832 1744 1948 1811 plu-

370 1839 489 1893 rimi
513 1847 965 1893 commentatores
990 1853 1180 1892 causas
1208 1837 1432 1892 reddere
1459 1837 1828 1908 neglexerunt,
1854 1835 1947 1889 sed

2064 652 2220 706 posse
2247 640 2515 710 conjungi,
2541 652 2597 696 ut
2627 658 2690 697 ex
2721 645 2803 697 his
2828 647 3000 716 aliqua
3028 649 3323 706 enuntiatio
3352 651 3438 707 vel
3467 652 3642 708 oratio

2060 731 2437 786 conﬁceretur.
2471 733 2571 786 Alii
2603 749 2729 788 vero
2759 750 2980 802 sensus,
3013 740 3100 793 alii
3130 741 3535 811 imaginationes
3563 743 3638 798 si-

2058 826 2296 895 gniﬁcari
2326 828 2548 882 vocibus
2575 831 2995 887 arbitrabantur.
3019 833 3150 887 Cum
3182 837 3339 904 igitur
3366 837 3465 891 ista
3496 845 3644 896 esset

2057 917 2330 971 contentio
2360 920 2498 984 apud
2525 921 2848 989 superiores.
2866 931 2920 976 et
2942 925 3054 977 haec
3077 941 3242 994 usque
3259 928 3322 980 ad
3340 929 3644 985 Aristotelis

2059 1009 2390 1076 pervenisset
2433 1020 2679 1076 :etatem,
2725 1028 2947 1068 necesse
2992 1015 3090 1069 fuit
3136 1026 3191 1068 ut
3235 1018 3322 1086 qui
3355 1035 3546 1074 nomen
3585 1030 3644 1076 et

2055 1102 2274 1155 verbum
2321 1102 2670 1173 signiﬁcativa
2719 1115 2863 1160 esset
2913 1106 3274 1173 difﬁniturus,
3327 1111 3640 1178 pradiceret

2054 1207 2278 1262 quorum
2323 1195 2420 1247 ista
2466 1196 2792 1263 designativa
2835 1198 2957 1253 sint.
2997 1200 3314 1255 Aristoteles
3361 1204 3501 1256 enim
3544 1219 3639 1258 no-

2055 1284 2286 1340 minibus
2316 1298 2369 1340 et
2398 1288 2580 1341 verbis
2609 1304 2694 1344 res
2722 1289 2989 1360 subjectas
3012 1292 3300 1360 significari
3336 1309 3442 1348 non
3467 1304 3636 1363 putat,

2054 1388 2152 1428 nec
2179 1390 2308 1430 vero
2337 1392 2528 1432 sensus
2569 1381 2652 1432 vel
2695 1381 2853 1435 etiam
2895 1384 3318 1453 imaginationes.
3370 1385 3637 1441 Sensuum

2054 1467 2266 1534 quidem
2302 1483 2404 1522 non
2429 1484 2548 1523 esse
2572 1471 2949 1540 significativas
2976 1489 3134 1529 voces
3155 1475 3370 1528 nomina
3389 1485 3443 1528 et
3471 1477 3634 1530 verba

2050 1558 2103 1611 in
2135 1573 2296 1642 opere
2325 1561 2390 1613 de
2415 1561 2616 1628 j-istitia
2643 1565 2876 1617 declarat
2902 1565 3082 1620 dicens
3111 1583 3124 1617 :
3151 1568 3300 1622 Φύσει
3329 1570 3430 1643 γὰρ
3471 1565 3632 1626 διηνέ-

2053 1652 2380 1722 χθησαντὰτε
2400 1658 2622 1721 νοήματα
2641 1659 2723 1708 καὶ
2741 1661 2800 1710 τὲ
2822 1659 3132 1730 αἱσθηματα,
3151 1674 3266 1728 qute
3290 1659 3633 1728 interpretari

2057 1743 2238 1796 Latine
2273 1757 2444 1813 potest
2491 1747 2590 1800 hoc
2635 1751 2792 1800 modo
2821 1767 2834 1802 :
2883 1749 3087 1806 Natura
3113 1753 3247 1805 enim
3285 1764 3402 1806 sunt
3432 1753 3634 1809 diversa

2053 1834 2335 1889 intellectus
2366 1848 2409 1890 et
2441 1856 2635 1892 sensus.
2671 1839 2894 1896 Dillerre
2923 1842 3082 1911 igitur
3114 1844 3312 1912 aliquid
3341 1847 3632 1900 arbitratur

371 1945 404 1985 a
434 1931 598 1986 tribus
629 1940 832 1986 tantum
890 1944 1143 2000 quantum
1194 1930 1365 1984 adhuc
1413 1929 1573 1982 sciam
1615 1929 1748 1981 ratio
1797 1927 1952 1996 hujus
1985 1918 2033 1979 Β
2058 1941 2245 1980 sensus
2273 1936 2432 1997 atque
2459 1931 2789 1994 intellectus;
2823 1933 2914 1987 sed
2947 1935 3035 2002 qui
3069 1937 3343 2002 passiones
3377 1937 3570 1992 animat
3598 1952 3629 1996 ι

371 2023 792 2090 interpositionis
813 2023 1072 2091 explicata
1095 2034 1198 2091 est,
1219 2038 1440 2092 quorum
1467 2022 1701 2076 Hermini
1731 2024 1943 2091 quidem

371 2130 401 2168 a
438 2132 612 2169 rerum
644 2118 862 2171 veritate
892 2116 1043 2183 longe
1090 2115 1356 2184 disjuncta
1397 2124 1496 2169 est.
1548 2113 1635 2167 Ait
1678 2113 1818 2166 enim
1870 2111 1949 2165 id-

370 2209 517 2264 circo
546 2210 886 2265 Arist0telem
918 2209 983 2263 de
1028 2210 1164 2263 notis
1209 2209 1400 2262 adiuta:
1450 2210 1751 2277 passionum
1784 2193 1947 2260 inter-

368 2303 611 2373 posuisse
653 2317 988 2366 sermonem,
1032 2311 1087 2356 ut
1127 2301 1408 2355 utilitatem
1471 2299 1723 2366 propositi
1768 2299 1946 2366 operis

367 2389 678 2449 inculcaret.
716 2393 1085 2460 Disputaturus
1129 2393 1270 2447 enim
1313 2391 1380 2446 de
1426 2392 1640 2445 vocibus
1669 2406 1788 2460 quze
1823 2398 1947 2443 sunt

368 2501 507 2541 noue
541 2488 731 2541 animai
759 2490 1094 2558 passionum,
1128 2498 1271 2542 recte
1313 2487 1376 2540 de
1418 2485 1500 2539 his
1533 2484 1772 2553 qumdam
1823 2499 1946 2554 pro-

368 2579 531 2632 misit.
562 2578 691 2631 Nam
717 2593 836 2632 cum
861 2593 972 2630 sua:
999 2578 1176 2630 nullus
1196 2577 1386 2630 animm
1412 2576 1682 2644 passiones
1714 2575 1942 2642 ignoret,

368 2681 520 2724 notas
576 2685 786 2739 quoque
824 2685 942 2724 cum
984 2669 1174 2722 animae
1217 2667 1549 2737 passiunibus
1595 2680 1697 2718 non
1741 2665 1946 2718 nescire

368 2761 706 2816 utilissimum
731 2771 833 2824 est,
854 2777 1024 2832 neque
1046 2762 1186 2816 enim
1210 2759 1314 2815 illa!
1330 2759 1578 2831 cognosci
1604 2767 1823 2828 possunt
1843 2757 1943 2812 nisi

367 2863 464 2922 per
495 2866 651 2906 voces
681 2868 799 2922 qua:
843 2863 961 2906 sunt
1009 2867 1187 2905 earum
1220 2852 1422 2904 sciliCet
1459 2859 1615 2902 notat.
1650 2847 1946 2902 Alexander

368 2959 502 2999 vero
531 2944 684 2998 aliam
711 2943 1014 3013 hujusmodi
1046 2941 1459 3012 interpositionis
1491 2939 1663 2994 reddit
1691 2953 1904 2993 causam
1923 2977 1939 3001 ,

367 3036 647 3107 quoniam,
669 3037 856 3106 inquit,
877 3036 1092 3091 nomina
1110 3045 1164 3090 et
1184 3036 1339 3090 verba
1365 3034 1797 3102 interpretatione
1819 3031 1945 3085 sim-

367 3130 492 3201 plici
517 3132 872 3182 continentur.
898 3128 1078 3182 Oratio
1100 3141 1224 3182 vero
1248 3141 1313 3180 ex
1343 3126 1517 3182 verbis
1540 3125 1944 3188 nominibus-itte

370 3220 650 3288 conjuuCta
681 3245 688 3265 ι
710 3229 777 3284 st,
803 3229 856 3274 et
881 3219 933 3273 in
957 3235 1019 3273 ea
1038 3217 1148 3290 jam
1183 3217 1377 3271 veritus
1397 3227 1488 3268 aut
1513 3215 1713 3268 falsitas
1740 3213 1942 3266 iuveni-

2052 2020 2269 2075 vocibus
2300 2021 2586 2092 significari
2617 2024 2780 2090 dicit,
2812 2026 2856 2080 is
2882 2041 2982 2081 non
3011 2027 3078 2082 de
3102 2029 3348 2084 sensibus
3372 2030 3626 2097 loquitur.

2051 2111 2253 2169 Sensus
2279 2115 2420 2167 enim
2467 2117 2744 2181 passiones
2781 2118 3022 2185 corporis
3073 2129 3216 2173 sunt.
3257 2120 3314 2175 Si
3364 2121 3522 2189 igitur
3553 2123 3627 2176 ita

2048 2205 2268 2259 dixisset
2309 2208 2582 2274 passiones
2645 2212 2887 2276 corporis
2947 2227 2976 2263 a
3027 2212 3244 2264 vocibus
3302 2212 3624 2280 signiﬁcari,

2051 2308 2176 2353 tunc
2207 2299 2397 2354 merito
2424 2314 2615 2354 sensus
2644 2303 3078 2372 intelligeremus.
3101 2304 3204 2358 Sed
3228 2305 3478 2373 quoniam
3505 2320 3625 2373 pas-

2050 2392 2226 2444 siones
2257 2394 2448 2446 animie
2480 2393 2691 2447 nomina
2718 2405 2770 2447 et
2801 2397 2964 2449 verba
2989 2397 3287 2466 signiﬁcare
3310 2398 3619 2466 proposuit,

2049 2498 2155 2536 non
2184 2499 2374 2538 sensus
2401 2485 2492 2538 sed
2535 2484 2834 2540 intellectus
2857 2502 2979 2542 eum
3002 2487 3181 2542 dicere
3206 2489 3497 2556 putandum
3516 2499 3620 2546 est.

2049 2574 2154 2629 Sed
2186 2577 2433 2644 quoniam
2462 2577 2766 2646 itnaginatlo
2794 2594 3004 2649 quoque
3044 2594 3130 2634 res
3173 2582 3361 2634 animae
3382 2594 3457 2634 est
3479 2620 3495 2645 ,
3526 2580 3622 2636 du-

2048 2669 2293 2724 bitaverit
2345 2671 2535 2739 aliquis
2574 2686 2639 2724 ne
2665 2670 2798 2727 forte
2843 2673 3116 2737 passiones
3140 2674 3331 2728 animm
3364 2674 3620 2742 imagina-

2047 2767 2237 2830 tioues,
2253 2782 2382 2829 quas
2398 2763 2566 2820 αντη(τί
2590 2769 2868 2839 φαντασίας
2889 2768 3184 2830 nominant,
3198 2767 3359 2821 dicat.
3388 2767 3490 2820 Sed
3509 2766 3624 2824 haec

2048 2857 2098 2910 in
2123 2856 2271 2910 libris
2291 2858 2358 2911 de
2378 2857 2563 2912 Anima
2585 2858 2854 2912 verissime
2879 2859 3388 2928 diligentissimeque
3409 2874 3624 2928 separa-

2047 2949 2119 3000 vit
2159 2948 2341 3002 dicens
2370 2966 2382 3000 :
2413 2945 2560 3004 Ἐστι
2588 2947 2640 3003 δὲ
2682 2953 2926 3021 φαντασία
2963 2950 3130 3023 ἕτερον
3165 2951 3489 3021 καταφάσεως
3537 2954 3622 3006 καὶ

2046 3041 2369 3111 ἀποφάσεως,
2385 3043 2650 3109 συμπλοκὴ
2663 3043 2764 3114 γὰρ
2779 3043 3157 3110 sonans-maiori
3172 3043 3229 3094 τὸ
3243 3042 3416 3100 ἀληθὲς
3443 3040 3473 3099 ἣ
3486 3040 3618 3111 ψεῦ-

2046 3130 2151 3196 δος,
2180 3135 2245 3188 τὰ
2271 3130 2324 3186 δέ
2349 3141 2529 3203 πρῶτα
2581 3138 2808 3203 νοήματα
2839 3135 2890 3188 τί
2918 3131 3094 3188 διοίσει
3124 3139 3212 3186 τοῦ
3239 3138 3307 3202 μὴ
3340 3133 3470 3185 αὐτὰ
3495 3152 3617 3202 φαν-

2046 3227 2289 3295 τάσματα
2309 3219 2450 3288 sitiat;
2466 3221 2525 3278 Ἠ
2550 3223 2648 3279 οὐδ’
2666 3227 2791 3280 αὐτὰ
2804 3227 3137 3296 φαντάσματα
3149 3224 3248 3278 ἀλλ’
3265 3226 3354 3278 οὐκ
3367 3221 3485 3280 ἄνευ
3508 3247 3621 3296 φαν-

370 3320 490 3376 tur;
525 3312 637 3365 sive
667 3320 838 3364 autem
867 3311 1087 3377 quilibet
1115 3323 1290 3363 sermo
1319 3307 1384 3361 sit
1414 3306 1663 3374 simplex,
1695 3304 1806 3358 sive
1832 3303 1939 3371 jatn
1970 3306 1982 3362 4

2049 3321 2337 3386 τασμάτων.
2379 3318 2526 3385 Quod
2545 3319 2620 3371 sic
2635 3319 3021 3386 interpretatur.
3046 3317 3132 3370 Est
3147 3326 3313 3369 autem
3326 3317 3623 3386 imaginatio

370 3408 542 3460 oratio
571 3406 850 3474 conjuncta
878 3415 1036 3474 atque
1065 3402 1376 3470 composita,
1402 3417 1468 3456 ex
1504 3400 1583 3453 his
1605 3415 1721 3468 quin
1748 3396 1945 3469 signiti-

369 3510 555 3551 cantur
601 3511 925 3551 momentum
975 3503 1209 3549 sumunt.
1262 3493 1316 3548 lit
1361 3493 1462 3545 illis
1513 3494 1654 3545 enim
1698 3489 1842 3558 prius
1865 3496 1948 3542 est

370 3603 549 3644 eorum
589 3589 720 3645 ordo
748 3602 802 3643 et
834 3589 1188 3651 continentia,
1230 3595 1343 3654 post
1383 3584 1641 3638 redundat
1670 3582 1721 3636 iu
1752 3595 1943 3645 voces;

369 3680 618 3749 quocirca
655 3683 901 3746 quoniam
953 3679 1360 3751 signiﬁcantium
1403 3685 1726 3730 momentum
1757 3689 1821 3728 ex
1865 3674 1947 3727 bis

369 3787 484 3841 quae
513 3773 877 3840 significantur
899 3772 1086 3833 oritur,
1112 3771 1308 3824 idcirco
1336 3769 1479 3838 prius
1504 3782 1602 3821 nos
1628 3767 1695 3820 de
1727 3765 1807 3820 his
1828 3780 1946 3833 qua:

369 3877 527 3916 voces
561 3863 685 3931 ipsa:
715 3863 1028 3931 signiﬁcant
1053 3861 1245 3915 docere
1300 3863 1564 3929 proponit.
1596 3858 1700 3912 Sed
1735 3858 1946 3911 Hermi-

371 3970 474 4009 nus
504 3958 600 4008 hoc
633 3958 747 4007 loco
791 3953 1142 4021 repudiandus
1172 3968 1272 4008 esu
1319 3954 1356 4007 Ν
1386 3953 1453 4007 hil
1484 3953 1627 4007 enim
1673 3952 1776 4005 tale
1806 3951 1946 4021 quod

370 4047 438 4101 ad
471 4063 656 4102 causas
705 4047 990 4118 Proposita:
1037 4048 1310 4102 sententiae
1355 4048 1642 4116 pertineret
1671 4045 1943 4114 explicuit.

369 4142 675 4198 Alexander
705 4158 829 4196 vero
871 4141 1090 4196 strictim
1136 4142 1372 4211 proxima
1424 4141 1768 4212 intelligentia
1809 4153 1947 4206 prie-

368 4243 635 4289 tervectus
680 4233 844 4303 tetigit
874 4233 1087 4304 quidem
1118 4248 1330 4287 causam
1356 4273 1370 4295 ,
1406 4247 1508 4285 non
1544 4242 1717 4286 tamen
1749 4229 1945 4299 princi-

368 4333 540 4403 palem
591 4337 846 4387 rationem
895 4335 1249 4389 Aristotelicte
1296 4333 1671 4404 propositionis
1700 4333 1946 4386 exsolvit.

368 4425 475 4481 Sed
521 4425 844 4498 Porphyrius
896 4428 1030 4481 hanc
1074 4426 1243 4496 ips:im
1277 4428 1478 4493 plenius
1522 4440 1737 4480 causam
1785 4424 1945 4494 origi-

369 4533 596 4588 nemque
627 4521 888 4573 sermonis
917 4519 1071 4586 hujus
1101 4529 1221 4572 ante
1264 4518 1449 4572 oeulos
1495 4518 1809 4576 collocavit,
1856 4517 1946 4584 qui

368 4625 580 4664 onmem
610 4611 744 4678 apud
792 4613 994 4680 priscos
1045 4609 1390 4679 philosophos
1438 4611 1504 4662 de
1545 4607 1945 4680 signiﬁcationis

2052 3410 2246 3462 diversa
2272 3409 2334 3462 ab
2365 3411 2692 3478 afﬁrmatione
2716 3418 2761 3462 et
2790 3410 3070 3478 negatione,
3099 3409 3381 3476 complexio
3406 3423 3624 3478 namque

2050 3502 2389 3555 intellectuum
2419 3512 2491 3556 est
2521 3505 2702 3555 veritas
2734 3505 2812 3555 υρι
2857 3503 3089 3571 falsitas,
3132 3503 3282 3568 primi
3315 3517 3433 3555 vero
3471 3501 3623 3555 intel-

2050 3597 2208 3648 lectas
2243 3597 2362 3655 quid
2405 3597 2757 3665 discrepabunt
2786 3637 2799 3659 ,
2848 3604 2902 3648 ut
2933 3612 3031 3648 non
3061 3595 3160 3647 sint
3196 3592 3625 3663 imaginationes?

2049 3683 2193 3738 Certe
2235 3701 2390 3752 neque
2434 3686 2540 3738 lucc
2586 3696 2700 3738 sunt
2731 3686 3136 3756 imaginationes,
3187 3685 3275 3738 sed
3303 3685 3412 3738 sine
3434 3684 3620 3753 imagi-

2049 3777 2338 3829 nationibus
2364 3792 2462 3828 non
2489 3790 2624 3828 sunt.
2651 3776 2780 3842 Quae
2809 3777 3068 3830 sententia
3113 3774 3443 3828 demonstrat
3478 3770 3624 3832 aliud

2049 3868 2259 3936 quidem
2290 3883 2411 3922 esse
2443 3869 2874 3932 imaginationes.
2910 3867 3049 3921 aliud
3081 3866 3408 3928 intellectus,
3439 3879 3506 3920 ex
3544 3863 3624 3917 iu-
3666 3889 3668 3891 >

2051 3961 2356 4014 tellectuuin
2389 3961 2602 4028 quidem
2633 3959 3003 4027 complexione
3020 3955 3400 4010 afﬁrmationes
3433 3957 3624 4011 ﬁeriet

2049 4053 2353 4119 negationes
2393 4067 2406 4103 :
2437 4050 2685 4118 quocirca
2712 4049 2837 4102 illud
2861 4062 3072 4116 quoque
3111 4046 3400 4111 dubitavit,
3446 4055 3622 4100 utrum

2050 4145 2207 4215 primi
2236 4145 2538 4198 intellectus
2565 4143 2974 4215 imaginationes
3001 4138 3242 4209 quaedam
3275 4145 3478 4194 essent.
3504 4135 3623 4191 Pri-

2051 4251 2166 4292 mos
2191 4249 2365 4291 autem
2409 4236 2708 4289 intellectus
2752 4233 3011 4298 dicimus,
3042 4229 3133 4300 qui
3180 4227 3478 4295 simplicem
3511 4239 3624 4280 rem

2053 4329 2392 4395 concipiunt,
2419 4338 2469 4379 ut
2495 4326 2539 4380 si
2569 4330 2688 4397 quis
2714 4327 2856 4379 dicat
2879 4323 3126 4379 Socrates
3162 4320 3367 4381 soluat,
3394 4315 3611 4370 dubitat

2049 4437 2153 4491 que
2179 4433 2356 4475 utrum
2391 4418 2690 4488 hujusmudi
2724 4420 3060 4483 intellecms,
3087 4418 3174 4486 qui
3212 4417 3264 4472 in
3293 4431 3352 4471 se
3378 4413 3508 4468 nihil
3534 4427 3624 4468 ne-

2050 4529 2152 4582 que
2183 4512 2291 4567 veri
2321 4513 2558 4566 continet
2585 4527 2755 4580 neque
2795 4510 2910 4562 falsi
2933 4551 2947 4573 ,
2982 4510 3284 4564 intellectus
3313 4509 3414 4573 sit,
3449 4522 3515 4562 an
3549 4507 3625 4575 ip-

2050 4607 2159 4659 sius
2185 4605 2419 4661 Socratis
2447 4605 2772 4671 imaginatio.
2807 4603 2913 4656 Sed
2949 4601 3016 4656 de
3057 4606 3156 4654 hoc
3191 4616 3401 4669 quoque
3443 4609 3627 4670 aperte

372 4703 422 4755 vi
450 4705 838 4756 contentionem
874 4704 1126 4772 litetnque
1165 4675 1415 4756 retexuit.
1464 4702 1545 4755 Ait
1597 4675 1822 4768 uanique
1851 4702 1946 4752 du-
1978 4675 2027 4737 D
2051 4698 2262 4768 quidem
2313 4696 2519 4748 videtur
2557 4695 2866 4756 ostendere,
2896 4694 2969 4746 ait
3003 4694 3146 4747 enim
3177 4709 3242 4746 an
3277 4704 3423 4750 certe
3456 4706 3629 4762 neque

368 4789 453 4846 bie
484 4794 618 4857 apud
650 4793 986 4861 antiquorum
1020 4793 1460 4862 philosophorum
1493 4794 1786 4847 sententias
1817 4808 1942 4846 con-

366 4885 566 4938 stitisse
596 4884 718 4954 quid
765 4892 907 4939 esset
939 4885 1150 4951 preprie
1191 4885 1328 4953 quod
1365 4884 1582 4938 vocibus
1626 4884 1948 4952 signiﬁcare-

367 4985 453 5028 tur
488 4976 778 5046 :putabaut
828 4990 1056 5043 namque
1099 4976 1186 5030 alii
1236 4991 1321 5031 res
1375 4977 1594 5030 vocibus
1641 4976 1946 5046 designati,

363 5083 656 5137 earumque
681 5066 938 5123 vocabula
966 5082 1086 5122 esse
1113 5082 1177 5122 ea
1203 5084 1318 5136 quin
1342 5069 1618 5122 sonuerint
1649 5069 1700 5137 in
1731 5069 1950 5122 vocibus

365 5158 708 5214 arbitrantur.
742 5160 843 5213 Alii
881 5174 1006 5213 vero
1055 5161 1397 5229 incorporeas
1434 5135 1706 5228 quasdam.
1732 5169 1948 5213 naturas

347 5252 779 5325 'meditatiantur,
801 5267 1024 5320 quarum
1049 5261 1229 5306 essent
1259 5253 1670 5323 signiﬁcationes
1698 5267 1948 5321 quierun-

365 5361 470 5413 que
531 5345 748 5397 Vocibus
787 5343 1230 5417 designarentur,
1279 5345 1510 5400 Platonis
1569 5346 1744 5415 aliquo
1791 5347 1950 5399 modo

362 5439 574 5503 species
625 5439 970 5505 incvrporeas
1023 5441 1256 5492 aemulati
1322 5437 1578 5504 dicentis,
1631 5437 1730 5490 hoc
1781 5439 1951 5506 ipsum

365 5534 532 5582 homo
563 5538 616 5582 et
646 5528 745 5581 huc
775 5529 945 5598 ipsum
994 5546 1186 5597 equus,
1218 5547 1321 5584 non
1355 5533 1488 5583 hanc
1514 5529 1797 5598 cujuslibet
1823 5530 1950 5584 Sub-

356 5624 564 5694 jvctam
591 5623 965 5688 substantiam,
983 5623 1263 5692 sedipsum
1285 5624 1432 5677 illttm
1453 5622 1719 5676 hominem
1748 5622 1954 5691 specia-

364 5720 469 5773 lem
501 5733 531 5772 e
577 5716 725 5795 illum
757 5716 926 5784 ipsum
955 5732 1151 5786 equum
1176 5716 1546 5771 universaliter
1566 5726 1621 5771 et
1645 5717 1952 5784 incorpora-

369 5815 496 5870 liter
540 5812 875 5883 cogitantes,
907 5812 1250 5880 incorporeas
1288 5811 1543 5881 quasdam
1583 5821 1800 5865 naturas
1829 5823 1958 5863 con-

367 5904 694 5976 stituebant,
721 5920 855 5977 quas
883 5904 950 5962 ad
979 5903 1383 5976 signiﬁcandum
1411 5905 1610 5978 primas
1641 5904 1824 5963 venire
1857 5920 1968 5976 νυν.
1997 5968 2016 5978 _

2053 4790 2166 4844 haec
2192 4798 2316 4844 sunt
2339 4787 2759 4855 imaginationes,
2780 4785 2871 4840 sed
2897 4800 2999 4840 non
3022 4786 3140 4840 sine
3162 4783 3630 4854 imaginationibus

2052 4893 2193 4936 sunt.
2229 4881 2280 4934 Id
2311 4882 2453 4934 enim
2484 4879 2622 4948 quod
2653 4879 2739 4933 hic
2767 4893 2946 4932 sermo
2975 4878 3268 4947 signiﬁcat,
3292 4878 3381 4948 qui
3410 4886 3494 4932 est
3528 4875 3630 4930 So-

2051 4988 2248 5036 crates,
2273 4977 2354 5027 vel
2383 4971 2538 5037 alius,
2572 4972 2793 5040 simplex
2817 4985 2920 5024 non
2953 4979 3036 5025 est
3061 4971 3273 5040 quidem
3298 4968 3631 5037 imaginatio,

2057 5069 2148 5126 sed
2181 5067 2504 5126 intellectus,
2538 5065 2625 5132 qui
2655 5064 2951 5118 intellectus
2978 5071 3170 5131 praeter
3202 5058 3632 5130 imaginationem

2061 5164 2171 5215 ﬁeri
2200 5175 2304 5214 non
2334 5167 2527 5227 potest.
2562 5155 2761 5212 Sensus
2783 5157 2922 5209 enim
2974 5164 3133 5224 atque
3157 5154 3462 5222 imaginatio
3487 5165 3634 5219 quae-

2058 5253 2180 5306 dam
2205 5252 2389 5319 primte
2412 5249 2594 5317 ﬁgura:
2610 5257 2751 5308 sunt,
2783 5261 2938 5314 supra
2959 5261 3092 5314 quas
3117 5234 3264 5302 velut
3289 5245 3636 5299 fundamequ

2058 5347 2288 5416 quodam
2322 5343 2704 5413 superveniens
2728 5341 3072 5408 intelligentia
3101 5341 3301 5394 nititur.
3337 5337 3468 5394 Nam
3495 5337 3642 5404 sicub

2060 5441 2294 5510 pictores
2319 5437 2493 5490 solent
2517 5434 2798 5503 designare
2827 5433 3058 5485 liueatim
3087 5445 3282 5498 corpus
3317 5437 3477 5498 atque
3505 5428 3633 5487 sub-

2061 5541 2302 5586 sternere
2333 5529 2384 5582 in
2413 5541 2638 5594 corpore
2681 5525 2769 5578 ubi
2812 5521 3079 5577 coloribus
3119 5519 3402 5588 cujuslibet
3457 5519 3635 5585 expri-

2060 5633 2206 5679 mant
2238 5623 2467 5683 vultum,
2492 5619 2569 5671 sic
2590 5631 2778 5669 sensus
2797 5623 2955 5683 atque
2985 5612 3297 5681 iuiaginatio
3322 5609 3636 5668 naturaliter

2064 5720 2116 5774 iii
2158 5717 2350 5770 anima:
2390 5709 2732 5783 perceptione
2781 5706 3154 5763 substernitur.
3205 5705 3334 5760 Nam
3380 5720 3501 5760 cum
3536 5719 3635 5763 .res

2066 5813 2236 5878 aliqua
2269 5809 2369 5863 sub
2399 5822 2616 5863 sensum
2638 5805 2722 5858 vel
2749 5803 3121 5875 cogitationem
3153 5803 3317 5867 cadit,
3348 5803 3494 5869 prius
3519 5800 3636 5868 eius

2065 5915 2285 5963 necesse
2327 5907 2411 5958 est
2451 5907 2511 5956 ut
2549 5895 2793 5971 quedam
2831 5894 3136 5967 imaginatio
3187 5905 3454 5951 nascatur.
3514 5892 3636 5946 Post
