4270 6266
578 392 673 454 ίο7

1798 402 1909 456 AN.
1952 397 2160 453 itlANL.
2205 396 2359 452 θεν.
2402 397 2628 457 BOETII

3750 411 3856 467 408

580 531 705 573 vero
755 518 961 587 plenior
1002 520 1342 585 superveniat
1390 519 1718 583 intellectus,
1776 526 1996 571 cunctas
2038 515 2159 583 ejus
2188 516 2242 574 Α
2268 523 2394 568 sunt
2421 514 2472 567 in
2500 514 2677 568 anima
2695 516 3007 585 passionum
3030 526 3261 585 notaa,et
3286 532 3346 573 ea
3371 518 3533 574 verba
3564 528 3619 575 et
3640 492 3873 579 nomina.
3916 501 3924 509 “

578 615 850 684 explicans
889 623 1064 681 partes
1106 630 1222 682 qu-n
1268 617 1487 668 confuse
1529 615 1739 669 fuerant
1776 611 2160 681 imaginatione

577 715 933 773 praesumptue.
962 707 1219 769 Quocirca
1243 705 1608 773 imperfectum
1638 704 1887 774 quiddam
1922 713 2002 757 est
2025 705 2159 757 ima-
2210 748 2211 751 η

575 798 795 867 ginatio.
847 798 1071 852 Nomina
1105 814 1225 852 vero
1274 807 1328 852 et
1376 799 1538 851 virrba
1569 814 1672 852 non
1712 808 1860 850 curta
1887 796 2155 865 quaedam,

576 890 666 943 Sed
699 890 932 956 perfecta
963 888 1298 958 significant:
1331 904 1498 958 quare
1525 898 1665 942 recta
1699 888 1999 942 Aristotelis
2028 903 2157 941 sen-

576 982 737 1033 tentia
769 991 878 1040 est,
911 996 1242 1048 quascunque
1270 980 1322 1032 in
1367 980 1542 1034 verbis
1582 979 1989 1043 nominibusque
2036 992 2159 1029 ver-

576 1082 793 1136 santur,
822 1087 883 1125 ea
922 1087 1094 1140 neque
1123 1085 1343 1134 sensus,
1384 1085 1555 1138 neque
1596 1069 2015 1138 imaginationis,
2060 1067 2157 1119 sed

577 1170 743 1221 solam
772 1167 1077 1235 significare
1103 1166 1464 1220 intellectuum
1488 1164 1814 1233 qualitatem.
1851 1162 2000 1217 Unde
2028 1161 2157 1214 illud

579 1275 793 1329 quoque
815 1260 881 1313 ab
912 1260 1201 1314 Aristotele
1231 1262 1455 1314 fluentes
1485 1258 1820 1326 Peripatetici
1859 1256 2156 1310 rectissime

584 1367 836 1421 posuere,
873 1363 981 1406 tres
1013 1368 1131 1406 esse
1159 1354 1457 1416 orationes,
1489 1366 1646 1403 unam
1676 1349 1963 1418 qumscribi
1986 1348 2159 1416 possit
2204 1398 2205 1401 η

575 1446 796 1509 litteris,
833 1446 1053 1499 alterum
1087 1463 1206 1514 qua:
1234 1462 1365 1500 voce
1391 1444 1640 1515 proferri,
1674 1444 1881 1496 tertiam
1914 1458 2028 1509 qua:
2059 1455 2157 1493 co-

574 1537 827 1605 gitatiooe
848 1541 1205 1601 connectitur,
1234 1552 1495 1605 unamque
1526 1534 1903 1599 intellectibus,
1930 1534 2154 1586 alteram
2206 1564 2209 1567 »

575 1643 726 1691 voce,
756 1632 967 1683 tertiam
1000 1630 1192 1682 litteris
1221 1626 1506 1682 contineri.
1536 1626 1795 1693 Quocirca
1824 1624 2072 1690 quoniam
2100 1621 2157 1675 id

575 1723 717 1791 quod
743 1723 1130 1792 significaretur
1159 1739 1187 1776 a
1218 1722 1437 1775 vocibus
1467 1721 1765 1773 intellectus
1794 1732 1913 1771 esse
1942 1717 2156 1769 Aristo-

573 1815 708 1868 teles
759 1816 1013 1883 putabat,
1062 1814 1274 1867 nomina
1321 1827 1449 1866 vero
1491 1820 1545 1865 et
1592 1810 1752 1864 verba
1802 1805 2156 1876 significativa

573 1921 692 1962 esse
740 1908 791 1960 in
840 1923 1023 1961 eorum
1068 1916 1183 1961 erat
1226 1906 1632 1960 diffinitiouibus
1673 1902 1975 1971 positurus,
2008 1910 2159 1955 recte

573 2015 797 2070 quorum
848 2009 1031 2055 essent
1075 2001 1429 2069 signifieativa
1476 1996 1752 2065 praedixit,
1808 2008 2156 2063 erroremque

584 2090 806 2145 lectoris
829 2106 894 2144 ex
921 2091 1193 2158 multiplici
1226 2098 1465 2144 veterum
1498 2089 1589 2141 hte
1613 2088 1913 2141 venientem
1942 2095 2159 2138 senten-
2192 2110 2197 2115 ·

571 2188 660 2241 tite
687 2203 799 2241 sua:
826 2186 1260 2241 manifestatione
1281 2181 1643 2252 compescuit,
1674 2191 1833 2247 atque
1861 2180 1963 2232 hoc
1993 2178 2159 2232 modo

573 2279 705 2333 nihil
736 2279 788 2332 in
820 2293 885 2333 eo
914 2277 1335 2347 deprehenditur
1364 2289 1484 2328 esse
1525 2271 1852 2340 superfluum
1872 2310 1887 2334 ,
1917 2267 2157 2335 nihilque

572 2368 655 2437 ab
688 2370 893 2424 ordinis
937 2368 1341 2422 continuatione
1396 2364 1716 2432 sejunctum.
1775 2361 1975 2425 Quaerit
2029 2372 2159 2411 vero

572 2458 901 2530 Porphyrius
924 2474 1020 2512 cur
1051 2460 1121 2511 ita
1150 2456 1345 2512 dixerit
1377 2473 1390 2508 :
1422 2455 1556 2509 Sunt
1596 2469 1723 2522 ergo
1768 2467 1829 2505 ea
1874 2465 1993 2520 qure
2033 2458 2158 2503 sunt

571 2549 627 2602 in
653 2564 802 2612 voce,
835 2558 889 2602 et
915 2563 1018 2601 non
1045 2548 1141 2612 sic,
1175 2557 1300 2601 sunt
1343 2560 1471 2615 ergo
1518 2559 1709 2609 voces;
1749 2554 1801 2597 et
1833 2557 2016 2596 rursus
2062 2557 2158 2596 cur

571 2643 645 2694 ita
668 2650 719 2695 et
750 2655 812 2694 ea
853 2656 972 2709 quze
1003 2641 1344 2705 scribuntur,
1374 2648 1427 2693 et
1456 2654 1561 2693 non
1593 2637 1816 2701 dixerit,
1850 2646 1905 2690 et
1933 2635 2151 2699 litterae,

571 2735 713 2805 quod
745 2735 960 2789 resolvit
987 2736 1087 2790 hoc
1134 2736 1312 2790 modo.
1356 2734 1562 2788 Dictum
1591 2742 1675 2787 est
1710 2741 1819 2787 tres
1860 2746 1981 2786 esse
2014 2728 2154 2797 apud

572 2823 959 2894 Peripateticos
990 2825 1294 2890 orationes,
1330 2840 1486 2879 unam
1518 2840 1635 2892 quae
1659 2824 1851 2877 litteris
1877 2823 2153 2885 scribitur,

571 2917 728 2969 aliam
757 2932 875 2985 qua:
907 2918 1173 2985 profertur
1200 2918 1253 2971 in
1284 2932 1436 2981 voce,
1474 2915 1685 2970 tertiam
1714 2930 1831 2985 quae
1860 2914 2157 2983 conjunge-

572 3017 721 3062 retur
750 3008 1029 3063 inanimo.
1062 3008 1211 3075 Quod
1250 3008 1295 3061 si
1326 3016 1435 3061 tres
1473 3007 1744 3060 orationes
1782 3012 1934 3067 sunt,
1976 3014 2155 3073 partes

571 3112 783 3166 quoque
817 3098 1074 3152 orationis
1116 3098 1349 3166 triplices
1398 3112 1519 3151 esse
1564 3096 1707 3150 nulla
1752 3095 2011 3149 dubitatio
2049 3102 2152 3147 est.

570 3189 746 3257 Quare
774 3193 1023 3260 quoniam
1053 3191 1271 3245 verbum
1302 3199 1357 3244 et
1388 3206 1579 3244 nomen
1619 3188 1987 3259 principaliter
2024 3202 2151 3240 ora-

570 3282 733 3337 tionis
776 3295 953 3351 partes
993 3294 1145 3347 sunt,
1187 3294 1343 3337 erunt
1373 3284 1474 3337 alia
1507 3284 1667 3337 verba
1703 3294 1757 3337 et
1788 3282 2000 3335 nomina
2035 3295 2157 3350 quae

570 3374 891 3438 scribantur,
924 3375 1022 3426 alia
1052 3389 1172 3443 quas
1198 3374 1478 3437 dicantur,
1507 3374 1607 3426 alia
1639 3389 1758 3442 quae
1789 3373 1943 3426 tacita
1975 3382 2156 3426 mente

571 3470 885 3516 tractentur.
918 3465 1053 3531 Ergo
1081 3465 1332 3531 quoniam
1351 3464 1626 3534 proposuit
1655 3463 1838 3517 dicens
1866 3481 1880 3516 :
1915 3462 2155 3515 Primum

570 3562 780 3622 oportet
809 3554 1135 3609 constituere
1174 3556 1301 3624 quid
1348 3558 1418 3609 sit
1459 3570 1654 3609 nomen
1696 3564 1751 3609 et
1779 3555 1901 3623 quid
1944 3554 2012 3607 sit
2038 3569 2157 3608 ver-

571 3646 695 3700 bum
722 3688 736 3711 ,
763 3648 952 3715 triplex
986 3656 1163 3700 autem
1196 3648 1469 3700 nominum
1512 3655 1699 3700 natura
1732 3656 1812 3699 est
1843 3653 2000 3714 atque
2030 3659 2150 3697 ver—

571 3742 794 3808 borum,
829 3743 895 3795 de
932 3743 1123 3813 quibus
1164 3743 1498 3813 potissimum
1542 3743 1915 3812 proposuerit,
1955 3752 2153 3811 etquae

570 3831 802 3888 difﬁnire
827 3834 955 3888 velit
984 3836 1249 3899 ostendit,
1281 3846 1334 3889 et
1359 3836 1610 3905 quoniam
1640 3835 1708 3889 de
1736 3835 1818 3888 his
1848 3834 2152 3892 nominibus

570 3923 804 3993 loquitur
832 3940 896 3979 ac
936 3925 1149 3993 verbis,
1191 3941 1309 3994 quae
1341 3941 1472 3980 voce
1518 3923 1883 3992 proferuntur,
1920 3925 2150 3993 idipsum

569 4014 779 4083 planius
826 4016 1099 4085 explicans
1138 4016 1212 4070 ait
1259 4033 1271 4069 :
1319 4017 1455 4072 Sunt
1504 4031 1631 4086 ergo
1676 4030 1739 4070 ea
1779 4032 1898 4085 quae
1940 4024 2066 4071 sunt
2095 4018 2149 4073 in

569 4117 699 4159 voce
728 4120 908 4158 earum
940 4120 1061 4174 quae
1089 4115 1212 4159 sunt
1240 4106 1291 4158 in
1323 4105 1500 4159 anima
1540 4104 1843 4173 passionum
1884 4115 2056 4177 nota,
2094 4119 2152 4164 et

567 4211 627 4250 ea
658 4211 776 4266 quze
799 4196 1104 4251 scribuntur
1133 4212 1315 4251 eorum
1344 4212 1462 4265 qua:
1491 4204 1616 4250 sunt
1646 4196 1699 4250 in
1731 4211 1895 4264 voce,
1928 4198 2072 4252 velut
2102 4198 2149 4253 si

569 4288 798 4344 diceret:
820 4290 892 4342 Ea
912 4289 1072 4343 verba
1096 4298 1149 4343 et
1174 4303 1234 4343 ea
1260 4288 1472 4342 nomina
1499 4303 1615 4356 quae
1637 4289 1688 4341 in
1712 4288 1881 4342 vocali
1905 4289 2149 4344 oratione

565 4383 928 4452 proferuntur,
961 4382 1153 4435 animae
1180 4381 1454 4448 passiones
1481 4379 1815 4434 denuntiant.
1848 4378 1938 4433 llla
1969 4390 2147 4434 autem

567 4490 750 4529 rursus
780 4476 939 4528 verba
971 4486 1025 4530 et
1056 4474 1270 4528 nomina
1299 4488 1419 4543 quae
1448 4472 1776 4538 scribuntur,
1808 4486 1996 4527 eorum
2024 4488 2147 4527 vcr-

565 4571 751 4623 borum
781 4569 1164 4635 nominumque
1189 4564 1562 4637 signiﬁcationi
1597 4574 1829 4633 praesunt
1862 4581 1981 4632 qure
2013 4580 2145 4621 voce

2270 623 2390 676 qua:
2416 608 2728 663 scribuntur
2757 625 2942 664 eorum
2994 612 3282 687 verborum
3324 623 3378 667 et
3424 615 3698 671 nominum
3737 636 3853 690 qum

2268 709 2392 752 sunt
2416 700 2466 752 in
2491 714 2655 753 voce:
2682 702 2825 770 quod
2853 705 3723 776 communitersubintelligendtun
3748 719 3850 765 ait.

2269 791 2390 845 licet
2414 806 2477 844 ea
2497 806 2617 860 qua:
2641 793 3011 863 subjunximus
3032 795 3221 851 deesse
3238 798 3547 858 videantur:
3564 814 3727 867 quare
3751 815 3853 854 non

2269 896 2353 936 εει
2381 884 2648 951 disjuncta
2671 887 2969 953 sententia,
3003 888 3096 941 sed
3130 890 3311 955 prima:
3342 892 3692 959 propositioni
3721 907 3854 946 con-

2270 974 2438 1028 tinua.
2473 975 2602 1030 Nam
2650 992 2769 1031 cum
2812 979 2937 1048 quid
2983 980 3053 1034 sit
3102 981 3357 1047 verbum,
3389 992 3443 1037 et
3485 984 3609 1051 quid
3657 999 3854 1039 nomen

2270 1068 2507 1123 diffinire
2536 1071 2841 1135 constituit,
2871 1087 2991 1126 cum
3025 1075 3257 1129 numinis
3286 1084 3340 1129 et
3369 1076 3517 1130 verbi
3566 1086 3754 1132 natura
3786 1076 3858 1131 sit

2269 1160 2565 1228 multiplex,
2600 1161 2812 1231 dequo
2854 1165 3068 1219 nomine
3106 1176 3159 1219 et
3203 1169 3370 1220 verbo
3409 1176 3638 1222 tractare
3691 1168 3855 1222 vellet

2270 1250 2411 1302 clara
2443 1251 2833 1319 significatione
2866 1255 3124 1309 distinxit.
3165 1257 3429 1326 Incipiens
3469 1259 3628 1328 igitur
3670 1259 3739 1313 ab
3769 1259 3854 1315 bis

2271 1336 2575 1394 nominibus
2603 1353 2658 1396 et
2682 1345 2864 1399 verbis
2884 1361 3004 1414 quae
3025 1348 3074 1400 in
3102 1363 3231 1402 voce
3257 1358 3401 1414 sunt,
3422 1365 3645 1418 quorum
3670 1356 3857 1405 essent

2269 1432 2619 1499 signiﬁcaliva
2648 1434 2921 1489 disseruit.
2950 1438 3036 1490 Ait
3058 1439 3200 1491 enim
3225 1438 3341 1493 hzcc
3362 1442 3637 1507 passiones
3660 1440 3855 1495 animm
3880 1508 3885 1517 .

2268 1522 2571 1591 designare.
2612 1525 2745 1579 lllud
2782 1542 2993 1597 quoque
3033 1529 3230 1598 adjecit
3260 1518 3452 1598 quibus
3492 1533 3603 1600 ipsa
3637 1533 3855 1587 nomina

2268 1625 2320 1668 et
2344 1616 2501 1669 verba
2536 1631 2654 1682 qua:
2708 1618 2759 1671 in
2804 1634 2932 1673 voce
2975 1630 3099 1674 sunt
3136 1622 3502 1692 designentur,
3536 1624 3617 1678 bis
3649 1624 3857 1683 scilicet

2267 1722 2387 1775 qua:
2419 1708 2715 1763 litterarum
2749 1710 2993 1765 formulis
3037 1713 3434 1781 exprimuntur.
3468 1715 3572 1769 Sed
3604 1717 3855 1783 quoniam

2268 1816 2376 1854 non
2408 1804 2581 1856 omnis
2619 1820 2719 1858 vox
2748 1805 3099 1874 sign-ﬁcativa
3128 1817 3230 1871 est,
3276 1807 3436 1861 verba
3466 1816 3642 1861 autem
3673 1816 3730 1862 et
3756 1823 3855 1862 no-

2190 1883 2242 1945 Β
2272 1898 2415 1950 mina
2440 1914 2710 1968 nunquam
2738 1899 3217 1969 significationibus
3250 1910 3463 1966 carent;
3493 1901 3854 1971 quoniamque

2268 2002 2373 2041 nou
2405 1991 2581 2041 omnis
2611 2005 2714 2043 vox
2749 2007 2866 2057 qua:
2899 1990 3169 2060 signiﬁcat
3196 1992 3424 2061 quadam
3457 1992 3724 2061 positione
3760 1990 3853 2045 de-
3916 2058 3917 2061 η

2267 2079 2461 2147 signat,
2492 2079 2585 2132 sed
2609 2079 2854 2148 quaedam
2882 2082 3218 2148 naturaliter,
3244 2092 3299 2135 ut
3327 2082 3597 2152 lacrymze,
3624 2082 3855 2152 gemitus

2266 2180 2426 2239 atque
2453 2186 2671 2233 maeror,
2695 2171 3006 2225 animalium
3025 2188 3236 2242 quoque
3256 2183 3575 2227 cancrorum
3607 2173 3854 2248 quaedam

2267 2276 2424 2317 voces
2452 2265 2765 2318 naturaliter
2788 2265 2987 2334 aliquid
3023 2266 3347 2332 ostendunt,
3382 2278 3438 2321 ut
3466 2283 3532 2322 ex
3562 2260 3752 2322 canum
3782 2270 3851 2323 la-

2268 2354 2531 2407 trantibus
2580 2355 2895 2421 iracundia,
2947 2371 3241 2427 eorumque
3295 2358 3397 2411 alia
3444 2360 3674 2428 quadam
3723 2375 3850 2417 voce

2265 2444 2627 2499 blandimenta
2665 2456 3064 2513 monstrantur;
3104 2449 3268 2503 verba
3320 2459 3499 2505 autem
3544 2462 3599 2506 et
3637 2452 3849 2508 nomina

2266 2536 2531 2606 positione
2561 2537 2885 2606 significant,
2910 2555 3007 2594 nec
3034 2539 3206 2594 solum
3227 2550 3354 2595 sunt
3381 2542 3541 2596 verba
3567 2553 3620 2596 et
3642 2543 3848 2597 nomina

2266 2642 2424 2681 voces
2445 2668 2459 2691 ,
2487 2628 2580 2682 sed
2612 2644 2769 2683 voces
2800 2628 3193 2697 signiticativte,
3236 2647 3333 2686 nec
3372 2633 3545 2687 solum
3588 2647 3749 2688 voces
3783 2633 3840 2687 si-

2263 2720 2612 2791 gniticativaa,
2654 2722 2748 2776 sed
2789 2722 2947 2775 etiam
2988 2738 3106 2794 quae
3144 2726 3406 2792 positione
3448 2724 3732 2795 designent
3759 2724 3847 2779 ali-

2264 2811 2412 2879 quid,
2445 2828 2551 2865 non
2577 2822 2786 2880 natura,
2815 2829 2920 2868 non
2952 2814 3120 2879 dixit;
3154 2825 3277 2869 sunt
3303 2816 3462 2885 igitur
3482 2832 3643 2871 voces
3672 2832 3847 2872 earum

2265 2918 2384 2969 qua)
2412 2913 2537 2957 sunt
2574 2907 2625 2957 in
2660 2905 2834 2959 anima
2874 2910 3183 2974 passionum
3213 2915 3387 2973 notas;
3420 2924 3650 2978 namque
3683 2920 3846 2980 nequt

2263 2998 2438 3048 omnis
2472 3012 2575 3051 vox
2604 2997 2949 3067 signiﬁcativa
2989 3011 3097 3063 est,
3131 3012 3185 3054 et
3221 3010 3347 3054 sunt
3376 3002 3622 3070 quaedam
3654 3003 3844 3073 signiﬁ-

2260 3091 2448 3144 cativa:
2506 3107 2623 3161 quae
2666 3092 2979 3147 naturaliter
3026 3108 3133 3147 non
3180 3094 3445 3163 positione
3488 3095 3791 3164 significent
3830 3113 3844 3153 :

2263 3182 2401 3251 quod
2435 3183 2481 3237 si
2512 3184 2582 3237 ita
2613 3183 2865 3248 dixisset,
2897 3187 3124 3240 nihilad
3151 3187 3531 3255 proprietatem
3561 3188 3843 3244 verborum

2184 3254 2233 3318 ο
2266 3285 2320 3328 et
2351 3275 2622 3329 nominum
2653 3276 2961 3343 pertineret.
2990 3278 3249 3345 Quocirca
3282 3293 3388 3334 non
3420 3279 3585 3334 voluit
3606 3294 3839 3335 commu-

2264 3367 2402 3419 niter
2430 3369 2608 3422 dicere
2640 3383 2825 3432 voces,
2859 3370 2954 3423 sed
2989 3369 3128 3424 dixit
3157 3379 3358 3424 tantum
3397 3385 3460 3425 ea
3497 3387 3615 3441 qua:
3646 3382 3771 3426 sunt
3793 3372 3840 3426 il

2260 3474 2412 3514 voce.
2462 3458 2580 3514 Vox
2623 3461 2766 3514 enim
2819 3462 3120 3517 universale
3170 3463 3422 3532 quiddam
3469 3475 3580 3529 est,
3631 3467 3839 3521 nomina

2262 3568 2390 3606 vero
2420 3562 2474 3605 et
2500 3552 2662 3605 verba
2690 3561 2903 3621 partes,
2946 3568 3071 3623 pars
3101 3566 3277 3610 autem
3304 3557 3482 3612 omnis
3512 3557 3563 3610 in
3600 3566 3711 3612 toto
3742 3571 3838 3625 est,

2261 3644 2425 3698 verba
2473 3659 2602 3714 ergo
2644 3654 2699 3699 et
2743 3647 2959 3699 nomina
3007 3647 3257 3716 quoniam
3294 3660 3421 3702 sunt
3460 3650 3600 3704 intra
3626 3665 3838 3710 vocem.

2260 3745 2407 3791 recte
2429 3736 2627 3791 dictum
2648 3745 2761 3803 est,
2794 3750 2853 3790 ea
2877 3752 2996 3806 quae
3026 3748 3151 3792 sunt
3180 3740 3230 3792 in
3260 3753 3425 3797 voce.
3456 3742 3600 3795 velut
3628 3742 3672 3794 si
3702 3742 3835 3797 dice-

2259 3836 2363 3895 ret,
2395 3829 2645 3897 quoniam
2690 3828 2828 3881 intra
2861 3843 3045 3883 vocem
3076 3830 3447 3898 continentur,
3479 3832 3837 3888 intellectuum

2257 3917 2581 3989 designativa
2605 3926 2761 3983 sunt;
2790 3920 2887 3972 sed
2917 3918 3017 3973 hoc
3042 3920 3215 3974 simile
3234 3930 3319 3975 est
3346 3936 3409 3976 ac
3434 3926 3477 3976 si
3502 3922 3573 3978 ita
3597 3924 3836 3992 dixisset,

2255 4025 2359 4062 vox
2381 4022 2528 4063 certo
2564 4008 2723 4063 modo
2754 4024 2813 4063 se
2846 4008 3049 4063 habens
3076 4010 3342 4079 significat
3372 4013 3695 4069 intellectus.
3727 4014 3836 4070 Non

2255 4101 2397 4157 enim
2430 4094 2518 4172 (ut
2556 4100 2756 4155 dictum
2788 4102 2903 4171 est)
2935 4117 3128 4163 nomen
3170 4113 3224 4158 et
3272 4106 3493 4160 verbum
3534 4123 3695 4163 voces
3726 4119 3833 4163 tan-

2254 4205 2367 4251 tum
2400 4206 2543 4250 sunt.
2576 4196 2727 4251 Sicut
2762 4213 3011 4251 nummus
3035 4212 3249 4267 quoque
3276 4216 3379 4255 non
3422 4201 3593 4255 solum
3623 4219 3697 4257 aes
3736 4205 3832 4258 im-
3879 4204 3897 4229 '

2253 4303 2497 4358 pressum
2525 4290 2750 4358 quadam
2782 4287 2949 4359 figura
2978 4299 3083 4355 est,
3113 4301 3169 4344 ut
3195 4306 3443 4346 nummus
3474 4304 3713 4361 vocetur,
3740 4297 3831 4349 sed

2253 4382 2413 4435 etiam
2462 4390 2518 4433 ut
2572 4379 2792 4435 alterius
2840 4381 2911 4434 sit
2954 4382 3031 4435 rei
3081 4384 3342 4451 pretium;
3384 4382 3572 4439 eodem
3624 4402 3830 4457 quoque

2252 4474 2411 4527 modo
2440 4472 2599 4528 verba
2643 4484 2696 4528 et
2747 4475 2960 4528 nomina
2994 4491 3098 4529 non
3144 4478 3315 4529 solum
3360 4492 3517 4531 voces
3552 4490 3711 4544 sunt,
3740 4481 3832 4536 sed

2254 4567 2440 4634 positae
2487 4566 2553 4619 ad
2608 4566 2893 4635 quamdam
2953 4568 3315 4625 intellectuum
3370 4571 3832 4641 signiﬁcationem.

564 4662 927 4732 proferuntur.
979 4662 1109 4716 Nam
1154 4663 1292 4716 sicut
1333 4661 1534 4716 vocalis
1575 4661 1832 4717 orationis
1884 4648 2044 4715 verba
2090 4670 2144 4715 et
2169 4637 2224 4698 Ῑ)
2251 4662 2365 4716 Vox
2402 4662 2544 4717 enim
2576 4678 2693 4732 qua
2721 4662 2852 4716 nihil
2888 4662 3167 4734 designat,
3199 4675 3253 4718 ut
3282 4672 3365 4719 est
3400 4666 3681 4734 gargulus,
3712 4666 3830 4722 licet

560 4755 776 4808 nomina
800 4754 1177 4823 conceptiones
1195 4756 1356 4807 animi
1383 4754 1790 4824 intellectusque
1817 4754 2141 4823 significant,

559 4847 629 4899 ita
660 4861 870 4914 quoque
898 4848 1060 4899 verba
1090 4856 1144 4899 et
1178 4848 1393 4900 nomina
1426 4847 1513 4899 illa
1542 4862 1659 4917 quae
1698 4848 1750 4900 in
1788 4848 1916 4901 solis
1943 4850 2145 4902 littera-

557 4955 676 4993 rum
703 4939 942 4991 formulis
971 4938 1147 5006 jacent
1190 4938 1405 4992 illorum
1457 4938 1739 4994 verborum
1770 4950 1821 4994 et
1863 4943 2138 4995 nominum

558 5031 909 5101 signiﬁcativa
937 5039 1062 5083 sunt
1090 5046 1207 5098 qua:
1242 5032 1535 5099 loquimur,
1568 5031 1619 5086 id
1656 5042 1738 5086 est
1765 5047 1883 5100 quae
1917 5048 2012 5101 per
2046 5048 2138 5085 vo-

554 5138 672 5179 cem
697 5138 981 5184 sonamus;
1017 5138 1136 5175 nam
1166 5122 1304 5191 quod
1332 5123 1405 5177 ait
1431 5141 1443 5175 :
1472 5122 1607 5178 Sunt
1632 5138 1761 5191 ergo
1788 5139 1849 5178 ea
1879 5139 1995 5193 quae
2014 5133 2141 5179 sunt

553 5219 609 5273 in
644 5235 793 5283 voce,
828 5217 1253 5273 subaudiendum
1283 5228 1365 5273 est
1392 5219 1605 5272 nomina
1635 5229 1687 5273 et
1710 5219 1891 5275 verba.
1921 5220 1991 5274 Et
2018 5236 2139 5275 rur—

552 5323 643 5362 sus
672 5324 791 5363 cum
834 5308 963 5363 dicit
1005 5326 1019 5363 :
1062 5308 1127 5363 Et
1165 5323 1225 5363 ca
1257 5323 1376 5377 qua:
1404 5308 1735 5374 scribuntur,
1768 5311 1906 5365 idem
1935 5310 2135 5367 subne-

551 5402 801 5454 ctendum
832 5416 1017 5455 rursus
1044 5411 1146 5465 est,
1170 5402 1327 5453 verba
1352 5398 1553 5453 scilicet
1576 5409 1630 5455 et
1652 5403 1885 5455 nomina.
1915 5402 2133 5471 thuod

549 5508 736 5548 rursus
767 5494 961 5564 adjecit
991 5512 1005 5547 :
1042 5494 1238 5547 Eorum
1269 5509 1388 5563 qua:
1414 5501 1539 5547 sunt
1569 5496 1618 5548 in
1647 5509 1798 5563 voce,
1832 5495 2129 5550 addendum

551 5599 663 5652 est,
712 5604 896 5641 eorum
951 5590 1222 5641 norninum
1265 5597 1423 5656 atque
1464 5587 1744 5642 verborum
1780 5604 1898 5656 quas
1937 5590 2136 5657 profert

550 5687 709 5748 atque
753 5682 983 5747 explicat
1019 5679 1219 5733 vocalis
1258 5680 1448 5733 oratio.
1493 5679 1643 5745 Quod
1676 5680 1719 5731 si
1760 5680 1891 5733 nihil
1924 5680 2135 5734 deesset

547 5773 810 5833 omnino,
862 5774 934 5823 ita
979 5772 1113 5825 foret
1155 5769 1315 5822 totius
1360 5768 1635 5837 plenitudo
1665 5772 1965 5825 sententiae.
1997 5770 2134 5826 Sunt

544 5880 675 5936 ergo
703 5878 765 5917 ea
788 5863 1003 5917 nomina
1027 5871 1082 5914 et
1102 5858 1266 5914 verba
1287 5875 1407 5928 quae
1427 5860 1483 5914 in
1501 5874 1633 5915 voce
1658 5869 1784 5915 sunt
1809 5875 1991 5918 earum
2014 5880 2133 5935 qua:

2248 4770 2365 4809 eam
2393 4753 2723 4823 grammatici
2749 4754 2969 4824 figuram
3021 4754 3167 4809 vocis
3196 4756 3463 4811 intuentes
3491 4771 3688 4812 nomen
3712 4772 3831 4814 esse

2247 4850 2607 4915 contendant,
2641 4858 2822 4903 tamen
2855 4864 2972 4903 eam
3007 4864 3198 4905 nomen
3232 4851 3570 4922 philosophia
3598 4868 3703 4906 non
3736 4869 3829 4923 pu-

2246 4942 2402 5004 tavit,
2460 4941 2562 4994 nisi
2608 4941 2679 4994 sit
2721 4941 2892 5010 posita
2929 4950 2985 4994 ut
3031 4940 3339 5011 designaret
3379 4942 3612 5013 aliquam
3664 4944 3829 4999 animi

2244 5035 2682 5101 conceptionem,
2712 5049 2881 5103 eoque
2912 5035 3071 5089 modo
3094 5035 3395 5103 signiﬁcare
3422 5035 3620 5106 aliquid
3649 5039 3827 5091 rerum

2248 5125 2447 5195 possit,
2481 5126 2677 5179 etenim
2719 5141 2912 5181 nomen
2951 5128 3174 5196 alicujus
3222 5142 3417 5182 nomen
3457 5142 3579 5183 esse
3605 5143 3827 5184 necesse

2247 5218 2377 5281 erit;
2406 5216 2500 5271 sed
2528 5217 2572 5270 si
2602 5232 2703 5270 vox
2733 5217 2906 5285 aliqua
2933 5218 3059 5271 nihil
3099 5219 3373 5289 designat,
3404 5218 3605 5274 nullius
3630 5235 3824 5277 nomen

2243 5320 2357 5372 est;
2382 5323 2547 5379 quare
2578 5309 2625 5363 si
2663 5309 2859 5364 nullius
2883 5326 3075 5365 nomen
3107 5320 3226 5378 est,
3262 5327 3360 5367 nec
3385 5327 3581 5368 nomen
3612 5314 3833 5383 quidem

2244 5416 2365 5456 esse
2385 5402 2602 5455 dicitur.
2627 5405 2801 5473 Atque
2827 5402 2947 5455 ideo
2982 5402 3283 5472 hujusmodi
3306 5419 3409 5459 vox
3426 5446 3442 5471 ,
3473 5403 3525 5458 id
3551 5415 3634 5460 est
3662 5404 3821 5476 signi-

2241 5493 2482 5558 ﬁcativa,
2520 5501 2771 5549 non‘vox
2821 5504 3054 5562 tantum,
3088 5496 3180 5550 sed
3217 5496 3441 5552 verbum
3476 5506 3699 5552 vocatur
3735 5509 3819 5553 aut

2240 5601 2459 5653 nomen,
2483 5588 2931 5659 quemadmodum
2960 5604 3210 5644 nummus
3235 5605 3342 5644 non
3368 5604 3465 5656 res,
3487 5590 3580 5644 sed
3606 5591 3816 5659 proprio

2238 5680 2453 5735 nomine
2488 5696 2761 5748 nummus,
2787 5697 2893 5752 quo
2918 5682 2987 5737 ab
3023 5685 3126 5739 alio
3149 5699 3257 5740 rere
3285 5685 3585 5752 discrepet,
3618 5699 3813 5738 nuncu-

2242 5784 2415 5841 patur.
2445 5776 2581 5844 Ergo
2610 5777 2917 5832 Aristotelis
2944 5778 3060 5832 haec
3087 5778 3350 5833 sententia
3380 5792 3483 5846 qua
3512 5777 3586 5831 ait
3608 5791 3670 5831 ea
3696 5790 3811 5844 qua!
3882 5758 3891 5770 ³

2235 5876 2362 5921 sunt
2386 5868 2438 5921 in
2470 5882 2602 5923 voce
2628 5909 2645 5934 ,
2688 5869 2820 5924 nihil
2856 5872 2997 5947 aliud
3037 5872 3279 5940 designat
3313 5871 3415 5926 nisi
3443 5886 3563 5927 eam
3591 5881 3810 5939 vocem.
