4270 6266
465 331 570 386 ιοθ

1177 328 1238 382 IN
1278 326 1535 382 LIBRUM
1572 323 1665 379 ne
1704 320 2355 382 [NTERPRETATIONE
2393 327 2620 389 EDITIO
2657 328 2997 411 saeuum,

3631 348 3734 406 410

461 457 583 514 qua:
611 455 721 497 non
758 441 934 497 solum
960 437 1064 495 vox
1097 438 1192 505 sit,
1234 439 1329 495 sed
1370 454 1488 508 quae
1517 452 1638 492 cum
1669 449 1787 535 .vox
1816 433 1915 499 sit,
1946 432 2043 486 ha-
2071 438 2126 498 Α
2151 437 2319 495 lectus
2346 442 2571 510 profecti
2612 458 2737 503 sunt
2767 450 3158 521 significatione
3196 469 3452 528 nitantur,
3473 462 3729 535 quidquid

456 538 585 594 heat
624 544 803 590 tamen
850 534 1075 603 aliquam
1123 534 1503 602 proprietatem
1541 538 1595 583 et
1635 528 1867 597 aliquam
1912 540 2045 595 quo-

458 630 750 687 dammodo
778 628 995 698 ﬁguram
1030 626 1211 693 positze
1250 621 1649 692 signiﬁcationis
1682 621 2035 688 impressam,

456 725 648 779 lterum
680 736 827 786 vero,
856 721 907 775 id
939 731 1018 773 est
1047 720 1328 771 verborum
1363 727 1415 768 et
1446 716 1720 769 nominum
1752 726 1873 781 qua:
1913 719 2039 765 sunt

457 814 512 869 in
539 828 697 878 voce,
726 814 902 880 aliquo
934 809 1091 863 modo
1121 823 1239 862 sese
1272 808 1531 871 habente,
1578 821 1640 860 ea
1679 814 1805 858 sunt
1834 804 2040 859 scilicet

453 906 795 974 signiﬁcativa
820 918 941 973 qum
966 903 1294 961 scribuntur,
1322 911 1377 953 ut
1400 900 1499 953 hoc
1531 898 1671 967 quod
1702 898 1904 951 dictum
1928 904 2033 962 est,

451 1015 570 1070 qua;
606 999 929 1059 scribuntur,
955 996 1021 1048 dc
1044 994 1219 1049 verbis
1241 1009 1305 1048 ac
1332 992 1637 1047 nominibus
1667 989 1890 1054 dictum,
1915 1002 2035 1058 qua:

446 1090 643 1147 suntin
675 1089 897 1154 litteris,
931 1088 1278 1155 intelligatur.
1310 1087 1489 1141 Potest
1518 1099 1647 1139 vero
1673 1083 1787 1138 haec
1818 1096 2032 1151 quoque

443 1199 561 1240 esse
589 1184 722 1237 ratio
752 1197 849 1237 cur
870 1183 1085 1247 dixerit,
1116 1191 1168 1236 et
1189 1196 1250 1235 ea
1275 1196 1391 1250 quae
1419 1180 1750 1243 scribuntur,
1772 1177 2029 1248 quoniam

440 1276 647 1331 litteras
671 1283 727 1329 et
754 1274 981 1342 scriptas
1020 1272 1213 1342 ﬁguras
1247 1281 1301 1327 et
1340 1286 1531 1337 voces,
1565 1286 1685 1340 qua:
1715 1269 1917 1325 eisdem
1948 1268 2027 1323 si-

437 1368 756 1439 gniﬁcantur
781 1368 1042 1431 formulis,
1065 1380 1455 1433 nuncupamus,
1500 1372 1557 1417 ut
1583 1381 1615 1416 a
1640 1372 1696 1417 et
1725 1366 1839 1433 ipse
1861 1376 2024 1417 sonus

438 1462 633 1516 littera:
675 1455 873 1514 no'men
912 1464 1085 1528 capit,
1118 1468 1172 1512 et
1212 1457 1302 1512 illa
1348 1473 1468 1536 quae
1512 1457 1563 1511 in
1599 1456 1840 1524 subjecto
1869 1471 2022 1510 carrae

435 1571 624 1610 vocem
652 1553 961 1625 signiﬁcans
1000 1552 1171 1608 forma
1201 1551 1537 1607 describitur.
1568 1550 1858 1620 Desiguare
1888 1546 2020 1618 'ergo

430 1649 621 1702 volens
640 1647 835 1716 quibus
863 1645 1040 1699 verbis
1065 1654 1225 1714 atque
1253 1643 1556 1697 nominibus
1580 1656 1644 1696 ea
1666 1658 1784 1710 qua:
1811 1644 1862 1695 in
1886 1657 2017 1696 voce

428 1748 555 1795 sunt
606 1748 897 1807 apparent,
932 1752 1037 1792 non
1088 1737 1224 1790 dixit
1272 1737 1518 1802 litteras,
1563 1735 1706 1805 quod
1744 1735 1810 1789 ad
1852 1749 2015 1788 sonos

2151 542 2235 624 est
2271 536 2325 588 in
2379 536 2599 593 vocibus
2643 541 3089 615 signiﬁcativum,
3119 548 3173 603 id
3212 553 3406 608 animae
3450 556 3728 624 passiones

2149 621 2428 693 designat;
2462 629 2560 683 sed
2593 628 2676 685 lite
2701 633 2979 699 passiones
3020 638 3318 696 animorum
3347 658 3412 697 ex
3442 621 3619 700 rerum
3647 646 3726 702 si-

2148 716 2447 813 militudine
2476 733 2859 813 procreantutzz
2881 727 3065 783 videns
3088 746 3315 802 namque
3344 738 3536 805 aliquis
3552 739 3724 808 spha-

2145 823 2292 876 ram,
2340 811 2421 866 vel
2470 811 2829 883 quadratum,
2865 819 2952 873 vel
2995 823 3288 889 quamlibet
3334 842 3512 882 rerum
3561 830 3721 886 aliam

2141 899 2400 969 ﬁguram,
2434 920 2551 959 eam
2600 908 2651 961 in
2702 909 2865 963 animi
2908 910 3254 983 intelligentia
3301 920 3531 986 quadam
3573 922 3621 976 vi
3657 938 3721 979 ac

2139 993 2483 1051 similitudine
2530 1001 2692 1066 capit.
2742 999 2877 1055 Nam
2927 1004 3014 1073 qui
3044 1005 3312 1075 sphaeram
3345 1009 3572 1077 viderit,
3603 1013 3718 1082 ejus

2137 1085 2540 1141 similitudinem
2595 1090 2649 1143 in
2678 1092 2859 1147 animo
2902 1096 3182 1165 perpendit
3212 1106 3265 1151 et
3302 1102 3527 1168 cogitat,
3557 1114 3717 1173 atque

2134 1176 2252 1244 ejus
2284 1178 2336 1230 in
2367 1180 2546 1234 animo
2575 1183 2861 1250 quamdam
2901 1199 3088 1254 passus
3117 1188 3432 1258 imaginem,
3468 1192 3520 1246 id
3563 1195 3715 1263 cujus

2130 1268 2417 1339 imaginem
2456 1275 2655 1343 patitur
2679 1280 2940 1346 agnoscit.
2973 1280 3157 1335 Omnis
3204 1298 3331 1338 vero
3379 1284 3553 1355 imago
3592 1289 3710 1355 rei,

2128 1362 2281 1429 cujus
2346 1364 2520 1434 imago
2562 1376 2645 1420 est
2703 1368 3104 1426 similitudinem
3136 1381 3315 1439 tenet;
3353 1391 3502 1432 mens
3548 1378 3709 1450 igitur

2126 1464 2247 1504 cum
2300 1453 2575 1523 intelligit,
2609 1472 2786 1512 rerum
2840 1460 3237 1520 similitudinem
3279 1470 3702 1537 comprehendit.

2126 1540 2279 1597 Unde
2328 1545 2386 1597 ﬁt
2427 1556 2484 1598 ut
2535 1560 2655 1601 cum
2687 1549 2913 1605 duorum
2960 1568 3243 1624 corporum
3289 1560 3461 1629 majus
3502 1578 3700 1631 unum,

2121 1633 2299 1688 minus
2327 1636 2555 1692 alterum
2595 1651 2940 1711 contuemur,
2990 1659 3022 1699 a
3059 1662 3219 1701 sensu
3263 1662 3447 1718 postea
3483 1655 3702 1711 remotis

2119 1727 2433 1795 corporibus
2465 1729 2550 1783 illa
2583 1731 2695 1800 ipsa
2723 1747 2953 1803 corpora
2977 1738 3297 1808 cogitantes,
3328 1743 3453 1798 i;lnd
3485 1760 3697 1817 quoque

427 1834 583 1889 etiam
608 1832 797 1887 referri
829 1840 1038 1900 poterat
1064 1831 1380 1893 litterarum,
1404 1829 1495 1882 sed
1527 1829 1601 1882 ait
1626 1843 1746 1896 qua:
1766 1827 2011 1883 scribun-
2040 1820 2090 1881 B
2118 1820 2375 1872 memoria
2404 1832 2670 1887 servante,
2700 1829 3009 1881 noverimus
3056 1831 3394 1902 sciemusque
3420 1838 3562 1906 quod
3590 1841 3693 1915 mi-

426 1938 531 1990 tur,
562 1934 619 1979 ut
641 1924 951 1978 ostenderet
974 1922 1041 1976 de
1073 1922 1155 1975 his
1186 1920 1375 1976 litteris
1402 1921 1583 1975 dicere
1612 1936 1731 1988 quae
1771 1921 1822 1975 in
1874 1921 2011 1977 ιρι-ἰν

429 2021 610 2088 ptione
638 2019 1015 2080 constiterunt,
1043 2013 1094 2068 id
1125 2022 1206 2068 est
1233 2028 1459 2082 quarunt
1478 2012 1644 2081 ﬁgura
1673 2022 1727 2066 et
1754 2011 1810 2065 in
1842 2027 2001 2078 caera,

423 2112 597 2182 style,
622 2120 676 2165 et
716 2109 770 2162 in
802 2108 1107 2164 membrana
1134 2149 1149 2171 ,
1179 2108 1387 2161 calamo
1417 2114 1598 2175 posset
1622 2105 1824 2175 ellingi.
1855 2106 2005 2160 Alio-

422 2205 511 2274 qui
541 2203 627 2256 illa
659 2203 816 2255 etiam
846 2215 964 2269 quae
991 2201 1044 2253 in
1072 2199 1220 2253 sonis
1244 2207 1395 2264 sunt,
1422 2197 1488 2251 ad
1529 2204 1591 2251 ea
1620 2199 1838 2251 nomina
1866 2198 2003 2252 refe-

418 2306 609 2350 runtur
632 2308 749 2363 quae
779 2292 834 2346 in
865 2308 996 2347 voce
1023 2300 1168 2357 sunt,
1197 2292 1452 2360 quoniam
1479 2292 1625 2345 sonis
1647 2290 1756 2344 illis
1782 2292 2000 2345 nomina

417 2398 471 2444 et
490 2389 650 2444 verba
670 2387 983 2456 junguntur.
1010 2385 1115 2442 Sed
1143 2385 1469 2455 Porphyrius
1497 2385 1563 2439 de
1587 2395 1812 2454 utraque
1841 2400 2001 2455 expo—

416 2481 606 2535 sitione
625 2478 884 2548 judicavit
911 2478 1097 2533 dicens
1124 2495 1138 2529 :
1167 2477 1222 2531 ιιι
1244 2479 1384 2547 quod
1415 2476 1516 2543 ait,
1541 2487 1592 2532 et
1618 2492 1735 2547 quae
1755 2478 2000 2532 scribun-

414 2584 533 2640 tur,
566 2589 670 2627 non
710 2572 886 2642 potius
910 2572 977 2626 ad
1007 2572 1215 2626 litteras
1234 2611 1249 2637 ,
1272 2572 1364 2625 sed
1405 2569 1471 2624 ad
1502 2571 1667 2625 verba
1697 2581 1753 2625 et
1779 2573 1997 2626 nomina

413 2684 529 2739 quae
557 2666 733 2738 posita
764 2675 887 2721 sunt
919 2666 971 2721 in
1011 2666 1310 2720 litterarum
1350 2665 1697 2734 inscriptione
1717 2706 1731 2731 ,
1762 2667 1997 2721 referen-

412 2760 558 2815 dum.
589 2760 775 2814 Restat
804 2760 965 2829 igitur
1001 2768 1057 2812 ut
1085 2758 1211 2813 illud
1239 2774 1449 2828 quoque
1471 2760 1730 2815 addamus
1757 2775 1853 2814 cur
1882 2776 1989 2815 non

412 2852 484 2907 ita
525 2851 738 2907 dixerit.
773 2850 910 2907 Sunt
960 2866 1088 2921 ergo
1116 2867 1177 2905 ea
1215 2867 1333 2922 quae
1366 2862 1491 2906 sunt
1530 2853 1581 2905 in
1620 2868 1749 2906 voce
1790 2854 1995 2909 intelle-

408 2957 589 3003 stunm
615 2955 771 3000 notas.
795 2944 902 3001 Sed
920 2945 1210 3011 ita,earum
1235 2960 1352 3014 quae
1374 2955 1495 2998 sunt
1514 2944 1564 2998 in
1589 2949 1763 2999 anima
1785 2946 1990 3014 passio—

408 3053 533 3094 num
566 3047 725 3091 uotaz.
749 3036 878 3090 Nam
911 3050 1031 3091 cum
1058 3051 1120 3090 ea
1155 3052 1272 3105 qua:
1304 3045 1425 3089 sunt
1460 3036 1511 3088 in
1538 3050 1668 3089 voce
1698 3052 1784 3090 res
1824 3036 1986 3091 intel-

409 3128 680 3197 lectnsque
707 3106 1026 3198 signiﬁcent,
1049 3127 1413 3197 principaliter
1426 3127 1635 3197 quidem
1657 3129 1982 3191 intellectus,

2114 1925 2233 1976 nus,
2251 1911 2392 1979 quod
2408 1928 2536 1968 vero
2553 1916 2723 1984 majus
2736 1932 2928 1988 corpus
2951 1917 3117 1976 fuisse
3135 1928 3530 1994 conspeximus,
3548 1911 3693 2000 quod

2109 2002 2414 2057 nullatenus
2464 2008 2702 2063 eveniret
2728 2009 2829 2063 nisi
2859 2026 2991 2080 quas
3012 2028 3163 2067 mens
3210 2018 3376 2072 semel
3416 2036 3567 2088 passa
3608 2034 3690 2079 est

2109 2107 2288 2147 rerum
2320 2095 2698 2155 similitudines
2739 2101 3025 2159 obtineret.
3073 2109 3248 2174 Quare
3286 2113 3534 2179 quoniam
3566 2129 3688 2183 pas-

2107 2187 2286 2242 siones
2313 2190 2505 2244 animaz
2534 2207 2666 2261 quas
2712 2194 3010 2253 intellectus
3062 2212 3257 2256 vocant
3296 2220 3474 2259 rerum
3531 2224 3680 2277 qua:-

2106 2277 2227 2333 dam
2253 2281 2628 2339 similitudines
2650 2294 2793 2351 sunt,
2819 2288 3019 2343 idcirco
3045 2290 3359 2348 Aristoteles
3382 2310 3501 2349 cum
3526 2299 3683 2366 paulo

2105 2379 2227 2438 post
2270 2370 2337 2426 de
2391 2374 2728 2441 passionibus
2784 2379 2978 2434 animae
3032 2383 3341 2449 loqueretur
3387 2390 3681 2446 continenti

2104 2463 2291 2518 ordine
2312 2465 2377 2518 ad
2401 2468 2777 2526 similitudines
2801 2475 3080 2529 transitum
3108 2476 3250 2545 fecit,
3275 2481 3522 2549 quoniam
3549 2485 3678 2539 nihil

2102 2553 2279 2610 diﬁ‘ert
2309 2568 2483 2612 utrum
2512 2563 2787 2628 passiones
2822 2564 3024 2621 diceret
3049 2583 3114 2622 an
3144 2570 3537 2629 similitudines.
3568 2575 3677 2632 Ea-

2102 2646 2222 2701 dem
2252 2664 2480 2719 namque
2514 2668 2602 2707 res
2628 2655 2823 2710 anima:
2851 2656 3065 2726 quidem
3096 2662 3275 2729 passio
3298 2672 3416 2730 est,
3446 2667 3520 2721 rei
3549 2683 3677 2725 vero

2099 2738 2414 2797 similitudo.
2449 2743 2514 2796 Et
2556 2744 2863 2802 Alexander
2890 2748 3030 2804 hunc
3059 2750 3232 2806 locum
3259 2772 3271 2806 :
3296 2754 3432 2810 Sunt
3458 2773 3585 2829 ergo
3608 2732 3676 2815 Aea

2098 2845 2219 2897 qua:
2240 2840 2365 2886 sunt
2386 2833 2439 2887 in
2461 2850 2590 2891 voce
2612 2852 2796 2892 earnm
2820 2850 2936 2909 Quae
2952 2852 3076 2895 sunt
3097 2844 3147 2896 in
3172 2845 3346 2899 anima
3368 2850 3674 2915 passionum

2106 2929 2264 2983 notae,
2286 2933 2337 2974 et
2361 2937 2424 2976 ea
2446 2938 2564 2993 qua:
2589 2926 2893 2982 scribuntur
2938 2942 3121 2984 eorum
3151 2948 3269 3002 quae
3291 2946 3415 2990 sunt
3445 2939 3496 2991 in
3523 2953 3672 3010 voce,

2096 3018 2151 3064 et
2178 3013 2630 3081 quemadmodum
2670 3032 2767 3073 nec
2812 3018 3003 3074 litterae
3053 3025 3302 3079 omnibus
3330 3027 3531 3081 eaedem
3552 3069 3566 3093 ,
3593 3030 3672 3086 sic

2096 3116 2195 3155 nec
2217 3103 2418 3158 eaedem
2450 3120 2629 3171 voces,
2664 3106 2767 3163 hoc
2792 3110 2951 3164 modo
2972 3126 3035 3165 co
3048 3122 3201 3167 natur
3221 3129 3507 3183 exponere.
3541 3119 3670 3175 Pro-

407 3235 499 3275 ηε
527 3196 654 3274 vero
679 3196 808 3289 qua—3
837 3220 949 3290 ipsa
977 3196 1323 3288 intelligentia
1341 3196 1767 3289 comprehendit,
1795 3235 1988 3275 secum
2014 3202 2061 3266 α
2093 3197 2292 3265 posuit,
2322 3196 2513 3267 inquit,
2535 3214 2598 3254 ea
2629 3216 2749 3269 qua:
2779 3211 2906 3256 sunt
2931 3203 2983 3257 in
3015 3220 3148 3259 voce
3177 3207 3478 3264 intellectus
3504 3211 3667 3270 animi

403 3313 554 3368 daria
584 3311 969 3383 signiﬁcatione
997 3328 1093 3381 per
1122 3311 1487 3366 intellectuum
1511 3313 1875 3380 medietatem,
1903 3313 1987 3367 in-

406 3403 652 3458 tellectus
699 3402 798 3471 ipsi
830 3418 935 3455 non
967 3402 1084 3456 sine
1109 3400 1425 3470 quibusdam
1470 3400 1805 3468 passionibus
1835 3412 1981 3472 sunt,

401 3510 518 3566 quae
570 3496 621 3547 in
668 3495 898 3548 animam
930 3508 996 3547 ex
1030 3491 1286 3560 subjectis
1315 3492 1535 3545 veniunt
1576 3491 1755 3547 rebus.
1786 3491 1982 3547 Passus

400 3589 541 3643 enim
569 3587 791 3658 quilibet
834 3585 947 3654 ejus
985 3585 1062 3639 rei
1093 3583 1494 3653 proprietatem,
1520 3598 1675 3653 quam
1706 3584 1979 3638 intellectu

398 3680 805 3751 complectitur,
837 3678 901 3733 ad
931 3678 1046 3747 ejus
1071 3678 1490 3732 enuntiationem
1531 3677 1980 3747 designationem-

397 3785 501 3841 que
529 3769 804 3824 contendit
828 3785 842 3821 :
864 3782 981 3823 cum
1006 3769 1147 3822 enim
1170 3770 1293 3837 quis
1316 3768 1544 3837 aliquam
1568 3783 1680 3823 rem
1705 3768 1976 3839 intelligit,

401 3860 548 3927 prius
579 3857 955 3926 imaginatione
983 3858 1200 3910 formam
1224 3871 1444 3912 necesse
1468 3866 1551 3912 est
1580 3856 1868 3912 intellectae
1898 3859 1977 3913 rei

399 3949 884 4022 proprietatemque
911 3949 1177 4017 suscipiat,
1207 3958 1263 4003 et
1286 3948 1380 4002 ﬁat
1405 3950 1489 4004 vel
1520 3950 1713 4017 passio,
1744 3950 1826 4004 vel
1853 3965 1975 4005 cum

396 4041 649 4113 passione
678 4041 919 4111 quzedam
946 4040 1243 4096 intellectus
1266 4042 1569 4111 perceptio;
1599 4042 1697 4096 hac
1722 4057 1851 4097 vero
1881 4058 1976 4112 po-

394 4132 501 4185 sita
530 4146 593 4184 ac
618 4130 670 4184 in
700 4129 895 4185 mentis
931 4129 1146 4185 sedibus
1176 4131 1456 4197 collocata,
1491 4130 1549 4185 ﬁt
1576 4132 1872 4186 indicandae
1903 4132 1971 4187 ad

393 4222 618 4277 alterum
648 4222 910 4291 passionis
944 4224 1219 4288 voluntas,
1248 4226 1331 4277 cui
1359 4233 1508 4277 actus
1551 4224 1766 4293 quidem
1801 4223 1972 4278 conti-

393 4316 618 4370 nuandte
646 4315 1006 4384 intelligentiae
1032 4315 1275 4383 protinus
1305 4331 1368 4368 ex
1402 4317 1604 4370 intimae
1632 4317 1855 4371 rationis
1876 4332 1971 4384 po-

394 4415 582 4460 testate
624 4407 956 4474 supervenit,
985 4421 1143 4475 quem
1195 4406 1427 4475 explicat
1456 4405 1662 4462 scilicet
1697 4417 1751 4461 ct
1783 4407 1968 4463 eﬁ‘ndit

391 4499 561 4552 oratio
582 4537 597 4562 ,
624 4498 798 4551 nitens
828 4512 888 4550 ea
918 4512 1037 4566 qua:
1067 4498 1310 4565 primitus
1344 4497 1395 4551 in
1430 4510 1609 4553 mente
1645 4500 1859 4552 fundata
1885 4510 1967 4554 est

390 4592 651 4659 passione,
669 4590 802 4653 sive,
821 4590 1053 4658 quodest
1071 4591 1267 4657 verius,
1298 4605 1579 4660 progressa
1608 4592 1801 4656 oratio,
1846 4608 1969 4661 pro-

390 4681 660 4754 grediente
702 4682 861 4734 simul
896 4690 951 4735 et
990 4682 1376 4750 signiﬁcatione
1433 4695 1487 4737 et
1527 4684 1875 4755 signiﬁcantis
1904 4701 1964 4741 se
2016 4706 2019 4711 λ

387 4776 640 4830 orationis
689 4774 920 4828 motibus
948 4776 1280 4842 aquuante.
1318 4777 1403 4830 Fit
1444 4794 1571 4831 vero
1624 4781 1737 4835 haec
1784 4782 1963 4849 passio

386 4870 523 4923 velut
555 4868 739 4938 ﬁgura:
781 4867 1007 4937 alicujus
1047 4869 1348 4937 impressio,
1380 4871 1469 4924 sed
1502 4870 1572 4924 ita
1601 4883 1657 4925 ut
1687 4873 1736 4925 in
1781 4873 1963 4925 animo

384 4960 495 5015 ﬁeri
524 4961 820 5015 consuevit.
852 4961 1039 5014 'Alitcr
1073 4977 1302 5031 namque
1351 4963 1666 5018 naturaliter
1691 4975 1773 5019 est
1824 4966 1877 5017 in
1905 4979 1961 5019 re

381 5053 616 5125 qualibet
649 5053 857 5122 propria
889 5054 1054 5124 ﬁgnta
1076 5096 1089 5113 .
1122 5055 1278 5110 aliter
1304 5040 1431 5111 vero
1470 5058 1585 5126 ejus
1632 5058 1695 5113 ad
1721 5060 1957 5114 animum

381 5149 546 5201 forma
578 5148 913 5211 transfertur,
948 5149 1090 5202 velut
1120 5165 1223 5202 non
1254 5150 1440 5205 eodem
1474 5153 1632 5205 modo
1668 5167 1841 5219 σεται,
1876 5158 1959 5209 vel

380 5241 664 5300 marmori,
714 5240 793 5292 vel
826 5242 1053 5307 chartis,
1090 5242 1308 5305 litterae,
1336 5243 1387 5296 id
1433 5253 1515 5296 est
1565 5260 1751 5299 vocum
1784 5249 1955 5315 signa,

376 5330 719 5391 mandantur,
754 5340 806 5383 et
832 5332 1263 5399 imaginationem
1300 5334 1463 5388 Stoici
1497 5350 1525 5387 a
1558 5335 1719 5390 rebus
1761 5338 1811 5389 in
1844 5340 1958 5392 ani-

374 5438 518 5477 ntam
554 5422 863 5475 translatam
885 5425 1189 5492 loquuntur,
1222 5424 1316 5477 sed
1347 5441 1468 5478 cum
1497 5427 1796 5495 adjectione
1813 5445 1955 5485 sem-

376 5530 495 5583 per,
526 5513 786 5577 dicentes,
818 5524 875 5567 ut
904 5514 956 5567 in
993 5517 1166 5568 anima
1199 5517 1311 5571 ﬁeri
1352 5520 1644 5573 consuevit.
1699 5521 1957 5587 Quocirca

374 5624 499 5664 cunt
528 5608 704 5661 omnis
747 5608 939 5659 anima:
973 5612 1147 5672 passio
1183 5611 1257 5663 rei
1286 5613 1524 5679 qumdam
1556 5612 1799 5669 videatur
1840 5632 1958 5672 esse

378 5700 699 5771 proprietas,
746 5714 905 5768 porro
935 5712 1111 5753 autem
1142 5704 1637 5773 cum‘designativa:
1683 5722 1838 5763 voces
1870 5711 1955 5764 in-

379 5793 687 5849 tellectuum
716 5792 1098 5863 principaliter,
1126 5812 1301 5853 rerum
1325 5798 1517 5856 dehinc
1536 5816 1565 5855 a
1591 5802 1781 5871 quibus
1801 5805 1955 5861 intel-

2096 3290 2396 3362 designare,
2419 3300 2475 3346 et
2494 3293 2593 3347 hoc
2618 3293 2810 3363 probat
2835 3298 3102 3366 exemplo.
3126 3297 3325 3354 Eodem
3348 3302 3489 3356 enim
3510 3304 3667 3359 modo

2093 3399 2154 3439 ea
2212 3400 2330 3454 qua:
2379 3394 2501 3438 sunt
2540 3386 2593 3438 in
2642 3401 2773 3441 voce
2820 3391 3096 3457 passiones
3139 3393 3328 3448 anima:
3372 3393 3666 3465 signiﬁcant

2091 3476 2536 3545 quemadmodum
2567 3492 2630 3532 ea
2660 3494 2778 3547 qua:
2825 3481 3131 3537 scribuntur
3163 3500 3321 3540 voces
3347 3485 3663 3557 designant,

2091 3577 2150 3622 ut
2176 3568 2226 3622 id
2258 3570 2399 3638 qttod
2428 3570 2501 3624 ait
2522 3578 2576 3623 et
2605 3585 2667 3624 ca
2693 3586 2810 3640 quae
2838 3573 3142 3627 scribuntur
3168 3576 3240 3630 ita
3270 3576 3661 3648 intelligamus,

3732 3214 3761 3247 1

2090 3668 2341 3729 tanquam
2384 3661 2429 3713 si
2474 3660 2704 3728 diceret,
2739 3664 3187 3732 quemadmodum
3230 3668 3389 3723 etiam
3435 3684 3496 3724 ea
3545 3685 3664 3741 quat

2088 3755 2392 3809 scribuntur
2413 3769 2597 3809 eorum
2616 3770 2734 3825 quae
2755 3766 2879 3811 sunt
2899 3760 2954 3812 in
2973 3774 3121 3825 voce,
3146 3775 3209 3815 ea
3233 3777 3363 3817 vero
3385 3778 3507 3833 quae
3532 3765 3663 3819 seri.

2086 3847 2313 3913 buntur,
2346 3849 2515 3918 inquit
2544 3848 2861 3915 Alexander,
2893 3864 3043 3906 notas
3086 3867 3206 3907 esse
3236 3871 3423 3910 vocum
3448 3896 3464 3921 ,
3497 3858 3550 3912 id
3579 3866 3660 3917 est

2084 3942 2361 3993 nominum
2374 3955 2437 3992 ac
2454 3941 2733 3994 verborum
2760 3959 2773 3993 :
2800 3956 2862 3995 ex
2886 3942 2986 3996 hoc
3006 3948 3323 4000 monstravit
3343 3951 3483 4017 quod
3502 3951 3658 4019 dixit,

2084 4040 2137 4085 et
2165 4029 2615 4099 quemadmodum
2650 4045 2748 4085 nec
2796 4032 2986 4086 littera:
3026 4035 3274 4091 omnibus
3323 4040 3557 4105 eadem,
3583 4043 3657 4101 sic

2083 4137 2183 4178 nec
2212 4122 2414 4177 eaedem
2455 4136 2636 4180 voces.
2670 4124 2890 4193 Signum
2924 4140 3152 4195 namque
3182 4136 3265 4182 est
3288 4143 3476 4184 vocum
3519 4132 3656 4201 ipsa-

2082 4230 2198 4271 rum
2236 4213 2681 4285 signiﬁcationem
2724 4216 2918 4270 litteris
2947 4218 3234 4283 contineri,
3266 4220 3407 4289 quod
3451 4223 3537 4276 ubi
3568 4238 3654 4277 va-

2080 4308 2173 4363 riae
2199 4317 2325 4362 sunt
2346 4308 2539 4362 litterae
2561 4320 2615 4363 et
2637 4324 2741 4363 non
2765 4310 2967 4365 eaedem
2994 4327 3113 4382 quae
3135 4313 3457 4381 scribuntur,
3483 4318 3652 4373 varias

2077 4416 2295 4471 quoque
2327 4415 2485 4454 voces
2510 4415 2634 4456 esse
2655 4417 2875 4457 necesse
2902 4414 3002 4472 est,
3027 4404 3140 4459 haec
3171 4406 3498 4463 Alexander.
3527 4407 3654 4466 Per.-

2076 4494 2304 4564 phyrius
2329 4508 2457 4548 vero
2477 4496 2727 4562 quoniam
2761 4505 2866 4549 tres
2884 4495 3160 4565 proposu‘it
3179 4498 3468 4563 orationes,
3493 4515 3651 4555 unam

2074 4602 2192 4656 quae
2241 4588 2433 4639 litteris
2459 4588 2851 4648 contineretur,
2899 4589 3189 4642 secundam
3216 4605 3337 4659 qua:
3383 4594 3561 4649 verbis
3588 4607 3650 4649 ac

2072 4679 2377 4735 nominibus
2400 4690 2731 4747 personaret,
2761 4681 2969 4734 tertiam
2988 4698 3146 4750 quam
3167 4687 3363 4740 mentis
3379 4688 3649 4744 evolveret

2072 4772 2396 4837 intellectus,
2422 4772 2470 4824 id
2496 4771 2836 4826 Aristotelem
2859 4772 3157 4843 signiﬁcare
3182 4780 3507 4847 pronuntiat,
3526 4796 3645 4835 cum

2071 4866 2200 4922 dicit
2225 4884 2238 4918 :
2261 4868 2398 4923 Sunt
2424 4883 2555 4936 ergo
2581 4884 2643 4922 ea
2669 4884 2787 4938 quae
2812 4880 2937 4925 sunt
2958 4873 3010 4926 in
3033 4887 3163 4929 voce
3182 4890 3364 4931 earum
3386 4892 3502 4947 qua:
3524 4890 3645 4936 sunt

2073 4959 2126 5013 in
2157 4962 2333 5013 anima
2358 4963 2668 5028 passionum
2710 4972 2850 5017 uota:
2871 5003 2884 5027 ,
2916 4962 3057 5034 quod
3083 4968 3389 5021 ostenderet
3416 4985 3478 5023 ac
3500 4969 3545 5023 si
3574 4969 3645 5029 ita

2072 5053 2315 5118 dixisset,
2344 5054 2477 5109 Sunt
2500 5071 2630 5124 ergo
2659 5070 2719 5110 ea
2747 5070 2869 5125 quae
2898 5066 3022 5112 sunt
3047 5057 3101 5113 in
3129 5074 3279 5125 voce,
3305 5067 3361 5113 et
3386 5061 3568 5125 verba,
3592 5071 3645 5119 et

2068 5147 2282 5200 nomina
2295 5149 2485 5201 animae
2500 5150 2801 5217 passionum
2817 5159 2983 5215 notae;
3002 5161 3055 5205 et
3074 5152 3318 5221 quoniam
3332 5154 3644 5210 monstravit

2068 5256 2292 5310 quorum
2322 5256 2478 5295 voces
2527 5254 2707 5296 essent
2736 5242 3120 5311 signiﬁcativae,
3153 5245 3280 5298 illud
3310 5261 3521 5316 quoque
3548 5247 3643 5302 do-

2066 5333 2243 5387 cuisse
2266 5334 2570 5399 pronuntiat
2583 5334 2773 5401 quibus
2790 5335 2955 5405 signis
2976 5337 3133 5389 verba
3152 5347 3206 5391 et
3220 5338 3434 5393 nomina
3447 5338 3640 5407 pande-

2068 5434 2273 5490 rentur,
2289 5424 2407 5479 ideo
2419 5425 2706 5488 addidisse,
2727 5435 2781 5479 et
2793 5442 2854 5479 ea
2877 5443 2994 5496 qua:
3007 5428 3507 5485 scribuntureorum
3522 5447 3641 5501 qua:

2068 5528 2191 5573 sunt
2220 5520 2271 5573 in
2300 5534 2429 5573 voce
2454 5559 2467 5584 ,
2502 5527 2752 5586 tanquam
2776 5520 2821 5572 si
2844 5519 3067 5587 diceret,
3098 5537 3161 5576 ea
3189 5538 3306 5593 qua:
3335 5523 3637 5582 scribuntur

2068 5612 2279 5669 nomina
2303 5622 2358 5667 et
2379 5612 2539 5666 verba
2562 5626 2744 5665 eorum
2773 5628 2892 5683 qua:
2932 5623 3057 5669 sunt
3094 5618 3147 5672 in
3199 5633 3328 5674 voce
3363 5622 3637 5677 nominum

2068 5715 2122 5761 et
2149 5706 2430 5759 verborum
2451 5714 2589 5761 nota
2614 5716 2769 5775 sunt,
2800 5724 2898 5764 nec
2928 5709 3245 5778 disjunctam
3275 5728 3395 5771 esse
3415 5724 3636 5773 senten-

2069 5804 2212 5864 tiain,
2240 5815 2338 5857 nec
2355 5801 2441 5864 {ut
2458 5800 2761 5859 Alexander
2780 5804 2957 5874 putat)
2978 5805 3032 5861 id
3054 5811 3195 5877 quod
3221 5814 3325 5870 ait:
3352 5815 3419 5872 Et
3437 5832 3500 5874 ea
3519 5832 3637 5891 qua
