4270 6266
588 422 686 483 ιιι

1798 420 1911 476 ΑΝ.
1954 417 2158 472 MANL.
2200 412 2350 467 SEV.
2396 414 2610 468 BOE'l‘lt

3737 416 3843 474 412

589 538 1425 607 scribuntur,itainteliigeudum,
1450 548 1699 608 tanquam
1728 537 2165 599 Sitlit‘et'ct,sicul
2194 533 2241 590 A
2274 530 2384 585 fieri
2420 542 2595 601 potest
2624 542 2683 588 ut
2702 533 2838 603 quod
2870 530 3009 601 apud
3030 530 3301 588 Romanos
3329 532 3494 588 homo
3515 518 3839 605 intelligitur,

590 653 651 693 ea
678 653 796 703 qum
817 636 1138 693 scribuntur.
1159 635 1206 688 id
1229 646 1305 688 est
1336 634 1544 700 litterae,
1566 634 1793 699 illa‘qna:
1817 641 1939 683 sunt
1964 630 2014 682 in
2037 642 2166 681 roce

588 731 906 799 significant,
937 731 1005 781 ita
1034 744 1095 782 ea
1116 745 1233 796 σευ-ιι
1264 738 1387 781 sunt
1416 728 1466 781 in
1500 742 1629 780 voce
1655 737 1805 779 notas
1827 740 1947 777 esse
1976 723 2166 775 animae

590 824 915 890 passionum.
934 820 1110 874 Primo
1140 822 1349 890 quidem
1374 819 1512 887 quod
1537 819 1600 871 ad
1624 817 1919 885 simplicem
1944 830 2164 869 sensum

590 914 717 967 nihil
770 914 890 967 addi
940 924 1189 982 oportet,
1221 911 1415 967 deinde
1462 910 1601 979 quod
1635 920 1737 964 tant
1781 911 1955 963 brevis
2002 906 2163 971 ordo,

593 1015 841 1071 tanquam
884 1005 1190 1059 necessaria
1235 1005 1495 1058 orationis
1535 1018 1641 1057 non
1672 1012 1752 1056 est
1798 998 2168 1055 interciilenda

591 1100 832 1166 partitio,
877 1099 1038 1151 tertio
1087 1099 1337 1164 quoniam
1386 1098 1429 1150 si
1478 1096 1672 1150 similis
1722 1104 1805 1149 est
1849 1093 2169 1163 significatio

592 1189 888 1243 litterarum
926 1205 1247 1257 vocumque,
1276 1205 1393 1257 quze
1417 1197 1500 1242 est
1531 1203 1719 1241 verum
1743 1197 1796 1241 et
1828 1188 2018 1239 animae
2044 1199 2167 1253 pas-

592 1281 822 1344 sionum,
857 1291 1131 1348 oporteret
1175 1284 1312 1336 sicut
1353 1296 1511 1336 voces
1557 1279 1784 1334 diversis
1828 1277 2021 1331 litteris
2052 1292 2170 1345 per-

593 1383 896 1437 mutantur,
928 1376 996 1427 ita
1022 1390 1234 1444 quoque
1281 1374 1560 1443 passiones
1589 1374 1779 1427 aniune
1810 1371 2038 1425 diversis
2069 1385 2168 1424 vo-

593 1466 741 1521 cibus
775 1470 1085 1536 permutari,
1119 1468 1259 1539 quod
1288 1486 1391 1521 non
1418 1470 1496 1533 fit,
1529 1469 1667 1522 idem
1709 1480 1938 1534 namque
1965 1463 2171 1517 intelle-

594 1570 710 1615 ctus
733 1564 945 1616 variatis
971 1573 1143 1632 potest
1166 1564 1384 1617 vocibus
1410 1562 1720 1631 significari.
1744 1560 1847 1614 Sed
1868 1558 2173 1613 Alexander

594 1653 644 1708 id
674 1656 811 1725 quod
840 1671 963 1710 eum
1008 1657 1243 1714 sensisse
1275 1657 1520 1723 superius
1568 1652 1881 1717 memoravi,
1915 1651 2015 1704 hoc
2048 1666 2171 1719 pro-

593 1746 723 1803 bare
742 1752 928 1805 nititur
945 1764 1275 1821 argumento.
1293 1754 1381 1805 Ait
1404 1751 1546 1805 enim
1570 1750 1729 1803 etiam
1757 1750 1807 1801 in
1832 1751 1932 1801 hoc
1953 1759 2171 1815 quoque

593 1842 820 1897 similem
872 1859 992 1899 esse
1044 1846 1482 1915 significationem
1528 1843 1820 1897 litterarum
1851 1855 1914 1893 ac
1936 1855 2123 1894 vocum
2148 1879 2162 1902 ,

2276 624 2408 691 lapis
2433 627 2572 693 apud
2609 626 2864 680 barbaros
2895 610 3244 695 intelligatur.
3279 624 3479 681 Eodem
3498 641 3711 696 quoque
3737 643 3848 681 mo-

2273 713 2343 769 do
2372 716 2437 767 de
2464 732 2521 768 ca
2544 716 2670 770 teris
2717 719 2893 771 rebus.
2934 715 3072 786 Ergo
3116 716 3413 789 hujusmodi
3456 721 3719 774 sententia
3745 728 3846 786 eSt,

2270 822 2387 876 quae
2417 807 2544 861 dicit
2576 823 2636 862 ea
2663 824 2780 878 quae
2815 823 2970 864 voces
3022 808 3317 879 significent
3367 810 3504 878 apud
3536 795 3725 866 omnes
3750 811 3847 865 ho-

2273 900 2474 953 minum
2504 913 2687 969 genles
2719 916 2823 955 non
2858 905 3046 956 mutari
3070 944 3085 968 ,
3114 914 3169 957 ttt
3218 902 3251 965 it
3273 919 3347 958 sm
3398 902 3608 973 quidem
3657 919 3847 974 voces,

2273 992 2411 1046 sicut
2439 1009 2598 1063 supra
2632 997 2943 1047 monstravit
2972 1009 3090 1048 cum
3118 994 3251 1049 dixit
3276 995 3722 1062 quemadmodum
3754 1009 3850 1051 nec

2272 1087 2461 1141 litterae
2490 1086 2737 1141 omnibus
2779 1084 3003 1151 emdem,
3031 1086 3109 1142 sic
3136 1102 3235 1142 nec
3272 1088 3471 1140 eaedem
3521 1102 3699 1151 vocs,
3726 1102 3849 1143 cum

2275 1178 2412 1247 apud
2440 1178 2618 1243 plures
2644 1179 2868 1233 diversae
2908 1178 3033 1245 sint,
3065 1179 3191 1233 illud
3225 1195 3349 1233 vero
3371 1179 3509 1248 quod
3536 1194 3696 1233 Voces
3722 1180 3849 1247 ipsze

2273 1268 2571 1335 significant
2622 1270 2759 1339 apud
2806 1287 2991 1325 omnes
3021 1269 3263 1325 homines
3312 1272 3450 1326 idem
3484 1272 3581 1334 sit,
3618 1287 3714 1325 nec
3746 1271 3849 1325 ulla

2273 1364 2480 1417 ratione
2508 1364 2680 1417 valeat
2711 1366 3020 1435 permutari,
3051 1366 3139 1435 qui
3171 1375 3291 1420 sunt
3316 1366 3518 1421 scilicet
3550 1366 3851 1421 intellectus

2273 1468 2477 1517 rerum,
2512 1454 2601 1522 qui
2630 1455 2881 1525 quoniam
2929 1457 3239 1512 naturaliter
3274 1469 3397 1512 sunt
3426 1463 3711 1525 permutari
3748 1477 3851 1514 non

2275 1554 2516 1612 possunt.
2547 1543 2719 1614 Atque
2750 1536 2849 1599 hoc
2878 1558 2959 1601 est
2984 1550 3123 1617 quod
3154 1551 3248 1613 ait,
3282 1549 3517 1617 Quorum
3561 1563 3736 1608 amem
3772 1552 3851 1609 hat

2275 1636 2449 1704 primo
2473 1650 2633 1701 noue,
2654 1638 2704 1692 id
2719 1650 2801 1693 est
2814 1655 2974 1695 voces
2992 1641 3191 1696 caedem
3205 1644 3452 1698 omnibus
3466 1646 3852 1709 passlvnesani-

2276 1742 2376 1781 mae
2395 1737 2540 1793 sunt,
2563 1730 3023 1787 utdemonstraret
3042 1749 3201 1789 voces
3222 1735 3433 1803 quidem
3457 1753 3576 1793 esse
3591 1739 3852 1808 diversas,

2273 1836 2499 1890 quorum
2517 1832 2691 1877 autem
2710 1824 2838 1894 ipsa:
2852 1840 3009 1881 voces
3022 1825 3388 1897 significativa:
3400 1840 3720 1902 essent,qu:e
3731 1842 3854 1891 sunt

595 1936 843 2003 quoniam
871 1937 1008 1989 sicut
1033 1938 1223 1991 litterae
1250 1951 1355 1990 non
1399 1936 1710 1989 naturaliter
1738 1948 1914 1993 voces,
1946 1932 2039 1987 sed
2075 1947 2172 1999 po-
2207 1916 2253 1977 Β

2168 1958 2172 1972 ,
2207 1916 2253 1977 Β
2280 1915 2693 1973 scilicetanimte
2710 1934 2831 1988 pass
2857 1920 3237 1987 ones,easdcm
3253 1924 3392 1995 apud
3442 1940 3740 1991 mnesesse,
3758 1942 3854 1983 nec

594 2026 790 2080 sitione
816 2027 928 2097 sign
954 2029 1135 2093 ficant,
1167 2028 1237 2081 ita
1271 2044 1482 2098 quoque
1530 2042 1693 2081 voces
1725 2041 1829 2080 non
1862 2025 2174 2078 naturaliter

597 2117 758 2170 animi
781 2118 1100 2177 intellectus.
1128 2121 1217 2173 sed
1242 2121 1414 2188 aliqua
1445 2118 1705 2186 positiOne
1736 2117 2035 2186 designant.
2067 2113 2175 2168 Sed

596 2212 687 2281 qui
722 2214 867 2278 prius
898 2213 1132 2281 recepit,
1168 2225 1223 2266 ut
1274 2214 1322 2266 id
1354 2213 1494 2281 quod
1530 2211 1838 2265 Aristoteles
1871 2210 1983 2263 ait:
2019 2209 2081 2261 Et
2110 2222 2174 2263 ea

597 2317 715 2374 quae
745 2306 1067 2370 scribuntur,
1103 2308 1171 2359 ita
1200 2305 1398 2361 dictum
1445 2321 1565 2360 esse
1597 2316 1843 2375 tanquam
1880 2307 1922 2358 si
1947 2303 2172 2369 diceret,

597 2396 737 2451 sicut
758 2413 817 2451 ea
838 2414 955 2467 qua:
984 2399 1309 2462 scribuntur,
1331 2398 1583 2464 quidquid
1602 2396 1665 2450 ad
1693 2398 1831 2449 hanc
1852 2395 2174 2449 sententiam

598 2490 805 2544 videtur
836 2491 1142 2559 adjungere,
1192 2492 1470 2560 :cqnaliter
1500 2507 1602 2544 non
1653 2490 1927 2543 dubitatur
1969 2504 2172 2543 errare.

601 2581 857 2646 Quocirca
891 2593 1075 2636 nostro
1118 2584 1317 2651 judicio
1362 2584 1449 2652 qui
1500 2584 1696 2637 rectius
1736 2594 1921 2637 tenere
1960 2584 2172 2649 volent,

601 2671 878 2740 Porphyrii
931 2674 1210 2726 sententiis
1258 2672 1618 2744 applicabunt.
1672 2673 1927 2741 Aspasius
1965 2687 2177 2741 quoque

601 2765 847 2816 secundat-
869 2765 1146 2817 sententia:
1176 2766 1485 2828 Alexandri,
1510 2780 1668 2835 quam
1692 2781 1848 2834 supra
1880 2767 2172 2831 posuimus,

601 2853 749 2907 valde
775 2855 1064 2913 consentit.
1098 2857 1187 2925 qui
1216 2871 1241 2909 a
1273 2857 1424 2909 nobis
1449 2857 1499 2908 in
1527 2856 1714 2909 eodem
1748 2872 1851 2916 quo
1873 2854 2178 2909 Alexander

600 2961 784 3001 errore
812 2948 1132 3016 culpabitur.
1156 2950 1469 3002 Aristoteles
1501 2962 1628 3002 vero
1650 2948 1857 3001 duobus
1880 2947 2051 3000 modis
2081 2948 2177 3001 has

604 3049 759 3093 notas
797 3054 917 3093 esse
948 3050 1117 3109 putat,
1148 3042 1466 3103 litterarum,
1512 3056 1731 3103 vocum,
1760 3041 2178 3110 passinnnmque

601 3134 791 3187 aninue
821 3137 1162 3197 constitutas,
1197 3149 1305 3187 uno
1352 3134 1564 3201 quidem
1602 3136 1883 3201 positione,
1916 3132 2022 3184 alio
2050 3147 2178 3199 vero

601 3228 935 3281 naturaliter.
959 3227 1130 3296 Atque
1148 3231 1243 3281 hoc
1274 3238 1351 3281 est
1370 3228 1506 3296 quod
1536 3229 1628 3293 ait,
1652 3226 2175 3292 thuemadmodum

2281 2007 2387 2060 ulla
2417 2010 2655 2073 ratione,
2704 2010 2954 2081 quoniam
3006 2021 3131 2068 sunt
3171 2017 3474 2076 constitutae
3515 2021 3858 2089 naturaliter,

2279 2101 2590 2169 permutari.
2640 2102 2749 2158 Nec
2778 2102 2995 2158 vero‘in
3053 2104 3155 2160 hoc
3206 2108 3480 2162 constituit
3525 2120 3581 2164 ut
3625 2112 3691 2166 de
3730 2112 3860 2170 solis

2280 2191 2499 2246 vocibus
2524 2202 2685 2262 atque
2714 2193 3075 2251 intellectibus
3102 2196 3430 2268 loqueretur.
3466 2198 3571 2255 Sed
3608 2202 3861 2272 quoniam

2278 2296 2438 2337 voces
2469 2294 2630 2354 atque
2664 2284 2870 2341 litteras
2899 2303 3005 2342 non
3037 2304 3157 2344 esse
3196 2292 3518 2348 naturaliter
3545 2296 3860 2354 constitutas

2280 2389 2375 2444 per
2402 2374 2451 2427 id
2480 2376 2814 2444 significavit,
2848 2380 2988 2448 quod
3014 2396 3105 2436 eas
3135 2398 3242 2437 non
3265 2385 3404 2454 apud
3435 2400 3619 2441 omnes
3642 2389 3859 2448 easdem

2279 2482 2398 2521 esse
2435 2471 2738 2538 proposuit,
2783 2487 2969 2528 rursus
3005 2476 3305 2533 intellectus
3340 2494 3475 2549 quos
3504 2480 3693 2536 anima:
3739 2498 3861 2554 pas-

2280 2557 2462 2614 siones
2492 2571 2678 2626 vocat,
2723 2576 2819 2633 per
2851 2563 2953 2620 hoc
2984 2582 3103 2623 esse
3131 2570 3406 2627 naturales
3429 2573 3689 2638 ostendit,
3721 2574 3862 2645 quod

2282 2652 2421 2720 apud
2452 2670 2640 2710 omnes
2664 2656 2823 2712 tidem
2850 2662 2978 2726 sint,
3003 2674 3034 2713 a
3055 2661 3268 2734 quibus,
3295 2662 3344 2719 id
3368 2675 3450 2719 est
3480 2665 3860 2735 inléllectibus,

2280 2745 2346 2799 ad
2379 2761 2465 2800 res
2499 2747 2781 2803 transitum
2816 2751 2957 2805 fecit.
2992 2751 3081 2807 Ait
3110 2754 3252 2809 enim
3293 2772 3519 2826 quorum
3562 2757 3644 2812 lue
3679 2760 3863 2814 simili~

2285 2838 2537 2906 tudines,
2590 2856 2677 2896 res
2718 2846 2879 2898 etiam
2927 2847 3149 2901 eaedem.
3196 2848 3309 2904 Hoc
3355 2852 3560 2906 scilicet
3588 2858 3857 2920 sentiens,

2282 2932 2423 3001 quod
2477 2948 2565 2987 res
2611 2950 2823 3003 quoque
2880 2938 3189 2993 naturaliter
3240 2942 3378 3012 apud
3434 2960 3622 2999 onmes
3678 2956 3862 3005 essent

2283 3027 2484 3080 eadem
2528 3029 2704 3083 :sicnt
2737 3031 2878 3084 enim
2929 3031 3060 3101 ipsae
3088 3033 3279 3089 animae
3312 3038 3585 3104 passiones
3636 3056 3752 3110 quae
3794 3057 3859 3097 ex

2283 3118 2443 3171 rebus
2465 3131 2749 3174 sumuntur
2769 3121 2906 3188 apud
2930 3125 3383 3195 omnesbomines
3406 3130 3605 3186 eazilem
3627 3143 3768 3199 sunt,
3793 3134 3863 3192 ita

2284 3226 2495 3279 quoque
2523 3212 2682 3267 etiam
2707 3217 2834 3284 ipsa!
2857 3231 2942 3293 res
2965 3232 3185 3286 quarum
3208 3221 3590 3278 similitudines
3609 3223 3733 3279 sunt
3753 3228 3863 3281 ani-

603 3320 905 3372 nechtterae
921 3322 1167 3372 omnibus
1187 3321 1831 3383 ea'dem,sicnecemdem
1850 3317 2173 3371 voces.Nam
2207 3296 2255 3362 ο
2288 3319 2386 3357 ma?
2415 3305 2687 3372 PaSSiones
2716 3306 2917 3361 emdem
2940 3309 3078 3379 apud
3110 3326 3296 3368 omnes
3328 3325 3471 3369 sunt.
3497 3317 3751 3384 Qumirca
3782 3333 3862 3375 res

602 3412 643 3464 si
665 3412 851 3463 litterte
875 3426 1052 3473 voces,
1083 3412 1211 3478 ipsa:
1230 3427 1355 3463 vero
1379 3426 1539 3465 voces
1567 3411 1870 3464 intellectus
1894 3410 2055 3462 animi
2083 3424 2175 3463 na-

602 3502 842 3555 turaliter
862 3500 1223 3571 designarent,
1252 3516 1440 3555 omnes
1466 3503 1705 3554 homines
1730 3501 1929 3554 eisdem
1957 3500 2174 3565 litteris,

602 3591 805 3646 eisdem
829 3593 985 3645 etiam
1010 3592 1231 3645 vocibus
1255 3603 1555 3647 uterentur.
1580 3593 1729 3658 Quod
1762 3593 2010 3661 quoniam
2037 3592 2175 3659 apud

602 3696 790 3739 omnes
817 3698 912 3739 nec
934 3686 1134 3739 emdem
1164 3686 1375 3749 litterae,
1410 3700 1583 3752 neque
1611 3685 1813 3738 eredem
1846 3699 2006 3738 voces
2028 3693 2173 3749 sunt,

602 3787 800 3831 constat
837 3791 927 3831 eas
952 3793 1055 3831 non
1080 3793 1200 3833 esse
1231 3780 1519 3832 naturales.
1545 3777 1650 3833 Sed
1685 3779 1769 3831 hic
1796 3778 1986 3847 duplex
2020 3779 2177 3833 lectio

603 3878 703 3921 est.
751 3869 1046 3923 Alexander
1075 3886 1216 3923 enim
1244 3870 1340 3923 hoc
1374 3869 1532 3923 modo
1576 3869 1678 3940 legi
1706 3880 1852 3937 putat
1884 3880 2173 3937 oportere:

603 3959 835 4027 Quorum
861 3976 1034 4016 au'em
1060 3963 1140 4016 lite
1167 3966 1336 4031 primo
1363 3974 1523 4027 noue,
1551 3968 1750 4016 caulem
1782 3978 1905 4017 omn
1933 3965 2027 4017 bus
2060 3979 2179 4033 pas-

603 4052 783 4107 siones
814 4059 1007 4107 animte
1036 4066 1178 4122 sunt,
1204 4066 1258 4109 et
1285 4071 1509 4125 quorum
1543 4057 1743 4111 etedem
1773 4056 2173 4123 similitudines,

603 4158 691 4199 res
717 4146 878 4198 etiam
920 4147 1142 4201 eaedem.
1193 4148 1385 4202 Volens
1423 4150 1567 4203 enim
1618 4150 1935 4202 Aristoteles
1967 4165 2027 4203 ea
2059 4163 2179 4218 qua

604 4237 869 4306 positione
894 4238 1190 4306 significant
1216 4239 1281 4291 ab
1313 4240 1378 4292 iis
1411 4255 1525 4305 qua:
1555 4240 1749 4309 aliquid
1779 4240 2059 4307 designant
2086 4257 2180 4293 na-

603 4330 844 4381 turaliter
871 4342 1171 4395 si~gregare,
1196 4328 1295 4380 hoc
1320 4329 1655 4396 interposuit,
1684 4345 1744 4383 ea
1773 4346 1892 4398 qute
1917 4333 2178 4399 positione

604 4420 903 4490 significant
933 4435 1077 4473 varia
1122 4433 1273 4484 esse;
1307 4435 1367 4473 ea
1397 4435 1525 4474 vero
1548 4436 1665 4489 qua:
1698 4422 2012 4475 naturaliter
2037 4422 2177 4491 apud

604 4524 688 4567 oin
730 4527 788 4565 es
815 4514 1023 4566 eadem.
1065 4512 1129 4565 Et
1171 4513 1428 4565 inchoans
1453 4514 1667 4581 quidem
1697 4528 1725 4566 a
1761 4514 1977 4568 vocibus
1997 4514 2060 4568 ad
2094 4516 2180 4569 lit-

606 4613 746 4659 teras
772 4606 935 4667 venit,
967 4619 1162 4672 easque
1194 4608 1367 4673 primo
1398 4620 1502 4658 non
1526 4620 1645 4658 esse
1671 4606 1989 4660 naturaliter
2012 4607 2178 4674 signi-

606 4696 848 4751 ﬂcativas
878 4697 1411 4752 demonsuatdiccns
1447 4714 1460 4750 :
1492 4698 1553 4751 Et
1594 4700 2039 4765 quemadmodum
2083 4716 2181 4756 nec

606 4790 793 4845 litterae
826 4792 1072 4846 omnibus
1101 4792 1321 4855 eaadem,
1350 4793 1427 4845 sic
1460 4807 1558 4846 nec
1584 4793 1784 4847 e:edem
1818 4809 1975 4849 voces
2002 4812 2016 4857 ;
2061 4811 2181 4851 nam

607 4885 650 4936 si
679 4884 881 4937 idcirco
905 4887 1197 4949 probantur
1226 4887 1417 4940 litterae
1441 4902 1545 4940 non
1588 4901 1709 4941 esse
1758 4888 2069 4942 naturaliter
2108 4892 2183 4943 si-

606 4976 946 5046 gnificantes,
980 4975 1119 5043 quod
1166 4977 1302 5043 apud
1347 4976 1479 5030 alios
1525 4978 1643 5031 alite
1672 4979 1781 5032 sint
1812 4994 1874 5032 ac
1925 4978 2171 5045 diversae,

606 5069 794 5122 eodem
847 5082 1055 5135 quoque
1107 5068 1265 5120 modo
1302 5068 1572 5133 probabile
1618 5070 1722 5122 erit
1765 5084 1928 5123 voces
1970 5085 2180 5139 quoque

609 5175 711 5213 non
747 5160 1056 5212 naturaliter
1080 5157 1399 5226 significare,
1433 5160 1683 5226 quoniam
1733 5160 1955 5228 singulre
2005 5161 2181 5216 homi-

609 5270 730 5305 num
763 5264 949 5317 gentes
989 5266 1089 5305 non
1122 5252 1307 5304 iisdrttt
1354 5251 1491 5304 inter
1521 5266 1578 5305 se
1610 5252 1826 5305 vocibus
1870 5253 2181 5322 colloquun-

609 5357 710 5396 tur.
748 5344 945 5398 anens
968 5359 1093 5398 vero
1132 5344 1537 5398 similitudinem
1582 5344 1943 5400 intellectuum
1975 5362 2180 5402 rerum-

610 5455 706 5507 que
731 5440 1086 5507 subiectarum
1120 5438 1310 5491 docere
1336 5434 1649 5490 naturaliter
1677 5440 2040 5503 constitutam,
2067 5439 2176 5493 ait:

607 5536 841 5597 Qlllll‘lllll
906 5543 1083 5587 autem
1137 5531 1217 5583 ha:
1265 5533 1436 5598 primo
1478 5529 1877 5594 nota:,eaadi-m
1932 5531 2182 5585 onmibus

610 5642 881 5692 passiones
913 5628 1106 5681 animae
1156 5636 1310 5690 sunt,
1344 5642 1607 5696 quorum,
1638 5628 1832 5695 inquit,
1869 5643 2028 5683 voces
2065 5643 2183 5697 quae

610 5721 742 5784 apud
777 5720 1017 5773 diversas
1046 5731 1230 5786 gentes
1264 5720 1390 5788 ipsa:
1420 5738 1632 5809 quoque
1666 5722 1894 5777 diversa:
1934 5733 2055 5777 sunt
2112 5722 2185 5777 si-

610 5815 999 5886 gnificationem
1032 5816 1286 5880 retinent,
1321 5831 1439 5884 quae
1471 5819 1674 5871 scilicet
1700 5828 1825 5873 sunt
1846 5820 2037 5873 anitum
2068 5831 2184 5887 pas-

611 5916 808 5988 siones,
838 5917 943 5974 illa
982 5916 1120 5987 apud
1149 5929 1337 5971 omnes
1381 5910 1585 5967 eaedem
1627 5918 1774 5966 sunt.
1806 5908 2005 5983 Neque,
2038 5909 2184 5967 enim

2282 3412 2388 3466 quo
2410 3412 2495 3461 lue
2522 3399 2793 3453 naturales
2814 3412 2961 3466 sunt,
2986 3401 3122 3458 sicut
3151 3415 3276 3459 sunt
3301 3408 3461 3461 etiam
3490 3408 3860 3468 similitudines

2283 3505 2487 3553 rerum,
2517 3506 2635 3560 qute
2664 3502 2789 3547 sunt
2828 3498 3105 3561 passiones
3134 3500 3345 3555 animae.
3408 3500 3691 3558 lleiminus
3741 3520 3862 3561 vero

2286 3581 2406 3634 huic
2438 3591 2519 3634 est
2550 3585 2870 3652 expositioni
2913 3588 3232 3644 contrarius.
3264 3587 3400 3647 Dicit
3429 3595 3570 3648 enim
3605 3611 3707 3651 non
3739 3613 3860 3652 esse

2284 3689 2465 3728 verum
2494 3675 2709 3730 eosdem
2736 3678 2875 3747 apud
2906 3694 3093 3735 omnes
3123 3678 3367 3739 homines
3388 3702 3506 3741 esse
3537 3688 3862 3757 intellectus,

2282 3782 2508 3837 quorum
2546 3783 2705 3822 voces
2726 3769 3088 3839 significativae
3112 3786 3255 3828 sunt.
3286 3774 3420 3843 Quid
3444 3779 3586 3833 enim
3605 3823 3619 3845 ,
3666 3780 3861 3848 inquit,

2283 3860 2335 3916 in
2378 3862 2799 3927 miiuivocatione
2838 3862 3076 3918 dicetur?
3126 3866 3213 3920 ubi
3247 3883 3381 3924 unus
3428 3868 3673 3940 ideniqne
3715 3873 3862 3926 vocis

2283 3954 2474 4009 modus
2528 3956 2677 4023 plura
2720 3957 3024 4025 signiﬁcat;
3081 3961 3175 4013 sed
3208 3961 3379 4032 magis
3417 3963 3553 4019 hanc
3586 3965 3866 4025 lectionem

2287 4063 2466 4102 veram
2488 4058 2658 4116 putat,
2680 4058 2735 4103 ut
2752 4050 2820 4102 ita
2843 4052 2929 4110 sit.
2957 4050 3193 4118 Quorum
3217 4063 3391 4108 autem
3418 4055 3500 4111 lite
3521 4058 3690 4127 primo
3709 4070 3865 4125 notm,

2288 4140 2371 4195 hae
2416 4143 2666 4197 omnibus
2694 4144 2970 4211 passiones
3000 4147 3193 4201 anima:
3228 4156 3386 4214 sunt,
3427 4158 3479 4205 et
3509 4165 3732 4219 quorum
3785 4150 3864 4205 Inc

2281 4236 2680 4301 similitudines,
2732 4251 2820 4291 res
2864 4238 3024 4292 etiam
3078 4239 3324 4295 ezedem:
3372 4250 3428 4294 ιιι
3469 4240 3863 4297 demonstrasse

2285 4330 2530 4383 videatur
2550 4346 2774 4395 quorum
2819 4346 2982 4387 voces
3002 4333 3367 4402 significativae
3384 4334 3509 4393 sint.
3535 4336 3613 4389 vel
3637 4351 3862 4403 quorum

2286 4421 2563 4488 passiones
2619 4421 2811 4476 anima:
2857 4421 3257 4479 similitudines.
3308 4425 3373 4479 Et
3411 4426 3510 4481 hoc
3552 4427 3864 4494 simpliciter

2284 4513 2653 4579 accipiendum
2677 4525 2760 4571 est
2776 4517 3068 4571 secundum
3091 4517 3426 4587 llerminum,
3445 4531 3498 4574 ul
3520 4521 3588 4576 ita
3605 4522 3863 4585 dicamus,

2285 4606 2521 4674 Quorum
2552 4622 2710 4662 voces
2741 4608 3106 4679 significatita:
3144 4619 3303 4678 sunt,
3356 4613 3458 4666 illa:
3500 4622 3624 4667 sunt
3675 4617 3866 4668 animm

2209 4684 2264 4745 Β
2290 4699 2583 4767 passiones,
2622 4708 2868 4766 tanquam
2900 4700 3100 4756 diceret
3129 4718 3143 4754 :
3183 4703 3374 4758 animas
3402 4708 3676 4773 passiones
3707 4716 3863 4769 sunt,

2291 4805 2424 4858 quas
2464 4792 2766 4862 significant
2798 4808 2995 4863 voces,
3042 4804 3096 4849 et
3124 4810 3309 4850 rursus
3349 4812 3574 4866 quorum
3620 4799 3864 4853 similitu-

2290 4886 2446 4941 dines
2501 4895 2623 4939 sunt
2673 4900 2734 4939 ea
2774 4902 2891 4955 quae
2943 4887 3299 4944 intellectibus
3336 4891 3708 4955 continentur,
3767 4893 3866 4945 illa:

2287 4985 2411 5031 sunt
2438 4991 2543 5030 res.
2569 4975 2842 5044 Tanquam
2865 4977 2907 5030 si
2937 4977 3179 5042 dixisset,
3203 4994 3290 5033 res
3317 4992 3443 5036 sunt
3486 4998 3616 5050 quas
3664 4983 3866 5037 intelle-

2290 5076 2408 5120 Ctus
2438 5065 2534 5133 sig>
2562 5064 2762 5119 ificant.
2818 5064 2924 5120 Sed
2975 5068 3299 5137 Porphyrius
3321 5073 3387 5123 de
3438 5072 3674 5138 utrisque
3712 5082 3868 5126 acute

2296 5160 2669 5228 Subtiliterque
2694 5161 2896 5229 judicat
2915 5203 2930 5227 ,
2959 5172 3012 5216 et
3038 5164 3323 5219 Alexandri
3350 5169 3668 5219 sententiam
3702 5166 3868 5238 magis

2296 5253 2515 5323 probat,
2544 5254 2682 5322 quod
2712 5253 2851 5309 dicat
2878 5270 2980 5310 non
3023 5255 3220 5313 debere
3245 5257 3564 5312 dissimulari
3596 5260 3662 5314 de
3692 5262 3868 5314 multi-

2306 5349 2429 5419 plici
2463 5348 2900 5419 a-quivocationis
2938 5350 3339 5417 significatione.
3374 5352 3503 5406 Nam
3535 5365 3588 5407 et
3622 5354 3711 5422 qui
3741 5354 3869 5409 dicit

2294 5442 2359 5496 ad
2418 5458 2580 5497 unam
2611 5440 2901 5509 quamlibet
2933 5458 3041 5497 rem
3073 5443 3436 5497 accommodat
3464 5447 3697 5497 animmu
3723 5487 3737 5510 ,
3763 5446 3869 5499 sci-

2300 5538 2425 5591 licet
2453 5552 2610 5607 quam
2636 5536 2938 5615 intelligens
2965 5552 3093 5591 voce
3121 5538 3377 5603 declarat,
3399 5551 3451 5593 et
3492 5556 3653 5593 nimm
3684 5554 3869 5594 rursus

2295 5631 2623 5686 intellectum
2657 5631 2948 5699 quemlibet
2992 5632 3035 5686 is
3075 5622 3165 5699 qui
3206 5631 3353 5686 audit
3383 5643 3676 5700 exspectat.
3717 5634 3866 5700 Quod

2292 5724 2338 5778 si
2363 5739 2480 5778 cum
2515 5733 2741 5793 uterque
2761 5738 2826 5779 ex
2849 5739 2953 5778 uno
2980 5725 3195 5778 nomine
3224 5740 3308 5778 res
3329 5724 3571 5779 diversas
3594 5724 3861 5793 intelligit,

2291 5818 2384 5873 ille
2430 5818 2520 5888 qui
2577 5832 2771 5873 nomen
2817 5819 3144 5888 :equivocum
3182 5817 3349 5883 dixit,
3381 5818 3625 5888 designet
3671 5819 3865 5873 clarius

2302 5910 2430 5981 quid
2450 5910 2543 5967 illo
2570 5910 2786 5968 nomine
2804 5908 3103 5981 significare
3127 5911 3376 5988 voluerit,
3399 5914 3591 5985 accipit
3618 5928 3740 5973 mox
3770 5912 3866 5985 qui
