4270 6266
289 336 397 397 M3

1004 331 1070 387 IN
1110 331 1368 388 uatum
1408 331 1500 388 ns
1537 327 2184 389 merueramus
2221 329 2451 390 EDITIO
2485 318 2829 394 secenas:

3457 340 3563 399 ιιι

287 452 438 510 audit
458 493 474 515 ,
529 460 583 505 et
607 450 678 503 ad
715 460 881 503 unum
908 447 1241 502 intellectum
1274 447 1484 510 utrique
1512 449 1870 514 conveniunt,
1902 445 1957 510 Α
1986 446 2213 502 verbum
2228 456 2489 503 etnomen
2507 451 2831 507 dit‘llniturus
2847 463 3013 522 esset,
3030 469 3199 527 eaque
3213 454 3566 525 signiﬁcatin

294 545 383 613 qui
444 555 631 595 rutsus
679 540 739 592 lit
768 554 904 591 unus
950 538 1087 607 apud
1130 539 1347 592 easdem
1398 538 1516 592 illos
1562 541 1698 605 apud
1741 554 1876 609 quos

294 635 474 705 primo
497 633 719 687 tliVel‘Sll!
745 633 947 684 fuerant
971 631 1159 684 anima:
1183 632 1455 697 passiones
1480 644 1699 701 propter
1714 632 1873 698 atqui-

294 726 635 779 vocationem
669 724 914 777 nominis.
952 723 1132 791 Neque
1160 724 1300 777 enim
1352 722 1463 775 ﬁeri
1497 734 1669 791 potest
1699 734 1757 777 nt
1785 725 1874 793 qui

295 834 463 874 voces
513 820 771 888 positione
824 816 1182 887 significantes
1223 833 1251 868 a
1285 828 1472 870 natura
1512 831 1579 870 eo
1627 816 1878 872 distinxit

298 912 441 981 quod
465 910 677 963 easdem
709 923 895 960 omnes
925 922 1045 961 esse
1083 921 1189 960 non
1218 906 1458 971 diceret,
1491 922 1584 961 eas
1623 920 1709 961 res
1747 923 1880 976 quas

300 1005 613 1058 naturaliter
641 1016 761 1055 esse
791 1001 1142 1069 proponebat,
1178 1015 1280 1053 non
1313 1015 1379 1054 eo
1407 1000 1541 1053 tales
1570 1014 1691 1054 esse
1722 1016 1875 1054 mon-

269 1054 511 1158 isttaret,
546 1095 682 1162 quod
716 1093 853 1161 apud
884 1109 1074 1147 omnes
1107 1092 1322 1147 easdem
1352 1107 1473 1147 esse
1502 1094 1877 1147 contenderet.

296 1186 559 1253 Quocirca
609 1185 952 1247 Alexander,
1001 1186 1085 1238 vel
1152 1185 1362 1252 propria
1434 1186 1734 1248 sententia,
1793 1185 1880 1239 vel

298 1280 582 1346 Porphyrii
622 1278 942 1333 auctoritate
987 1278 1294 1347 probandus
1330 1289 1432 1333 est.
1480 1278 1584 1334 Sed
1628 1280 1879 1348 quoniam

296 1373 368 1428 ita
393 1374 526 1426 dixit
560 1372 907 1433 Aristoteles,
931 1371 1169 1436 Quorum
1202 1380 1379 1423 autem
1408 1371 1487 1423 ha!
1520 1370 1692 1439 primo
1719 1384 1881 1437 noun,

295 1465 502 1519 ea'dem
561 1463 811 1516 omnibus
862 1462 1141 1529 passiones
1198 1476 1389 1514 animat
1449 1468 1623 1526 sunt,
1692 1462 1885 1530 qumrit

296 1556 605 1627 Alexander
626 1555 669 1607 si
696 1570 874 1608 rerum
904 1555 1120 1607 nomina
1148 1566 1308 1618 sunt,
1338 1554 1464 1622 quid
1508 1568 1685 1608 canszc
1718 1564 1798 1608 est
1829 1563 1885 1608 ut

296 1646 476 1719 primo
510 1647 872 1698 intellectuunt
912 1656 1065 1698 notas
1092 1660 1209 1698 esse
1239 1660 1397 1699 voces
1442 1646 1637 1699 dixerit
1676 1646 1884 1700 Διὶ-ιο-

296 1744 454 1794 teles.
508 1740 600 1791 llei
651 1755 793 1791 enim
844 1749 1057 1807 ponitur
1093 1754 1328 1802 nomen,
1384 1748 1442 1792 ttt
1478 1756 1599 1793 cum
1655 1741 1881 1794 dicimus

297 1833 459 1887 homo
482 1875 497 1897 ,
533 1832 895 1900 signilicamus
939 1832 1155 1899 quidem
1186 1832 1545 1895 intellectum,
1580 1835 1655 1886 rei
1699 1843 1875 1887 tamen
1909 1826 1957 1885 Β

297 1940 492 1979 nomen
523 1935 624 1987 est,
655 1924 707 1976 id
737 1932 820 1976 est
845 1923 1116 1985 animalis,
1146 1926 1454 1989 rationalis,
1484 1926 1743 1979 mortalis.
1774 1926 1881 1981 Cur

295 2035 429 2087 etgo
459 2034 564 2071 non
612 2020 901 2086 primarum
944 2034 1120 2071 rerum
1169 2020 1339 2090 magis
1384 2029 1523 2073 nota:
1560 2032 1686 2074 sunt
1724 2035 1882 2076 voces

297 2114 497 2182 quibus
546 2121 838 2179 ponuntur,
894 2112 1069 2179 potius
1120 2128 1277 2181 qutun
1326 2112 1731 2167 intellectttttm?
1777 2114 1880 2170 Sed

299 2205 534 2260 fortasse
560 2205 772 2271 quidem
805 2203 871 2255 ob
904 2203 1001 2255 ltoc
1024 2204 1221 2257 dietutn
1245 2215 1347 2269 εει,
1368 2205 1560 2275 inquit,
1584 2207 1725 2276 quod
1760 2208 1885 2262 lieet

301 2314 461 2351 voces
496 2312 670 2350 rerum
700 2282 915 2349 nomina
949 2298 1085 2361 sint,
1116 2308 1293 2351 tamen
1319 2313 1423 2352 non
1452 2298 1653 2353 idcirco
1684 2299 1882 2353 utimur

305 2391 551 2453 vocibus,
572 2400 626 2442 ttt
644 2404 727 2443 res
754 2390 1133 2459 signiﬁcemus,
1160 2389 1254 2451 sed
1282 2401 1336 2443 nt
1364 2418 1371 2433 ι
1395 2407 1454 2446 as
1482 2408 1598 2457 utne
1627 2394 1780 2447 nobis
1809 2409 1879 2448 ex

304 2484 464 2536 rebus
494 2485 685 2534 innatae
709 2499 823 2533 suo.
854 2484 1046 2534 animze
1064 2484 1360 2547 passiones.
1387 2482 1647 2549 Quocirca
1668 2497 1883 2553 propter

302 2590 526 2644 quorum
551 2575 954 2641 sigtt‘tticnntiatu
990 2589 1147 2627 voces
1193 2576 1323 2641 ipsa:
1346 2575 1708 2643 proferuntur,
1738 2586 1884 2631 recte

306 2683 490 2721 eorum
524 2669 694 2735 primo
724 2682 843 2720 esse
876 2668 1014 2720 dixit
1045 2678 1217 2720 notas.
1253 2667 1305 2720 ln
1339 2669 1439 2721 hoc
1470 2684 1597 2722 vero
1630 2670 1884 2737 Aspasins

303 2765 659 2835 perutilestus
691 2775 793 2815 est.
826 2765 892 2815 At
918 2764 1057 2815 enim
1108 2763 1197 2830 qui
1224 2762 1338 2815 liert'
1378 2773 1572 2831 potest,
1598 2772 1653 2816 ut
1682 2766 1882 2817 caulem

303 2860 442 2926 apud
495 2872 683 2911 omnes
709 2856 901 2908 animm
933 2856 1205 2923 pas~iones
1228 2857 1353 2917 sint,
1384 2872 1505 2909 cum
1541 2870 1643 2909 tam
1674 2858 1885 2913 diversa

302 2952 568 3005 sententia
619 2951 686 3003 de
732 2948 877 3017 justo
919 2962 983 3001 ac
1030 2948 1169 3001 bono
1220 2948 1328 3001 sit?
1383 2948 1687 3002 Arbitratur
1742 2952 1884 3004 enitn

306 3042 569 3109 Aepasius
616 3043 894 3109 passiones
925 3040 1117 3094 animae
1148 3056 1252 3094 non
1280 3041 1345 3094 de
1376 3044 1536 3096 rebus
1573 3057 1885 3111 tttcorpora-

305 3137 471 3199 libus,
501 3135 593 3188 sed
624 3136 690 3187 de
727 3136 807 3188 ltis
839 3148 1042 3187 tantum
1072 3151 1191 3203 qua:
1221 3134 1466 3188 sensibus
1492 3136 1609 3203 capi
1640 3146 1880 3205 possunt,

1984 540 2283 607 positurus,
2312 541 2441 595 dicit
2471 544 2616 609 prius
2658 561 2882 612 quorum
2911 548 3256 617 signillcatiVa
3304 549 3410 605 sint
3454 551 3568 621 ipse

1986 632 2149 685 verba
2181 641 2237 686 et
2286 635 2534 699 nomina,
2569 646 2622 688 et
2651 636 2864 690 inchoat
2888 641 3100 708 quidem
3134 642 3203 696 ab
3228 642 3309 697 bis
3334 642 3565 697 nomini-

1982 721 2083 777 bus
2135 734 2190 778 et
2239 726 2415 779 verbis
2442 742 2557 795 qtue
2590 736 2715 781 sunt
2740 728 2792 780 in
2830 744 2962 784 vme
3000 733 3185 787 dicens
3217 752 3229 786 :
3261 732 3397 788 Sunt
3437 748 3566 803 ergo

1979 830 2041 868 ea
2075 833 2198 893 quae
2225 826 2349 871 sunt
2380 820 2430 871 itt
2474 834 2634 879 voce,
2661 831 2713 874 et
2742 820 3073 877 demonstrat
3101 839 3327 893 quorum
3358 837 3465 881 sint
3492 827 3566 881 si-

1982 888 2314 975 gtiiﬁt-ativa,
2365 909 2623 976 adiit-iens
2652 926 2838 964 eorum
2870 928 2989 980 quae
3016 888 3137 967 soni
3161 914 3212 967 itt
3239 916 3412 969 anima
3450 932 3567 985 pas-

1982 1000 2191 1054 sionnm
2227 1012 2385 1056 noue.
2436 1004 2636 1057 litttsus
2668 1006 2947 1059 nominum
2982 1007 3218 1075 ipsorum
3249 1010 3565 1065 verborum-

1981 1108 2083 1162 que
2104 1108 2223 1162 qttze
2246 1095 2296 1147 in
2320 1109 2449 1149 voce
2471 1108 2593 1149 sunt
2621 1111 2680 1147 ea
2709 1099 2867 1151 verba
2914 1109 2967 1152 et
2997 1100 3208 1152 nomina
3237 1115 3356 1167 quae
3385 1110 3569 1161 essent

1982 1183 2037 1239 in
2063 1185 2252 1239 litteris
2271 1188 2555 1241 coostituta
2602 1187 2948 1257 sigttiﬂcativa
2964 1204 3086 1244 esse
3104 1188 3566 1257 declaratdicens,

1980 1284 2040 1330 et
2074 1291 2135 1329 ea
2178 1291 2297 1345 quae
2343 1278 2649 1332 scribuntur
2680 1294 2865 1333 eorum
2897 1295 3017 1348 qua:
3056 1291 3179 1334 sunt
3213 1280 3266 1335 in
3299 1296 3449 1337 voce.
3499 1281 3569 1339 Et

1983 1371 2235 1437 quoniam
2282 1379 2513 1440 quatuor
2543 1372 2640 1426 ista
2660 1372 2902 1441 qiuetlam
2932 1384 3077 1437 sunt,
3121 1374 3343 1440 litterte,
3375 1388 3563 1439 vocem,

1984 1463 2327 1527 intellectus,
2367 1479 2473 1527 res,
2505 1482 2729 1535 quorum
2756 1468 2949 1521 litterte
2990 1478 3042 1523 et
3094 1483 3257 1523 voces
3298 1468 3566 1537 positione

1982 1568 2139 1623 sunt,
2172 1572 2355 1612 natura
2391 1574 2520 1613 vero
2566 1575 2649 1614 res
2678 1571 2838 1629 atque
2865 1559 3194 1621 intellectus.
3228 1561 3567 1621 demonstra-

1984 1652 2059 1702 vit
2101 1665 2259 1705 voces
2301 1666 2405 1704 non
2463 1666 2581 1705 esse
2610 1654 2954 1718 naturaliter,
3000 1653 3091 1708 sed
3141 1654 3439 1721 positione,
3471 1668 3567 1722 per

1985 1746 2086 1801 hoc
2128 1748 2269 1814 quod
2322 1746 2395 1801 ait
2430 1763 2536 1799 nott
2567 1748 2782 1801 easdem
2827 1763 2950 1802 esse
3004 1748 3143 1813 apud
3199 1763 3416 1811 omnes,
3469 1749 3565 1804 sed

1985 1841 2177 1904 varias,
2213 1849 2267 1893 ut
2291 1852 2395 1902 est,
2422 1852 2478 1893 et
2496 1840 2950 1909 quemadmodum
2976 1857 3074 1895 nec
3103 1842 3278 1894 littera
3319 1842 3567 1895 omnibus

1987 1933 2211 1994 eaedem,
2244 1930 2321 1984 sic
2350 1944 2448 1984 nec
2473 1933 2672 1984 eaedem
2706 1947 2883 1986 voces.
2912 1931 2980 1987 Ut
3007 1947 3135 1987 vero
3162 1935 3565 1987 demonstraret

1944 2034 1947 2041 ‘
1984 2022 2287 2077 intellectus
2322 2035 2370 2076 ει
2393 2037 2477 2076 res
2494 2037 2613 2077 esse
2633 2024 2963 2087 naturaliter,
2988 2025 3062 2078 ait
3081 2025 3219 2093 apud
3240 2040 3423 2080 omnes
3440 2042 3567 2081 eos-

1983 2115 2105 2169 dem
2129 2129 2250 2169 esse
2282 2114 2608 2189 intellectus,
2633 2131 2857 2181 quorum
2892 2130 3072 2172 essent
3114 2132 3271 2171 voces
3300 2118 3567 2187 signiﬁca-

1985 2208 2139 2269 tivte,
2186 2214 2236 2260 et
2270 2219 2456 2259 rursus
2489 2205 2628 2273 apud
2671 2221 2859 2261 omnes
2909 2206 3124 2261 easdem
3167 2222 3289 2273 res,
3342 2224 3567 2277 quarum

1984 2294 2362 2352 similitudines
2383 2309 2567 2352 essent
2590 2301 2783 2351 animm
2809 2300 3107 2367 passiones,
3134 2308 3191 2354 ut
3209 2311 3313 2366 est,
3342 2316 3566 2368 quoium

1986 2400 2163 2444 autem
2220 2391 2302 2445 liae
2330 2390 2503 2458 primo
2539 2402 2716 2455 notae,
2750 2392 2955 2446 scilicet
2995 2408 3115 2462 quze
3160 2404 3283 2447 sunt
3328 2396 3377 2446 itt
3405 2408 3565 2461 voce,

1984 2483 2186 2537 eaedem
2210 2481 2460 2535 omnibus
2486 2483 2761 2551 passiones
2786 2482 2976 2536 animae
3000 2494 3142 2549 sunt,
3164 2493 3218 2539 et
3239 2500 3463 2554 quorum
3487 2486 3567 2541 ba

1987 2574 2396 2638 similitudines,
2449 2588 2537 2628 res
2584 2574 2744 2629 etiam
2795 2575 3018 2630 easdem.
3063 2576 3346 2631 Passiones
3394 2590 3568 2634 autem

1988 2669 2179 2756 aninjae
2203 2667 2365 2733 dixit,
2402 2668 2655 2736 queuiam
2692 2668 2825 2722 alas
2858 2669 3141 2738 diligenter
3169 2680 3443 2725 ostensum
3487 2682 3570 2729 est

1987 2773 2203 2812 omnem
2259 2774 2442 2813 vocem
2492 2760 2738 2814 animalis
2784 2770 2878 2813 aut
2924 2776 2989 2815 ex
3044 2763 3290 2831 passione
3344 2766 3567 2829 animae,

1988 2861 2082 2905 aut
2113 2863 2327 2920 propter
2354 2853 2663 2920 passionem
2703 2853 2952 2924 proferri.
2993 2854 3408 2909 Sitntlitndinetn
3442 2870 3569 2910 vero

1990 2947 2295 3012 passionem
2346 2946 2537 2997 anim!
2615 2949 2864 3013 vocavit,
2912 2946 3051 3017 quod
3099 2954 3394 3002 secundum
3453 2949 3569 3002 Ari~

1988 3036 2234 3089 stotelem
2274 3036 2404 3090 nihl
2454 3047 2535 3091 est
2574 3038 2717 3092 aliud
2772 3040 3073 3111 intelligere
3100 3082 3113 3107 ,
3165 3041 3265 3095 nisi
3284 3042 3569 3110 cujuslibet

1989 3128 2241 3195 subjectae
2275 3130 2350 3182 ri-i
2397 3131 2772 3197 proprietatem
2821 3141 2979 3201 atque
3030 3132 3462 3203 itnag‘nationem
3507 3138 3561 3188 ιη

306 3229 649 3283 Aristotelem
680 3231 955 3295 passiones
978 3228 1168 3280 animae
1186 3229 1405 3289 dixisse,
1430 3230 1570 3294 quod
1596 3230 1881 3296 perlalsum
1914 3214 1960 3279 ε
1988 3221 2182 3274 animm
2238 3221 2403 3290 ipsius
2462 3223 2798 3292 reputatione
2848 3225 3120 3291 suscipere
3150 3264 3167 3291 ,
3236 3224 3304 3280 de
3371 3226 3563 3295 quibus

305 3335 410 3377 est.
461 3322 643 3390 Neque
670 3322 810 3375 enim
860 3337 1088 3390 unquam
1143 3321 1466 3375 intellexisse
1510 3322 1745 3386 dicetur,
1794 3324 1884 3393 qui

309 3414 526 3478 lallitur,
552 3424 605 3467 et
635 3412 859 3466 fortasse
887 3412 1100 3479 quidem
1127 3412 1429 3480 passionem
1450 3413 1610 3467 animi
1637 3414 1887 3470 habuisse

308 3506 536 3573 dicetur,
568 3507 871 3573 quieunque
912 3506 963 3558 id
1004 3507 1141 3572 quod
1185 3506 1382 3559 bonum
1404 3516 1519 3570 est,
1551 3521 1657 3561 n0n
1696 3508 1887 3563 eodem

308 3600 470 3653 modo
492 3614 595 3668 quo
622 3607 730 3660 est,
753 3600 846 3651 sed
872 3599 1053 3659 aliter,
1080 3596 1741 3662 arbitratur,intellesisse
1763 3614 1889 3654 vero

310 3709 419 3747 non
448 3693 664 3746 dicitur.
700 3694 1015 3746 Atistoteles
1063 3702 1239 3745 autent
1279 3708 1399 3746 cum
1432 3694 1499 3747 de
1542 3695 1889 3751 similitudine

310 3785 575 3853 loquitur,
623 3786 689 3838 de
722 3787 991 3838 intellectu
1026 3786 1350 3853 pronuntiat.
1382 3786 1562 3854 Neque
1601 3789 1743 3842 enim
1775 3788 1889 3842 lieri

310 3889 492 3949 potest
516 3891 569 3929 nt
590 3880 677 3945 qui
700 3880 838 3946 quod
871 3879 1063 3932 bonum
1086 3891 1167 3933 est
1195 3880 1388 3932 malum
1411 3895 1533 3934 csse
1582 3882 1888 3943 arbitretur.

310 3971 721 4026 similitudinem
771 3973 890 4023 boni
941 3983 1115 4025 mente
1160 3977 1486 4042 conceperit.
1521 3972 1705 4043 Neque
1748 3975 1889 4029 enim

312 4065 580 4119 intellexit
602 4078 710 4118 rem
742 4063 1056 4130 Sllltjecum,
1077 4064 1166 4119 sed
1192 4066 1576 4135 quoniatnqtm
1605 4068 1893 4133 suntjusta

311 4173 376 4211 ac
407 4160 539 4211 batia
566 4160 630 4209 ad
665 4159 977 4225 positionem
1007 4158 1181 4211 omnia
1210 4168 1522 4212 naturatnve
1560 4159 1888 4227 referuntur,

311 4258 368 4305 et
416 4251 459 4302 si
491 4252 555 4303 de
582 4250 725 4318 justo
755 4263 815 4302 ac
856 4254 997 4303 bono
1044 4253 1112 4303 ita
1148 4252 1398 4329 loquitur,
1450 4261 1505 4303 ut
1531 4254 1597 4303 de
1635 4267 1702 4305 eo
1750 4252 1891 4319 quod

309 4334 469 4395 civile
496 4344 604 4409 jus,
628 4351 717 4396 ant
738 4343 915 4396 civilis
938 4345 1127 4411 injuria
1153 4346 1363 4406 dicitur,
1394 4354 1539 4400 recte
1560 4359 1665 4399 n0n
1690 4348 1891 4415 easdem

314 4446 442 4490 sunt
484 4436 756 4504 passiones
795 4437 1021 4501 animm,
1067 4441 1318 4506 quoniam
1357 4439 1512 4491 civile
1570 4442 1688 4504 jus,
1737 4440 1895 4495 civile

314 4528 513 4585 bonum
532 4529 794 4599 positione
814 4540 916 4590 est,
937 4546 1039 4582 non
1059 4541 1264 4583 natura.
1286 4531 1534 4586 Naturale
1554 4549 1681 4586 vero
1698 4534 1892 4586 bonum

1987 3314 2180 3365 animae
2213 3314 2545 3380 passionibns
2577 3316 2627 3367 itt
2657 3314 2804 3369 libris
2836 3332 2895 3370 se
2926 3316 2993 3370 de
3018 3316 3204 3370 Anima
3234 3332 3567 3373 commemo-

1992 3412 2075 3455 rat
2116 3402 2423 3471 diligenttus
2450 3404 2772 3473 disputasse.
2806 3404 2913 3463 Sed
2953 3408 3204 3478 quoniam
3232 3409 3567 3465 detIIODSlra~

1993 3502 2103 3548 tum
2124 3507 2205 3550 est
2234 3500 2502 3563 quomodo
2535 3500 2693 3552 verba
2721 3515 2776 3553 et
2804 3502 3015 3555 nomina
3056 3511 3112 3557 et
3156 3504 3329 3557 oratio
3372 3506 3568 3560 intelles

1990 3598 2170 3640 ctuttm
2206 3603 2252 3655 pl
2270 3586 2569 3655 iucipaliter
2598 3590 2943 3659 signiﬁcativa
2962 3604 3109 3658 sunt,
3132 3595 3385 3664 quidquid
3410 3607 3487 3650 est
3521 3598 3570 3654 in

1991 3692 2123 3732 voce
2178 3680 2584 3747 signiliciittonis
2656 3686 2723 3735 ab
2774 3685 3126 3739 intellectibus
3179 3688 3344 3740 venit.
3399 3687 3572 3755 Quare

1992 3770 2140 3837 prius
2178 3771 2447 3838 paululum
2510 3770 2578 3825 de
2619 3770 2976 3827 intellectibus
3008 3774 3427 3842 perspiciendum
3460 3788 3573 3835 erat

1994 3860 2041 3913 ei
2072 3862 2160 3928 qui
2191 3862 2386 3931 altqttiil
2417 3869 2563 3915 recte
2593 3861 2660 3914 de
2684 3864 2901 3916 vocibus
2920 3864 3235 3929 diSputaret.
3260 3868 3401 3935 E'go
3433 3868 3574 3937 quod

1994 3967 2152 4021 supra
2178 3955 2453 4021 passiones
2478 3954 2670 4005 anitum
2692 3964 2747 4007 et
2772 3954 3145 4010 similitudines
3178 3961 3402 4024 vocavit,
3434 3962 3573 4015 idem

1996 4061 2136 4100 nunc
2165 4048 2397 4112 apertius
2424 4047 2750 4101 intellectum
2785 4056 2938 4102 Vocat
2966 4050 3151 4104 dicens
3180 4068 3193 4103 :

2068 4136 2161 4191 Est
2189 4147 2357 4191 autem
2388 4141 2816 4209 quemadmodum
2847 4142 2899 4193 in
2938 4144 3111 4195 animo
3155 4144 3423 4209 aliquoties
3465 4146 3576 4212 qui~

1998 4235 2109 4288 dem
2129 4234 2415 4301 intellectus
2444 4238 2552 4286 sine
2577 4249 2694 4287 vero
2724 4237 2799 4287 vel
2817 4236 2969 4304 falso.
3001 4237 3281 4307 Aliquoties
3304 4247 3470 4292 autem
3494 4240 3577 4293 cui

1990 4330 2106 4400 jam
2127 4344 2324 4382 necesse
2344 4338 2413 4380 cst
2440 4328 2623 4380 horum
2644 4331 2858 4383 alterum
2879 4332 3062 4395 inesse,
3088 4334 3161 4385 sic
3185 4333 3337 4385 etiam
3361 4334 3415 4385 in
3440 4348 3575 4385 voce.

2000 4418 2148 4473 Circa
2180 4421 2590 4489 compositionem
2631 4423 2764 4474 enim
2792 4433 2835 4474 et
2874 4424 3169 4476 divisionem
3205 4434 3279 4477 est
3316 4426 3496 4477 veritos
3532 4436 3580 4481 et

2003 4512 2221 4580 falsitas.
2264 4511 2489 4564 Nomina
2536 4513 2694 4581 igitur
2733 4516 2846 4579 ipsa
2874 4526 2921 4567 et
2970 4518 3118 4567 verba
3143 4518 3429 4571 consimilia
3463 4528 3581 4574 sunt

316 4632 478 4687 mque
502 4596 700 4686 “Nam
732 4623 869 4689 apud
893 4637 1080 4675 omnes
1111 4638 1294 4691 gemes
1322 4624 1460 4677 idem
1482 4634 1583 4678 ea"
1612 4626 1673 4679 Et
1696 4628 1761 4679 de
1792 4626 1900 4680 υεο
1926 4596 1980 4658 D
2005 4606 2114 4657 sine
2140 4607 2504 4671 compositione
2531 4616 2578 4657 ct
2618 4607 2862 4659 divisione
2891 4608 3191 4671 intellectui,
3228 4623 3280 4663 ut
3308 4612 3460 4665 homo
3506 4615 3582 4670 vel

315 4730 526 4782 quoque
558 4714 692 4769 idem
726 4724 827 4775 est,
860 4716 1013 4782 cujus
1042 4716 1286 4783 quamvis
1324 4718 1531 4770 cultura
1561 4719 1773 4773 diversa
1806 4718 1898 4784 sit,

317 4806 460 4859 idem
519 4790 691 4859 tamen
741 4805 1018 4876 cujusdam
1075 4810 1515 4862 eminentissima:
1560 4821 1763 4865 natura!
1819 4820 1902 4865 est

316 4897 642 4951 intellectus.
683 4898 860 4966 Quare
902 4901 1251 4966 repetendum
1298 4901 1532 4955 breviter
1561 4918 1587 4953 a
1632 4904 1902 4972 principio

316 4998 446 5053 est,
490 4992 728 5056 partibus
769 4992 910 5044 enim
945 4992 1011 5044 ad
1046 5001 1346 5045 orationem
1396 5007 1563 5061 usque
1598 4994 1841 5062 pervenit
1884 5012 1897 5049 :

318 5095 444 5133 nam
469 5083 607 5149 quod
640 5096 698 5135 se
726 5082 869 5149 prius
899 5084 1021 5151 quid
1060 5094 1206 5138 esset
1247 5101 1440 5139 nomen
1464 5131 1476 5151 ,
1510 5087 1636 5155 quid
1678 5090 1899 5144 verbum

316 5176 646 5228 constituere
676 5175 841 5240 dixit,
876 5176 956 5231 lue
987 5179 1206 5232 minime
1240 5189 1417 5247 partes
1447 5182 1705 5237 orationis
1737 5194 1901 5249 sunt;

318 5264 461 5334 qttod
511 5281 641 5319 vero
693 5268 1103 5323 allirntatiouem
1163 5282 1216 5322 et
1272 5272 1640 5339 negationem,
1680 5273 1787 5339 jam
1837 5275 1905 5329 de

317 5362 617 5425 cntnpostta
652 5373 715 5410 ex
746 5361 924 5411 verbis
950 5373 1003 5414 et
1035 5362 1345 5424 nominibus
1371 5363 1614 5415 oratione
1650 5365 1902 5432 loquitur,

316 5464 441 5517 ane
499 5448 704 5501 εωιιειιι
758 5464 942 5502 rursus
988 5462 1163 5515 partes
1213 5463 1337 5507 sunt
1382 5454 1788 5510 enuntiationis.
1842 5459 1907 5515 Et

320 5551 446 5613 post
471 5541 855 5593 entmtiationis
894 5545 1306 5610 preposuioneu-
1331 5586 1347 5609 ,
1376 5545 1444 5599 de
1484 5547 1726 5602 oratione
1766 5550 1908 5619 loqui

326 5636 641 5705 prOpttsnit,
672 5651 823 5701 enjos
851 5636 961 5703 ipsa
993 5653 1205 5706 quoque
1232 5641 1529 5695 enuntiatio
1559 5657 1680 5710 pars
1709 5655 1811 5698 est.
1845 5646 1913 5701 Et

321 5731 579 5802 quoniam
627 5732 705 5798 (ut
745 5732 947 5784 dictum
992 5734 1097 5798 est)
1140 5734 1330 5798 triplex
1362 5746 1448 5791 est
1480 5739 1681 5804 oratio,
1711 5753 1827 5807 qua:
1857 5740 1911 5796 in

322 5825 520 5883 litteris
547 5865 562 5892 ,
592 5839 714 5897 quas
744 5825 798 5880 in
820 5838 952 5881 voce
972 5866 986 5889 ,
1030 5841 1153 5897 quae
1182 5829 1234 5885 in
1267 5828 1625 5891 tntellectibtts
1653 5840 1767 5899 est,
1802 5824 1913 5907 'qui

2002 4696 2197 4759 album,
2225 4699 2432 4766 quando
2458 4714 2556 4750 non
2582 4698 2791 4750 additur
2814 4701 3031 4771 aliquid.
3060 4701 3238 4772 Neque
3258 4708 3390 4759 enim
3414 4709 3583 4761 adhuc

2002 4805 2176 4841 verum
2206 4789 2279 4841 vel
2309 4790 2495 4859 falsum
2526 4801 2627 4854 est,
2656 4794 2854 4860 signum
2893 4802 3061 4846 autem
3090 4796 3241 4868 hujus
3272 4809 3364 4852 est.
3399 4799 3585 4854 Πίνδο-

2009 4898 2181 4935 cervus
2210 4885 2346 4936 enim
2384 4885 2638 4955 signiﬁcat
2665 4886 2861 4956 aliquid
2880 4928 2897 4954 ,
2929 4891 3015 4942 sed
3042 4891 3270 4945 nondum
3304 4911 3473 4949 verum
3510 4897 3585 4950 vel

2010 4976 2224 5045 falsum,
2255 4979 2298 5031 si
2327 4994 2429 5031 non
2452 5018 2467 5043 ,
2511 4996 2641 5045 esse,
2668 4983 2743 5034 vel
2772 5000 2871 5035 non
2898 4999 3037 5049 esse,
3069 4989 3311 5054 addatur,
3356 4989 3432 5041 vel
3468 4992 3585 5043 sim-

2013 5073 2236 5143 pliciter,
2270 5074 2348 5125 vel
2377 5073 2651 5127 secundum
2680 5085 2893 5146 tempus.

2086 5164 2349 5230 Quoniam
2401 5180 2597 5219 nomen
2642 5177 2695 5219 et
2736 5168 2955 5223 vetbum
2999 5178 3159 5238 atque
3193 5174 3366 5226 omnis
3420 5177 3589 5230 oratio

2015 5257 2365 5325 signilicativa
2415 5268 2540 5311 sunt
2584 5259 2780 5313 animae
2820 5261 3161 5327 passionum,
3194 5279 3259 5318 ex
3310 5266 3435 5333 ipsis
3476 5268 3590 5327 sine

2017 5348 2181 5403 dubio
2205 5367 2325 5419 quae
2345 5350 2624 5419 designant
2644 5352 2695 5403 itt
2721 5352 2921 5406 eisdem
2952 5355 3167 5407 vocibus
3196 5360 3491 5424 proprii-tas
3519 5362 3590 5412 si.

2020 5441 2374 5510 gniﬁcationis
2398 5443 2709 5497 innascitur.
2739 5444 2833 5497 llic
2866 5459 2993 5498 vero
3012 5456 3094 5500 est
3118 5458 3256 5500 totus
3287 5460 3445 5519 atque.
3466 5469 3591 5505 con.

2021 5533 2198 5588 tinuus
2223 5522 2575 5590 AriStotelit'aa
2603 5534 2735 5588 ordo
2760 5539 3057 5591 sententiae.
3090 5541 3373 5604 Quoniam.
3402 5547 3590 5611 inquit,

2019 5644 2081 5685 ea
2109 5631 2333 5698 primum
2356 5631 2573 5685 vocibus
2588 5630 2954 5699 signiﬁciintnr
2971 5650 3087 5703 qua!
3108 5634 3157 5687 in
3180 5639 3360 5691 animo
3374 5647 3428 5692 et
3448 5639 3592 5709 cogi.

2023 5734 2224 5786 talione
2238 5740 2539 5795 versantur,
2556 5732 2923 5791 intellectuum
2937 5752 3064 5793 vero
3076 5738 3208 5791 alios
3230 5742 3445 5809 quidem
3468 5744 3593 5807 simi

2024 5833 2211 5904 plices.
2238 5842 2293 5888 et
2308 5834 2426 5889 sine
2450 5834 2566 5893 veri
2581 5835 2666 5894 vel
2678 5834 2797 5895 falsi
2817 5841 3190 5899 enuntiatione
3202 5846 3583 5912 perpendimus
