4270 6266
705 384 807 441 Μῦ

1922 374 2035 433 ΑΝ.
2076 370 2301 433 MANL.
2326 366 2482 423 SEV.
2522 368 2747 428 ΒΟΕΤΙΙ

3876 372 3981 430 Μϐ

704 511 760 558 ιιι
783 518 901 559 cum
934 500 1086 556 nobis
1119 499 1349 555 hominis
1371 499 1675 569 proprietas
1706 496 1869 553 tacita
1896 491 2284 564 imaginatione
2316 488 2372 549 Α
2395 488 2569 542 nullus
2592 489 2791 545 dixerit
2819 492 3286 561 compositionem.
3316 491 3374 547 In
3403 492 3506 549 hoc
3532 507 3660 549 vero
3698 492 3980 550 divisionis

704 593 1022 663 suggeritur,
1072 590 1217 645 nulla
1250 606 1479 661 namque
1524 606 1590 645 ex
1618 588 1721 644 hac
1753 586 2129 655 intelligentia
2158 583 2291 638 sim-

703 685 938 755 plicitate
979 686 1062 740 vel
1091 686 1331 739 veritatis
1375 684 1613 738 nascitur
1645 682 1727 735 vel
1766 679 2015 734 falsitatis
2047 679 2247 748 agnitio
2275 695 2290 745 ;

700 785 827 830 sunt
866 790 996 830 vero
1026 775 1333 830 intellectus
1376 775 1590 844 quidam
1642 771 1925 840 compositi
1974 780 2131 840 atque
2161 785 2293 823 con-

701 868 866 938 iuncti
900 869 951 923 iii
983 870 1175 939 quibus
1214 868 1354 924 inest
1390 868 1501 939 iam
1526 867 1769 939 quaedam
1792 866 1878 921 vel
1920 866 2162 919 veritatis
2208 866 2293 919 vel

701 960 954 1017 falsitatis
989 962 1272 1031 inspectio,
1304 973 1359 1016 ut
1390 976 1509 1017 cum
1560 960 1625 1015 ad
1667 959 1964 1029 quamlibet
1991 959 2289 1026 simplicem

700 1056 1103 1123 perceptionem
1135 1055 1333 1109 mentis
1363 1052 1672 1123 adiungitur
1700 1051 1842 1106 aliud
1870 1051 2009 1119 quod
2056 1051 2136 1105 vel
2170 1065 2292 1105 esse

700 1145 898 1215 aliquid
931 1146 1015 1201 vel
1044 1163 1146 1200 non
1171 1161 1290 1201 esse
1315 1146 1623 1209 constituat,
1652 1154 1709 1198 ut
1728 1144 1775 1198 si
1795 1143 1859 1196 ad
1883 1142 2114 1197 hominis
2135 1142 2290 1197 intel-

702 1235 894 1289 lectum
924 1252 1043 1290 esse
1075 1239 1155 1291 vel
1188 1253 1291 1290 non
1320 1251 1462 1298 esse,
1486 1236 1568 1290 vel
1611 1235 1791 1290 album
1823 1250 1973 1300 esse,
1999 1235 2081 1289 vel
2109 1235 2289 1287 album

700 1341 804 1381 non
834 1344 954 1383 esse
980 1330 1264 1398 copuletur
1282 1373 1295 1395 ,
1353 1329 1483 1383 fient
1506 1330 1651 1383 enim
1679 1328 1996 1399 cogitabiles
2021 1327 2289 1382 orationes

700 1421 939 1477 veritatis
980 1423 1063 1476 vel
1095 1421 1346 1477 falsitatis
1393 1422 1706 1491 participes,
1742 1421 1842 1475 hoc
1894 1421 2089 1475 modo:
2118 1420 2291 1473 Homo

699 1523 799 1581 est,
835 1514 992 1568 homo
1025 1532 1128 1569 non
1156 1526 1257 1579 εει,
1294 1515 1455 1569 homo
1485 1514 1640 1569 albus
1661 1523 1763 1581 est,
1796 1513 1956 1567 homo
1986 1515 2137 1567 albus
2182 1528 2289 1567 non

699 1618 807 1671 est,
840 1624 1061 1677 quarum
1107 1609 1325 1677 quidem
1359 1610 1517 1663 homo
1547 1617 1650 1672 est,
1695 1608 1781 1662 vel
1813 1607 1973 1661 homo
2003 1606 2156 1660 albus
2183 1615 2284 1672 est,

698 1701 1012 1768 compositio
1042 1700 1265 1767 dicitur,
1310 1716 1430 1755 nam
1477 1701 1621 1770 prior
1649 1715 1769 1753 esse
1800 1708 1959 1767 atque
1992 1698 2285 1760 hominem,

699 1794 964 1861 posterior
990 1794 1260 1847 hominem
1292 1794 1411 1848 albo
1432 1792 1729 1861 composita
1762 1791 2065 1845 intellectus
2092 1788 2289 1858 prmdi-

2398 582 2573 637 nullus
2599 599 2666 639 ne
2697 584 2865 639 fictus
2896 586 3113 656 quidem
3158 600 3351 642 modus
3378 587 3597 658 intelligi
3631 588 3824 656 potest."
3846 589 3978 645 lllud

2396 690 2619 745 quoque
2650 678 3098 734 considerandum
3141 688 3224 734 est
3272 696 3470 735 numne
3514 681 3689 751 aliqua
3721 681 3789 734 sit
3817 681 3869 735 in
3897 682 3979 738 his

2394 771 2713 839 compositio
2740 774 2820 826 vel
2851 773 3075 841 divisio,
3117 790 3236 843 qua:
3284 774 3578 829 secundum
3624 774 3979 832 substantiam

2394 874 2543 914 suam
2574 876 2701 916 vera
2729 863 2981 917 dicuntur
3009 874 3102 917 aut
3146 865 3302 931 falsa,
3340 877 3394 918 ιιι
3440 876 3523 919 εει
3568 879 3694 918 vera
3736 867 3978 934 voluptas

2397 951 2533 1007 bene
2562 953 2813 1018 vivendi,
2847 963 2905 1008 nt
2950 968 3033 1010 est
3074 956 3205 1010 falsa
3246 957 3490 1026 voluptas
3519 956 3773 1012 bellandi.
3803 957 3977 1013 Etiam

2395 1043 2524 1097 illud
2551 1060 2762 1114 quoque
2790 1046 3184 1114 respiciendum
3211 1057 3324 1116 est,
3364 1048 3505 1117 quod
3532 1048 3583 1101 in
3606 1050 3844 1103 omnium
3870 1064 3978 1103 ma-

2394 1136 2539 1191 ximo
2563 1137 2674 1193 Deo
2695 1139 2954 1208 quidquid
2984 1140 3314 1208 intelligitur,
3341 1156 3445 1194 non
3467 1141 3519 1194 in
3541 1157 3605 1196 eo
3627 1141 3980 1196 accidentali-

2394 1237 2494 1293 ter,
2528 1230 2623 1284 sed
2647 1231 3074 1286 santantialiter
3096 1233 3431 1303 intelligitur,
3460 1233 3657 1287 etenim
3681 1250 3799 1303 qua».
3835 1234 3978 1289 bona

2393 1319 2514 1372 sn'nt
2535 1319 2957 1375 substantialiter
2973 1322 3041 1377 de
3055 1338 3120 1377 eo
3139 1338 3243 1376 non
3264 1324 3665 1378 accidentaliter
3683 1324 3976 1379 credimus.

2394 1412 2541 1479 Quod
2565 1414 2608 1467 si
2646 1413 3072 1469 substantialiter
3110 1416 3381 1470 credimus
3424 1416 3612 1483 Deum,
3659 1417 3826 1471 Deum
3852 1432 3978 1472 vero

2395 1505 2574 1559 nullus
2603 1505 2801 1560 dixerit
2842 1506 3059 1568 falsum,
3108 1508 3348 1577 nihilque
3380 1509 3431 1561 in
3482 1523 3546 1561 eo
3575 1507 3976 1564 acciilentaliter

2396 1598 2588 1667 poterit
2616 1601 2851 1665 evenire,
2900 1601 3012 1669 ipsa
3040 1603 3239 1655 veritas
3262 1601 3402 1655 Dens
3426 1601 3683 1655 dicendus
3714 1612 3795 1656 est
3818 1618 3833 1666 ;
3888 1602 3975 1657 ubi

2391 1702 2473 1744 est
2501 1692 2662 1759 igitur
2701 1693 3021 1759 compositio
3047 1692 3132 1748 vel
3160 1693 3356 1748 divisio
3386 1695 3437 1747 in
3477 1693 3541 1747 iis
3570 1709 3690 1763 quae
3717 1695 3974 1763 simplicia

2394 1782 2710 1838 naturaliter
2758 1794 2903 1850 sunt,
2956 1800 3056 1839 nec
3105 1786 3209 1840 ulla
3242 1787 3522 1855 cujuslibet
3568 1788 3644 1841 rei
3694 1787 3975 1842 collatione

700 1886 906 1938 natione
935 1888 1219 1950 connectit,
1266 1887 1347 1940 sin
1401 1900 1527 1938 vero
1553 1885 1619 1939 ad
1670 1884 1901 1937 hominis
1959 1882 2288 1936 intellectum
2320 1875 2368 1935 Β
2390 1874 2727 1946 junguntur-
2757 1876 2936 1944 Quare
2966 1894 3071 1931 non
3103 1879 3283 1932 omnis
3314 1879 3508 1934 veritas
3554 1894 3726 1948 neque
3772 1879 3975 1934 falsitas

630 2014 633 2017 -
699 1976 941 2043 adjiciam
970 1977 1221 2046 quiddam
1243 2017 1257 2041 ,
1294 1988 1348 2031 ut
1381 1979 1454 2031 ita
1483 1977 1572 2041 sit,
1608 1976 1768 2029 homo
1794 1983 1897 2039 est,
1933 1974 2015 2027 vel
2046 1989 2149 2026 non
2179 1982 2279 2034 est,

702 2070 781 2123 vel
820 2069 974 2125 albus
1003 2082 1105 2136 est,
1137 2080 1228 2124 aut
1256 2070 1455 2139 aliquid
1508 2070 1633 2131 tale,
1691 2079 1815 2122 tunc
1863 2068 1914 2121 in
1948 2066 2058 2133 ipsa
2091 2065 2285 2134 cogita.

700 2162 840 2217 tione
894 2164 1090 2217 veritas
1121 2171 1213 2215 aut
1260 2160 1462 2216 falsitas
1520 2159 1832 2224 innascitur;
1886 2172 2034 2225 ergo,
2080 2154 2281 2223 inquit,

698 2256 1146 2324 quemadmodum
1177 2256 1458 2321 aliquoties
1506 2254 1720 2324 quidam
1767 2251 2036 2321 simplices
2071 2248 2285 2302 intelle-

699 2357 815 2402 ctus
838 2358 984 2411 sunt,
1010 2351 1099 2420 qui
1133 2366 1260 2404 vero
1286 2349 1527 2419 falsoque
1554 2357 1791 2411 careant,
1824 2345 2039 2416 quidam
2074 2358 2200 2397 vero
2229 2343 2283 2396 in

699 2441 890 2509 quibus
917 2443 1145 2496 alterum
1180 2442 1369 2496 horum
1394 2441 1711 2505 reperiatur,
1743 2442 1824 2493 sic
1849 2437 2009 2493 etiam
2044 2438 2096 2488 in
2131 2450 2279 2489 voce.

699 2533 831 2587 Nam
860 2550 979 2603 qua:
1009 2550 1166 2589 voces
1187 2534 1786 2601 denuntiantsimplices
1809 2530 2130 2591 intellectus,
2154 2528 2285 2596 ipsa:

696 2640 910 2694 quoque
930 2640 957 2677 a
980 2625 1212 2680 falsitate
1232 2635 1286 2681 et
1306 2627 1533 2680 veritate
1558 2626 1812 2694 seiunctae
1833 2632 1978 2678 sunt.
2002 2623 2130 2689 Qutc
2157 2635 2284 2676 vero

699 2715 1002 2784 huiusmodi
1053 2717 1353 2779 significant
1382 2717 1679 2770 intellectus
1740 2716 1790 2768 in
1821 2715 2014 2783 quibus
2055 2714 2167 2784 iam
2197 2712 2283 2767 vel

696 2809 892 2863 veritas
920 2808 1000 2862 vel
1033 2808 1234 2863 falsitas
1255 2810 1543 2863 constituta
1566 2819 1666 2873 est,
1701 2808 1756 2860 in
1788 2807 1917 2874 ipsis
1950 2786 2164 2876 quoque
2188 2806 2284 2859 ho-

695 2918 812 2958 rum
863 2903 1094 2958 alterum
1125 2904 1351 2957 inveniri
1398 2916 1621 2956 necesse
1646 2911 1747 2956 est.
1791 2900 1921 2954 Nam
1953 2901 1997 2954 si
2028 2900 2146 2968 quis
2180 2898 2281 2953 hoc

693 2994 868 3050 solum
895 2995 1045 3060 dicit,
1070 2994 1230 3049 homo
1253 2994 1335 3049 vel
1365 2995 1567 3056 album,
1601 2996 1680 3047 vel
1706 2993 1863 3046 etiam
1913 2991 2280 3054 hircocervus,

694 3101 997 3156 quanquam
1029 3088 1127 3141 ista
1156 3087 1400 3158 quidem
1444 3086 1766 3156 significent,
1800 3084 2048 3153 quoniam
2103 3092 2281 3134 tamen

693 3179 996 3249 significant
1061 3181 1331 3250 simplices
1409 3178 1743 3242 intellectus,
1803 3175 2144 3230 manifestum
2200 3184 2282 3228 est

2388 1970 2530 2023 circa
2551 1970 2999 2038 compositionem
3024 1971 3450 2041 divisionemque
3480 1982 3713 2037 constat,
3740 1972 3833 2026 sed
3862 1974 3975 2027 sola

2390 2068 2535 2115 tantu
2564 2085 2587 2111 ιι
2612 2077 2732 2132 qua:
2760 2062 2810 2115 in
2841 2063 3206 2117 intellectuum
3232 2063 3574 2117 multitudine
3604 2061 3681 2130 fit,
3708 2064 3835 2118 etin
3858 2079 3975 2133 pro-

2390 2152 2588 2207 latione
2608 2153 2842 2207 dicendi.
2876 2153 3010 2207 Nam
3040 2156 3093 2209 in
3118 2156 3229 2224 ipsa
3255 2155 3470 2226 quidem
3503 2154 3819 2211 habitudine
3845 2157 3974 2211 ima-

2387 2247 2673 2316 ginationis
2691 2258 2746 2302 et
2765 2247 2847 2303 rei
2873 2250 3017 2304 nulla
3039 2252 3361 2320 compositio
3385 2261 3500 2317 est,
3523 2253 3574 2306 in
3598 2248 3974 2322 conjunctione

2388 2355 2516 2395 vero
2537 2341 2903 2396 intellectuum
2930 2343 3252 2412 compositio
3283 2345 3358 2399 fit.
3388 2344 3519 2399 Nam
3544 2360 3666 2401 cum
3693 2346 3838 2413 dico,
3872 2346 3973 2402 So-

2386 2444 2558 2488 crates
2581 2435 2840 2502 ambulat,
2871 2435 2972 2492 hoc
3002 2438 3174 2507 ipsum
3197 2438 3435 2508 quidem,
3464 2439 3604 2510 quod
3634 2455 3756 2495 eum
3777 2441 3970 2495 ambu-

2388 2524 2498 2580 lare
2528 2529 2783 2597 concepi,
2815 2530 2956 2583 nulla
2984 2531 3300 2599 compositio
3329 2540 3449 2597 est;
3492 2533 3636 2601 quod
3662 2548 3789 2587 vero
3819 2533 3972 2588 intel«

2388 2621 2557 2676 lectus
2637 2629 3015 2693 progressione
3085 2624 3505 2680 ambulationem
3567 2641 3689 2681 cum
3749 2627 3971 2683 Socrate

2387 2720 2675 2789 coniunge,
2699 2720 2941 2790 quaedam
2962 2719 3073 2790 iam
3102 2720 3233 2776 facta
3263 2731 3342 2777 est
3373 2723 3712 2790 compositio.
3745 2722 3895 2787 Quod
3924 2724 3971 2776 si

2387 2812 2489 2867 hoc
2533 2813 2776 2868 oratione
2820 2813 3113 2881 protulero,
3172 2826 3360 2867 rursus
3412 2814 3599 2868 eadem
3654 2814 3970 2882 compositio

2387 2915 2488 2966 εει,
2520 2914 2575 2958 ει
2601 2906 2741 2959 circa
2786 2919 2901 2958 eam
2940 2905 3020 2958 vis
3051 2904 3290 2958 veritatis
3336 2914 3391 2959 et
3443 2904 3693 2959 falsitatis
3729 2916 3968 2976 apparet.

2385 2997 2646 3064 Quocirca
2674 2998 2725 3052 in
2755 2998 2835 3052 his
2862 2998 2991 3052 solis
3021 2998 3505 3067 compositionibus
3528 2999 3798 3055 invenitur
3834 3004 3970 3055 veri-

2385 3099 2466 3144 tas
2505 3102 2665 3159 atque
2695 3092 3055 3156 mendacium,
3087 3093 3155 3146 de
3196 3094 3390 3163 quibus
3423 3104 3532 3147 tota
3574 3110 3720 3149 nunc
3750 3095 3971 3165 quaestio

2382 3192 2484 3249 est,
2517 3181 2568 3235 in
2604 3183 2819 3238 nomine
2847 3184 3053 3239 scilicet
3095 3184 3228 3237 etin
3258 3184 3444 3251 verbo,
3493 3185 3546 3238 in
3591 3186 3877 3255 negatione
3918 3195 3972 3242 ct

693 3272 842 3327 omni
894 3270 1133 3327 veritatis
1170 3272 1251 3326 Vel
1302 3270 1550 3324 falsitatis
1597 3268 1924 3339 proprietate
1970 3282 2177 3321 carere.
2212 3267 2279 3319 Ει
2308 3264 2353 3325 ε
2386 3273 2760 3337 affirmatione,
2809 3276 2860 3327 in
2885 3275 3253 3331 enuntiatione
3284 3285 3338 3330 et
3365 3277 3631 3332 oratione.
3670 3279 3837 3345 Quam
3871 3278 3972 3332 sci-

692 3373 803 3418 tota
833 3363 1044 3433 quidem
1071 3363 1337 3418 sententia
1364 3362 1465 3416 hoc
1488 3362 1647 3415 modo
1667 3376 1728 3414 se
1759 3359 1937 3414 habet.
1962 3357 2280 3429 Diligentius

694 3462 873 3507 tamen
901 3464 983 3507 est
1002 3454 1382 3509 attendendum
1416 3453 1539 3520 quid
1561 3451 1801 3521 estquod
1827 3454 1920 3515 ait,
1948 3448 2102 3505 Circa
2131 3464 2278 3503 com-

694 3545 1011 3614 positionem
1034 3547 1175 3599 enim
1198 3556 1249 3599 et
1270 3544 1588 3598 divisionem
1610 3552 1695 3597 est
1720 3542 1917 3597 veritas
1939 3541 2278 3612 falsitaSque;

692 3639 817 3708 quid
842 3643 1001 3693 etiam
1034 3639 1175 3707 quod
1202 3638 1402 3691 dictum
1432 3647 1549 3699 est,
1602 3636 1817 3689 nomina
1869 3635 2030 3705 igitur
2061 3640 2172 3704 ipsa
2227 3647 2280 3690 et

691 3729 856 3784 verba
877 3729 1177 3784 consimilia
1200 3736 1326 3782 sunt
1351 3728 1467 3782 sine
1495 3726 1884 3796 compositione
1912 3728 1992 3781 vel
2016 3727 2278 3781 divisione

691 3820 1016 3887 intellectui;
1052 3821 1177 3876 illud
1207 3836 1420 3891 quoque
1450 3836 1547 3875 cur
1585 3822 1889 3891 composito
1922 3821 2161 3889 nomine,
2196 3822 2278 3877 vel

689 3927 786 3969 cur
810 3916 971 3969 etiam
1000 3929 1129 3969 usus
1169 3927 1251 3968 est
1293 3917 1368 3968 rei
1404 3929 1507 3969 non
1536 3913 1878 3969 subsistentis
1921 3915 2190 3983 exemplo,
2224 3924 2280 3969 ut

692 4008 917 4073 diceret,
952 4008 1294 4062 hircocervus
1338 4009 1481 4062 enim
1534 4006 1795 4076 significat
1824 4006 2047 4075 aliquid.
2079 4006 2187 4061 Nec
2216 4007 2277 4061 il-

688 4103 778 4159 lud
813 4102 1237 4171 prietereundum
1270 4115 1349 4158 εει
1381 4102 1506 4172 quid
1539 4104 1610 4156 sit
1639 4102 1780 4171 quod
1825 4102 2023 4154 dictum
2058 4111 2163 4165 est,
2191 4102 2277 4156 vel

687 4193 1003 4261 Iimpliciter
1028 4195 1107 4246 vel
1130 4194 1425 4248 secundum
1456 4203 1685 4264 tempus.
1712 4195 1778 4248 Et
1807 4196 2033 4263 primum
2060 4194 2273 4263 quidem

688 4284 756 4338 de
786 4298 852 4338 eo
902 4284 1186 4338 dicendum
1236 4294 1318 4339 est
1348 4285 1488 4354 quod
1522 4289 1611 4349 ait,
1644 4285 1797 4339 Circa
1827 4288 2273 4355 compositionem

688 4379 831 4431 enim
863 4385 916 4429 et
943 4377 1254 4455 divisionem
1287 4386 1369 4431 est
1416 4377 1612 4430 veritas
1644 4377 1973 4446 falsitasqne.
2006 4380 2276 4444 Quaeritur

687 4482 920 4538 namque
948 4480 1203 4524 utrumne
1229 4471 1403 4523 omnis
1434 4472 1628 4523 veritas
1650 4470 1792 4524 circa
1822 4470 2272 4538 compositionem
2306 4478 2310 4481 '

687 4568 742 4613 ει
768 4561 1083 4615 divisionem
1113 4560 1200 4625 sit,
1234 4576 1303 4614 an
1331 4562 1572 4631 quaedam
1601 4572 1705 4628 est,
1733 4561 1979 4630 quaedam
2018 4577 2147 4617 vero
2176 4568 2275 4615 ini-

2387 3368 2512 3423 licet
2541 3370 2931 3438 compositione
2960 3372 3196 3425 veritatis
3225 3379 3280 3425 et
3313 3370 3566 3426 falsitatis
3611 3383 3853 3425 naturam
3902 3372 3969 3425 ab

2385 3459 2743 3515 intellecnbus
2782 3462 3111 3531 accipientes
3139 3463 3190 3517 in
3223 3465 3372 3518 vocis
3404 3463 3701 3532 prolatione
3738 3478 3963 3519 conser-

2384 3565 2531 3611 vant.
2567 3554 2640 3608 De
2670 3554 2935 3609 divisione
2962 3564 3142 3610 autem
3187 3572 3305 3627 qua:
3343 3558 3408 3610 ad
3440 3559 3773 3627 negationem
3803 3558 3971 3626 perti-

2384 3655 2493 3712 net,
2515 3647 2687 3717 deque
2712 3650 3100 3717 compositione
3120 3665 3239 3718 qua:
3260 3649 3327 3704 ad
3348 3649 3787 3713 affirmationem,
3814 3651 3970 3717 paulo

2386 3748 2503 3807 post
2554 3741 2884 3795 enucleatius
2933 3740 3129 3796 dicam.
3181 3742 3332 3797 Nunc
3378 3742 3506 3796 illud
3560 3743 3842 3797 videndum
3865 3750 3968 3807 est,

2386 3842 2563 3887 utrum
2590 3848 2774 3887 verum
2806 3836 2877 3887 sit
2903 3840 3043 3888 circa
3067 3849 3282 3889 omnem
3313 3835 3778 3904 compositionem,
3803 3834 3971 3889 circa-

2383 3942 2488 3997 que
2524 3944 2739 3983 omnem
2788 3929 3130 3993 divisionem,
3174 3931 3452 3984 veritatem
3486 3930 3593 3993 vel
3636 3929 3971 3984 mendacium

2383 4021 2695 4091 provenire,
2727 4022 2871 4087 quod
2901 4022 3123 4076 omnino
3179 4020 3369 4074 falsum
3399 4029 3503 4076 est.
3532 4022 3664 4088 Quis
3692 4022 3835 4077 enim
3886 4020 3970 4074 di-

2385 4114 2529 4168 xerit
2554 4113 2856 4181 huiusmodi
2887 4115 3163 4167 nominum
3191 4111 3623 4183 coniunctionem
3649 4155 3663 4177 ,
3695 4122 3749 4166 et
3778 4112 3969 4166 Socra-

2383 4214 2466 4260 tes
2492 4216 2545 4259 et
2572 4207 2745 4271 Plato,
2775 4206 2858 4260 vel
2885 4207 2927 4260 si
2956 4221 2989 4259 a
3014 4220 3072 4259 se
3104 4206 3219 4259 haec
3250 4209 3464 4260 nomina
3509 4204 3838 4268 dividantur,
3872 4218 3971 4259 nec

2383 4298 2634 4354 Socrates
2662 4314 2761 4353 nec
2784 4299 2955 4361 Plato,
2988 4299 3101 4353 veri
3124 4298 3353 4368 aliquam
3382 4299 3563 4351 falsive
3593 4306 3779 4351 tenere
3801 4297 3971 4363 signi-

2381 4392 2890 4463 ficantiam?Quare
2935 4391 3297 4445 confitendum
3340 4401 3633 4461 esthneque
3681 4389 3971 4442 circaom-

2382 4501 2505 4540 nem
2532 4485 2870 4551 divisionem,
2893 4501 3064 4554 neque
3095 4485 3237 4539 circa
3266 4499 3477 4539 omnem
3500 4484 3965 4551 compositionem,

2383 4595 2502 4634 eam
2544 4579 2755 4633 scilicet
2780 4594 2899 4650 qute
2951 4579 3002 4633 in
3051 4582 3291 4635 oratione
3322 4589 3587 4648 versatur,
3635 4579 3966 4634 mendacium

687 4649 849 4704 nime.
886 4650 1015 4705 Illud
1045 4667 1257 4720 quoque
1285 4666 1353 4705 an
1386 4657 1436 4705 in
1468 4653 1613 4706 omni
1651 4653 2040 4722 compositione
2073 4654 2159 4708 vel
2194 4651 2274 4707 di-
2297 4660 2352 4720 D

2297 4660 2352 4720 D
2382 4672 2766 4740 veritatemque
2816 4671 3132 4725 subsistere.
3182 4672 3283 4725 Sed
3336 4671 3464 4725 illud
3496 4671 3833 4725 verissimum
3864 4680 3963 4733 est,

612 4790 621 4800 .
686 4745 889 4798 visione
932 4747 1125 4798 veritas
1158 4745 1470 4815 falsitasqne
1502 4748 1790 4800 constituta
1814 4749 1902 4811 sit,
1932 4761 1999 4800 an
2035 4747 2137 4801 hoc
2164 4762 2270 4801 non

685 4839 1026 4907 generaliter,
1050 4838 1143 4892 sed
1174 4838 1225 4892 in
1251 4840 1480 4909 quadam
1504 4842 1909 4909 compositionis
1938 4842 2023 4894 vel
2051 4842 2273 4894 divisio-

686 4933 770 4987 nis
798 4945 944 5002 parte
976 4936 1168 4988 veritas
1196 4934 1504 5003 falsitasqne
1530 4946 1793 4989 versetur.
1827 4936 1883 4988 In
1928 4935 2270 5003 Opinionibus

687 5041 916 5096 namque
945 5026 1144 5080 veritas
1191 5038 1294 5092 est,
1328 5027 1538 5094 quoties
1589 5043 1656 5081 ex
1702 5027 1943 5097 subiecta
1973 5041 2031 5079 re
2062 5026 2271 5093 capitur

686 5126 994 5196 imaginatio
1018 5127 1103 5180 vel
1132 5127 1293 5181 etiam
1335 5125 1565 5195 quoties,
1614 5126 1686 5177 ita
1714 5134 1771 5177 nt
1816 5137 1939 5177 sese
1964 5137 2053 5176 res
2085 5122 2268 5191 habet,

684 5222 1117 5289 imaginationem
1148 5220 1339 5287 accipit
1393 5218 1743 5279 intellectus;
1778 5217 1981 5271 falsitas
2028 5230 2159 5269 vero
2189 5226 2274 5271 est

685 5322 897 5387 quoties
928 5329 1017 5372 aut
1046 5334 1150 5372 non
1199 5335 1265 5371 ex
1297 5314 1561 5386 subiecto,
1592 5324 1690 5368 ante
1712 5315 1779 5367 ita
1824 5324 1884 5367 ut
1915 5327 2033 5368 sese
2055 5329 2142 5369 res
2167 5330 2269 5368 non

687 5412 847 5465 habet
878 5412 1185 5479 imaginatio
1215 5410 1497 5481 subiicitur
1523 5408 1815 5463 intellectui
1842 5424 1869 5471 ;‘
1890 5409 1981 5463 sed
2012 5408 2188 5464 adhuc
2219 5410 2271 5465 in

687 5506 911 5559 veritate
934 5510 1094 5574 atque
1122 5506 1352 5561 falsitate
1382 5504 1510 5559 nihil
1540 5503 1784 5574 equidem
1810 5504 1951 5559 aliud
1980 5508 2263 5575 reperitur,

688 5596 790 5651 nisi
817 5597 1058 5665 qumdam
1108 5601 1378 5669 opinionis
1409 5599 1665 5654 habitudo
1708 5600 1773 5653 ad
1790 5580 2105 5670 tsuhiectam
2134 5617 2267 5655 rem.
2308 5650 2315 5657 .

688 5688 800 5752 Qua
832 5690 972 5742 enim
1005 5690 1315 5747 habitudine
1343 5704 1397 5748 et
1437 5694 1707 5763 quomodo
1735 5708 1856 5749 sese
1891 5693 2052 5749 habet
2094 5696 2281 5764 imagi-

692 5779 842 5832 nau'o
885 5781 948 5833 ad
984 5799 1093 5836 rem
1129 5784 1453 5853 subiectam,
1490 5785 1594 5839 hoc
1644 5786 1816 5844 solum
1851 5789 1902 5841 in
1935 5788 2033 5841 hac
2060 5789 2281 5842 veritate

693 5869 779 5929 vol
815 5870 1067 5959 falsitate
1087 5876 1430 5945 perspicitur,
1460 5892 1623 5945 quam
1652 5880 1866 5948 quidem
1920 5879 2280 5937 habitudinem

2384 4766 2523 4836 quod
2553 4766 2729 4819 omnis
2758 4780 2877 4835 quae
2904 4774 2987 4820 est
3015 4766 3070 4819 in
3099 4766 3340 4820 oratione
3389 4764 3585 4818 veritas
3639 4764 3966 4833 falsitasqne,

2381 4860 2436 4914 in
2466 4858 2853 4927 compositione
2899 4869 2951 4912 et
3005 4856 3267 4911 divisione
3320 4856 3578 4919 nascitur,
3633 4871 3749 4909 non
3792 4865 3966 4908 tamen

2382 4953 2561 5008 omnis
2591 4952 2850 5006 orationis
2877 4952 3197 5020 compositio
3232 4952 3313 5006 vel
3340 4952 3531 5004 divisio
3562 4967 3743 5005 verum
3774 4949 3969 5004 retinet

2381 5055 2476 5099 aut
2505 5045 2717 5098 falsum.
2768 5045 2908 5113 Ergo
2935 5045 2983 5097 si
3012 5044 3089 5098 sic
3116 5044 3371 5108 dixisset,
3400 5043 3540 5097 circa
3574 5059 3785 5098 omnem
3817 5026 3965 5097 enni-

2381 5138 2705 5206 positionem
2754 5137 2838 5191 vel
2890 5136 3208 5191 divisionem
3263 5138 3461 5191 veritas
3509 5137 3815 5204 falsitasqne
3864 5145 3965 5197 est,

2378 5230 2727 5285 mentiretur.
2757 5228 2861 5284 Sed
2916 5232 3165 5299 quoniam
3195 5230 3335 5284 dixit
3374 5230 3715 5300 simpliciter,
3772 5232 3967 5287 veritas

2382 5321 2704 5391 falsitasqne
2733 5322 2874 5376 circa
2930 5322 3378 5390 compositionem
3409 5324 3837 5393 divisionemque
3863 5334 3963 5389 est,

2380 5414 2665 5469 verissime
2698 5412 3153 5482 subtilissimeqne
3181 5414 3383 5469 dixisse
3416 5417 3707 5483 putandum
3734 5428 3848 5480 est;
3881 5416 3967 5469 illa

2383 5509 2525 5562 enim
2550 5509 2764 5561 nomina
2787 5522 2904 5575 qua:
2928 5507 3000 5560 ita
3024 5507 3273 5560 dicuntur
3300 5507 3583 5577 simplicia,
3611 5518 3667 5561 nt
3689 5510 3965 5562 veritatem

2384 5612 2476 5655 aut
2522 5601 2803 5655 falsitatem
2853 5599 3246 5669 quodammodo
3274 5604 3487 5656 valeant
3530 5601 3829 5671 designare,
3864 5602 3965 5653 liu-

2385 5696 2622 5766 jusmodi
2652 5704 2777 5750 sunt
2806 5705 2859 5749 ut
2890 5695 3025 5748 intra
3057 5708 3117 5749 se
3143 5706 3301 5765 atque
3331 5698 3471 5751 intra
3519 5696 3971 5767 significationem.

2388 5805 2537 5843 suam
2568 5789 2850 5856 quamdam
2882 5790 3149 5844 retineant
3175 5791 3651 5858 compositionem,
3690 5800 3746 5844 ιιι
3770 5787 3815 5841 si
3842 5787 3964 5856 quis

2368 5884 2565 5949 vdicat,
2602 5883 2743 5949 lego.
2774 5881 2890 5940 Hoc
2913 5894 2996 5939 est
3042 5881 3187 5938 enim
3214 5882 3417 5951 dicere,
3449 5884 3587 5954 lego,
3620 5893 3874 5955 tanquam
3906 5881 3965 5942 Ci
