4270 6266
329 406 434 465 417

1057 403 1121 458 ΙΝ
1160 400 1417 457 LIBRUM
1456 399 1544 453 DE
1586 397 2233 455 lNTERPRETATlONE
2274 395 2503 454 EDITIO
2540 399 2873 455 SECUNDA.

3498 397 3605 453 418

329 519 493 581 dicat,
526 532 627 587 ego
656 519 795 598 lego,
829 517 941 573 Hoc
965 525 1143 573 autem
1174 515 1486 585 compositio
1527 524 1639 576 est;
1666 516 1748 568 vel
1779 529 1913 581 quo-
1944 516 1995 576 Α
2017 530 2120 583 que
2144 514 2437 568 secundum
2472 514 2839 569 intellectuum
2879 498 3188 585 qualitatem
3220 528 3381 569 veras
3420 522 3474 568 et
3504 514 3603 568 fal-

329 611 433 662 ties
464 610 829 677 interrogante
857 608 985 670 alio,
1028 608 1316 676 respondet
1364 606 1514 669 alius,
1574 620 1680 657 uno
1708 612 1909 657 tantum

328 717 607 765 sermone,
638 700 844 754 videtur
872 715 1081 769 quoque
1115 704 1236 754 tunc
1283 699 1514 766 simplex
1566 712 1744 750 sermo
1772 698 1913 751 veri-

330 803 495 848 tatem
528 794 966 861 mendaciumque
996 790 1287 860 perficere,
1318 791 1457 860 quod
1492 790 1777 857 perfalsum
1808 799 1909 842 est.

330 886 615 942 Audientis
667 903 894 952 namque
946 886 1223 953 responsio
1252 884 1317 938 ad
1350 895 1515 937 totum
1545 884 1787 937 ordinem
1818 899 1911 937 su-

331 982 559 1048 perioris
600 978 977 1048 enuntiationis
1007 977 1333 1047 adjuugitur,
1367 986 1423 1029 ut
1462 976 1510 1028 si
1537 975 1657 1043 quis
1688 976 1913 1029 interro-

331 1073 475 1141 ganti
509 1073 805 1125 mundusne
833 1043 1026 1123 aninial
1058 1072 1158 1132 sit,
1189 1080 1292 1135 est,
1324 1068 1669 1137 respondeat,
1702 1066 1913 1121 videtur

332 1168 447 1220 haec
474 1180 576 1219 una
611 1166 866 1234 particula
898 1165 1179 1218 veritatem
1216 1164 1317 1217 vel
1374 1162 1713 1216 mendacium
1743 1160 1914 1218 conti-

331 1274 456 1313 nere
476 1300 490 1324 ,
544 1258 637 1313 sed
688 1258 842 1312 falso.
875 1258 992 1311 Non
1020 1258 1163 1311 enim
1193 1273 1295 1311 una
1326 1266 1427 1319 est,
1459 1255 1553 1310 sed
1583 1255 1649 1310 ad
1679 1257 1784 1309 vim
1836 1257 1915 1322 ip-

329 1355 437 1406 sius
488 1353 851 1420 reSpousionis
899 1351 1125 1405 intuenti
1171 1351 1277 1404 tale
1327 1360 1409 1404 est
1435 1365 1497 1404 ac
1546 1350 1591 1402 si
1647 1349 1915 1404 diceretur

329 1445 561 1498 mundus
609 1446 804 1499 animal
837 1453 939 1498 est.
971 1442 1124 1510 Quod
1154 1458 1283 1497 vero
1311 1442 1383 1494 ait
1436 1442 1650 1495 numina
1697 1442 1812 1510 ipsa
1864 1448 1919 1494 et

328 1538 491 1590 verba
522 1536 821 1589 consimilia
852 1550 1001 1598 esse,
1061 1535 1177 1587 sine
1206 1534 1592 1601 compositione
1644 1532 1724 1587 vel
1777 1532 1914 1586 divi-

330 1634 485 1684 sione
512 1630 831 1691 intellecmi,
859 1630 985 1682 illud
1010 1630 1253 1698 designat
1281 1626 1422 1697 quod
1450 1642 1609 1695 supra
1628 1626 1737 1695 jam
1761 1624 1915 1691 dixit,

329 1738 389 1776 ea
422 1739 542 1792 qua:
572 1733 695 1776 sunt
723 1723 773 1777 in
827 1737 955 1776 voce
984 1733 1136 1775 notas
1167 1736 1286 1774 esse
1337 1720 1528 1773 anima:
1584 1718 1911 1787 passionum.

330 1815 481 1878 Quod
512 1814 555 1867 si
589 1822 728 1867 notm
756 1824 900 1873 sunt,
934 1813 1073 1865 sicut
1104 1811 1297 1863 littera:
1328 1823 1521 1861 vocum
1555 1808 1606 1861 in
1634 1823 1692 1862 se
1722 1807 1917 1861 simili-

2016 621 2104 661 sas
2152 622 2272 661 esse
2328 621 2550 661 necesse
2616 616 2718 661 est.
2772 607 3051 662 Maximam
3106 623 3233 663 vero
3283 607 3385 661 vim
3447 606 3606 661 habet

2018 702 2246 769 exempli
2284 703 2491 755 novitas
2519 710 2573 756 et
2621 701 2884 770 exquisita
2934 702 3220 756 subtilitas.
3269 701 3348 755 Ad
3379 702 3603 754 demon-

1942 864 1953 873 ο
2018 794 2296 848 strandum
2339 796 2481 847 enim
2512 795 2651 862 quod
2678 809 2837 846 unum
2870 794 3042 845 solum
3088 808 3282 848 nomen
3311 808 3482 861 neque
3513 809 3605 847 ve-

2022 901 2137 939 rum
2186 886 2277 954 sit,
2326 901 2495 955 neque
2548 885 2759 951 falsum,
2816 885 2989 950 posuit
3036 886 3336 953 ltujusmodi
3388 902 3604 949 nomen,

2020 981 2161 1051 quod
2202 984 2560 1047 compositum
2603 981 2817 1050 quidem
2872 990 3035 1043 esset,
3082 980 3223 1033 nulla
3277 989 3451 1033 tamen
3492 980 3606 1048 ejus

2020 1072 2317 1125 substantia
2373 1073 2692 1140 reperietur.
2746 1071 2802 1126 Si
2847 1071 2988 1139 quod
3040 1084 3169 1139 ergo
3210 1085 3371 1122 unum
3416 1085 3606 1123 nomen

2018 1164 2299 1217 veritatem
2336 1176 2517 1232 posset
2542 1164 2896 1217 falsitatettive
2926 1162 3181 1224 retinere,
3225 1161 3398 1229 posuit
3427 1160 3608 1229 hujus-

2021 1255 2166 1309 modi
2215 1270 2432 1319 nomen,
2481 1256 2621 1325 quod
2663 1265 2744 1311 est
2778 1256 3139 1319 hircoccrvus,
3173 1253 3314 1325 quod
3356 1254 3607 1321 quoniam

2022 1346 2242 1399 omnino
2272 1347 2324 1399 itt
2359 1347 2521 1401 rebus
2552 1349 2695 1400 nulla
2726 1347 2798 1399 illi
2832 1346 3126 1400 substantia
3160 1355 3262 1413 est,
3299 1346 3486 1398 falsum
3516 1343 3609 1396 ali—

2022 1437 2150 1507 quid
2194 1436 2477 1506 designare
2524 1439 2755 1505 videtur,
2802 1438 2895 1492 sed
2942 1454 3046 1492 non
3095 1440 3337 1507 designat
3378 1438 3608 1505 aliquam

2023 1532 2333 1587 falsitatem.
2388 1533 2494 1587 Nisi
2543 1532 2686 1587 enim
2717 1532 2924 1587 dicatur
2973 1532 3318 1587 hircocervus
3369 1531 3453 1585 vel
3492 1545 3610 1585 esse

2021 1624 2103 1677 vel
2134 1638 2239 1677 non
2270 1638 2411 1689 esse,
2442 1640 2743 1695 quanquam
2777 1626 2951 1695 ipsum
2982 1639 3074 1694 per
3094 1640 3153 1679 se
3184 1642 3287 1678 non
3319 1626 3409 1688 sit,
3436 1624 3608 1677 solum

2026 1726 2206 1770 tamen
2234 1717 2431 1770 dictum
2477 1715 2607 1770 nihil
2650 1717 2765 1770 falsi
2810 1717 2861 1769 itt
2905 1732 2971 1770 eo
3001 1732 3251 1771 sermone
3282 1717 3457 1771 verive
3491 1730 3609 1784 per-

2024 1809 2297 1879 penditur.
2336 1811 2475 1879 Ergo
2500 1811 2564 1864 ad
2590 1810 3068 1866 demonstrandam
3095 1814 3201 1864 vim
3232 1810 3487 1879 simplicis
3519 1826 3609 1863 no-

332 1905 572 1960 tudinetn
604 1912 821 1974 gerunt,
856 1904 927 1955 ita
958 1917 1117 1955 voces
1145 1900 1536 1955 intellectuum.
1574 1900 1635 1951 Et
1664 1900 1915 1968 quoniam
1949 1905 1998 1965 B
2027 1902 2206 1968 minis,
2245 1903 2385 1973 quod
2418 1904 2565 1957 omni
2609 1905 2832 1959 veritate
2885 1914 3042 1974 atque
3087 1905 3366 1958 mendacio
3410 1914 3609 1967 careat,

332 2001 532 2055 dictum
557 2010 638 2053 est
666 2016 759 2052 cur
780 1998 845 2052 de
873 1996 1219 2051 similitudine
1242 1996 1527 2047 verborum
1556 2002 1610 2047 et
1640 1994 1915 2046 nominum

332 2105 493 2161 atque
546 2093 739 2146 animae
796 2091 1100 2159 passionum
1143 2088 1361 2151 dixerit,
1416 2102 1512 2141 cur
1563 2085 1723 2141 etiam
1775 2084 1919 2139 circa

332 2188 777 2256 compositionem
815 2193 869 2239 et
896 2183 1213 2237 divisionem
1250 2181 1441 2233 falsum
1476 2192 1774 2247 verumque
1803 2192 1923 2231 esse

331 2282 695 2353 proposuerit,
731 2279 1013 2334 dicendum
1044 2288 1125 2331 est
1156 2275 1283 2345 quid
1336 2279 1404 2328 sit
1457 2273 1570 2342 ipsa
1601 2271 1922 2339 compositio

334 2374 416 2433 vel
444 2377 655 2440 divisio,
692 2378 743 2428 in
773 2389 879 2444 qua
906 2382 998 2427 aut
1029 2371 1230 2425 veritas
1261 2379 1348 2423 aut
1392 2368 1599 2422 falsitas
1629 2366 1915 2420 invenitur.

286 2518 302 2534 ,
334 2472 462 2526 Nam
494 2471 746 2540 quoniam
788 2470 854 2522 de
882 2466 1112 2534 simplici
1144 2462 1474 2519 enuntiativa
1530 2462 1772 2514 oratione
1803 2473 1921 2527 per-

334 2566 537 2637 pendit,
562 2573 619 2617 ttt
641 2562 906 2632 posterius
930 2561 1044 2629 ipse
1066 2559 1117 2612 in
1142 2554 1661 2616 divisionedeclarat,
1683 2552 1873 2605 dicens
1900 2570 1912 2603 :

336 2660 429 2713 Est
476 2668 649 2711 autem
680 2670 784 2709 una
825 2653 997 2722 prima
1026 2650 1199 2704 oratio
1250 2646 1584 2702 enuntiativa
1613 2643 1920 2703 affirmatio,

336 2750 528 2805 deinde
555 2747 787 2817 negatio,
823 2747 968 2799 illam
1000 2757 1142 2797 nunc
1169 2738 1611 2809 compositionem
1639 2735 1924 2803 designare

337 2843 480 2907 vult,
513 2856 631 2909 quae
686 2837 911 2907 alicujus
960 2836 1043 2889 vel
1100 2833 1452 2888 substantiam
1485 2827 1781 2893 constituit,
1841 2823 1923 2878 vel

337 2933 532 3003 aliquid
557 2931 851 2986 secundum
880 2942 1000 2982 esse
1026 2925 1322 2995 conjungit.
1356 2922 1487 2976 Nam
1514 2935 1633 2975 cum
1658 2918 1800 2983 dico,
1825 2916 1925 2971 So-

339 3039 511 3085 crates
541 3037 643 3096 est,
680 3028 778 3080 hoc
810 3027 983 3093 ipsum
1034 3037 1156 3077 esse
1184 3020 1395 3075 Socrati
1446 3016 1680 3086 applico,
1714 3022 1767 3067 et
1794 3012 1925 3067 sub-

337 3128 587 3176 stantiam
617 3117 734 3186 ejus
787 3131 906 3170 esse
935 3115 1224 3170 constituo.
1276 3112 1369 3165 Sin
1400 3124 1526 3164 vero
1580 3108 1795 3171 dixero,
1828 3106 1927 3159 So-

339 3223 515 3265 trtates
566 3208 911 3278 philosophus
949 3215 1051 3267 est,
1108 3202 1498 3273 philosophiam
1547 3210 1599 3254 et
1650 3200 1924 3254 Socratem

2026 1996 2128 2050 tale
2158 1996 2213 2049 itt
2242 1996 2492 2065 exemplo
2524 1998 2697 2065 posuit
2728 2012 2944 2064 nomen,
2977 1998 3060 2051 cui
3091 2014 3176 2051 res
3198 1998 3341 2051 nulla
3368 1997 3605 2065 subjecta

2024 2087 2113 2142 sit.
2145 2087 2297 2154 Quod
2329 2088 2372 2141 si
2398 2087 2527 2157 quid
2555 2103 2740 2142 verum
2771 2089 2852 2141 vel
2887 2087 3076 2141 falsum
3114 2104 3277 2141 unum
3318 2100 3513 2142 nomen
3541 2088 3610 2142 si-

2024 2182 2283 2249 gnificare
2333 2190 2541 2251 posset,
2590 2197 2781 2235 nomen
2810 2182 2950 2251 quod
2984 2197 3102 2235 eam
3148 2197 3257 2235 rem
3308 2195 3426 2236 esse
3466 2180 3610 2234 desi-

2026 2284 2172 2343 gnat,
2197 2288 2316 2344 qua:
2340 2274 2392 2328 in
2422 2274 2581 2329 rebus
2612 2291 2716 2328 non
2743 2275 2831 2337 sit,
2856 2276 3076 2327 omnino
3103 2274 3293 2328 falsum
3322 2274 3610 2329 essetzsed

2026 2382 2134 2422 non
2174 2377 2292 2432 est;
2326 2382 2430 2422 non
2463 2368 2623 2437 igitur
2665 2369 2771 2423 ulla
2802 2372 2997 2423 veritas
3040 2368 3351 2439 falsitasque
3384 2370 3436 2425 in
3484 2370 3610 2425 sim-

2026 2461 2152 2529 plici
2201 2476 2434 2528 unquam
2480 2462 2696 2516 nomine
2743 2463 3064 2541 reperietur.
3113 2462 3223 2517 Nec
3264 2462 3393 2517 illttd
3437 2477 3611 2532 parva

2028 2570 2171 2608 curae
2199 2554 2315 2619 fuit,
2347 2570 2542 2609 nomen
2576 2571 2681 2609 non
2710 2570 2909 2623 ponere
2975 2556 3113 2625 quod
3136 2556 3355 2611 omnino
3378 2557 3507 2612 nihil
3535 2558 3611 2611 si-

2025 2647 2322 2715 gnificaret,
2386 2646 2478 2701 sed
2510 2647 2648 2716 quod
2694 2663 2815 2701 cum
2860 2648 3186 2717 significaret
3234 2648 3501 2717 quiddam,
3535 2657 3612 2703 ta-

2028 2754 2147 2790 men
2183 2753 2366 2793 verum
2396 2750 2486 2792 aut
2515 2740 2703 2793 falsum
2733 2755 2854 2795 esse
2886 2756 2986 2793 non
3024 2750 3221 2809 posset,
3248 2750 3302 2795 ut
3333 2756 3436 2794 non
3466 2742 3612 2796 vide-

2028 2838 2180 2883 retur
2205 2829 2446 2883 veritatis
2491 2830 2842 2899 falsitatisqne
2882 2846 3041 2883 causa
3091 2846 3233 2898 esse,
3268 2846 3333 2885 eo
3362 2833 3610 2900 quoniam

2029 2920 2159 2973 nihil
2191 2920 2555 2990 signiﬁcaret;
2588 2921 2681 2973 sed
2713 2924 2963 2989 quoniam
2998 2931 3140 2976 esset
3193 2923 3612 2991 simplicitervdic

2032 3022 2181 3066 ctum
2217 3029 2231 3065 :
2259 3027 2561 3081 quanquam
2591 3013 2640 3065 iu
2675 3013 2863 3066 eodem
2885 3012 3013 3065 illud
3042 3027 3254 3082 quoque
3288 3012 3525 3078 conficit,
3558 3021 3613 3068 ut

2031 3104 2342 3160 ostenderet
2373 3119 2475 3158 non
2504 3105 2677 3158 solum
2710 3106 2936 3173 simplex
2968 3120 3160 3160 nomen
3198 3105 3424 3162 veritate
3451 3116 3614 3175 atque

2034 3198 2314 3252 ntendacio
2360 3214 2481 3253 esse
2528 3198 2934 3261 alienissimum,
2980 3200 3075 3254 sed
3125 3200 3286 3255 etiant
3318 3203 3613 3271 composita

338 3302 630 3356 secundum
661 3316 776 3355 esse
826 3297 1139 3364 composui;
1188 3295 1267 3349 vel
1324 3295 1367 3347 si
1417 3293 1613 3355 dicam,
1674 3291 1927 3345 Socrates
1955 3281 2003 3345 C
2033 3306 2247 3362 quoque
2281 3291 2517 3355 nomina,
2553 3294 2595 3344 si
2640 3308 2743 3346 non
2778 3291 3013 3346 habeant
3056 3292 3285 3361 aliquam
3320 3294 3614 3348 secundum

340 3398 607 3459 ambulat,
647 3391 957 3461 huiusmodi
985 3401 1067 3444 est
1100 3398 1353 3458 tanquam
1381 3388 1423 3440 si
1452 3386 1650 3449 dicam,
1679 3382 1929 3438 Socrates

340 3491 620 3544 ambulans
667 3500 769 3542 est.
804 3485 967 3555 Igitur
994 3484 1206 3553 quoties
1237 3479 1546 3549 Itujusmodi
1576 3478 1736 3531 fuerit
1782 3491 1927 3531 com-

340 3583 563 3653 positio,
593 3597 711 3650 quae
739 3578 1031 3635 secundum
1058 3591 1177 3630 esse
1205 3576 1426 3629 verbum
1459 3574 1541 3628 vel
1570 3572 1925 3626 substantiam

341 3674 651 3733 constituat,
676 3673 760 3724 vel
791 3684 875 3722 res
902 3668 1211 3736 conjungat,
1236 3663 1520 3717 affirmatio
1546 3663 1760 3726 dicitur,
1791 3671 1845 3715 et
1874 3661 1927 3715 in

341 3781 403 3817 ea
432 3764 545 3817 veri
571 3763 795 3830 falsique
820 3770 1007 3812 natura
1034 3757 1351 3825 perspicitur
1374 3764 1455 3809 :et
1477 3754 1728 3824 qttoniam
1754 3754 1930 3805 omnis

340 3858 562 3926 negatio
594 3854 660 3907 ad
692 3852 1125 3921 praedicationem
1164 3849 1529 3908 constituitur,
1582 3845 1740 3915 hujus
1787 3845 1927 3899 enim

340 3946 715 4001 aflirmationis
743 3959 861 4012 quas
891 3952 1004 4007 est,
1035 3942 1285 3996 Socrates
1314 3948 1417 4003 est,
1469 3939 1682 4008 negatio
1731 3953 1833 3990 non
1868 3951 1929 3990 ea

341 4055 467 4107 qua:
495 4038 644 4104 dicit,
672 4053 776 4090 non
807 4036 1058 4091 Socrates
1087 4046 1188 4099 est,
1220 4034 1314 4087 sed
1343 4049 1407 4088 ea
1439 4048 1556 4102 qua:
1600 4031 1927 4099 pronuntiat,

339 4136 598 4190 Socrates
629 4147 733 4185 non
762 4141 874 4194 est;
907 4138 961 4183 et
985 4129 1049 4182 ad
1079 4128 1127 4183 id
1158 4128 1297 4197 quod
1328 4142 1450 4181 esse
1482 4128 1734 4180 Socrates
1762 4124 1933 4178 dictus

340 4235 449 4289 est,
476 4230 611 4287 non,
636 4221 850 4290 negatio
880 4220 1186 4289 apponitur,
1222 4229 1278 4272 ut
1325 4233 1443 4271 cum
1477 4217 1529 4271 id
1560 4218 1799 4270 dicamus
1828 4230 1930 4268 non

342 4332 487 4381 esse,
542 4315 682 4385 quod
713 4323 835 4367 ante
863 4314 1067 4366 dictum
1114 4320 1196 4365 est
1248 4326 1364 4364 esse
1390 4328 1403 4374 ;
1433 4325 1561 4376 ergo
1603 4309 1851 4377 quoniam
1883 4306 1932 4359 id

343 4409 485 4479 quod
509 4411 561 4461 in
584 4407 939 4461 affirmatione
969 4404 1263 4460 secundum
1295 4418 1415 4457 esse
1446 4404 1525 4456 vel
1557 4403 1930 4465 constitutum,

344 4505 429 4557 vel
449 4504 792 4572 coniunctum
811 4502 990 4566 fuerit,
1017 4502 1081 4552 ad
1108 4500 1159 4551 id
1185 4496 1363 4551 addita
1383 4499 1595 4565 negatio
1617 4506 1830 4565 separat
1852 4494 1934 4548 vel

345 4600 515 4665 ipsam
546 4596 861 4650 substantia:
908 4591 1375 4653 constitutionem,
1416 4589 1499 4643 vel
1541 4589 1702 4643 etiam
1734 4589 1925 4641 factam

2034 3398 2157 3438 esse
2182 3384 2262 3438 vel
2295 3400 2400 3438 non
2432 3399 2551 3439 esse
2576 3385 2734 3451 (sicut
2773 3386 3019 3453 superius
3044 3385 3243 3439 dictum
3275 3384 3376 3457 est)
3402 3399 3614 3456 compo-

2034 3478 2305 3543 sitionem,
2356 3494 2539 3533 verum
2583 3479 2667 3533 vel
2709 3478 2899 3533 falsum
2944 3480 3251 3549 significare
3281 3495 3385 3534 non
3418 3494 3613 3549 posse;

2034 3580 2285 3639 tanquam
2315 3571 2358 3623 si
2384 3571 2610 3637 diceret,
2644 3586 2746 3624 non
2794 3572 2965 3624 solum
2997 3558 3225 3643 simplex
3256 3588 3449 3627 nomen
3481 3587 3616 3642 prte-

2034 3674 2123 3717 ter
2162 3663 2395 3730 aliquant
2443 3664 2887 3733 compesitiouem
2914 3708 2926 3725 .
2976 3666 3107 3719 nihil
3140 3681 3321 3720 verum
3356 3665 3616 3721 falstttnvo

2035 3754 2319 3825 signiﬁcat,
2353 3755 2447 3809 sed
2482 3758 2641 3809 etiam
2676 3759 2970 3826 composita
2999 3768 3222 3825 utroque
3248 3767 3433 3813 carent
3454 3760 3616 3829 (sicut

2029 3848 2140 3917 jam
2181 3851 2291 3915 ipse
2326 3848 2480 3917 dixit)
2518 3850 2624 3901 nisi
2655 3849 2760 3902 illis
2789 3858 2881 3902 aut
2910 3844 3032 3903 ease
3059 3862 3145 3901 aut
3180 3867 3280 3901 non
3312 3867 3429 3904 esse
3452 3853 3616 3905 adda-

2034 3950 2141 4006 tur,
2176 3940 2260 3994 vel
2289 3939 2626 4007 simpliciter,
2655 3942 2735 3993 vel
2770 3940 3061 3993 secundum
3094 3950 3324 4009 tempus.
3355 3943 3464 3995 Hoc
3486 3959 3613 3997 vero

2036 4032 2236 4087 idcirco
2265 4033 2467 4085 addidit
2499 4034 2715 4101 quodin
2764 4034 3079 4101 quibuSdam
3117 4034 3184 4085 ita
3218 4036 3612 4088 enuntiationes

2038 4126 2193 4189 fiunt,
2228 4136 2283 4179 ιιι
2326 4126 2466 4196 quod
2498 4127 2564 4179 de
2602 4127 2731 4195 ipsis
2776 4127 2990 4188 dt'citur.
3037 4125 3327 4179 secundum
3370 4128 3618 4181 substan.

2039 4220 2165 4273 tiam
2220 4228 2576 4287 proponatur,
2622 4220 2670 4272 ιιι
2728 4219 3043 4288 quihusdam
3097 4234 3227 4273 vero
3287 4219 3386 4272 hoc
3441 4220 3610 4284 ipsutn

2038 4326 2159 4367 esse
2220 4313 2362 4379 quod
2411 4312 2625 4366 additur
2678 4328 2782 4365 non
2828 4311 3176 4367 substantiam
3230 4312 3320 4365 sed
3378 4326 3615 4380 prasen-

2040 4403 2168 4457 tiatn
2211 4404 2493 4471 quamdam
2535 4404 2815 4471 significet.
2848 4402 2979 4457 Cum
3025 4406 3167 4458 enim
3208 4404 3435 4457 dicimus
3482 4404 3618 4456 Deus

2040 4505 2143 4559 est,
2178 4512 2280 4550 non
2303 4513 2424 4551 eum
2454 4497 2680 4551 dicimus
2710 4513 2847 4550 nunc
2876 4514 3017 4562 esse,
3051 4498 3142 4551 sed
3177 4507 3379 4549 tantum
3413 4498 3464 4549 in
3496 4497 3620 4549 suh-

2040 4587 2234 4639 stantia
2271 4602 2415 4649 esse,
2450 4597 2507 4639 ut
2537 4587 2635 4639 hoc
2670 4586 2734 4640 ad
2768 4587 3249 4639 immutahilitatem
3283 4588 3456 4654 potius
3497 4588 3620 4641 sub-

346 4704 444 4758 pcr
473 4689 521 4741 id
549 4688 690 4757 quod
718 4688 915 4740 dictum
948 4695 1047 4743 est.
1080 4698 1200 4737 esse
1228 4681 1449 4752 aliquid,
1472 4680 1930 4749 conjunctionem,
1963 4673 2017 4733 D
2042 4677 2252 4731 stantia:
2279 4692 2437 4748 quam
2469 4678 2531 4729 ad
2558 4688 2767 4745 tempus
2797 4677 3008 4745 aliquod
3042 4677 3323 4732 referatur.
3359 4668 3415 4733 Si
3444 4686 3620 4731 autent

346 4781 541 4834 divisio
589 4787 829 4833 vocatur.
882 4776 1107 4842 Quando
1148 4776 1290 4830 enim
1334 4774 1488 4837 dico,
1536 4774 1784 4827 Socrates
1831 4787 1937 4825 non

348 4882 453 4936 est,
501 4887 618 4927 esse
654 4887 682 4924 a
721 4871 971 4926 Socrates
1001 4867 1208 4937 ejunxi,
1255 4878 1307 4921 et
1357 4866 1642 4931 cum-dico,
1688 4865 1939 4920 Socrates

349 4964 703 5031 philosophus
758 4978 862 5016 non
916 4971 1034 5024 est,
1094 4962 1374 5015 Socratem
1443 4959 1509 5012 ah
1556 4973 1621 5011 eo
1668 4958 1807 5024 quod
1862 4967 1941 5009 est

348 5055 729 5123 philosophum
782 5068 921 5115 esse,
982 5052 1252 5120 separavi,
1305 5067 1465 5121 quam
1524 5052 1937 5120 separatiouem,

349 5162 470 5215 qua:
522 5150 586 5200 ad
644 5148 984 5216 negationem
1047 5148 1301 5214 pertinet,
1348 5146 1662 5199 divisionem
1708 5143 1937 5199 vocavit.

348 5241 496 5310 Ergo
558 5241 897 5295 manifestum
973 5249 1056 5294 est
1128 5242 1270 5305 quod
1339 5240 1382 5293 si
1438 5239 1666 5307 simplex
1726 5240 1776 5291 in
1830 5239 1945 5291 ani-

350 5348 455 5387 mm
483 5334 819 5402 passionibus
873 5332 1179 5387 intellectus
1227 5334 1405 5393 fuerit,
1437 5344 1557 5383 cum
1588 5331 1701 5398 ipse
1740 5328 1945 5383 intelle-

349 5436 472 5485 ctus
524 5428 723 5481 nullam
772 5427 946 5480 adhuc
976 5427 1088 5481 veri
1136 5426 1364 5494 falsique
1410 5424 1637 5477 retineat
1680 5433 1941 5491 naturam,

330 5534 545 5576 'eorum
582 5533 790 5585 quoque
819 5518 1175 5586 prolationem
1206 5519 1272 5571 ab
1311 5515 1550 5583 utrisque
1577 5530 1697 5569 esse
1726 5530 1943 5583 separa-

353 5624 491 5668 tam.
525 5608 631 5665 Sed
658 5626 777 5662 cum
824 5610 1146 5677 compositio
1191 5609 1487 5664 secundum
1534 5624 1653 5662 esse
1684 5607 1817 5660 facta
1862 5606 1945 5659 vel

352 5715 521 5767 etiam
562 5705 757 5761 divisio
796 5702 1184 5766 intellectibus,
1244 5704 1293 5756 iu
1346 5702 1539 5771 quibus
1584 5699 1951 5769 principaliter

357 5804 562 5858 veritas
591 5810 645 5853 et
676 5796 879 5851 falsitas
920 5805 1252 5863 procreatur,
1301 5799 1560 5861 evenerit,
1596 5794 1848 5865 quoniam
1882 5808 1945 5848 ex

361 5891 729 5952 iutellectibus
758 5903 922 5946 voces
960 5888 1179 5955 capiunt
1204 5888 1669 5959 significationem,
1703 5901 1796 5942 eas
1821 5898 1951 5955 quo-

2044 4766 2298 4832 dicimus,
2330 4767 2447 4821 dies
2477 4776 2579 4831 est,
2614 4768 2679 4821 ad
2712 4770 2908 4821 nullant
2938 4768 3046 4822 diei
3076 4769 3427 4823 substantiam
3463 4770 3622 4837 perti-

2045 4870 2156 4926 net,
2202 4859 2302 4913 nisi
2351 4870 2553 4914 tantum
2594 4860 2660 4914 ad
2715 4861 2974 4930 temporis
3018 4862 3489 4918 constitutionem:
3526 4866 3623 4917 hoc

2046 4952 2189 5006 enim
2232 4954 2371 5021 quod
2416 4950 2683 5021 significat
2725 4953 2829 5005 tale
2867 4962 2973 5014 est,
3026 4963 3277 5022 tanquant
3310 4954 3354 5008 si
3385 4954 3624 5007 dicamus

2048 5061 2189 5101 nunc
2214 5055 2327 5100 est:
2348 5061 2510 5115 quare
2542 5061 2659 5100 eum
2687 5046 2919 5099 dicimus
2942 5061 3061 5100 esse
3085 5056 3141 5100 ut
3161 5047 3507 5101 substantiam
3532 5046 3625 5100 de-

2048 5136 2341 5205 signemus,
2380 5136 2699 5205 simpliciter
2737 5145 2819 5190 est
2847 5136 3120 5200 addimus;
3152 5152 3272 5191 cum
3303 5152 3430 5190 vero
3458 5137 3527 5190 ita
3570 5146 3626 5191 ut

2048 5229 2245 5297 aliquid
2276 5244 2513 5298 praesens
2541 5231 2890 5300 significetur,
2922 5231 3212 5284 secundum
3248 5240 3477 5297 tempus.
3504 5228 3627 5284 Haec

2050 5331 2134 5375 est
2170 5336 2271 5376 una
2307 5302 2472 5391 quam
2504 5322 2735 5376 diximus
2777 5323 3058 5389 expositio.
3120 5323 3234 5375 Alia
3268 5337 3397 5376 vero
3437 5321 3626 5391 hujus.

2052 5416 2196 5472 modi
2246 5426 2351 5471 est.
2387 5416 2517 5470 Esse
2565 5416 2761 5485 aliquid
2811 5414 3019 5469 duobus
3062 5415 3232 5470 modis
3270 5414 3495 5481 dicitur,
3539 5424 3628 5470 aut

2056 5509 2390 5577 simpliciter,
2426 5517 2517 5562 aut
2552 5507 2845 5561 secundum
2888 5516 3097 5575 tempus
3129 5526 3142 5561 :
3173 5508 3488 5577 simpliciter
3516 5510 3605 5578 qui

2056 5601 2176 5655 dem
2200 5602 2492 5656 secundum
2519 5614 2756 5669 praesens
2784 5607 3017 5667 tempus,
3043 5610 3100 5652 ιιι
3128 5600 3167 5652 si
3191 5601 3309 5666 quis
3334 5601 3494 5667 dicat,
3524 5601 3628 5656 hir-

2053 5706 2313 5747 cocervus
2341 5702 2444 5759 est,
2476 5706 2710 5761 praascns
2752 5699 2927 5745 autem
2973 5689 3113 5759 quod
3153 5689 3371 5757 dicitur,
3420 5700 3631 5763 tempus

2053 5800 2158 5841 non
2198 5794 2301 5849 est,
2350 5784 2444 5839 sed
2497 5783 2783 5838 confinium
2839 5794 3069 5853 tempus,
3125 5790 3452 5851 temporum,
3510 5783 3632 5841 ﬁnis

2053 5893 2284 5949 namque
2332 5877 2589 5948 przeteriti
2644 5889 2724 5933 est
2776 5876 3049 5951 futurique
3101 5874 3440 5947 principium.
3486 5876 3629 5944 Quo-
