4270 6266
573 355 681 421 419
1799 353 1909 414 ΑΝ.
1948 354 2160 414 MANL.
2200 353 2259 413 SI

2157 396 2160 407 .
2200 351 2352 413 sev.
2393 352 2617 413 somn
3144 310 3147 311 ί
3738 343 3843 402 49.0

578 484 718 537 circa
748 477 985 550 quisquis
1012 476 1306 540 secundum
1328 490 1567 548 prmsens
1591 476 1695 534 hoc
1721 492 1972 534 sermone
2000 475 2148 545 quod
2187 474 2239 535 Α
2267 474 2415 542 bilis,
2449 492 2549 531 vox
2600 490 2729 531 vero
2774 473 2933 530 ﬂatus
2963 478 3060 542 per
3103 468 3360 541 quasdam
3390 464 3618 536 gutturis
3665 474 3845 533 partes

580 582 659 628 est
679 587 797 627 esse
828 571 1015 635 utitur,
1040 570 1352 637 simpliciter
1408 574 1594 639 utitur,
1625 572 1715 641 qui
1746 586 1869 625 vero
1900 580 1989 624 aut
2022 585 2159 637 prte-
2264 572 2569 641 egrediens,
2600 587 2721 640 qua:
2761 573 2975 626 arteria:
3003 577 3263 621 vocantur
3290 567 3411 634 quia
3456 562 3628 626 aliqua
3658 559 3848 626 linguae

580 665 791 718 teritum
814 663 987 731 jungit
1011 674 1101 717 aut
1132 663 1387 727 futurum,
1423 664 1510 718 ille
1536 679 1640 717 non
1672 663 2011 730 simpliciter,
2068 660 2164 715 sed
2267 666 2619 735 impressione
2655 665 2935 719 formatur.
2982 664 3043 716 Et
3074 678 3174 716 vox
3204 660 3415 729 quidem
3463 655 3563 709 nisi
3609 653 3850 706 animan-

579 754 681 822 jam
712 754 764 807 in
797 755 968 823 ipsum
1002 765 1210 823 tempus
1246 754 1488 810 incurrit.
1518 756 1784 821 Tempora
1820 769 2049 825 namque
2078 753 2161 827 (ut
2265 760 2398 813 tium
2446 774 2551 813 non
2597 767 2700 823 est,
2747 772 2912 811 sonus
2944 770 3071 810 vero
3120 754 3400 821 aliquoties
3438 748 3851 802 inanimaturum

580 846 777 900 dictum
810 848 914 917 est)
954 847 1059 901 duo
1109 858 1399 918 ponuntur,
1456 851 1789 916 praeteritum
1820 860 1981 919 atque
2023 850 2165 903 iulu-
2266 837 2482 922 quoque
2542 865 2828 917 corporum
2878 847 3274 904 conﬂictatione
3322 844 3611 913 perﬁcitur.
3674 840 3852 907 Quare

579 950 719 991 rum.
744 938 895 1006 Q:I0d
926 939 969 992 si
995 939 1115 1008 quis
1137 954 1257 993 cum
1291 954 1531 1008 praesens
1561 940 1821 1003 nominat,
1852 939 2167 1010 simpliciter
2268 946 2389 1016 quia
2420 961 2613 1000 nomen
2646 960 2831 1000 vocem
2858 958 2978 999 esse
3006 940 3343 1001 monstravit,
3377 938 3445 990 ab
3467 935 3585 989 aliis
3608 951 3729 1002 quae
3762 948 3856 987 vo-

581 1031 730 1093 ἀῑεὶι,
765 1028 884 1085 ειιηι
917 1030 1232 1087 ιιῑτυιιιιὶὺθι
1261 1033 1589 1099 praeteritum
1621 1034 1702 1086 vel
1745 1032 1978 1087 futurum
2017 1031 2168 1087 dixe-
2271 1057 2363 1097 ces
2395 1057 2499 1095 non
2542 1049 2689 1105 sunt,
2715 1039 2809 1093 sed
2849 1046 3049 1091 tantum
3083 1036 3225 1099 soni,
3274 1033 3411 1086 hanc
3438 1028 3701 1083 orationis
3736 1040 3859 1092 par-

580 1126 671 1189 rit,
705 1125 997 1179 secundum
1032 1133 1241 1192 tempus
1282 1126 1446 1179 utitur
1481 1126 1869 1183 enuntiatioine.
1913 1127 2007 1181 ESt
2033 1142 2170 1196 qun-
2270 1144 2379 1190 tem
2408 1132 2687 1204 separavit
2713 1142 2875 1201 atque
2903 1129 3200 1191 distribuit,
3231 1136 3286 1181 et
3308 1139 3492 1177 vocem
3521 1121 3733 1191 quidem
3769 1135 3859 1171 uo-

583 1231 686 1285 que
717 1215 870 1269 tertia
920 1215 1223 1284 huiusmodi
1269 1217 1556 1285 expositio,
1585 1217 1731 1287 quod
1767 1215 2051 1285 aliquoties
2096 1217 2169 1272 ita
2272 1229 2434 1284 minis
2481 1229 2627 1282 velut
2671 1241 2839 1294 εμηιιε
2882 1223 3131 1281 sumpsit.
3187 1220 3360 1273 Habet
3426 1229 3654 1283 namque
3708 1211 3855 1265 aliud

584 1310 1078 1377 ίθηφοτθυιίηιηνν
1113 1310 1466 1365 υιίιιάειὶηηθ
1488 1309 1762 1374 dicamus;
1794 1321 1851 1364 υι
1876 1311 1919 1364 Si
1946 1310 2065 1381 (illis
2087 1309 2173 1364 ἀί-
2272 1320 2528 1391 quiddam
2570 1318 2768 1387 Speciei
2808 1318 2923 1371 loco
2970 1313 3220 1369 dill‘erens
3263 1326 3291 1363 a
3340 1310 3554 1362 nomine
3593 1305 3733 1375 quod
3775 1310 3862 1358 est

586 1411 694 1469 cat,
721 1412 802 1456 est
825 1402 1186 1462 hircocervus,
1229 1402 1329 1455 luit
1360 1403 1726 1468 hirCticervns,
1769 1404 1869 1458 erit
1900 1401 2172 1457 hircocer-
2276 1412 2542 1475 verbum;
2578 1410 2740 1463 habet
2767 1423 2979 1476 quoque
3008 1404 3263 1473 quasdam
3302 1400 3598 1454 locutiones
3626 1411 3743 1463 quae
3775 1394 3861 1447 ni-

586 1508 704 1559 vus,
752 1494 851 1547 hoc
895 1491 1174 1548 indeﬁnite
1218 1502 1272 1548 et
1311 1495 1631 1564 simpliciter
1676 1496 1877 1549 dictum
1913 1506 2019 1552 est.
2074 1494 2170 1551 Sin

2278 1506 2355 1561 ltil
2393 1505 2495 1559 ulla
2545 1503 2759 1557 ratione
2812 1498 3134 1565 signiﬁcent,
3182 1508 3236 1547 ιιι
3281 1500 3406 1548 sunt
3447 1490 3736 1544 articulatm
3769 1502 3862 1538 vo-

587 1603 717 1644 vero
756 1588 947 1657 aliquis
982 1589 1164 1650 addat,
1209 1605 1348 1642 nunc
1378 1598 1482 1651 est,
1516 1591 1596 1644 vel
1636 1591 1748 1645 heri
1783 1589 1901 1653 luit.
1934 1589 2016 1644 vel
2050 1603 2172 1645 cras

2277 1613 2371 1652 ces
2403 1610 2626 1666 quarum
2670 1594 2787 1662 ipsa
2816 1590 3136 1661 signiﬁcatio
3177 1601 3282 1640 non
3324 1592 3500 1653 potest
3530 1580 3778 1641 inveniri,
3804 1585 3862 1632 ut

588 1684 716 1751 erit,
745 1684 811 1737 ad
844 1684 945 1737 hoc
972 1684 1142 1750 ipsum
1173 1698 1293 1738 €856
1314 1683 1456 1752 quod
1486 1683 1802 1750 SitllpiiCilel‘
1831 1683 2047 1746 diCillll‘,
2078 1682 2174 1737 ad-
2277 1693 2617 1759 scintlapsus.
2656 1686 2789 1742 “uie
2840 1701 2967 1751 erg”
2997 1681 3180 1754 generi
3221 1679 3353 1733 alias
3397 1674 3722 1731 differentias
3753 1687 3861 1725 fur-

588 1776 665 1830 dit
694 1787 922 1842 tempus.
957 1774 1133 1843 Quare
1159 1778 1452 1830 secundum
1487 1792 1645 1829 unam
1674 1779 1835 1830 trium
1870 1776 2053 1829 harum
2077 1791 2175 1830 ex-
2278 1799 2370 1838 sus
2406 1783 2659 1851 apponit,
2698 1779 2837 1849 qttod
2872 1792 3062 1831 nomen
3092 1775 3229 1828 sicut
3261 1788 3356 1837 vox
3386 1786 3413 1823 a
3445 1768 3590 1822 sonis
3621 1766 3738 1818 aliis
3778 1778 3863 1817 se-

588 1869 914 1938 positionum
949 1869 1352 1938 intelligendum
1384 1880 1467 1922 est
1518 1868 1657 1935 quod
1697 1868 1793 1929 ait.
1841 1867 1887 1923 si
1920 1883 2022 1921 non
2051 1882 2170 1922 esse
2204 1870 2254 1931 B

2204 1870 2254 1931 B
2281 1876 2542 1944 gregavit,
2576 1877 2647 1928 ita
2674 1888 2886 1941 quoque
2928 1870 3009 1922 lite
3054 1865 3370 1921 dill'erentue
3410 1874 3601 1915 nomen
3634 1857 3701 1909 ab
3741 1855 3860 1908 aliis

590 1962 675 2015 νει
710 1976 816 2014 "On
849 1975 992 2024 esse.
1022 1960 1269 2027 addam".
1303 1961 1384 2015 νει
1423 1962 1740 2031 εἶειιΡΙίοίιθΓ
1764 1960 1849 2015 νει
1871 1963 2169 2015 secundum
2278 1968 2561 2034 speciebus
2590 1965 2692 2019 sub
2712 1977 2843 2018 voce
2865 1960 3051 2031 positis
3077 1958 3315 2012 dividant
3339 1966 3497 2023 atque
3519 1952 3862 2017 discernunt;
3930 1986 3940 1999 .

591 2060 822 2121 tetnpns.
854 2050 958 2107 Sed
986 2053 1035 2106 ei
1066 2053 1207 2121 quod
1233 2063 1359 2107 ante
1394 2053 1692 2121 proposuit,
1720 2055 2172 2122 quemadmodum
2281 2058 2424 2129 quod
2455 2059 2598 2113 enim
2650 2055 2879 2119 addidit,
2930 2067 3123 2105 nomen
3157 2039 3341 2103 vorein
3390 2061 3511 2101 esse
3554 2043 3867 2113 sigttilicati-

591 2156 737 2202 esset
758 2145 1044 2213 aliquoties
1065 2145 1276 2213 quidem
1299 2144 1550 2200 inanima
1574 2146 1875 2201 intellectus
1900 2148 2016 2200 sine
2043 2160 2179 2201 vero
2280 2166 2424 2213 vani,
2455 2149 2629 2203 abhis
2661 2149 2876 2215 inquam
2903 2142 3124 2197 vocibus
3155 2156 3346 2193 nomen
3378 2136 3702 2205 disgregavit
3747 2146 3866 2201 ψιω

590 2242 676 2298 vel
728 2242 885 2304 falso,
930 2250 1048 2309 post
1092 2238 1245 2306 quasi
1297 2253 1635 2307 consequens
1680 2239 1911 2293 reddidit
1963 2241 2176 2293 nomina
2282 2242 2417 2296 nihil
2453 2240 2676 2295 omnino
2720 2237 3041 2308 signiﬁcant,
3094 2245 3149 2286 ut
3174 2244 3296 2287 sunt
3342 2230 3586 2300 syllabae.
3634 2225 3865 2296 Syllaba;

592 2331 707 2405 ipsa
742 2348 837 2403 per
879 2349 937 2388 se
979 2330 1246 2400 verbaque
1281 2345 1401 2385 es~e
1439 2330 1771 2397 simplicibus
1817 2329 2179 2385 iutellectibus
2280 2334 2424 2390 enim
2454 2348 2573 2387 cum
2607 2347 2672 2386 ex
2710 2331 2792 2384 his
2831 2338 2997 2382 lolttttl
3032 2341 3224 2380 nomen
3255 2332 3486 2386 constet,
3530 2319 3702 2372 adhuc
3736 2318 3866 2385 ipsa:

596 2427 922 2489 ευιὶδίιιιίιδθν
942 2434 1000 2480 ιιι
1027 2425 1186 2477 homo
1209 2426 1286 2479 Vel
1320 2423 1536 2486 autum;
1566 2423 1614 2477 ei
1642 2438 1771 2477 vero
1801 2422 1940 2489 quod
1974 2423 2066 2486 ait,
2090 2421 2178 2477 cui
2283 2424 2502 2480 omnino
2534 2422 2665 2477 nihil
2696 2419 3018 2489 signiﬁcant.
3044 2418 3180 2474 Sunt
3205 2430 3419 2487 quoque
3441 2413 3680 2480 quaedam
3706 2422 3867 2463 Voces

591 2518 698 2590 jam
734 2532 955 2572 necesse
985 2517 1057 2570 sit
1093 2516 1317 2569 alterum
1347 2515 1535 2569 horum
1570 2516 1768 2579 inesse,
1800 2514 1930 2569 nihil
1964 2515 2178 2569 interim
2284 2519 2476 2574 litteris
2516 2515 2844 2589 syll..bisque
2888 2511 3218 2579 composita),
3262 2526 3379 2578 quae
3428 2508 3626 2561 nullam
3670 2504 3869 2555 habent

595 2611 846 2675 reddidit.
879 2609 973 2663 sed
1006 2608 1108 2663 huc
1134 2623 1200 2663 eo
1228 2610 1560 2675 supplevi8~e
1592 2607 1880 2675 potabitur.
1908 2606 2048 2677 quod
2080 2607 2177 2674 ait,
2285 2609 2757 2682 signiﬁcationem,
2801 2616 2859 2661 ut
2895 2616 2978 2661 est
3025 2603 3205 2658 blitiri.
3253 2602 3391 2665 Ergo
3428 2597 3681 2665 quintium
3715 2595 3868 2649 vide-

594 2702 687 2756 sed
723 2700 957 2753 nondum
993 2713 1177 2753 verum
1216 2697 1296 2752 vel
1332 2697 1522 2751 falsum
1560 2710 1665 2762 εει,
1697 2699 1741 2751 si
1790 2714 1894 2750 nun
1942 2712 2065 2752 esse
2094 2697 2180 2752 vel
2284 2705 2481 2759 bantur
2522 2701 2767 2773 qttwdam
2801 2713 2959 2754 uices
2998 2712 3116 2753 esse
3152 2711 3269 2765 quae
3298 2690 3689 2762 signiﬁcatione
3718 2703 3870 2742 care.

594 2805 700 2847 11011
726 2805 844 2845 esse
873 2791 1096 2843 addatur
1124 2807 1138 2844 ;
1185 2789 1299 2843 hinc
1326 2800 1411 2843 est
1439 2788 1581 2843 enim
1627 2787 1988 2843 intellectuum
2029 2804 2183 2859 qttm-
2284 2807 2443 2863 rent,
2482 2811 2677 2852 nomen
2702 2793 2847 2865 quod
2879 2806 2980 2845 νοι
3024 2800 3109 2845 εει
3142 2799 3194 2842 et
3234 2787 3458 2853 alicujus
3486 2780 3870 2849 d¢.iguationis

592 2884 717 2939 dam
751 2880 1090 2949 compositio,
1121 2880 1207 2935 cui
1235 2879 1338 2949 jam
1374 2892 1596 2934 necesse
1623 2890 1704 2934 est
1734 2878 1958 2933 alterunt
1990 2879 2178 2933 horum
2286 2902 2503 2956 sempr.-
2522 2900 2681 2941 causa
2707 2886 2996 2952 profertur,
3029 2897 3134 2933 non
3163 2878 3316 2932 aliter
3336 2874 3708 2931 dil'liniendom
3731 2884 3869 2941 erat,

596 2974 796 3039 inesse,
829 2990 929 3043 Qua
960 2974 1014 3028 in
1053 2972 1298 3029 oratione
1328 2972 1412 3025 vel
1460 2984 1583 3027 esse
1620 2970 1703 3025 vel
1751 2985 1857 3025 non
1886 2986 2005 3026 esse
2033 2969 2184 3025 addi»

2286 2981 2388 3033 nisi
2420 2978 2549 3033 illud
2581 2990 2707 3033 ante
2737 2992 2766 3031 a
2799 2990 2905 3029 non
2952 2971 3379 3043 signiﬁcantibus
3418 2969 3640 3022 vocibus
3685 2981 3870 3035 segre-

597 3075 703 3123 tur.
735 3066 997 3137 Quocirca
1028 3065 1278 3137 quoniam
1315 3064 1383 3120 de
1438 3066 1655 3118 nom'ue
1692 3063 1963 3134 verboque
1992 3077 2183 3134 propo-
2285 3080 2455 3140 garet.
2492 3069 2673 3138 Itaque
2694 3069 2769 3121 ait
2807 3080 3001 3121 nomen
3024 3080 3143 3118 esse
3167 3078 3352 3117 vocum
3382 3062 3787 3129 signiticativatn
3820 3067 3875 3113 ut

597 3165 723 3229 suit,
753 3172 807 3218 ει
835 3177 993 3232 quam
1035 3161 1266 3215 breviter
1292 3158 1461 3228 potuit
1491 3173 1707 3224 meum,
1739 3158 2057 3219 litterarum.
2100 3155 2183 3213 in-
2290 3172 2475 3217 vocem
2504 3164 2720 3232 quidem
2755 3163 2822 3214 ah
2849 3160 2971 3212 aliis
3003 3156 3169 3220 sonis,
3203 3154 3595 3222 signiﬁes-tione
3628 3168 3755 3207 vero
3782 3150 3875 3205 ad-

598 3259 931 3321 tellectuum,
986 3268 1273 3323 rerumque
1329 3250 1740 3315 consequentiae
1782 3250 2041 3304 altissima
2096 3256 2252 3320 ra-c

2205 3256 2252 3320 C
2290 3258 2397 3313 dita
2450 3256 2515 3310 ab
2543 3258 2605 3313 iis
2636 3271 2755 3326 qua:
2787 3254 2888 3309 sub
2918 3269 3049 3308 Voce
3078 3260 3202 3306 sunt
3248 3250 3376 3304 nihil
3408 3249 3765 3317 designantia,
3794 3259 3877 3301 se-

600 3350 743 3405 tione
784 3348 1122 3411 monstravit,
1164 3347 1228 3400 ad
1262 3345 1313 3399 id
1343 3346 1483 3415 quod
1532 3343 1761 3411 primum
1793 3342 2069 3412 proposuit
2098 3339 2181 3397 di-

2286 3361 2554 3421 gegaret.
2600 3350 2706 3405 Sed
2753 3348 2854 3402 hoc
2899 3346 3136 3400 nondum
3190 3344 3255 3398 a'd
3290 3354 3452 3397 totum
3500 3342 3875 3394 diliinztinnem

601 3455 730 3496 cens
759 3458 772 3493 :
804 3438 1038 3493 Primum
1071 3447 1287 3508 oportet
1329 3439 1680 3501 con~tituere,
1712 3436 1838 3506 quid
1880 3435 1950 3491 sit
1987 3451 2183 3491 nomen

2286 3443 2464 3505 valet;
2495 3456 2666 3507 neque
2682 3441 2858 3494 solum
2892 3453 3087 3497 nomen
3131 3452 3231 3489 vox
3265 3435 3607 3503 signiticativa
3640 3444 3746 3495 est,
3778 3428 3877 3485 sed

602 3542 654 3586 ει
702 3530 829 3597 quid
876 3531 1122 3594 Verbum.
1173 3530 1238 3583 ad
1291 3531 1403 3584 Ιιωο
1445 3528 1657 3598 inquam
1705 3544 1824 3595 quae
1869 3528 2187 3596 ιηὀιιιὶεεηιι
2288 3545 2414 3590 sunt
2444 3532 2689 3602 quantum
2718 3546 2880 3584 voces
2903 3537 3024 3599 quae
3046 3528 3352 3595 signiﬁcant
3377 3524 3611 3593 quidem,
3646 3522 3741 3578 sed
3774 3536 3876 3576 no-

601 3622 836 3680 dil'linire
862 3623 1167 3679 revertitur.
1210 3622 1417 3679 Nomen
1457 3638 1582 3678 vero
1626 3620 1918 3689 difﬁniens,
1951 3624 2024 3678 ita
2061 3621 2185 3677 sub-
2290 3629 2429 3682 mina
2464 3643 2569 3679 non
2601 3632 2822 3690 sunt,nt
2845 3638 2905 3677 ea
2936 3637 3054 3690 qua.-
3084 3634 3114 3673 a
3143 3620 3294 3673 nobis
3317 3619 3414 3671 ina
3440 3618 3457 3672 i
3483 3614 3881 3684 qttibusaﬁecti-

602 3715 746 3789 ιεοίιο
2288 3726 2392 3776 bus
2419 3719 2788 3790 proferuntur,
2814 3726 2869 3770 ut
2902 3730 3023 3767 cum
3052 3713 3171 3781 quis
3201 3712 3456 3781 gemitum
3489 3710 3616 3772 edit,
3646 3708 3727 3761 vel
3756 3723 3878 3763 cum

1189 3807 1280 3863 DE
1322 3806 1599 3862 ΝΟΜῘΝΕ·
2290 3820 2479 3873 dolore
2512 3816 2756 3871 concitus
2784 3812 2986 3867 emittit
3019 3811 3330 3863 clamorem.
3357 3806 3488 3861 Illud
3514 3806 3654 3860 enim
3679 3803 3880 3857 doloris

606 3900 811 3958 Nomen
857 3902 1013 3973 igitur
1077 3910 1152 3956 est
1196 3917 1293 3955 vox
1356 3901 1725 3972 signiﬁcativa,
1807 3902 1874 3953 ad
1924 3899 2189 3971 placitum,

2292 3912 2481 3971 animi,
2511 3908 2641 3963 illud
2670 3905 2915 3975 corporis
2954 3904 3164 3973 signum
3196 3910 3300 3968 est,
3334 3910 3390 3954 et
3438 3914 3559 3952 cum
3592 3898 3697 3953 sint
3723 3910 3883 3949 voces

678 3994 1048 4062 sinetempore,
1072 3995 1221 4064 cujus
1262 3994 1405 4047 nulla
1436 4010 1554 4061 pars
1570 4004 1642 4047 est
1664 3993 2191 4062 signiﬁcativa.sepa-
2294 4017 2346 4062 ει

2294 4005 2676 4075 ctsigniticent
2721 4001 3005 4073 quamdam
3046 3996 3132 4052 vel
3163 3995 3324 4048 animi
3363 3992 3447 4046 vel
3485 3993 3729 4061 corporis
3761 4004 3883 4059 pas-

677 4100 813 4141 rata.
847 4086 909 4140 In
938 4088 1140 4141 nomine
1170 4090 1302 4142 enim
1320 4090 1453 4157 quod
1484 4090 1846 4158 estequifcrus,
1875 4090 2010 4157 ferus
2026 4106 2118 4161 per
2140 4105 2193 4144 se
2295 4102 2363 4156 sic

2295 4102 2521 4165 sionem,
2557 4098 2731 4152 nullus
2767 4108 2941 4149 tamen
2972 4092 3227 4162 gemitum
3260 4089 3658 4155 clamoremque
3686 4084 3884 4140 dixerit

678 4178 1103 4248 nihilsigniﬁcat,
1127 4180 1558 4250 quemadmodum
1589 4181 1644 4233 in
1685 4181 1910 4234 oratione
1947 4196 2061 4251 qua:
2095 4194 2193 4248 est,
2296 4210 2514 4250 ιιοηιρη,
2587 4193 2852 4246 Moturum
2913 4200 3126 4257 quoque
3176 4183 3486 4239 animalium
3552 4191 3677 4236 sunt
3738 4196 3883 4247 qna:-

677 4289 834 4342 equus
858 4276 1014 4341 ferus.
2296 4288 2360 4341 da

2296 4288 2418 4341 dam
2464 4299 2622 4338 voces
2652 4298 2771 4352 qua:
2821 4280 3252 4350 signiticentzut
3280 4291 3469 4332 canum
3516 4275 3734 4327 latratus
3777 4273 3883 4327 iras

680 4361 867 4416 Omnis
917 4362 1167 4417 difﬁnitio
1211 4364 1426 4437 generis
1469 4364 1852 4419 constitutione
1910 4365 2192 4430 formatur,
2297 4377 2569 4447 signiﬁcat
2619 4388 2849 4436 canum,
2909 4371 3009 4423 alia
3067 4386 3170 4423 νοι
3244 4378 3421 4423 autem
3471 4365 3685 4421 monim-
3739 4380 3885 4432 quae-

612 4454 1043 4510 dill'erentiarum
1076 4470 1203 4510 vero
1237 4456 1628 4523 compositione
1666 4457 1959 4523 perueitur.
1987 4455 2115 4510 Nam
2146 4456 2193 4511 si
2299 4470 2422 4523 dam
2481 4466 2846 4521 blandimenta
2902 4462 3188 4532 designat,
3240 4477 3409 4529 quam
3465 4458 3670 4530 adieci“
3736 4457 3887 4511 ἀίίῑυ-

611 4549 677 4603 ad
708 4553 1235 4620 propositnmgenus
1266 4550 1598 4606 dili'erentias
1628 4551 1966 4621 colligamus.
1996 4568 2197 4622 easque
2304 4563 2476 4616 rentia
2539 4557 2898 4627 separandum
2958 4566 3075 4609 erat
3135 4569 3331 4608 nomen
3381 4552 3449 4607 ab
3508 4551 3589 4605 his
3643 4550 3890 4604 omnibus

612 4639 679 4694 ad
713 4655 870 4694 "nam
898 4657 1056 4709 (ιυαιη
1105 4642 1340 4696 ἀίίίὶιιίνο
1378 4644 1625 4699 νυιυηιυε
1657 4646 1893 4713 δρθείθηι
1925 4657 2196 4723 aptemus.
2225 4639 2275 4700 ι)
2300 4670 2421 4725 quze
2454 4666 2615 4706 voces
2640 4649 2855 4719 quidem
2889 4658 3073 4702 essent
3113 4654 3168 4701 et
3226 4644 3616 4709 signiﬁcarent,
3656 4642 3749 4696 sed
3798 4656 3891 4694 no-

612 4746 781 4805 nsqtte
809 4736 935 4789 dttm
969 4737 1056 4789 nni
1101 4746 1302 4790 tantum
1339 4737 1536 4805 speciei
1588 4737 1838 4791 colleCIiO
1867 4739 1953 4791 illa
1992 4753 2194 4794 conve-
2302 4747 2462 4801 minis
2517 4742 2780 4798 vocabulo
2828 4757 2934 4795 non
2969 4748 3313 4802 tenerentur;
3360 4736 3519 4806 igitur
3559 4734 3757 4803 adjecit
3798 4748 3892 4785 no-

611 4827 905 4889 niat,nihil
933 4839 1014 4882 est
1045 4828 1185 4898 quod
1217 4829 1351 4883 ultra
1389 4830 1454 4883 ad
1489 4829 1785 4885 faciendam
1817 4830 2195 4888 dil‘tinitionem
2302 4854 2425 4894 men
2481 4852 2669 4891 vocem
2724 4850 2847 4889 esse
2907 4830 3312 4901 signiﬁcativum
3373 4844 3477 4881 non
3540 4825 3888 4911 simpliciter,

614 4916 969 4983 desideretur,
1000 4930 1056 4972 ut
1091 4920 1260 4987 ipsum
1310 4920 1582 4975 hominem
1616 4922 1659 4975 si
1692 4922 1812 4989 quis
1856 4923 2197 4992 dittiniatge-

2302 4932 2397 4985 sed
2446 4928 2743 4984 secundum
2792 4927 3069 4994 placitum.
3116 4923 3421 4977 Secundum
3469 4921 3721 4990 placitum
3766 4932 3893 4972 vero

614 5014 729 5067 neri
759 5014 877 5082 ejus
918 5013 1059 5081 quod
1090 5023 1173 5067 est
1219 5012 1437 5077 animal,
1482 5014 1615 5068 duas
1657 5029 1877 5071 necesse
1915 5024 1999 5069 est
2038 5016 2195 5070 ditl‘e-
2301 5033 2384 5078 est
2409 5022 2591 5091 ,qnod
2634 5022 2930 5076 secundum
2955 5018 3235 5087 quamdam
3269 5017 3587 5085 positionum
3614 5016 3892 5082 placitum-

615 5108 817 5162 rentias
844 5108 1050 5177 jungat,
1094 5106 1352 5160 rationale
1396 5106 1601 5161 scilicet
1642 5115 1799 5177 atque
1845 5109 2089 5168 mortale.
2122 5107 2200 5162 fa-

2302 5131 2406 5185 que
2437 5116 2687 5182 ponentis
2722 5122 2967 5182 aptatur;
3000 5112 3199 5166 nullum
3225 5112 3368 5166 enim
3408 5127 3600 5165 nomen
3635 5110 3892 5185 naturali-

617 5201 828 5272 εἱδιίιιιθ
860 5200 1167 5269 hUJUSIIIOdi
1216 5201 1485 5264 ordinem.
1520 5199 1716 5255 animal
1767 5203 2028 5258 rationale
2057 5217 2200 5257 mor-
2304 5219 2384 5264 ter
2416 5208 2764 5262 constitutum
2797 5218 2901 5273 est,
2937 5224 3106 5277 neque
3134 5222 3361 5275 unquam
3388 5207 3528 5259 sicut
3550 5203 3786 5272 subjecta
3810 5182 3896 5256 res

617 5294 755 5360 tale;
785 5309 908 5360 qua
937 5294 1207 5357 difiinitio,
1251 5296 1294 5348 εἰ
1328 5293 1391 5347 ad
1422 5295 1692 5347 hominem
1723 5286 2199 5363 referatur,'p|ena
2303 5317 2335 5357 a
2362 5312 2549 5357 natura
2579 5318 2683 5371 est,
2720 5301 2789 5355 ita
2819 5317 3031 5371 quoque
3067 5317 3095 5355 δ
3136 5311 3323 5356 natura
3358 5302 3602 5354 veniente
3636 5299 3898 5353 vncabulo

618 5396 703 5443 est
741 5388 962 5444 rationis
1006 5390 1426 5455 substantimque
1472 5387 1782 5456 descriptio.
1833 5388 2030 5443 Voleus
2069 5404 2200 5460 ergo
2304 5404 2661 5466 nuncupatur.
2707 5395 2810 5450 Sed
2845 5396 3117 5449 hominum
3150 5410 3317 5464 genus
3348 5395 3489 5465 quod
3527 5405 3581 5449 et
3611 5396 3819 5448 ratione
3846 5400 3895 5447 ei

619 5478 935 5534 Ατίδίοίείθε
965 5480 1199 5534 dirimi“?
1225 5480 1351 5548 (μιίά
1370 5490 1514 5535 θδέθι
1542 5496 1759 5547 "Ome",
1789 5482 1936 5548 Prius
1966 5481 2079 5551 "ius
2107 5498 2200 5550 ΒΘ*
2306 5491 2548 5544 oratione
2584 5490 2804 5558 vigeret.
2838 5492 3051 5544 nomina
3085 5491 3280 5555 posuit,
3317 5506 3487 5560 eaque
3522 5490 3716 5558 quibus
3749 5488 3896 5540 libuit

619 5586 720 5625 nus
749 5575 997 5643 sumpsit,
1039 5574 1225 5629 dicens
1250 5590 1444 5628 nomen
1473 5590 1659 5628 vocem
1691 5589 1832 5637 esse,
1865 5575 2066 5629 idcirco
2092 5578 2196 5629 δεῖ·
2306 5581 2496 5637 litteris
2536 5582 2857 5653 syllabisque
2904 5584 3236 5652 conjungens
3276 5584 3498 5652 singulis
3535 5584 3891 5651 subjectaruui

620 5659 743 5716 licet
768 5675 823 5717 ut
854 5668 950 5718 hoc
981 5665 1121 5734 quod
1165 5665 1393 5720 dicimus
1435 5682 1628 5720 nomen
1686 5668 1753 5721 ab
1792 5667 1911 5721 aliis
1941 5684 2058 5737 qua:
2089 5682 2193 5721 non
2304 5686 2483 5726 rerum
2532 5672 2843 5726 substantiis
2888 5674 3051 5729 dedit.
3102 5673 3214 5727 Hoc
3260 5686 3435 5731 autem
3480 5672 3572 5728 illo
3619 5672 3887 5741 prohitur.

619 5763 797 5819 voces,
830 5756 922 5811 sed
971 5776 1029 5811 an
1051 5768 1157 5811 tum
1179 5759 1317 5825 soni,
1358 5771 1479 5814 sunt
1510 5772 1803 5829 separaret.
1852 5761 2019 5815 Distat
2052 5762 2193 5816 enim
2301 5762 2442 5831 quod
2490 5764 2534 5816 si
2580 5774 2768 5818 natura
2811 5774 2997 5819 essent
3040 5767 3254 5821 nomina
3295 5768 3506 5829 eadem,
3539 5766 3677 5833 apud
3709 5774 3895 5815 omnes

620 5856 832 5906 mtiusa
867 5860 995 5904 voce
1023 5865 1035 5905 :
1059 5863 1224 5905 sonus
1253 5854 1394 5906 enim
1430 5864 1511 5907 est
1538 5853 1816 5918 percussio
1845 5853 1987 5907 aeris
2016 5852 2192 5908 sensi-
2297 5862 2488 5919 gentes
2529 5864 2733 5923 essent,
2777 5866 2835 5912 ut
2869 5871 3081 5927 sensus,
3106 5862 3357 5931 quoniam
3403 5858 3720 5917 naturaliter
3742 5860 3895 5927 sunt.
