4270 6266
620 385 718 439 ιω

1841 377 1946 432 ΛΝ.
1990 373 2193 432 ΜΑΝι.
2236 375 2383 433 SEV.
2425 378 2643 435 ΒΟΕΤΙΙ

3776 374 3880 432 ιρι

620 507 698 558 tes
744 478 873 555 nihil
923 506 1181 566 separata;
1234 492 1566 568 signiﬁcent,
1598 508 1791 548 nomen
1834 494 1900 547 ab
1951 492 2193 546 oratione
2225 496 2272 551 A
2302 496 2523 550 latratus
2550 511 2761 559 canum,
2792 497 2987 552 dicitur
3016 506 3192 551 tamen
3222 496 3464 557 latratus,
3498 503 3553 550 et
3578 489 3747 549 leonis
3779 494 3876 547 fre—

621 597 940 664 disjunctum
962 601 1062 647 est.
1090 593 1374 659 Postquam
1400 590 1750 657 adiectionem
1782 604 1896 653 qua:
1916 597 2016 649 est,
2040 586 2195 655 cujus

620 687 764 740 mtlla
792 701 914 754 pars
942 694 1025 739 est
1052 683 1402 753 signiﬁcativa
1433 690 1698 748 separata,
1727 679 1853 747 quid
1886 678 1936 730 in
1966 676 2196 732 nominis

621 780 925 834 deﬁnitione
952 778 1173 844 valeret,
1202 774 1479 843 explicuit,
1499 772 1602 825 hoc
1622 770 1831 826 scilicet
1860 784 1965 838 quo
1998 782 2193 821 nomen

620 874 685 925 ab
714 873 950 928 Oratione
976 870 1304 939 seiungeret;
1351 866 1479 920 illud
1510 880 1720 932 quoque
1745 863 1963 917 disserit
1991 877 2087 916 cur
2128 862 2198 915 sit

622 965 857 1018 additum
896 961 1037 1032 quod
1076 960 1274 1014 dictum
1310 966 1394 1013 est
1417 957 1711 1011 secundum
1756 955 2027 1022 placitum.
2060 952 2193 1006 Nam

622 1055 867 1124 quoniam
899 1052 1041 1106 nulla
1080 1052 1353 1104 nominum
1381 1048 1701 1119 signiﬁcatio
1729 1047 2044 1100 naturaliter
2082 1053 2195 1109 est,

624 1150 710 1201 sed
743 1161 901 1200 omne
933 1159 1123 1198 nomen
1168 1144 1434 1213 positione
1459 1142 1733 1211 designat,
1764 1140 1965 1206 ideirco
1996 1139 2195 1192 dictum

623 1251 730 1304 est,
772 1237 1065 1293 secundum
1111 1236 1385 1305 placitum.
1421 1232 1575 1299 Quod
1620 1232 1763 1287 enim
1792 1232 1991 1299 placuit
2030 1230 2078 1283 ei
2109 1229 2197 1297 qui

620 1336 825 1402 primus
854 1331 1073 1385 nomina
1103 1329 1297 1383 indidit
1326 1328 1510 1390 rebus,
1541 1327 1645 1380 hoc
1675 1325 1780 1380 illis
1808 1323 2079 1377 vocabulis
2107 1322 2199 1375 de-

622 1427 877 1494 signatur.
912 1424 1025 1492 Age
1078 1422 1219 1475 enim
1270 1422 1390 1491 quis
1442 1419 1757 1473 naturaliter
1812 1416 2025 1471 nomina
2082 1428 2203 1469 esse

623 1517 932 1581 conﬁrmet,
965 1529 1192 1584 quorum
1235 1512 1373 1581 apud
1403 1525 1591 1564 omnes
1633 1518 1822 1579 gentes
1852 1517 1933 1562 est
1980 1519 2086 1560 tam
2118 1506 2203 1559 di-

623 1620 771 1664 νει-εδ
801 1607 1055 1662 varietas.
1089 1606 1198 1659 Nec
1224 1619 1351 1657 vero
1373 1603 1567 1657 dicitur
1590 1601 1732 1670 quod
1766 1599 1906 1653 nulla
1925 1614 2027 1651 vox
2052 1606 2205 1650 natu-

624 1702 804 1756 raliter
832 1698 1028 1767 aliquid
1059 1698 1328 1766 designet,
1375 1695 1469 1749 sed
1497 1693 1637 1762 quod
1670 1692 1885 1746 nomina
1916 1705 2022 1745 non
2048 1699 2204 1742 natu-

624 1794 824 1858 raliter,
856 1792 950 1846 sed
984 1789 1251 1860 positione
1273 1786 1593 1855 signiﬁcent.
1626 1784 1835 1851 Alioqui
1874 1781 2073 1835 habent
2100 1780 2203 1833 hoc

2298 588 2479 651 mitus,
2518 599 2572 642 ct
2612 590 2748 643 tauri
2791 591 3047 657 mugitus,
3088 589 3202 643 haec
3240 597 3365 642 sunt
3404 588 3617 641 nomine
3649 587 3878 654 ipsarum

2299 693 2487 733 vocum
2508 696 2626 748 quae
2656 697 2683 734 a
2716 681 2876 735 mutis
2904 681 3223 736 animalibus
3256 680 3629 747 proferuntur;
3654 677 3749 732 scd
3779 692 3880 732 non

2300 770 2403 824 hoc
2443 771 2670 825 dicimus
2708 773 2958 842 quoniam
3002 786 3185 825 eorum
3228 771 3361 823 nihil
3401 779 3484 825 est
3529 784 3749 833 nomen,
3790 765 3882 821 sed

2298 868 2551 935 quoniam
2598 867 2791 923 horum
2837 884 3088 922 sonorum
3129 868 3261 921 nihil
3306 867 3407 921 tale
3446 876 3552 930 est,
3593 876 3648 920 ut
3690 877 3883 917 nomen

2300 976 2421 1016 esse
2450 962 2636 1032 possit,
2671 963 2722 1016 id
2754 972 2833 1016 est
2864 974 2921 1016 ut
2954 962 3245 1016 secundum
3286 976 3345 1015 ea
3393 959 3538 1013 velut
3581 958 3885 1012 nominibus

2303 1063 2511 1108 utentes
2541 1053 2666 1107 fera:
2693 1053 2795 1107 sibi
2825 1054 3049 1107 invicem
3081 1053 3477 1119 colloquantur,
3511 1050 3711 1103 habent
3741 1049 3884 1103 enim

2301 1146 2763 1215 signiﬁcationem,
2798 1145 2891 1199 sed
2926 1146 3008 1214 (ut
3044 1144 3245 1199 dictum
3285 1143 3389 1212 est)
3423 1142 3743 1197 naturalem.
3776 1139 3886 1194 No-

2303 1255 2424 1293 men
2451 1248 2625 1293 autem
2653 1239 2942 1293 secundum
2972 1239 3224 1306 placitum
3256 1247 3360 1291 est.

2378 1328 2499 1381 Non
2532 1329 2681 1379 homo
2708 1344 2823 1381 vero
2853 1344 2952 1379 non
2979 1335 3051 1379 est
3080 1324 3296 1389 nomen,
3320 1336 3372 1378 at
3396 1341 3511 1379 vero
3534 1341 3623 1377 nec
3654 1324 3880 1385 positum

2306 1430 2378 1473 est
2406 1436 2588 1472 nomen
2610 1464 2623 1482 ,
2654 1435 2751 1487 quo
2782 1418 2912 1471 illud
2942 1426 3172 1486 oporteat
3208 1417 3496 1487 appellare.
3540 1414 3681 1469 Nam
3719 1430 3878 1481 neque

2306 1513 2507 1576 oratio,
2538 1528 2700 1580 neque
2738 1512 2941 1587 negatio
2982 1521 3052 1565 est
3076 1553 3088 1573 ,
3129 1509 3220 1564 sed
3256 1512 3322 1564 sit
3362 1525 3547 1564 nomen
3583 1509 3879 1578 inﬁnitum,

2306 1604 2549 1666 quoniam
2576 1604 2813 1656 similiter
2842 1604 2895 1656 in
2920 1600 3143 1672 quolibet
3171 1612 3276 1665 est,
3307 1608 3354 1653 et
3385 1602 3522 1670 quod
3549 1610 3623 1654 est
3643 1643 3655 1659 ,
3681 1609 3727 1653 et
3754 1600 3886 1667 quod

2307 1713 2409 1749 non
2434 1707 2525 1749 est.
2559 1694 2770 1749 Catonis
2799 1702 2969 1747 autem
2997 1694 3076 1747 vel
3103 1692 3287 1746 Catoni
3305 1734 3322 1759 ,
3352 1702 3399 1746 et
3428 1708 3739 1762 quacunque
3768 1692 3886 1743 talia

2304 1782 2424 1840 sunt
2443 1827 2459 1851 ,
2491 1802 2592 1839 non
2615 1796 2733 1839 sunt
2765 1786 3005 1849 nomina,
3036 1786 3124 1838 sed
3152 1800 3303 1837 casus
3332 1784 3573 1837 nominis.
3608 1784 3766 1836 Ratio
3790 1798 3887 1834 au-

625 1884 854 1939 ferarum
874 1923 888 1946 ,
917 1890 1290 1949 mutarumque
1328 1877 1632 1931 animalium
1661 1875 1808 1938 soni,
1836 1888 2061 1941 quorum
2096 1886 2201 1924 vox
2232 1859 2282 1919 Β
2311 1888 2408 1931 rem
2435 1879 2546 1949 ejus
2575 1888 2648 1931 εει
2676 1878 2729 1930 in
2758 1877 2877 1930 alii;
2903 1878 3110 1947 quidem
3140 1876 3318 1929 eadem
3340 1914 3356 1937 ,
3386 1877 3474 1928 sed
3504 1874 3694 1940 differt.
3742 1873 3886 1939 Quo-

625 1976 840 2046 quidem
870 1973 1133 2041 signiﬁcat
1166 1969 1388 2039 aliquid,
1421 1977 1479 2022 ut
1515 1968 1753 2021 hinnitus
1783 1966 1904 2034 equi
1956 1963 2202 2018 consueti

623 2069 743 2137 equi
778 2065 1208 2134 inquisitionem,
1242 2062 1463 2115 latratus
1521 2074 1712 2113 canum
1756 2055 2062 2110 latrantium
2095 2056 2202 2107 ira-

626 2157 868 2213 cundiam
893 2164 1173 2216 monstrat,
1193 2153 1365 2207 etalia
1400 2149 1727 2221 huiusmodi.
1757 2149 1861 2204 Sed
1893 2163 2012 2202 cum
2043 2160 2204 2201 voces

626 2259 895 2304 mutorum
918 2245 1227 2300 animalium
1251 2244 1463 2313 propria
1488 2252 1675 2296 natura
1699 2238 2020 2309 signiﬁcent,
2044 2239 2205 2292 nullis

628 2351 803 2395 tamen
828 2338 1213 2392 elementorum
1257 2332 1500 2387 I‘ormulis
1532 2331 1963 2387 conscribuntur.
1998 2329 2203 2383 Nomen

628 2446 755 2488 vero
778 2446 1074 2499 quanquam
1097 2428 1341 2498 subiacet
1359 2427 1662 2491 elementis,
1681 2425 1826 2494 prius
1845 2434 2018 2477 tamen
2044 2435 2203 2490 quam

630 2527 691 2579 ad
716 2526 943 2593 aliquam
974 2522 1226 2592 subjectae
1260 2523 1332 2574 rei
1361 2520 1803 2589 signiﬁcationem
1831 2526 2081 2587 ponatur,
2110 2529 2207 2583 per

631 2632 689 2670 se
720 2614 853 2667 nihil
879 2614 1142 2680 designat,
1178 2621 1234 2663 ut
1263 2600 1390 2664 cum'
1411 2610 1638 2663 dicimus
1664 2608 1978 2676 scindapsus
2008 2606 2089 2660 vel
2112 2603 2208 2659 he-

632 2705 917 2774 receddyn,
946 2704 1059 2757 hac
1090 2717 1182 2770 per
1208 2715 1268 2756 se
1298 2698 1425 2753 nihil
1454 2699 1669 2768 quidem
1693 2697 2015 2765 signiﬁcant,
2037 2695 2130 2750 sed
2159 2692 2206 2748 si

629 2799 692 2848 ad
724 2794 975 2864 subjecta:
1004 2793 1081 2847 rei
1111 2792 1337 2861 alicujus
1358 2791 1800 2861 signiﬁcationem
1834 2794 2117 2855 ponantur,
2150 2794 2208 2839 ut

632 2889 838 2943 dicatur
866 2887 950 2941 vel
979 2888 1141 2940 homo
1182 2884 1514 2953 scindapsus,
1548 2881 1630 2936 vel
1660 2881 1794 2950 lapis
1827 2880 2166 2949 hereceddyn
2187 2920 2204 2946 ,

632 2991 756 3037 tunc
777 2980 889 3035 htec
919 2994 1036 3049 quae
1071 2993 1165 3049 per
1187 2993 1247 3031 se
1287 2977 1414 3030 nihil
1442 2974 1834 3045 signiﬁcabant,
1868 2974 2134 3042 positione
2155 2979 2210 3025 et

633 3073 919 3129 secundum
984 3071 1230 3141 ponentis
1278 3071 1545 3140 quoddam
1596 3069 1846 3140 placitum
1904 3068 2204 3135 designant.

635 3168 901 3236 Ergocum
918 3180 1108 3220 nomen
1125 3164 1534 3236 signiﬁcativum
1550 3171 1651 3228 est,
1666 3162 1877 3232 quando
1892 3161 2095 3232 (utipse
2112 3159 2205 3228 ait)

2310 1972 2446 2025 niam
2478 1988 2595 2024 cum
2636 1979 2745 2033 est,
2776 1969 2855 2024 vel
2896 1971 3029 2039 fuit,
3071 1970 3148 2023 πει
3187 1971 3314 2035 erit,
3360 1969 3693 2039 adjunctnm,
3734 1984 3921 2036 neque.

2310 2080 2483 2117 verum
2506 2104 2519 2124 ,
2556 2080 2714 2133 neque
2742 2064 2932 2131 falsum
2961 2069 3066 2128 est,
3098 2077 3281 2114 nomen
3307 2076 3424 2114 vero
3463 2076 3677 2130 semper,
3714 2068 3767 2111 ut
3794 2057 3888 2111 Ca-

2313 2157 2445 2211 tonis
2472 2167 2542 2211 est
2565 2198 2577 2218 ,
2607 2159 2681 2210 vet
2710 2174 2811 2209 non
2840 2166 2912 2210 est
2934 2197 2949 2219 ,
2986 2157 3212 2209 nondum
3252 2156 3385 2209 enim
3424 2155 3619 2224 aliquid
3659 2154 3781 2207 dicit
3808 2172 3890 2208 vr-

2310 2264 2424 2301 rnm
2453 2258 2541 2300 aut
2571 2248 2782 2316 falsum.

2384 2341 2646 2409 Superius
2688 2339 2866 2392 omnia
2905 2353 3241 2408 qumcunque
3281 2348 3431 2393 extra
3475 2354 3669 2393 nomen
3710 2350 3889 2394 essent

2312 2433 2585 2502 prmdictis
2628 2431 3022 2500 adjectionibus
3064 2446 3094 2484 a
3139 2430 3358 2486 nomine
3403 2431 3706 2499 separavit;
3751 2445 3889 2483 nunc

2312 2542 2446 2582 vero
2493 2526 2743 2595 quoniam
2800 2534 2925 2579 sunt
2971 2524 3216 2591 quaedam
3267 2538 3386 2592 qua:
3433 2524 3532 2577 sub
3576 2522 3891 2577 difﬁnitione

2315 2618 2534 2687 quidem
2565 2618 2802 2673 nominis
2831 2616 3063 2680 cadunt,
3094 2616 3345 2670 videntur
3389 2624 3565 2669 tamen
3608 2630 3636 2668 a
3680 2616 3893 2671 nomine

2314 2710 2656 2779 discrepare,
2689 2711 2757 2766 de
2790 2712 2871 2765 his
2907 2710 3246 2773 disserit,'ut
3275 2708 3399 2779 quid
3430 2724 3549 2764 esse
3588 2724 3782 2764 nomen
3812 2710 3892 2763 in—

2314 2814 2469 2876 tegre
2525 2804 2773 2857 videatur
2812 2802 3080 2873 expediat.
3130 2800 3282 2867 Quod
3328 2800 3472 2855 enim
3518 2801 3746 2855 dicimus
3790 2816 3891 2854 non

2316 2895 2509 2962 homo,
2545 2894 2629 2949 vel
2662 2911 2766 2948 non
2799 2909 2968 2962 equus
2991 2934 3006 2957 ,
3036 2893 3209 2947 oratio
3240 2891 3453 2961 quidem
3495 2906 3598 2945 non
3629 2899 3732 2946 est.
3763 2891 3889 2945 0m-

2315 2987 2401 3039 nis
2431 2985 2573 3041 enim
2599 2986 2770 3039 oratio
2798 2994 2891 3037 aut
2923 2983 3229 3037 nominibus
3255 2992 3466 3036 constat
3493 2990 3548 3037 et
3576 2982 3775 3048 verbis,
3807 2991 3894 3037 aut

2315 3074 2448 3129 solis
2477 3074 2685 3127 duobus
2718 3074 2801 3127 vel
2834 3073 3075 3140 pluribus
3106 3073 3285 3126 verbis
3307 3113 3321 3138 ,
3370 3074 3449 3125 vel
3496 3073 3627 3127 solis
3670 3075 3894 3128 nomini-

2315 3168 2437 3225 bus.
2474 3168 2530 3224 Iu
2561 3183 2626 3224 eo
2657 3177 2834 3223 autem
2865 3166 3004 3237 quod
3037 3175 3118 3221 est
3149 3182 3253 3221 non
3286 3167 3466 3231 homo,
3498 3183 3659 3221 unum
3691 3178 3892 3222 tantum

547 3282 553 3289 ο
634 3260 690 3313 tit
713 3268 856 3324 uota,
905 3269 1031 3313 tunc
1060 3266 1235 3312 autem
1264 3256 1326 3312 ﬁt
1351 3266 1471 3311 nota
1504 3272 1623 3312 cum
1645 3255 1937 3314 secundum
1964 3253 2209 3324 intuentis

2236 3237 2283 3301 (Ζ
2314 3276 2513 3315 nomen
2554 3270 2669 3325 est,
2703 3259 2847 3329 quod
2887 3260 3075 3314 dicitur
3120 3260 3301 3325 homo,
3333 3259 3383 3314 id
3429 3270 3604 3313 autem
3647 3260 3787 3329 quod
3818 3270 3896 3315 est

632 3352 883 3419 placitum
946 3349 1261 3403 vocabulum
1286 3350 1426 3417 quod
1460 3349 1771 3402 naturaliter
1799 3348 1935 3401 nihil
1965 3347 2210 3412 designa-

633 3443 720 3495 bat
751 3439 815 3493 ad
854 3438 1103 3508 subjecta:
1144 3440 1217 3492 rei
1264 3439 1700 3507 signiﬁcationem
1743 3438 1934 3502 datur;
2001 3437 2099 3489 hoc
2129 3444 2212 3490 est

632 3532 771 3586 enim
804 3532 943 3599 quod
972 3530 1067 3596 ait,
1099 3530 1156 3582 ﬁt
1187 3539 1339 3591 nota;
1383 3528 1427 3581 si
1469 3530 1611 3583 enim
1649 3529 1961 3582 naturaliter
1994 3529 2210 3580 nomina

631 3624 1012 3695 signiﬁcarent,
1055 3637 1319 3691 nunquam
1351 3622 1419 3677 de
1442 3622 1524 3677 his
1556 3622 1869 3676 Aristoteles
1897 3622 2121 3685 diceret,
2155 3620 2212 3674 ﬁt

632 3727 777 3779 nota,
804 3725 927 3769 tunc
950 3714 1089 3768 enim
1120 3729 1223 3768 non
1252 3714 1405 3768 ﬁeret
1431 3722 1575 3779 nota,
1601 3714 1693 3768 sed
1723 3725 1897 3778 esset;
1919 3729 2045 3781 ergo
2073 3729 2207 3782 quo-

633 3809 773 3863 niam
816 3809 1025 3862 nomina
1066 3807 1355 3861 secundum
1385 3806 1635 3877 placitum
1675 3806 2021 3877 signiﬁcativa
2062 3815 2205 3865 sunt,

632 3902 867 3955 ferarum
909 3914 1037 3955 vero
1068 3899 1325 3953 illitterati
1356 3900 1471 3954 soni
1502 3898 1790 3954 secundum
1822 3909 2089 3961 naturam,
2132 3897 2211 3950 id-

631 3993 772 4049 circo
795 3992 984 4046 horum
1007 4007 1166 4046 voces
1186 4007 1304 4046 esse
1326 3990 1542 4045 nomina
1566 4006 1670 4044 non
1693 3990 1958 4043 dicuntur.
1985 3988 2211 4043 Univer-

631 4085 810 4140 saliter
836 4094 1011 4139 autem
1034 4085 1296 4138 dicimus:
1325 4084 1561 4138 omnium
1583 4099 1771 4139 vocum
1801 4085 1918 4137 alite
1945 4093 2067 4137 sunt
2090 4099 2210 4151 qua:

631 4178 845 4233 inscribi
896 4177 1087 4255 litteris
1129 4185 1372 4245 possunt,
1416 4177 1535 4230 alim.
1569 4192 1687 4245 quae
1723 4192 1826 4229 non
1862 4185 2104 4245 possunt.
2147 4174 2211 4228 Et

631 4284 812 4322 rursus
835 4282 1015 4321 earum
1043 4282 1161 4335 quae
1188 4266 1549 4321 inscribuntur
1575 4266 1655 4318 vel
1686 4266 1922 4328 minime,
1952 4266 2067 4318 alim
2092 4265 2209 4333 qui-

631 4362 750 4416 dem
796 4361 1125 4429 signiﬁcant,
1172 4358 1291 4413 alize
1341 4373 1467 4412 vero
1514 4357 1667 4413 nihil.
1711 4358 1953 4426 Amplius
1996 4372 2207 4425 quoque

630 4454 866 4506 ninnium
899 4467 1110 4515 vocum,
1145 4450 1265 4504 alia:
1291 4450 1583 4504 secundum
1624 4450 1873 4518 placitum
1906 4449 2205 4518 designant,

630 4545 748 4597 aliae
775 4559 901 4598 vero
933 4541 1264 4596 naturaliter.
1310 4541 1509 4595 Nomen
1548 4556 1675 4611 ergo
1705 4541 1996 4596 secundum
2043 4541 2206 4607 placi-

2317 3369 2460 3420 non,
2495 3367 2665 3421 neque
2696 3367 2890 3405 nomen
2934 3362 3051 3418 est,
3094 3367 3269 3422 neque
3310 3352 3549 3406 verbum.
3590 3351 3767 3417 Quare
3804 3369 3898 3408 ne-

2318 3461 2420 3515 quo
2451 3460 2513 3499 ex
2544 3444 2751 3499 duobus
2778 3444 2960 3499 verbis
2989 3452 3235 3509 constat,
3268 3454 3360 3498 aut
3399 3460 3463 3499 ex
3505 3445 3666 3500 verbo
3706 3454 3760 3500 et
3802 3460 3897 3500 no-

2319 3539 2486 3591 mine.
2534 3537 2765 3592 Verbum
2814 3539 2959 3592 enim
3007 3538 3061 3591 in
3115 3553 3179 3593 eo
3225 3539 3427 3592 nullum
3479 3549 3587 3603 est,
3632 3555 3797 3609 quare
3846 3541 3897 3594 id

2318 3630 2461 3698 quod
2490 3630 2719 3685 dicimus
2750 3645 2851 3685 ηοη
2887 3631 3078 3697 homo,
3109 3631 3284 3686 oratio
3326 3647 3432 3686 non
3475 3643 3575 3687 est.
3616 3632 3732 3688 Jam
3771 3650 3897 3688 vero

2318 3736 2420 3776 nec
2448 3722 2670 3776 verbum
2701 3737 2822 3777 esse
2850 3733 3155 3777 monstrare
3211 3722 3534 3792 superﬂuum
3563 3720 3662 3789 est,
3692 3740 3810 3778 cum
3842 3726 3894 3778 in

2319 3816 2504 3869 verbis
2550 3825 2787 3882 tempora
2836 3832 3050 3883 semper
3096 3818 3464 3885 reperiantur,
3518 3820 3568 3871 in
3623 3820 3719 3871 hoc
3772 3834 3896 3873 vero

2320 3907 2526 3960 nullum
2559 3909 2774 3962 omnino
2805 3908 3084 3976 quisquam
3117 3919 3324 3978 tempus
3358 3910 3615 3967 inveniat.
3656 3910 3761 3965 Sed
3803 3926 3897 3966 nec

2321 4001 2536 4071 negatio
2592 4010 2696 4054 est.
2739 4000 2923 4054 Omnis
2967 4002 3110 4053 enim
3159 4001 3368 4071 negatio
3414 4003 3585 4055 oratio
3630 4014 3746 4066 est,
3792 4017 3897 4057 non

2323 4092 2486 4143 homo
2527 4106 2656 4144 vero
2697 4106 2815 4144 cum
2867 4091 3039 4145 oratio
3080 4107 3182 4144 non
3228 4093 3333 4157 sit,
3381 4108 3477 4147 nec
3521 4094 3736 4161 negatio
3782 4108 3899 4149 esse

2319 4191 2521 4249 potest.
2553 4182 2682 4235 lllud
2714 4198 2922 4251 quoque
2945 4224 2958 4247 ,
2993 4182 3133 4250 quod
3166 4184 3340 4235 omnis
3380 4185 3591 4251 negatio
3635 4192 3726 4236 aut
3768 4198 3894 4237 vera

2290 4282 2414 4328 'ant
2442 4275 2572 4327 l'alsa
2617 4285 2736 4338 est,
2767 4290 2870 4327 non
2915 4276 3076 4329 homo
3120 4291 3248 4330 vero
3286 4292 3459 4347 neque
3498 4292 3679 4331 verum
3726 4293 3898 4346 neque

2320 4368 2511 4420 falsum
2543 4377 2621 4419 est
2643 4407 2658 4430 ,
2690 4382 2881 4421 sensus
2910 4369 3050 4421 enim
3080 4368 3271 4436 plenus
3302 4385 3405 4421 non
3437 4378 3551 4433 est,
3593 4384 3759 4439 quare
3800 4384 3897 4424 ne-

2319 4458 2465 4524 gatio
2494 4472 2611 4511 esse
2641 4467 2856 4527 propter
2898 4458 2996 4513 hoc
3036 4475 3248 4528 quoque
3290 4475 3393 4513 non
3437 4459 3650 4514 dicitur.
3697 4460 3898 4517 Nomen

2317 4565 2451 4604 vero
2494 4566 2614 4605 esse
2655 4551 2777 4619 quis
2818 4550 2993 4617 dicat,
3027 4566 3147 4604 cum
3179 4567 3339 4607 omne
3387 4567 3579 4607 nomen
3623 4553 3736 4607 sive
3781 4570 3898 4623 pro-

630 4646 741 4687 tum
764 4645 865 4697 est,
897 4634 1160 4703 positione
1186 4635 1328 4688 enim
1360 4633 1553 4687 laetum
1581 4642 1664 4688 est
1686 4634 1936 4702 subjecta:
1958 4634 2034 4687 rei
2058 4641 2201 4686 nota.
2230 4602 2285 4664 D
2315 4645 2497 4712 prium
2521 4685 2536 4708 ,
2590 4602 2703 4697 sio;
2756 4602 3136 4712 θρρειιειίίνυιη
3188 4645 3292 4709 εει,
3345 4644 3562 4699 deﬁnite
3615 4602 3895 4714 signiﬁcet

630 4726 769 4779 Nihil
801 4729 939 4779 enim
971 4725 1242 4779 nominum
1269 4735 1352 4780 est
1402 4723 1545 4795 quod
1582 4727 1895 4781 naturaliter
1922 4724 2203 4795 signiﬁcet,

629 4836 733 4872 non
766 4819 906 4872 enim
938 4834 1129 4872 nomen
1160 4816 1414 4873 informat
1447 4818 1761 4886 signiﬁcatio
1792 4819 2082 4873 secundum
2113 4834 2206 4872 na-

630 4920 835 4975 ttrratu,
894 4908 986 4963 sed
1039 4909 1329 4963 secundum
1378 4909 1630 4977 placitum
1670 4910 2008 4980 signiﬁcatio.
2070 4910 2203 4964 Nam

625 5015 676 5057 et
721 5002 975 5057 illitterati
1017 5004 1133 5057 soni
1178 5003 1502 5071 signiﬁcant,
1537 5013 1594 5057 ut
1634 5014 1757 5058 sunt
1790 5006 2042 5072 terarum,
2072 5021 2206 5075 quos

624 5097 744 5151 ideo
776 5112 938 5151 sonos
969 5096 1200 5160 vocavit,
1221 5096 1470 5163 quoniam
1501 5105 1623 5147 sunt
1654 5105 1796 5148 muta
1825 5096 2066 5164 quaedam
2088 5096 2204 5149 ani-

631 5190 788 5242 malia
838 5204 953 5256 qua:
991 5202 1176 5241 vocem
1218 5186 1437 5240 omnino
1473 5201 1576 5239 non
1611 5185 1825 5251 habent,
1864 5187 1957 5240 sed
1997 5194 2200 5240 tantum

626 5283 806 5333 sonitu
836 5279 1063 5348 quodam
1091 5288 1432 5347 concrepant.
1462 5276 1687 5345 Quidam
1714 5278 1855 5332 enim
1882 5279 2057 5347 pisces
2095 5293 2200 5332 non

625 5385 775 5434 voce,
801 5372 893 5426 sed
926 5371 1155 5425 branciis
1180 5379 1374 5423 sonant
1395 5381 1449 5423 et
1469 5368 1549 5439 (ut
1578 5369 1901 5438 Porphyrius
1931 5370 2193 5437 autumat)

623 5462 803 5516 cicada
832 5477 927 5532 per
970 5472 1151 5531 pectus
1193 5460 1422 5515 sonitum
1466 5461 1648 5526 mittit,
1689 5475 1913 5528 quorum
1955 5460 2197 5514 omnium

623 5553 755 5607 nihil
775 5563 857 5608 est
881 5568 1092 5608 nomen.
1122 5552 1233 5608 Hoc
1253 5561 1430 5608 autem
1454 5553 1652 5607 dictum
1676 5562 1758 5607 est
1784 5569 1889 5607 non
1915 5554 2051 5621 quod
2079 5553 2199 5607 nul-

623 5642 732 5697 lum
763 5659 955 5699 nomen
985 5646 1054 5699 sit
1094 5646 1280 5701 harum
1324 5660 1512 5700 vocum
1552 5662 1683 5716 quas
1722 5646 1972 5699 animalia
2014 5645 2198 5715 profe-

625 5743 769 5795 runt,
791 5736 884 5790 sed
904 5737 1045 5804 quod
1074 5737 1157 5792 bis
1182 5754 1286 5792 non
1306 5738 1455 5793 velut
1475 5738 1779 5793 nominibus
1800 5747 2037 5794 utantur.
2063 5736 2198 5791 Nam

626 5829 869 5900 quamvis
916 5829 1183 5886 illitterata
1221 5833 1287 5886 sit
1327 5848 1430 5887 vox
1477 5843 1530 5889 et
1576 5842 1767 5889 natura
1812 5834 2099 5904 signiﬁcet,
2140 5844 2198 5888 ut

2316 4733 2452 4787 Cum
2482 4732 2625 4788 enim
2655 4732 2774 4787 dico
2805 4732 3029 4800 Cicero,
3061 4749 3221 4789 unam
3272 4750 3554 4803 personam
3578 4777 3594 4800 ,
3638 4752 3899 4805 unamque

2317 4827 2673 4881 substantiam
2705 4827 3009 4893 nominavi,
3042 4839 3093 4881 et
3123 4844 3241 4880 cum
3274 4827 3393 4881 dico
3425 4828 3617 4896 homo,
3650 4829 3789 4898 quod
3822 4840 3901 4886 cst

2322 4934 2517 4972 nomen
2549 4918 2933 4987 appellativum
2957 4960 2971 4985 ,
3001 4917 3273 4972 deﬁnitam
3308 4918 3663 4973 substantiam
3702 4921 3900 4990 signiﬁ-

2317 5014 2457 5063 cavi.
2503 5010 2635 5063 Cum
2680 5024 2809 5063 vero
2838 5010 2960 5063 dico
3005 5025 3109 5064 non
3155 5011 3349 5078 homo,
3397 5012 3642 5082 signiﬁco
3685 5014 3900 5083 quidem

2318 5099 2604 5167 quiddam,
2641 5099 2692 5153 id
2726 5101 2864 5168 quod
2898 5100 3059 5155 homo
3090 5116 3193 5155 non
3224 5112 3338 5165 est,
3373 5104 3465 5157 sed
3497 5104 3598 5158 hoc
3636 5104 3899 5161 inﬁnitum

2319 5199 2425 5245 est.
2470 5190 2651 5243 Potest
2689 5190 2828 5244 enim
2871 5201 2925 5243 et
2963 5195 3111 5247 canis
3152 5194 3470 5263 signiﬁcari;
3515 5207 3569 5251 et
3614 5213 3814 5259 equus,
3847 5207 3899 5252 et

2320 5283 2458 5350 lapis
2478 5323 2492 5349 ,
2524 5292 2577 5337 et
2602 5284 2959 5355 quodcunque
2990 5287 3149 5341 homo
3181 5304 3282 5341 non
3320 5290 3473 5344 fucrit
3495 5334 3507 5353 ,
3544 5298 3597 5345 et
3627 5293 3899 5361 azqualiter

2318 5373 2533 5437 dicitur,
2565 5384 2618 5427 et
2649 5376 2698 5427 in
2730 5392 2795 5429 co
2826 5377 2966 5445 quod
2990 5388 3113 5441 est,
3147 5388 3199 5431 et
3230 5380 3281 5432 in
3311 5396 3374 5432 eo
3407 5382 3545 5449 quod
3579 5397 3681 5435 non
3711 5391 3811 5437 est.
3844 5381 3899 5436 Si

2320 5466 2442 5534 quis
2469 5465 2609 5520 enim
2636 5467 2705 5521 de
2734 5468 2878 5537 Sylla
2910 5470 2998 5535 qui
3031 5485 3133 5522 non
3161 5479 3275 5533 est,
3310 5471 3447 5525 dicat
3478 5488 3585 5526 non
3619 5474 3799 5541 homo,
3829 5474 3899 5528 si-

2318 5558 2536 5625 griﬁcat
2566 5560 2814 5626 quiddam
2849 5561 2986 5629 quod
3023 5561 3074 5615 in
3105 5562 3401 5616 substantia
3432 5580 3591 5632 atque
3632 5568 3680 5619 in
3722 5582 3895 5621 rerum

2322 5663 2507 5705 natura
2540 5669 2644 5707 non
2678 5665 2974 5723 pa-rmanet.
3020 5656 3223 5724 Siquis
3266 5668 3439 5713 autem
3485 5662 3563 5713 vel
3612 5662 3677 5713 de
3726 5660 3895 5729 lapnic

2318 5746 2401 5799 vel
2435 5746 2502 5801 de
2528 5746 2669 5816 ligno
2690 5789 2703 5811 ,
2740 5748 2819 5801 vel
2851 5748 2918 5802 de
2949 5748 3068 5800 aliis
3096 5765 3215 5816 qum
3243 5763 3367 5804 sunt
3407 5752 3567 5805 rebus
3608 5753 3744 5807 dicat
3790 5770 3891 5804 non

2286 5836 2512 5933 'homo,
2545 5839 2685 5894 idem
2732 5850 2904 5896 tamen
2949 5841 3145 5910 aliquid
3190 5844 3545 5914 signiﬁcabit,
3591 5857 3641 5901 et
3684 5859 3888 5915 semper
