4270 6266
362 374 460 427 423

1097 370 1159 430 ΙΝ
1201 374 1458 431 LIBRUM
1499 371 1585 429 DE
1626 364 2265 429 ιΝΤΕιιΡιιΕΤΑΤιοΝΕ
2308 372 2529 428 EDITIO
2577 372 2911 430 SECUNDA.

3518 371 3620 425 tan

359 499 552 555 praeter
582 488 633 543 id
663 490 803 559 quod
836 491 1067 545 nominat
1106 490 1414 559 hujusmodi
1443 488 1687 544 vocabuli
1729 488 1934 558 signiﬁ-
1962 486 2018 548 Α
2055 486 2183 541 ιιιἰηί
2235 487 2379 542 omni
2427 487 2745 542 dilﬁnitione
2788 486 3083 556 conjuncti.
3127 486 3310 559 Magna
3352 495 3435 544 est
3480 490 3622 544 enim

357 580 499 634 catio
526 590 628 634 est.
661 580 883 635 Sublato
913 582 1054 635 enim
1085 581 1301 636 homine
1329 581 1582 652 quidquid
1627 589 1819 649 praeter
1846 579 1941 633 ho-

360 673 559 728 minem
592 681 713 738 est,
746 678 845 727 hoc
887 674 1150 743 signiﬁcat
1192 690 1297 728 non
1346 674 1537 735 homo,
1585 672 1725 742 quod
1769 687 1798 725 a
1845 686 1943 724 no-

362 761 507 817 mine
539 762 822 829 plurimum
854 762 1067 827 differt;
1101 777 1260 817 omne
1302 764 1448 817 enim
1491 775 1684 815 nomen
1726 762 1818 832 (ut
1856 760 1939 814 di-

363 864 503 906 ctum
532 856 652 919 est)
684 853 901 907 deﬁnite
946 853 996 906 id
1039 854 1302 921 significat
1343 852 1481 922 quod
1530 852 1854 913 nominatur,
1887 857 1943 904 et

364 963 465 1000 non
496 946 737 1000 similiter
764 955 817 999 et
845 946 911 999 de
941 961 1006 1000 eo
1036 946 1173 1015 quod
1207 956 1288 1000 est
1310 988 1323 1008 ,
1357 957 1410 1000 et
1438 945 1507 999 de
1545 961 1611 998 eo
1653 946 1791 1013 quod
1835 959 1940 998 non

361 1049 441 1091 est
473 1037 681 1101 dicitur,
732 1038 823 1090 sed
866 1036 981 1091 haec
1021 1036 1324 1105 hujusmodi
1370 1052 1467 1092 vox
1516 1047 1570 1093 et
1609 1037 1941 1106 designativa

359 1138 472 1193 est,
503 1136 555 1183 et
581 1127 646 1181 ad
674 1127 923 1196 placitum
943 1169 956 1193 ,
989 1136 1044 1181 et
1070 1128 1186 1183 sine
1218 1140 1493 1198 tempore,
1527 1140 1581 1183 et
1610 1130 1705 1201 (ιιι
1737 1128 1938 1186 dictum

357 1220 473 1289 cst)
507 1228 683 1288 partes
708 1219 826 1287 ejus
856 1214 989 1273 nihil
1030 1230 1176 1274 extra
1216 1220 1518 1289 designant.
1563 1220 1737 1288 Quare
1777 1219 1938 1273 dubia

358 1314 492 1381 apud
522 1313 770 1382 antiquos
800 1313 1063 1367 sententia
1096 1314 1190 1366 fuit
1210 1353 1223 1376 ,
1260 1324 1434 1366 utrum
1466 1327 1660 1367 nomen
1693 1312 1793 1365 hoc
1825 1326 1935 1364 non

359 1405 630 1467 dicerent,
674 1421 742 1457 an
785 1403 888 1459 hoc
926 1405 1101 1471 aliqua
1141 1404 1440 1473 adjectiooe
1478 1404 1713 1457 nominis
1741 1403 1937 1456 diffini-

360 1498 491 1552 tioni
520 1497 870 1567 subjicerent.
904 1497 970 1550 Et
999 1496 1091 1567 qui
1119 1496 1223 1551 hoc
1252 1512 1282 1551 a
1325 1497 1539 1551 nomine
1581 1499 1897 1565 separabant
1918 1538 1933 1564 ,

363 1593 429 1643 ita
484 1606 677 1645 nomen
724 1590 1045 1645 dilﬁnitione
1094 1590 1420 1646 claudebant
1462 1591 1700 1645 dicentes
1746 1606 1939 1645 nomen

361 1698 480 1735 esse
531 1697 712 1735 vocem
758 1683 1140 1750 designativam
1187 1682 1477 1736 secundum
1522 1682 1775 1750 placitum
1824 1683 1941 1737 sine

361 1784 604 1843 tempore
633 1776 1054 1841 circumscriptae
1098 1774 1537 1843 signiﬁcationis,
1570 1776 1720 1844 cujus
1762 1784 1941 1844 partes

2047 580 2403 649 discrepantia
2434 581 2576 650 quod
2606 589 2811 637 rectum
2854 594 3053 637 nomen
3084 596 3204 636 cum
3234 590 3319 637 est
3339 580 3621 653 junctum,
3647 582 3655 593 '

2048 671 2337 740 perlectam
2378 672 2673 726 orationem
2718 671 2879 739 facit,
2919 674 3121 743 obliqui
3166 689 3323 728 casus
3370 673 3624 741 itnperle-
3704 680 3709 683 “

2045 772 2206 817 ctam.
2240 763 2395 830 Quod
2424 772 2600 817 autem
2645 762 2843 817 dictum
2891 773 2973 817 est
3016 764 3260 833 obliquos
3300 776 3457 818 casus
3499 778 3625 819 cum

2047 863 2131 909 est
2159 856 2326 909 verbo
2348 856 2561 922 junctos
2591 856 2886 910 orationem
2929 854 3220 923 perfectam
3261 869 3367 908 non
3410 856 3622 921 facere,

2047 961 2152 1000 non
2183 945 2411 999 dicimus
2441 946 2693 1015 quoniam
2722 959 2840 999 cum
2868 944 3014 997 nullo
3045 943 3209 997 verbo
3239 943 3439 1013 obliqui
3468 957 3627 1000 casus

2041 1038 2337 1108 junguntur
2369 1039 2436 1091 ita
2462 1080 2476 1103 ,
2511 1046 2567 1092 ut
2597 1038 2726 1091 nihil
2758 1037 3083 1106 indigentem
3118 1036 3395 1103 perﬁciant
3426 1038 3626 1091 oratio-

2050 1145 2193 1183 nem.
2230 1130 2359 1183 Cum
2390 1131 2533 1182 enim
2557 1128 2697 1193 dico,
2731 1127 3007 1184 Socratem
3037 1125 3291 1194 poenitet,
3328 1126 3625 1181 enuntiatio

2046 1230 2161 1287 est,
2195 1222 2287 1276 sed
2322 1237 2427 1275 non
2458 1237 2579 1276 cum
2609 1221 2754 1275 omni
2785 1220 2979 1289 verbo,
3014 1220 3107 1275 sed
3142 1227 3343 1273 tantum
3387 1234 3506 1272 cum
3541 1227 3627 1273 est

2045 1313 2130 1367 vel
2178 1330 2282 1367 non
2325 1324 2441 1380 est,
2482 1314 2536 1367 hi
2593 1328 2748 1368 casus
2787 1313 2957 1381 juncﬁ
2997 1313 3286 1382 perlectam
3330 1313 3628 1366 orationem

2044 1405 2188 1459 nulla
2222 1406 2429 1460 ratione
2459 1405 2811 1459 constituunt.
2860 1405 3035 1474 Atque
3068 1404 3170 1459 hoc
3198 1414 3280 1459 est
3325 1405 3468 1475 quod
3513 1406 3624 1459 ait:

2044 1495 2263 1550 Catonis
2295 1506 2472 1550 autem
2509 1496 2593 1550 vel
2632 1494 2823 1550 Catoni
2864 1504 2919 1551 et
2948 1510 3279 1564 quaecunque
3310 1496 3433 1549 talia
3466 1505 3625 1563 sunt,

2045 1601 2150 1640 non
2196 1596 2323 1640 sunt
2354 1590 2606 1651 nomina,
2640 1586 2731 1641 sed
2776 1601 2931 1641 casus
2976 1588 3223 1641 nominis.
3272 1587 3421 1643 Unde
3462 1590 3625 1643 etiam

2044 1676 2350 1746 discrepare
2376 1679 2643 1741 videntur,
2673 1677 2786 1731 hsce
2807 1678 2946 1732 enim
2977 1678 3190 1732 nomina
3220 1694 3324 1732 non
3348 1689 3626 1735 vocantur.

2046 1767 2138 1820 llla
2168 1769 2310 1822 enim
2346 1768 2547 1822 rectius
2576 1769 2827 1822 dicuntur
2850 1768 3065 1822 nomina
3095 1783 3212 1837 qua:
3245 1768 3415 1837 prima
3455 1770 3628 1839 posita

362 1867 488 1921 nihil
523 1876 674 1922 extra
706 1866 1086 1937 designarent,
1124 1877 1175 1919 ut
1206 1867 1456 1936 quoniam
1488 1881 1592 1920 non
1637 1867 1796 1921 homo
1827 1883 1939 1921 rem
1972 1856 2020 1915 B
2047 1870 2210 1919 sunt;
2242 1861 2292 1914 id
2324 1868 2407 1914 est
2435 1876 2555 1930 qua:
2584 1860 2784 1927 aliquid
2814 1869 3133 1916 monstrant.
3175 1861 3453 1917 Genitivus
3481 1863 3627 1918 enim

360 1958 810 2027 circumscriptam
836 1973 940 2010 non
968 1956 1311 2028 designaret,
1338 1973 1368 2012 a
1394 1957 1611 2012 nomine
1639 1966 1938 2027 separetur.

362 2052 463 2109 Alii
495 2066 622 2104 vero
651 2064 754 2104 non
781 2050 966 2105 eodem
1001 2050 1161 2105 modo
1181 2092 1193 2112 ,
1230 2051 1327 2104 scd
1360 2050 1607 2106 dicebant
1637 2051 1847 2119 quidem
1890 2051 1943 2105 id

362 2158 483 2197 esse
514 2157 709 2195 nomen
733 2182 746 2206 ,
778 2140 870 2195 sed
905 2156 1009 2196 non
1054 2142 1389 2210 simpliciter.
1436 2142 1672 2210 Quadam
1717 2158 1945 2212 namque

361 2234 669 2303 adjectione
694 2234 793 2287 sub
820 2236 1034 2290 nomine
1062 2236 1185 2304 poni
1218 2250 1375 2304 posse
1403 2235 1533 2290 illud
1563 2237 1817 2303 putabant
1844 2239 1944 2291 hoc

361 2328 552 2393 modo,
586 2336 641 2380 ut
670 2326 807 2381 sicut
838 2329 996 2381 homo
1027 2337 1274 2385 mortuus
1300 2344 1406 2383 non
1451 2327 1649 2382 dicitur
1678 2327 1941 2397 simplici-

362 2432 440 2477 ter
468 2423 651 2490 homo,
680 2425 775 2495 sed
810 2424 971 2479 homo
1000 2437 1263 2482 mortuus.
1298 2427 1370 2481 Ita
1402 2442 1612 2497 quoque
1654 2434 1710 2482 et
1748 2440 1943 2480 nomen

365 2514 466 2569 hoc
504 2517 642 2585 quod
690 2516 821 2569 nihil
864 2516 1081 2572 definite
1123 2517 1481 2589 signiﬁcaret,
1529 2533 1635 2573 non
1675 2517 1944 2572 diceretur

364 2620 556 2661 nomen
586 2606 917 2676 simpliciter,
946 2609 1039 2661 sed
1070 2623 1262 2663 nomen
1308 2609 1571 2662 inﬁnitum
1594 2648 1610 2673 ,
1640 2608 1793 2677 cujus
1822 2622 1943 2660 sen-

367 2697 544 2751 tentiae
575 2698 892 2752 Aristoteles
920 2707 1105 2753 auctor
1134 2711 1250 2765 est,
1284 2699 1374 2769 qui
1418 2714 1477 2754 se
1518 2699 1620 2754 hoc
1665 2700 1738 2753 rei
1784 2714 1945 2753 voca-

367 2786 544 2841 bulum
594 2796 837 2842 autumat
885 2788 1176 2843 invenisse.
1221 2789 1311 2843 Ait
1357 2791 1537 2854 enim,
1583 2798 1637 2842 at
1676 2804 1806 2844 vero
1846 2804 1946 2845 nec

367 2890 559 2938 nomen
603 2894 685 2938 est
728 2884 992 2953 positum,
1034 2899 1139 2955 quo
1177 2884 1309 2939 illud
1352 2893 1597 2954 oporteat
1640 2885 1942 2954 appellare,

364 2976 547 3030 dicens
576 2974 625 3029 id
657 2974 800 3044 quod
829 2974 1054 3029 dicimus
1082 2975 1379 3029 non‘homo
1405 2991 1509 3042 quo
1547 2974 1806 3030 vocabulo
1844 2975 1941 3029 de-

366 3064 488 3119 beat
538 3064 790 3135 appellari
840 3080 944 3119 non
985 3068 1131 3119 novit
1179 3065 1499 3135 antiquitas,
1555 3076 1610 3121 et
1661 3081 1827 3136 usque
1877 3064 1943 3120 ad

365 3153 704 3207 Aristotelem
735 3155 910 3210 nullus
955 3164 1177 3209 noverat
1205 3156 1332 3224 quid
1374 3165 1516 3210 esset
1558 3156 1608 3209 id
1652 3156 1793 3225 quod
1836 3171 1939 3210 non

2047 1969 2203 2008 casus
2234 1968 2338 2007 non
2370 1955 2607 2023 aliquid,
2649 1955 2740 2009 scd
2784 1955 3048 2024 alicujus,
3092 1966 3145 2009 et
3184 1956 3392 2011 dativus
3431 1957 3624 2023 alicui,

2049 2060 2095 2100 et
2131 2046 2313 2101 eteteri
2343 2046 2531 2100 eodem
2564 2046 2741 2100 modo.
2776 2046 2972 2101 Rectus
3002 2062 3128 2102 vero
3167 2047 3256 2116 qui
3302 2055 3384 2101 est
3422 2048 3628 2117 primus

2050 2154 2163 2191 rem
2196 2146 2493 2202 monstrat,
2528 2147 2584 2192 ut
2613 2139 2657 2192 si
2686 2139 2805 2207 quis
2832 2139 2971 2193 dicat
3001 2141 3246 2195 Socrates
3272 2180 3285 2203 ,
3317 2150 3477 2211 atque
3504 2142 3630 2198 ideo

2050 2229 2135 2284 hic
2169 2231 2530 2284 nominativus
2556 2230 2772 2299 dicitur,
2802 2232 2941 2301 quod
2974 2233 3209 2287 nominis
3234 2233 3629 2302 quodammodo

2048 2322 2194 2376 solus
2240 2330 2419 2377 teneat
2459 2324 2601 2387 vim,
2637 2338 2942 2393 nomenque
2983 2324 3087 2388 sit,
3132 2335 3187 2379 et
3229 2326 3517 2381 verisimile
3544 2335 3629 2381 est

2050 2430 2172 2467 eum
2204 2415 2293 2485 qui
2326 2414 2528 2484 primus
2560 2418 2775 2471 nomina
2808 2416 2968 2471 rebus
3000 2418 3254 2487 imposuit
3284 2419 3353 2472 ita
3393 2418 3625 2482 dixisse,

2051 2520 2268 2563 vocetur
2299 2509 2384 2563 hic
2416 2510 2606 2573 homo,
2640 2520 2694 2564 et
2721 2524 2905 2564 rursus
2942 2500 3157 2565 vocetur
3197 2512 3283 2565 hic
3312 2511 3466 2581 lapis.
3498 2512 3627 2567 Pos-

2049 2601 2244 2654 teriore
2276 2614 2406 2655 vero
2438 2616 2533 2655 usu
2565 2600 2759 2655 factum
2789 2608 2905 2667 est,
2936 2608 2994 2654 ut
3022 2602 3074 2656 iu
3101 2602 3234 2655 alios
3263 2616 3420 2656 casus
3448 2603 3627 2671 primi-

2048 2701 2134 2747 tus
2163 2692 2393 2762 positum
2428 2707 2623 2747 nomen
2652 2687 3006 2748 deri'varetur.
3037 2691 3173 2746 Illud
3206 2708 3417 2763 quoque
3449 2694 3625 2764 majus

2047 2792 2131 2837 cst
2183 2784 2324 2852 quod
2371 2785 2547 2838 omnis
2589 2798 2745 2839 casus
2786 2784 3017 2838 nominis
3060 2783 3283 2853 alicujus
3328 2799 3482 2839 casus
3520 2797 3623 2843 est.

2048 2875 2191 2945 Ergo
2221 2876 2321 2929 nisi
2352 2878 2423 2929 sit
2451 2890 2645 2929 nomen
2666 2919 2680 2943 ,
2715 2874 2866 2945 cujus
2891 2888 3050 2929 casus
3077 2874 3177 2937 sit,
3211 2889 3368 2930 casus
3395 2877 3625 2931 nominis

2046 2965 2151 3021 dici
2177 2975 2326 3021 recte
2348 2982 2453 3020 non
2480 2976 2672 3035 potest.
2698 2964 2868 3020 Casus
2888 2974 3064 3019 autem
3082 2965 3258 3019 omnis
3280 2965 3497 3021 iuflexio
3519 2979 3621 3023 est.

2047 3057 2152 3112 Sed
2198 3057 2497 3127 genitivus,
2522 3066 2576 3113 et
2602 3057 2832 3125 dativus,
2876 3066 2931 3111 et
2963 3056 3143 3112 caueri
3191 3058 3501 3112 nominativi
3542 3059 3625 3113 in-

2046 3150 2301 3206 ﬂexiones
2314 3157 2459 3216 sunt,
2472 3165 2570 3220 qua
2580 3165 2637 3204 re
2649 3149 2956 3204 nominativi
2970 3162 3126 3203 casus
3139 3154 3296 3204 erunt
3308 3192 3321 3217 ,
3346 3148 3441 3205 sed
3452 3151 3625 3206 omnis

365 3242 529 3296 homo
574 3243 856 3309 diceretur,
899 3246 992 3300 sed
1038 3245 1124 3300 hic
1169 3245 1291 3299 huic
1346 3246 1578 3301 sermoni
1626 3246 1941 3302 vocabulum
1969 3220 2016 3284 ο
2050 3259 2208 3299 casus
2237 3246 2326 3315 qui
2370 3244 2662 3300 secundum
2694 3256 2888 3298 nomen
2918 3252 3034 3310 est,
3074 3243 3303 3296 nominis
3331 3257 3486 3298 casus
3519 3253 3621 3299 est.

365 3331 544 3399 posuit
573 3333 755 3387 dicens
778 3374 790 3395 ,
824 3333 916 3388 sed
947 3335 1016 3389 sit
1050 3351 1241 3389 nomen
1276 3323 1536 3390 inﬁnitum
1581 3352 1690 3391 non
1733 3337 1943 3406 simpli-

364 3427 495 3478 citer
525 3439 716 3480 nomen
736 3466 750 3491 ,
782 3427 1031 3497 quoniam
1062 3428 1207 3482 nulla
1239 3428 1737 3499 circumscriptione
1778 3430 1944 3500 signi-

365 3516 522 3581 ﬁcat,
554 3516 647 3570 sed
684 3516 942 3572 inﬁnitum
976 3534 1193 3589 nomen,
1225 3522 1472 3589 quoniam
1518 3522 1669 3591 plura
1693 3533 1749 3579 et
1787 3524 1840 3579 in
1880 3539 1942 3579 ea

364 3605 566 3661 inﬁnite
594 3608 879 3678 signiﬁcat.
912 3609 1017 3664 Sed
1051 3610 1152 3664 hoc
1183 3626 1288 3665 non
1319 3612 1489 3668 solum
1519 3612 1818 3682 hujusmodi
1850 3630 1944 3669 vo-

365 3696 515 3748 cibus
544 3698 842 3766 contingit,
877 3707 933 3752 ut
962 3698 1281 3767 simpliciter
1307 3700 1406 3755 sub
1437 3703 1651 3757 nomine
1683 3705 1804 3773 poni
1837 3721 1942 3761 non

365 3786 606 3852 possint,
644 3787 735 3841 sed
768 3798 889 3841 sunt
918 3790 1159 3857 quaedam
1190 3790 1309 3846 alia:
1353 3808 1471 3861 quae
1511 3794 1688 3850 omnia
1730 3797 1941 3866 quidem

363 3876 660 3930 accidentia
694 3881 928 3933 nominis
966 3880 1193 3948 habent,
1244 3893 1297 3938 et
1341 3884 1559 3940 deﬁnite
1608 3886 1942 3958 signiﬁcant,

364 3969 465 4022 sed
490 3971 717 4035 quadam
740 3971 842 4025 alia
867 3973 1244 4043 discrepantia,
1271 3979 1483 4033 nomina
1508 3980 1818 4050 simpliciter
1842 3983 1947 4038 dici

365 4074 477 4114 non
513 4070 767 4128 possunt,
802 4070 856 4117 ut
883 4073 1008 4118 sunt
1036 4065 1230 4134 obliqui
1263 4082 1451 4135 casus,
1485 4080 1541 4125 ut
1569 4086 1687 4127 cum
1719 4072 1948 4128 dicimus

364 4150 588 4205 Catonis
611 4195 624 4219 ,
656 4149 873 4220 Catoni,
907 4155 1158 4211 Catonem
1180 4198 1195 4223 ,
1224 4168 1276 4214 et
1304 4170 1549 4217 c.ct-..-ros.
1582 4164 1779 4218 llorum
1806 4165 1949 4219 enim

366 4241 726 4308 discrepantia
756 4252 838 4298 est
867 4259 895 4296 a
929 4246 1144 4300 nomine
1165 4288 1179 4313 ,
1209 4249 1349 4317 quod
1376 4266 1568 4307 nomen
1604 4266 1803 4309 rectum
1827 4254 1951 4324 jun-

366 4340 511 4385 ctum
544 4348 664 4386 cum
697 4343 813 4401 est,
846 4336 929 4390 vel
961 4353 1066 4392 non
1094 4350 1209 4405 εει,
1239 4342 1663 4399 enuntiationem
1704 4346 1859 4409 facit,
1894 4354 1953 4401 ut

366 4424 410 4476 si
443 4427 564 4492 quis
596 4424 770 4493 dicat,
802 4427 1053 4485 Socrates
1095 4442 1211 4497 εει,
1259 4432 1359 4487 hoc
1406 4449 1586 4489 verum
1636 4437 1718 4492 vel
1763 4438 1951 4492 falsum

366 4527 470 4570 est.
505 4516 561 4570 Si
589 4518 731 4572 enim
781 4521 992 4577 vivente
1034 4521 1259 4579 Socrate
1300 4526 1586 4596 diceretur,
1636 4545 1819 4583 verum
1864 4544 1950 4585 es-

2048 3339 2252 3393 Nomen
2297 3338 2455 3408 igitur
2496 3338 2855 3392 nominativus
2884 3346 2985 3392 est.
3018 3336 3175 3391 Aliud
3206 3352 3333 3392 vero
3363 3346 3445 3393 est
3471 3350 3627 3392 casus

2047 3430 2272 3499 alicujus
2298 3444 2457 3498 quam
2484 3439 2565 3485 est
2592 3430 2824 3494 idipsum
2849 3428 3000 3498 cujus
3028 3443 3183 3484 casus
3206 3436 3323 3494 est,
3349 3442 3506 3483 casus
3531 3429 3628 3498 igi-

2049 3529 2131 3575 tur
2158 3520 2410 3586 nominis,
2438 3536 2631 3576 nomen
2655 3535 2759 3574 non
2785 3528 2886 3575 est.
2911 3521 3062 3588 Quod
3084 3537 3211 3575 vero
3231 3521 3460 3590 adjecit,
3491 3522 3627 3576 ratio

2050 3628 2181 3667 vero
2207 3612 2325 3682 cjus
2349 3620 2432 3667 est
2460 3614 2511 3667 in
2540 3613 2661 3668 aliis
2686 3612 2899 3682 quidem
2929 3613 3114 3668 eadem
3135 3653 3152 3679 ,
3182 3612 3282 3668 hoc
3306 3613 3494 3683 inquit.
3524 3612 3627 3667 Ra-

2050 3703 2123 3757 ti'o
2145 3712 2198 3757 et
2225 3704 2474 3757 dilfinitio
2495 3703 2694 3772 obliqui
2716 3717 2874 3757 casus
2898 3712 2951 3757 et
2977 3704 3208 3757 nominis
3228 3703 3413 3757 eadem
3438 3703 3488 3757 in
3511 3718 3628 3758 om-

2050 3794 2206 3847 nibus
2237 3792 2356 3846 aliis
2392 3804 2501 3859 est,
2541 3808 2661 3847 nam
2697 3801 2754 3847 et
2790 3807 2952 3847 voces
2986 3802 3109 3846 sunt
3142 3801 3194 3846 et
3228 3793 3625 3863 signiﬁcativaz,

2049 3893 2105 3939 et
2132 3886 2425 3939 secundum
2456 3886 2711 3953 placitum
2735 3924 2750 3948 ,
2780 3893 2836 3937 et
2859 3884 2974 3937 sine
3006 3892 3280 3951 tempore,
3313 3895 3363 3938 et
3394 3885 3624 3939 circum-

2052 3976 2267 4044 scriptae
2294 3975 2593 4042 designant.
2626 3974 2729 4028 Sed
2764 3973 2861 4042 (ut
2890 3972 3004 4040 ipse
3032 3972 3138 4039 ait)
3170 3971 3347 4026 differt
3374 3975 3624 4041 quoniam

2051 4081 2171 4121 cum
2201 4075 2312 4130 est,
2349 4067 2433 4119 vel
2460 4068 2586 4130 luit,
2612 4067 2695 4119 vel
2723 4066 2856 4133 erit,
2878 4063 3186 4135 adjunctum
3205 4104 3222 4131 ,
3249 4079 3419 4134 neque
3444 4080 3626 4119 verum

2053 4172 2225 4227 neque
2252 4157 2438 4211 falsum
2465 4165 2566 4211 est.
2596 4157 2747 4223 Quod
2774 4171 2801 4210 a
2827 4165 2976 4211 recto
3006 4157 3221 4211 nomine
3252 4156 3369 4210 sine
3396 4157 3501 4210 ulla
3532 4158 3628 4210 du-

2055 4252 2315 4307 bitatione
2335 4252 2627 4321 perﬁcitur,
2650 4260 2704 4304 ut
2725 4266 2843 4306 cum
2866 4260 2948 4306 est
2970 4251 3051 4305 vel
3075 4250 3195 4316 fuit,
3219 4250 3299 4304 vel
3322 4251 3423 4305 erit
3441 4249 3628 4319 adjun~

2054 4355 2198 4399 ctum
2230 4358 2414 4399 verum
2447 4344 2701 4397 falsumve
2727 4343 3008 4409 conﬁciat,
3038 4342 3179 4411 quod
3210 4341 3506 4411 designavit
3534 4356 3628 4410 per

2055 4435 2157 4491 hoc
2186 4434 2326 4505 quod
2354 4435 2446 4488 ait.
2473 4434 2672 4489 Nomen
2694 4449 2822 4489 vero
2843 4449 3056 4503 semper
3080 4433 3498 4488 subaudiendum
3526 4444 3629 4500 est,

2059 4528 2297 4592 scilicet,
2331 4526 2455 4579 facit
2481 4540 2665 4579 verum
2698 4524 2955 4578 falsumve
2976 4564 2991 4588 ,
3023 4538 3140 4577 cum
3171 4532 3254 4577 est
3292 4523 3373 4576 vel
3415 4524 3512 4578 fuit
3547 4526 3630 4580 vel

367 4598 459 4661 Set
481 4648 495 4673 ,
528 4610 573 4662 si
605 4624 730 4663 vero
758 4622 970 4667 mortuo
990 4653 1005 4677 ,
1039 4613 1230 4669 falsum
1260 4626 1439 4682 esset,
1472 4588 1639 4687 quare
1669 4621 1952 4677 afﬁrmatio
1978 4588 2037 4652 Β
2059 4619 2163 4674 erit
2183 4588 2513 4687 adjunctum,
2532 4630 2823 4683 eorumque
2845 4614 2995 4684 ponit
3014 4617 3278 4682 exempla.
3297 4614 3629 4681 Catonisest,

366 4709 474 4772 est.
503 4696 558 4751 Si
588 4701 705 4768 quis
723 4710 898 4756 autem
927 4702 1089 4769 dicat,
1120 4705 1367 4761 Socrates
1397 4722 1500 4762 non
1526 4719 1629 4773 est,
1664 4726 1850 4765 rursus
1879 4712 1955 4765 fa-

366 4789 445 4840 cit
476 4790 810 4858 negationem
832 4832 847 4856 ,
881 4799 930 4845 et
963 4792 1013 4846 in
1045 4807 1107 4846 ea
1136 4809 1347 4863 quoque
1377 4797 1574 4851 veritas
1620 4800 1701 4853 vel
1752 4800 1955 4855 falsitas

366 4878 657 4931 invenitur.
697 4878 838 4949 Ergo
866 4894 1025 4935 omne
1057 4896 1252 4936 nomen
1297 4895 1499 4938 rectum
1545 4888 1785 4953 junctum
1831 4889 1989 4942 cum'

364 4978 453 5023 est
505 4969 584 5022 vel
633 4986 741 5045 non
792 4980 908 5038 est,
960 4966 1384 5030 enuntiationem
1430 4978 1663 5033 conﬁcit.
1715 4980 1779 5034 lli
1828 4994 1968 5037 vero.

364 5056 575 5125 obliqui
624 5073 779 5113 casus
824 5060 995 5128 juncti
1047 5078 1168 5117 cum
1217 5078 1337 5132 est,
1382 5068 1467 5123 vel
1514 5083 1633 5123 cum
1685 5085 1788 5124 non
1838 5083 1954 5137 εει,

362 5150 795 5208 enuntiationem
849 5156 988 5209 nulla
1038 5158 1244 5213 ratione
1290 5162 1591 5229 perficiunt.
1642 5165 1955 5222 Enuntiatio

364 5258 598 5313 namque
627 5255 708 5299 est
752 5248 1020 5315 perfectus
1060 5251 1318 5305 orationis
1362 5252 1663 5309 intellectus
1704 5256 1756 5310 in
1800 5273 1958 5325 quem

366 5335 569 5391 veritas
596 5349 683 5389 aut
714 5337 923 5392 falsitas
951 5339 1117 5394 cadit.
1142 5340 1197 5395 Si
1227 5344 1345 5411 quis
1375 5358 1503 5411 ergo
1533 5344 1710 5407 dicat,
1739 5347 1980 5400 Catonis'

367 5436 453 5482 est
474 5470 489 5493 ,
522 5428 761 5482 nondum
793 5440 874 5483 est
908 5432 1067 5500 plena
1096 5436 1400 5498 sententia;
1433 5436 1560 5503 quid
1589 5437 1730 5489 enim
1761 5438 1827 5491 sit
1857 5439 1958 5491 Ca-

368 5520 509 5577 tonis
542 5537 650 5576 non
682 5522 902 5586 dicitur,
935 5536 1097 5591 atque
1139 5527 1330 5580 eodem
1377 5528 1569 5593 modo,
1615 5528 1800 5582 Catoni
1845 5539 1957 5594 est,

367 5616 451 5669 vel
482 5614 744 5670 Catonem
776 5622 880 5668 est.
914 5614 973 5667 ln
1005 5616 1089 5669 his
1120 5632 1250 5686 ergo
1290 5619 1542 5687 quoniam
1587 5634 1705 5674 cum
1754 5632 1837 5676 est
1876 5623 1959 5676 vel

370 5721 479 5759 non
508 5710 593 5759 est
622 5701 881 5770 injunctt,
923 5706 1346 5761 enuntiationem
1381 5722 1485 5761 non
1528 5711 1811 5778 perficiunt.
1834 5752 1848 5777 ,
1878 5722 1964 5767 εει

369 5794 616 5866 qua-dam
647 5810 673 5847 a
709 5795 929 5849 inomine
957 5795 1317 5866 discrepantia
1340 5844 1354 5869 ,
1385 5815 1683 5871 quanquam
1716 5803 1830 5857 sint
1858 5821 1956 5859 no-

656 5890 659 5891 r
698 5912 972 5973 Ρηιιοι.
1021 5911 1237 5975 LXIV.

2058 4710 2145 4765 vel
2183 4723 2289 4763 non
2321 4718 2436 4772 est,
2467 4708 2518 4760 in
2552 4706 2633 4759 his
2662 4706 2802 4759 enim
2836 4706 2931 4774 (ut
2960 4706 3072 4773 ipse
3099 4704 3207 4773 ait)
3239 4719 3414 4774 neque
3442 4720 3631 4759 verum

2060 4799 2258 4871 aliquid
2285 4799 2503 4862 dicitur,
2527 4811 2696 4866 neque
2726 4795 2919 4849 falsum
2938 4836 2954 4862 ,
2982 4809 3146 4865 quare
3172 4795 3375 4866 integra
3402 4797 3632 4852 nominis

2060 4892 2311 4947 dilfiuitio
2339 4900 2421 4945 est
2450 4888 2773 4958 hujusmodi.
2804 4889 3009 4943 Nomen
3038 4896 3120 4943 est
3144 4903 3247 4943 vox
3273 4888 3632 4959 designativa,

2062 4978 2359 5037 secundum
2408 4980 2697 5050 placitum,
2751 4980 2869 5034 sine
2894 4988 3168 5048 tempore,
3217 4980 3631 5049 circumscriptae

2062 5072 2503 5145 significationis,
2548 5071 2699 5139 cujus
2743 5081 2922 5140 partes
2961 5080 3111 5126 extra
3151 5069 3282 5125 nihil
3322 5071 3633 5142 designant,

2062 5176 2117 5219 et
2144 5180 2263 5219 cum
2294 5173 2371 5218 est
2393 5206 2406 5230 ,
2441 5163 2526 5216 vel
2554 5164 2689 5225 erit,
2716 5162 2803 5217 vel
2835 5163 2933 5217 fuit
2962 5162 3267 5231 adjunctum
3291 5201 3305 5226 ,
3335 5161 3527 5216 nullius
3556 5164 3637 5215 in.

2064 5257 2295 5327 digentis
2334 5256 2595 5310 orationis
2624 5255 2908 5324 perﬁciens
2948 5255 3275 5308 intellectum
3317 5253 3635 5308 enuntiatio-

2067 5360 2297 5414 nemque
2326 5346 2693 5409 constituens;
2726 5343 2976 5413 quoniam
3009 5343 3165 5409 igitur
3192 5342 3259 5395 de
3298 5342 3514 5395 nomine
3540 5349 3634 5389 ex-

2066 5439 2301 5509 peditum
2332 5446 2445 5504 est,
2474 5436 2537 5490 ad
2570 5434 2942 5489 difﬁnitionem
2973 5432 3121 5487 verbi
3150 5433 3533 5499 veniamus,"

2658 5524 2744 5578 DE
2784 5524 3029 5579 VERBO.
3060 5525 3064 5529 “

2143 5622 2365 5677 Verbum
2393 5627 2559 5673 autern
2578 5626 2650 5672 est
2688 5616 2822 5686 quod
2861 5615 3212 5686 consignt'ﬁcat
3242 5623 3461 5683 tempus,
3489 5620 3635 5688 cujus

2070 5733 2185 5784 pars
2218 5714 2350 5768 nihil
2396 5719 2539 5765 extra
2585 5709 2859 5779 signiﬁcat,
2886 5719 2937 5763 et
2972 5719 3046 5764 est
3094 5724 3286 5778 semper
3316 5724 3492 5762 eorum
3527 5727 3635 5779 qua:

2065 5809 2126 5861 de
2142 5807 2298 5861 altera
2324 5803 2687 5874 prwdicanfur,
2712 5809 2849 5854 nota.
2882 5801 3009 5863 Dico
3022 5811 3189 5857 autem
3209 5801 3455 5867 quoniam
3477 5804 3636 5856 οοηεέ.
3668 5796 3669 5799 “

3240 5915 3318 5978 1ιι
