4270 6266
686 321 789 381 ΗΠ

1888 333 2003 390 AN.
2045 334 2256 390 MANL.
2297 336 2449 390 SEV.
2493 337 2718 394 BOETII

3869 350 3964 410 428

687 441 902 518 gniﬁcat
946 452 1140 512 tempus
1161 483 1178 510 ,
1231 454 1285 498 ut
1316 461 1493 500 cursus
1521 448 1725 518 quidem
1753 465 1934 503 nomen
1965 459 2076 515 est;
2107 451 2266 503 currit
2293 456 2348 516 Α
2375 451 2605 533 nominis
2636 453 3055 523 interpositione
3087 457 3441 526 monstravit;
3476 461 3674 517 etenim
3714 464 3960 533 quoniam

684 547 852 588 autem
881 536 1113 600 verbum,
1166 531 1517 609 consigm'ftcal
1569 542 1701 593 enim
1756 559 1888 594 nunc
1915 558 2038 596 esse.
2095 541 2158 595 Et
2197 552 2273 597 est

683 643 881 696 semper
906 641 1081 680 eorum
1105 645 1218 698 quae
1245 629 1306 684 de
1335 630 1492 684 altera
1522 631 1780 696 dicuntur,
1807 643 1928 686 nota
1947 675 1962 700 ,
1997 641 2054 685 ut
2085 649 2264 686 eorum

679 737 794 793 qua:
824 721 885 776 de
902 721 1128 793 subjecto
1174 724 1250 778 vel
1279 725 1332 777 in
1363 725 1585 794 subjecto
1614 735 1754 779 sunt.

754 813 912 871 Verbi
965 816 1179 887 quidem
1235 818 1435 887 integra
1486 817 1736 873 difﬁnitio
1789 828 1871 874 est
1927 819 2258 890 hujusmodi.

682 907 912 963 Verbum
952 920 1034 964 est
1079 926 1182 965 vox
1230 911 1580 979 signiﬁcativa
1632 911 1926 965 secundum
1981 913 2260 980 placitum,

677 1021 799 1076 qum
820 1007 1410 1076 consigniﬁcattempus
1429 1048 1444 1071 ,
1483 1007 1634 1076 cujus
1664 1007 1804 1060 nulla
1837 1021 1960 1076 pars
1990 1017 2141 1063 extra
2169 1009 2264 1062 de-

675 1099 938 1169 signativa
966 1108 1066 1153 est.
1096 1098 1200 1154 Sed
1225 1100 1470 1168 quoniam
1500 1113 1783 1152 commune
1805 1109 1885 1152 est
1917 1099 1988 1152 illi
2023 1112 2142 1153 cum
2167 1115 2259 1153 no-

673 1192 819 1245 mine
836 1205 954 1244 esse
978 1205 1159 1245 vocem
1173 1199 1228 1245 et
1251 1189 1678 1261 signiﬁcativam,
1703 1200 1755 1246 et
1774 1191 2064 1246 secundum
2096 1193 2258 1261 placi-

672 1291 806 1348 tum,
834 1282 1028 1336 idcirco
1066 1283 1151 1335 illa
1199 1283 1431 1336 reticuit.
1462 1282 1542 1335 Ab
1573 1282 1655 1335 his
1678 1291 1853 1336 autem
1888 1298 2004 1352 qua:
2039 1285 2256 1352 propria

669 1386 795 1431 sunt
822 1377 966 1430 verbi
992 1376 1284 1430 inchoavit.
1320 1374 1478 1428 Verbi
1511 1384 1685 1428 autem
1713 1376 1982 1444 proprium
2015 1385 2121 1442 est,
2149 1392 2255 1446 quo

670 1483 700 1523 a
731 1468 1046 1522 difﬁnitione
1082 1468 1311 1521 nominis
1344 1476 1676 1538 segregatur,
1708 1468 1848 1536 quod
1881 1468 2252 1538 consiguilicat

669 1572 900 1632 tempus.
934 1565 1101 1617 Umue
1122 1563 1263 1617 enim
1293 1561 1512 1636 verbum
1541 1561 2091 1631 consigniﬁcationem
2115 1573 2251 1618 tem-

667 1659 810 1727 poris
837 1657 1051 1724 retinet,
1087 1671 1191 1711 non
1233 1657 1694 1726 signiﬁcationem.
1753 1655 1961 1710 Nomen
1993 1656 2136 1711 enim
2172 1659 2249 1712 si-

663 1749 881 1820 gniﬁcat
935 1759 1162 1818 tempus.
1218 1749 1452 1804 Verbum
1483 1760 1661 1805 autem
1711 1765 1833 1805 cum
1880 1750 2250 1821 principaliter

2379 527 2568 598 cursus
2615 544 2866 601 accidens
2898 558 3015 616 est,
3075 558 3132 603 et
3180 552 3510 608 nominatum
3539 561 3664 623 est,
3714 555 3787 608 ita
3815 569 3871 611 ut
3898 559 3960 612 sit

2379 649 2595 703 nomen,
2628 652 2735 690 non
2763 638 3131 707 consigniﬁcat
3161 651 3393 714 tempus.
3429 643 3610 702 Currit
3643 663 3787 715 vero,
3815 651 3863 704 id
3886 662 3960 706 est

2374 726 2626 782 accidens
2657 730 2706 781 in
2743 728 2907 784 verbo
2932 733 3164 800 positum
3189 750 3426 804 praesens
3457 746 3668 810 tempus
3697 740 3954 812 designat,

2371 830 2425 873 et
2456 819 2557 874 hoc
2586 821 2809 876 verbum
2839 822 3040 879 distare
3068 826 3280 882 videtur
3320 846 3345 882 a
3390 833 3603 888 nomine
3643 836 3784 904 quod
3832 835 3954 891 illud

2369 909 2738 980 consigniﬁcat
2772 921 3007 984 tempus,
3043 915 3172 971 illud
3199 933 3327 973 vero
3351 931 3547 988 praeter
3575 915 3788 980 Omnem
3831 941 3955 981 con-

2368 999 2812 1068 signiﬁcationem
2863 1005 3118 1072 temporis
3153 1007 3492 1078 praedicatur.
3539 1010 3643 1066 Sed
3674 1023 3951 1083 postquam

2371 1091 2594 1145 verbum
2615 1089 3024 1158 consigniﬁcare
3060 1105 3268 1165 tempus
3287 1099 3547 1167 ostendit,
3573 1102 3644 1168 id,
3696 1103 3836 1168 quod
3869 1118 3952 1157 su-

2365 1197 2457 1252 pra
2479 1182 2586 1253 jam
2614 1186 2856 1254 dixerat,
2891 1187 3113 1242 verbum
3134 1191 3439 1258 semper.de
3463 1191 3632 1246 altero
3651 1194 3948 1262 praedicari,

2362 1290 2503 1330 nunc
2538 1282 2848 1336 memoriter
2869 1281 3320 1353 quemadmodum
3355 1283 3674 1351 praedicatur
3696 1285 3944 1340 ostendit.

2362 1367 2453 1420 Ait
2481 1369 2622 1422 enim
2650 1388 2660 1421 :
2700 1372 2760 1425 Et
2792 1388 3004 1443 semper
3026 1383 3107 1428 est
3137 1389 3324 1428 eorum
3344 1390 3462 1444 quae
3484 1373 3551 1429 de
3574 1377 3743 1429 altero
3767 1374 3948 1430 dicun-

2362 1465 2450 1510 tur
2473 1469 2629 1522 nota,
2663 1470 2721 1515 ut
2749 1476 2934 1517 eorum
2966 1479 3085 1533 qua:
3115 1463 3181 1519 de
3213 1465 3454 1533 subjecto
3484 1463 3566 1518 vel
3600 1463 3653 1518 in
3685 1465 3943 1535 subjecto.

2361 1551 2916 1622 Hocscilicetdicens,
2947 1554 3021 1610 ita
3044 1556 3263 1610 verbum
3295 1556 3558 1627 signiﬁcat
3578 1556 3866 1627 aliquid,ut
3894 1556 3942 1611 id

2357 1645 2496 1711 quod
2511 1645 2853 1715 signiﬁcatde
2867 1647 3037 1702 altero
3054 1647 3495 1714 prmdicetur,sed
3518 1649 3588 1704 ita
3605 1658 3660 1704 ut
3673 1648 3939 1715 accidens,

2357 1749 2517 1789 omne
2544 1750 2774 1806 namque
2791 1736 3040 1792 accidens
3059 1747 3108 1790 et
3125 1737 3174 1791 in
3189 1738 3432 1806 subjecto
3444 1749 3543 1807 εει,
3560 1749 3612 1794 ει
3627 1740 3693 1795 de
3705 1741 3940 1809 subjecta

663 1851 813 1900 “ws
853 1845 1234 1913 passionesquc
1275 1841 1560 1912 είδυίθοθι,
1595 1857 1714 1896 cum
1765 1841 1894 1911 ipsis
1943 1842 2149 1897 aclibus
2195 1854 2250 1897 ει
2281 1828 2330 1892 Β
2356 1829 2653 1882 substantia
2683 1830 2781 1884 sibi
2812 1830 3147 1900 przedicatur.
3173 1831 3301 1912 Nam
3325 1847 3442 1886 cum
3458 1833 3577 1886 dico
3603 1833 3788 1898 currit,
3812 1833 3862 1886 id
3878 1833 3941 1886 de

664 1933 1001 2004 passionibus
1035 1934 1291 2004 temporis
1336 1949 1548 2004 quoque
1590 1935 1694 1988 vim
1728 1934 1912 1998 trahit,
1971 1945 2026 1988 ut
2078 1934 2132 1988 in
2183 1951 2247 1990 eo

663 2030 802 2098 quod
831 2028 952 2085 dico
972 2029 1110 2098 lego,
1145 2028 1405 2083 actionem
1429 2028 1642 2098 quidem
1671 2027 1953 2098 quamdam
1980 2026 2247 2095 principa-

659 2121 784 2176 liter
809 2129 1092 2176 moustrat.
1118 2119 1227 2174 Hoc
1254 2119 1473 2174 verbum
1499 2159 1516 2188 ,
1547 2120 1640 2174 sed
1664 2133 1785 2172 cum
1814 2133 1876 2174 ea
1909 2119 2025 2187 ipsa
2051 2117 2245 2188 agendi

659 2213 1050 2283 signiﬁcatione
1077 2228 1318 2282 praesens
1345 2227 1556 2283 quoque
1584 2223 1793 2282 tempus
1823 2211 2057 2278 adducit,
2083 2222 2246 2282 atque

657 2306 778 2362 ideo
807 2321 911 2361 non
956 2305 1031 2360 ait
1079 2306 1302 2360 verbum
1343 2305 1646 2377 signiﬁcare
1678 2315 1910 2374 tempus,
1941 2304 2036 2359 sed
2065 2302 2242 2358 consi-

657 2399 931 2469 gnilicare.
959 2399 1138 2468 Neque
1167 2399 1308 2452 enim
1332 2399 1702 2469 principaliter
1723 2401 1947 2454 verbum
1977 2397 2243 2470 signiﬁcat

657 2504 864 2562 tempus
893 2493 1020 2563 (hoc
1046 2495 1187 2548 enim
1222 2493 1458 2549 nominis
1505 2494 1634 2563 est),
1662 2495 1759 2550 sed
1789 2509 1914 2549 cum
1956 2493 2078 2550 aliis
2125 2509 2246 2564 qua:

656 2585 1022 2657 principaliter
1045 2585 1328 2654 signiﬁcat,
1358 2586 1465 2640 vim
1487 2603 1697 2656 quoque
1729 2587 1990 2658 temporis
2037 2587 2244 2643 inducit

655 2677 931 2733 etinserit.
967 2677 1107 2746 Ergo
1134 2691 1253 2732 cum
1289 2692 1485 2733 nomen
1505 2688 1560 2732 et
1596 2680 1820 2735 verbum
1844 2695 2004 2736 voces
2035 2680 2240 2750 signiﬁ—

653 2772 840 2828 eativat
869 2772 999 2836 sint,
1029 2758 1429 2832 etlsecundum
1471 2773 1724 2843 placitum
1746 2814 1762 2839 ,
1797 2774 2038 2828 additum
2072 2776 2239 2830 verbo

652 2865 791 2938 quod
816 2864 1184 2935 consigniﬁcat
1217 2873 1448 2936 tempus,
1478 2880 1508 2920 ιι
1551 2866 1770 2921 nomine
1797 2873 2144 2936 segregatur,
2183 2874 2240 2921 ut

652 2960 790 3015 enim
813 2973 956 3028 saepe
984 2958 1184 3013 dictum
1213 2967 1314 3023 εει,
1345 2973 1540 3014 nomen
1569 2959 1872 3028 signiﬁcare
1903 2966 2113 3028 tempus
2136 2974 2236 3029 po-

650 3053 792 3118 terit,
829 3050 1052 3106 verbum
1080 3065 1209 3106 vero
1251 3049 1696 3118 consigniﬁcare,
1729 3059 1786 3106 et
1828 3052 1973 3107 sicut
2002 3051 2053 3106 in
2085 3050 2235 3105 difﬁ-

649 3142 849 3197 nitione
897 3140 1130 3197 nominis
1157 3139 1402 3208 addidit,
1433 3139 1569 3195 nihil
1616 3141 1837 3195 omnino
1870 3151 2046 3207 partes
2079 3156 2236 3211 sepa-

2358 1918 2604 1986 homine;
2636 1922 2681 1975 si
2699 1923 2764 1976 ita
2784 1923 3061 1992 contingit,
3085 1903 3314 1992 praedico
3327 1924 3940 1993 scilicetdesiibjecto,et

2356 2015 2470 2084 ipse
2484 2030 2675 2070 cursus
2691 2019 2739 2070 in
2763 2017 2978 2072 homine
2991 2026 3090 2072 est.
3108 2017 3259 2072 Unde
3273 2017 3488 2073 verbum
3508 2019 3675 2073 currit
3690 2017 3938 2074 inﬂexum

2353 2117 2466 2177 est,
2495 2097 2627 2178 ergo
2680 2109 2822 2180 quod
2851 2109 2981 2164 dicit
3011 2125 3223 2180 semper
3243 2125 3427 2164 eorum
3461 2123 3581 2164 esse
3610 2119 3790 2163 notam
3824 2123 3939 2162 ver-

2353 2199 2482 2256 bum
2508 2217 2624 2271 qua:
2655 2201 2721 2256 de
2744 2202 2913 2256 altero
2946 2203 3324 2272 prmdiceutur,
3360 2201 3459 2255 hoc
3490 2210 3784 2256 monstrat:
3809 2199 3936 2254 Ver-

2353 2285 2479 2342 bum
2504 2289 2804 2344 accidentia
2849 2305 3063 2360 semper
3091 2289 3413 2360 signiﬁcare,
3439 2289 3686 2358 quoniam
3718 2290 3819 2355 ait,
3850 2303 3937 2342 eas

2352 2393 2438 2432 res
2468 2378 2613 2433 verbi
2637 2378 3023 2449 signiﬁcatione
3056 2380 3341 2433 monstrari
3367 2392 3487 2448 qua:
3518 2379 3602 2433 vel
3625 2379 3678 2432 in
3699 2379 3937 2446 subjecto

2351 2477 2551 2534 essent,
2584 2471 2667 2523 vel
2699 2469 2766 2523 de
2807 2469 3046 2538 subjecto
3084 2469 3430 2534 dicerentur,
3460 2471 3543 2524 vel
3587 2479 3731 2524 certe
3773 2480 3828 2522 ut
3869 2469 3934 2522 sit

2350 2558 2490 2613 alius
2518 2559 2836 2622 intellectus,
2881 2563 3130 2625 quoniam
3163 2561 3300 2615 solet
3349 2559 3715 2614 indiﬁ‘ereuter
3759 2559 3831 2612 uti
3871 2559 3936 2613 de

2350 2637 2591 2719 subjecto
2615 2651 2808 2721 aliquid
2833 2651 3132 2720 praedicari,
3177 2658 3427 2721 tanquam
3460 2652 3505 2707 si
3541 2651 3680 2706 dicat
3719 2651 3771 2705 iu
3815 2649 3933 2704 sub-

2345 2741 2489 2810 jecto
2514 2757 2663 2813 esse,
2693 2753 2749 2800 et
2769 2760 3039 2815 saepecum
3059 2745 3184 2800 dicit
3211 2745 3277 2800 de
3311 2745 3552 2816 subjecto
3581 2745 3776 2816 aliquid
3804 2761 3930 2815 pra:-

2347 2831 2547 2899 dicari,
2579 2833 2632 2889 in
2661 2835 2906 2904 subjecto
2951 2850 3073 2892 esse
3123 2838 3442 2908 signiﬁcat,
3470 2856 3588 2895 cum
3644 2841 3802 2913 vellet
3846 2849 3930 2896 0's-

2347 2925 2565 2980 tendere
2613 2927 2969 2982 accidentium
3031 2929 3473 2998 signiﬁcationem
3520 2932 3782 2988 contineri
3817 2948 3928 2988 νει-ς

2344 3016 2446 3081 bis,
2475 3019 2549 3072 ait
2569 3033 2630 3073 ea
2649 3035 2860 3089 semper
2877 3021 3141 3092 designari
3156 3023 3331 3079 verbis
3347 3039 3465 3095 qua:
3478 3024 3544 3080 de
3573 3025 3817 3096 subjecm
3844 3041 3927 3082 es-

2343 3119 2486 3164 sent.
2510 3111 2616 3166 Sed
2638 3113 2891 3182 quoniam
2917 3113 3018 3173 hoc
3048 3115 3329 3194 videbatur
3355 3118 3658 3186 obscurius,
3680 3121 3924 3189 patefecit

649 3245 790 3290 ratas
812 3250 840 3288 a
870 3243 975 3290 tota
998 3203 1398 3303 compositione?
1414 3232 1650 3288 nominis
1681 3203 1984 3301 designare.
2015 3203 2233 3303 propter
2261 3213 2308 3278 (ἶ
2341 3203 2522 3303 “Edim
2567 3205 2653 3303 v_°l
2702 3205 2756 3303 i"_
2783 3205 3074 3303 _s“bj°°‘°’
3112 3219 3168 3262 υί
3193 3208 3321 3280 quid
3367 3221 3510 3265 esset
3539 3211 3606 3266 de
3635 3228 3740 3282 (1υο
3769 3227 3924 3281 supra

649 3325 918 3380 orationes
958 3340 1077 3395 quae
1114 3324 1417 3381 nominibus
1448 3333 1633 3379 essent
1674 3325 2023 3393 compositte,
2071 3333 2126 3378 ut
2153 3337 2236 3379 εει

647 3414 795 3468 Plato
824 3424 877 3468 et
908 3412 1182 3480 Socrates,
1218 3415 1291 3470 ita
1321 3428 1535 3484 quoque
1564 3413 1615 3467 in
1640 3414 1810 3469 verbo
1839 3414 2064 3481 addidit,
2099 3414 2234 3470 nihil

646 3512 793 3558 extra
828 3505 974 3559 verbi
1008 3514 1188 3573 partes
1217 3504 1559 3574 signiﬁcare,
1591 3515 1809 3574 propter
1838 3521 1927 3560 eas
1957 3506 2232 3563 orationes

645 3611 776 3666 quas
807 3599 966 3652 verba
998 3605 1346 3666 componunt,
1381 3606 1436 3650 ut
1474 3605 1556 3650 est
1585 3597 1861 3650 ambulare
1892 3607 1945 3651 et
1973 3611 2192 3652 currere
2213 3637 2228 3663 ,

644 3686 756 3742 haec
785 3688 926 3742 enim
951 3689 1121 3742 oratio
1151 3704 1215 3744 ex
1247 3688 1421 3741 verbis
1450 3699 1529 3740 εει
1560 3691 1856 3753 composita
1878 3726 1893 3752 ,
1925 3695 1980 3741 et
2021 3686 2226 3756 singula

645 3778 807 3834 verba
839 3787 892 3832 et
930 3778 981 3832 in
1012 3779 1123 3848 ipsa
1165 3780 1411 3858 oratione
1447 3789 1498 3832 et
1534 3788 1729 3848 praeter
1760 3792 1876 3832 tam
1908 3794 1999 3847 per
2022 3793 2082 3834 se
2113 3779 2225 3848 ipsa

644 3868 964 3937 signiﬁcant.
1003 3869 1056 3922 In
1089 3870 1255 3924 verbo
1287 3885 1414 3926 vero
1457 3869 1608 3924 nullo
1656 3870 1841 3938 modo,
1887 3880 1939 3925 et
1989 3870 2130 3925 sicut
2170 3873 2223 3928 in

642 3960 855 4014 nomine
886 3973 1008 4027 pars
1036 3960 1265 4015 nominis
1309 3960 1442 4015 nihil
1472 3960 1716 4030 designat
1743 3973 2012 4031 separata,
2059 3962 2128 4018 ita
2171 3963 2227 4018 in

640 4049 808 4104 verbo
833 4065 954 4118 pars
977 4050 1124 4104 verbi
1156 4051 1288 4104 nihil
1311 4063 1554 4122 separata
1581 4052 1846 4124 designat.
1881 4054 2019 4109 Dicit
2041 4065 2218 4111 autem
2301 4102 2307 4114 .

638 4158 756 4199 esse
777 4145 998 4199 verbum
1031 4158 1247 4212 semper
1270 4160 1453 4202 corum
1476 4164 1597 4218 quae
1626 4150 1692 4204 de
1721 4150 1892 4206 altero
1922 4152 2219 4220 praedican-

639 4246 722 4290 Iur
749 4244 952 4303 notam,
996 4235 1135 4303 quod
1171 4235 1473 4304 hujusmodi
1525 4249 1607 4294 est
1655 4255 1718 4294 ac
1756 4241 1801 4295 si
1854 4241 2057 4298 diceret
2088 4244 2219 4299 nihil

637 4327 776 4381 aliud
811 4326 910 4380 nisi
940 4325 1267 4392 accidentia,
1313 4328 1474 4380 verba
1514 4329 1842 4400 signiﬁcare.
1873 4332 2045 4387 Omne
2076 4336 2218 4390 enim

639 4417 852 4471 verbum
887 4415 1099 4485 aliquod
1145 4415 1396 4470 accidens
1437 4417 1712 4488 designat;
1746 4435 1866 4475 cum
1911 4421 2054 4476 enim
2093 4423 2219 4480 dico

637 4522 854 4573 cursus,
888 4509 1059 4578 ipsum
1093 4507 1305 4578 quidem
1339 4518 1423 4565 est
1463 4512 1736 4583 accidens,
1769 4513 1862 4570 sed
1895 4530 1998 4570 non
2031 4516 2102 4571 ita
2131 4515 2217 4571 di-

635 4599 769 4653 citur
797 4608 854 4653 ut
884 4599 932 4653 id
961 4599 1116 4656 alicui
1148 4601 1324 4657 inesse
1349 4604 1427 4657 vel
1451 4619 1556 4658 non
1581 4603 1758 4660 inesse
1781 4606 2006 4661 dicatur.
2034 4608 2090 4664 Si
2113 4624 2214 4666 au-

633 4700 737 4744 tem
771 4690 956 4745 dixero
985 4694 1191 4755 currit,
1242 4704 1366 4751 tunc
1399 4696 1570 4765 ipsum
1601 4697 1855 4754 accidens
1884 4701 1944 4754 .in
1987 4702 2214 4774 alicujus

632 4781 839 4835 actione
881 4797 1214 4852 proponens,
1247 4787 1402 4843 alicui
1437 4787 1614 4844 inesse
1665 4787 1938 4859 signiﬁco,
1983 4803 2038 4848 et
2081 4810 2214 4866 quo-

634 4872 771 4924 niam
799 4871 938 4940 quod
969 4873 1195 4928 dicimus
1218 4878 1416 4942 currit,
1453 4890 1646 4947 praeter
1672 4883 1887 4951 aliquod
1911 4886 2210 4952 subjectum

630 4977 750 5016 esse
777 4977 882 5016 non
912 4973 1086 5032 potest
1117 4964 1312 5036 (neque
1341 4969 1484 5023 enim
1510 4971 1612 5026 dici
1643 4981 1811 5041 potest
1859 4985 2056 5042 praeter
2083 4993 2208 5036 eum

628 5053 716 5120 qui
745 5053 969 5123 currit);
1001 5055 1203 5111 idcirco
1231 5057 1432 5114 dictum
1465 5070 1550 5116 est
1581 5078 1743 5119 omne
1775 5066 1995 5121 verbum
2023 5083 2207 5130 eorum

628 5162 749 5200 esse
778 5162 897 5215 quae
945 5147 1011 5203 de
1055 5150 1224 5206 altero
1274 5153 1628 5220 praedicantur
1673 5160 2116 5234 signiﬁcativum,
2151 5177 2210 5224 ut

628 5239 848 5292 verbum
878 5243 1016 5310 quod
1044 5255 1123 5298 est
1147 5247 1314 5300 currit
1338 5247 1442 5300 tale
1467 5248 1728 5316 signiﬁcat
1787 5257 2036 5322 quiddam
2066 5263 2206 5330 quod

626 5332 692 5385 de
720 5331 890 5386 altero
935 5335 1254 5400 praedicetur
1275 5384 1289 5406 ,
1322 5341 1374 5394 id
1414 5354 1497 5396 est
1525 5344 1592 5399 de
1617 5360 1902 5417 currente;
1939 5354 2019 5408 his
2051 5357 2211 5425 igitur

627 5423 890 5518 expeditis
939 5428 1078 5494 quod
1137 5430 1211 5485 ait
1263 5434 1480 5489 verbum
1538 5441 1944 5510 consigniﬁcare
1997 5423 2208 5518 tempus

625 5517 882 5582 exemplis
907 5521 1239 5586 aperuit.Ait
1265 5527 1431 5594 enim,
1455 5529 1526 5582 (ιιι
1549 5546 1580 5585 ο
1609 5546 1783 5588 autem
1808 5542 2054 5605 quoniam
2085 5517 2210 5596 con-

625 5609 891 5675 signiﬁcat
923 5623 1153 5680 tempus,
1183 5628 1446 5676 utcursus
1471 5627 1683 5692 quidem
1716 5641 1797 5683 est
1831 5648 1966 5687 nom.
1991 5651 2046 5697 ιι,
2077 5651 2206 5689 ειη·-

628 5700 694 5750 iit
727 5716 853 5756 vero
886 5709 1135 5773 verbum,
1171 5715 1536 5781 consiguitirat
1566 5723 1706 5775 enim
1752 5742 1892 5781 nunc
1922 5745 2062 5785 eSse.
2099 5735 2209 5787 lix-

587 5793 590 5796 ’
628 5790 958 5850 peditiSsime
978 5799 1117 5863 quod
1155 5804 1372 5857 verbum
1400 5811 1614 5864 dIStatot
1649 5833 1676 5868 ιι
1705 5821 1937 5888 nurnine,
1976 5831 2115 5884 vorbi
2151 5843 2202 5890 et

2341 3295 2553 3352 dixerat
2581 3297 2649 3352 de
2677 3299 2938 3368 subjecto,
2971 3312 3270 3371 exponeret
3315 3319 3434 3360 cum
3487 3303 3691 3359 addidit
3742 3306 3824 3358 vel
3873 3304 3924 3360 in

2338 3391 2602 3461 subjecto,
2634 3401 2884 3462 tanquam
2908 3395 3050 3450 enim
3083 3397 3127 3450 si
3163 3398 3236 3451 ita
3266 3397 3515 3452 dixisset:
3546 3396 3778 3452 Verbum
3807 3399 3923 3468 qui-

2336 3480 2457 3536 dem
2486 3497 2700 3552 semper
2728 3498 2916 3540 eorum
2943 3495 3069 3541 nota
3098 3496 3201 3554 est,
3233 3503 3352 3558 qua:
3395 3487 3462 3544 de
3509 3487 3675 3542 altero
3728 3488 3921 3556 praedi~

2335 3583 2527 3630 cantur
2552 3584 2610 3629 ut
2654 3575 2721 3632 de
2759 3577 3002 3648 subjecto
3029 3596 3045 3643 ;
3077 3581 3172 3636 sed
3213 3596 3281 3637 ne
3309 3581 3410 3637 hoc
3437 3582 3663 3637 fortasse
3689 3582 3918 3652 cuipiam

2333 3665 2575 3720 videatur
2601 3667 2902 3737 obscurius,
2927 3669 3028 3725 hoc
3055 3671 3176 3728 dico
3213 3686 3333 3728 esse
3363 3673 3432 3728 de
3462 3673 3706 3743 subjecto
3734 3717 3747 3740 ,
3775 3672 3917 3743 quod

2335 3766 2423 3812 est
2443 3773 2562 3813 esse
2589 3759 2639 3813 in
2674 3759 2938 3831 subjecto.
2966 3762 3063 3817 Vel
3095 3764 3284 3819 melior
3313 3766 3430 3822 haec
3459 3765 3719 3836 expositio
3745 3777 3850 3832 est,
3872 3765 3916 3823 si

2331 3846 2578 3903 similiter
2603 3850 2804 3907 dixisse
2825 3868 2946 3908 eum
2969 3853 3310 3922 arbitremur,
3337 3866 3586 3926 tanquam
3613 3857 3659 3911 si
3683 3857 3912 3912 diceret:

2329 3941 2494 3984 omne
2516 3930 2738 3986 verbum
2779 3931 3043 4003 signiﬁcat
3065 3936 3280 4007 quidem
3322 3939 3602 4003 accidens,
3634 3939 3726 3993 sed
3756 3938 3825 3991 ita
3858 3949 3914 3997 ut

2329 4019 2382 4075 id
2407 4022 2546 4092 quod
2571 4023 2830 4093 signiﬁcat
2853 4035 2943 4081 aut
2971 4028 3289 4097 particulare
3307 4029 3376 4086 sit
3399 4041 3491 4086 aut
3509 4030 3831 4099 universale,
3858 4041 3912 4088 ut

2327 4108 2378 4163 id
2405 4111 2546 4180 quod
2566 4112 2639 4166 ait
2665 4112 2730 4168 de
2751 4114 3014 4186 subjecto,
3034 4117 3100 4172 ad
3119 4119 3571 4177 uuiversalitatem
3595 4122 3911 4192 referamus,

2326 4199 2468 4267 quod
2506 4200 2560 4254 in
2602 4201 2844 4271 subjecto
2868 4247 2882 4272 ,
2917 4206 2983 4260 ad
3015 4208 3182 4262 solam
3234 4211 3726 4280 particularitatem.
3772 4213 3910 4271 Cum

2326 4287 2471 4342 enim
2505 4289 2626 4344 dico
2644 4301 2920 4359 movetur,
2953 4297 3174 4353 verbum
3205 4299 3417 4368 quidem
3441 4311 3521 4355 est
3552 4310 3604 4355 et
3631 4303 3906 4374 accidens,

2321 4375 2420 4431 sed
2441 4377 2766 4433 universale.
2802 4379 2976 4437 Motus
3004 4385 3149 4440 enim
3182 4387 3363 4455 plures
3388 4389 3594 4457 species
3627 4389 3818 4458 habet,
3851 4401 3908 4460 ut

2323 4479 2511 4522 cursus
2540 4467 2639 4522 sub
2669 4479 2816 4524 motu
2844 4472 3078 4541 ponitur.
3107 4475 3248 4548 Ergo
3271 4492 3460 4534 cursus
3494 4481 3536 4534 si
3565 4479 3909 4538 difﬁniendus

2244 4598 2299 4659 Β
2325 4568 2408 4614 εει
2438 4602 2452 4628 ,
2485 4569 2690 4616 motum
2721 4562 2792 4618 de
2828 4579 2986 4621 cursu
3019 4569 3390 4637 praedicamus.
3445 4572 3705 4638 Quocirca
3734 4583 3908 4630 motus

2323 4666 2489 4722 genus
2538 4654 2805 4724 quoddam
2857 4667 2940 4713 est
2980 4675 3191 4728 cursus,
3248 4672 3410 4734 atque
3458 4664 3579 4720 ideo
3621 4674 3800 4722 motus
3840 4667 3907 4724 de

2322 4759 2482 4800 cursu
2507 4752 2564 4798 ut
2587 4745 2654 4801 de
2679 4746 2922 4818 subjecto
2949 4752 3350 4822 pra-:dicabitur,
3385 4772 3575 4813 cursus
3615 4773 3739 4815 vero
3769 4759 3905 4828 ipse,

2322 4840 2574 4906 quoniam
2604 4841 2813 4912 species
2844 4844 2974 4900 alias
3001 4863 3108 4901 non
3134 4847 3316 4916 habet,
3349 4853 3400 4905 in
3429 4851 3668 4922 subjecto
3701 4863 3905 4913 tantum

2321 4938 2422 4995 est,
2456 4929 2508 4984 id
2541 4941 2622 4986 est
2652 4933 2704 4987 in
2736 4946 3005 4992 currente.
3060 4937 3232 4994 Motus
3278 4952 3454 4998 autem
3505 4961 3807 5022 quanquam
3855 4955 3905 5011 ct

2294 5019 2437 5106 ipse
2459 5022 2528 5074 sit
2559 5022 2610 5075 in
2642 5025 2907 5094 subjecto,
2957 5039 3132 5086 tamen
3158 5029 3225 5086 de
3273 5033 3518 5104 subjecto
3558 5019 3904 5106 praedicatur.

2313 5105 2440 5162 Ideo
2468 5109 2626 5179 dicit,
2658 5127 2844 5170 eorum
2867 5132 2987 5174 esse
3018 5129 3197 5176 notam
3233 5123 3452 5178 verbum
3482 5105 3602 5196 qua:
3634 5125 3700 5180 de
3737 5127 3903 5182 altera

2315 5201 2708 5272 praedicentur,
2744 5216 2904 5278 atque
2927 5212 3094 5281 addit,
3122 5226 3174 5268 ut
3195 5232 3380 5271 eorum
3408 5233 3526 5288 qua:
3559 5219 3626 5276 de
3657 5223 3902 5291 subjecto

2317 5292 2396 5346 vel
2430 5293 2481 5348 in
2529 5294 2791 5367 subjecto.
2837 5301 2950 5358 lloc
2995 5305 3124 5360 dii-it
3151 5308 3508 5364 accidentium
3546 5312 3760 5381 quidem
3798 5314 3901 5370 vim

2315 5384 2480 5439 verba
2530 5386 2854 5459 signiﬁcant,
2914 5395 3010 5450 sed
3063 5398 3243 5452 talium
3296 5417 3413 5470 quae
3459 5415 3550 5456 aut
3584 5403 3900 5463 universalia

2315 5475 2420 5528 sint
2441 5518 2454 5540 ,
2488 5489 2577 5533 aut
2605 5483 2970 5551 particularia,
2997 5495 3054 5540 ut
3082 5503 3203 5542 cum
3234 5488 3354 5544 dico
3388 5508 3629 5560 moveor,
3680 5496 3897 5549 univer-

2313 5563 2425 5618 sale
2453 5569 2702 5635 quiddam
2733 5585 2835 5643 εει,
2862 5584 2914 5629 ει
2943 5576 3008 5630 de
3032 5577 3274 5647 subjecto
3306 5581 3522 5649 dicitur,
3550 5595 3606 5638 ut
3629 5585 3693 5639 de
3717 5601 3898 5643 cursu.

2312 5658 2444 5712 Cum
2478 5677 2602 5716 vero
2630 5665 2748 5721 dico
2779 5682 2963 5738 curro,
2995 5673 3315 5740 particulare
3342 5687 3446 5742 est,
3471 5689 3526 5733 et
3552 5678 3800 5748 quoniam
3831 5677 3895 5737 de

2311 5754 2552 5816 subjecto
2577 5773 2678 5810 non
2711 5759 2928 5828 dicitur,
2963 5763 3014 5817 in
3038 5765 3280 5835 subjecto
3305 5767 3478 5825 so'um
3503 5781 3602 5826 est.

2389 5843 2434 5893 Ν
2462 5866 2502 5894 ιη
2623 5852 2902 5919 rétamem,
2938 5865 2984 5909 et
3016 5872 3116 5913 non
3147 5857 3364 5928 laborat,
3394 5861 3597 5916 verbum
3625 5876 3721 5914 non
3751 5862 3882 5931 dico,
