4270 6266
343 266 445 325 4‘29

1072 257 1136 313 IN
1176 256 1429 314 LIBRUM
1469 256 1559 309 DE
1602 245 2243 311 ιΝιΕιιΡΒΕΤΑΤιοΝΕ
2282 255 2508 311 ΕΒΙΤΙΟ
2545 254 2877 312 SECUNDA.

3513 250 3614 311 ιδο

342 382 698 455 consigniﬁcat
738 376 873 433 enim
914 383 1112 447 tempus
1133 415 1149 440 ,
1182 384 1228 429 et
1277 387 1473 445 semper
1518 370 1581 425 de
1608 370 1781 441 aliquo
1822 375 1913 424 est.
1946 368 2000 428 Α
2029 377 2132 433 est,
2168 371 2548 443 propriamque
2575 378 2813 447 retinens
2835 370 3157 428 sententiam
3186 369 3342 442 hujus
3370 370 3515 425 verbi
3539 375 3612 425 si-

344 476 661 544 Di/Ierentitc
690 480 859 527 autem
882 470 1001 522 huic
1026 484 1126 521 non
1150 474 1223 520 est
1246 466 1468 538 positum
1500 480 1705 533 nomen,
1745 462 1833 517 sed
1862 461 1922 527 [it

342 568 601 636 inﬁnitum
630 566 853 619 uerbum.
888 560 1142 627 Quoniam
1161 557 1397 612 similiter
1424 556 1475 609 in
1499 553 1722 625 qualibet
1743 559 1816 607 est
1832 592 1849 617 ,
1873 558 1920 606 et

341 660 481 731 quod
518 669 627 725 est,
650 665 696 710 et
734 651 868 724 quod
897 669 1000 707 non
1026 660 1116 706 est.
1161 649 1413 704 Similiter
1446 658 1616 702 autem
1644 650 1843 709 curret,
1878 650 1923 696 et

345 751 575 805 currebat
621 764 722 801 non
769 752 842 799 est
889 743 1113 806 verbum,
1162 740 1253 795 sed
1294 756 1442 794 casus
1472 738 1607 793 verbi
1630 780 1646 805 ,
1679 736 1923 806 differunt

343 855 513 901 autem
543 859 576 896 a
607 829 773 895 verba
809 836 1063 902 Quoniam
1091 833 1186 886 hoc
1227 832 1436 904 quidem
1464 847 1689 905 prwsens
1728 840 1923 900 tempus

345 934 695 1004 consigniﬁcat
712 972 727 997 ,
752 930 844 983 illa
866 944 983 981 uero
1009 941 1122 995 qua:
1153 925 1291 979 circa
1320 933 1439 978 sunt

412 1021 871 1092 Quemadmodum
905 1020 1039 1075 dixit
1061 1018 1115 1072 in
1139 1017 1379 1083 nomine,
1405 1030 1510 1071 non
1540 1018 1703 1070 homo
1728 1028 1922 1069 nomen

346 1132 446 1171 non
474 1124 585 1180 est,
640 1112 840 1167 idcirco
872 1110 1015 1181 quod
1063 1108 1248 1165 multis
1279 1107 1399 1162 aliis
1424 1108 1776 1175 conveniret,
1807 1120 1925 1176 qute

345 1206 581 1273 homines
604 1219 714 1261 non
740 1211 944 1268 essent,
970 1201 1331 1272 quoniamque
1360 1199 1429 1255 de
1460 1198 1675 1253 homine
1702 1197 1756 1253 id
1784 1197 1926 1268 quod

343 1301 544 1356 diceret
567 1297 826 1361 auferret,
858 1294 1098 1363 nihilque
1122 1292 1403 1348 deﬁnitum
1435 1290 1491 1345 in
1518 1291 1703 1346 eadem
1732 1288 1927 1359 praedi-

342 1394 551 1451 catione
568 1392 933 1460 relinqueret,
962 1388 1105 1456 quod
1132 1387 1279 1442 enim
1302 1400 1407 1441 non
1438 1385 1597 1440 homo
1623 1392 1727 1449 est,
1754 1390 1929 1450 potest

343 1500 465 1542 esse
490 1493 547 1540 et
572 1491 882 1546 centaurus,
915 1484 1094 1548 potest
1120 1491 1243 1533 esse
1272 1485 1325 1531 et
1354 1490 1550 1546 equus,
1580 1482 1634 1529 et
1663 1473 1764 1527 alia
1804 1488 1926 1543 quae

344 1578 430 1635 vel
458 1585 584 1632 sunt
626 1575 710 1630 vel
739 1588 846 1628 non
900 1580 1045 1635 sunt,
1071 1578 1234 1639 atque
1262 1568 1381 1639 ideo
1422 1565 1687 1621 inﬁnitum
1729 1578 1926 1621 nomen

344 1678 591 1725 vocatum
634 1676 755 1730 est,
806 1664 878 1717 ita
907 1676 1119 1733 quoque
1167 1660 1327 1714 etiam
1360 1659 1411 1713 in
1448 1658 1643 1723 verbo,
1674 1656 1816 1727 quod
1844 1666 1929 1711 est

2025 461 2319 530 gnilicatio,
2349 463 2491 519 unde
2523 464 2582 518 ﬁt
2623 476 2679 518 ut
2711 465 2849 534 apud
2881 465 3100 520 Grarcos
3140 477 3352 534 quoque
3382 478 3501 518 cum
3528 480 3610 517 ar-

2027 553 2339 610 ticularibus
2386 556 2750 626 prrepositivis
2799 556 2910 610 sola
2945 556 3107 610 verba
3158 554 3298 610 dicta
3333 554 3611 622 proferan-

2033 654 2148 713 tur,
2183 654 2239 699 ut
2260 654 2373 713 est,
2399 647 2458 703 τὸ
2478 656 2805 720 περιπατεῖν,
2826 653 2915 703 τοῦ
2945 655 3271 720 περιπατεῖν,
3297 654 3369 720 τῷ
3394 667 3614 721 περιπα-

2030 744 2151 791 τεῖν.
2198 735 2349 803 Quod
2378 737 2424 794 si
2455 737 2620 793 verba
2651 752 2771 793 cum
2806 737 3109 791 nominibus
3136 736 3527 806 conjungantur
3559 736 3615 790 in

2030 826 2269 884 oratione
2297 828 2505 895 Grzeca,
2522 827 2821 883 articularia
2850 826 3184 897 praepositiva
3205 826 3327 881 addi
3354 843 3461 882 non
3486 842 3609 896 pos-

2030 930 2176 985 sunt,
2210 920 2312 976 nisi
2344 919 2455 976 sola
2485 920 2625 976 dicta
2654 920 2784 975 sint.
2811 918 3075 986 Quoniam
3120 918 3426 989 signiﬁcant
3454 935 3567 975 rem
3595 960 3612 988 ,

2030 1022 2085 1069 et
2114 1011 2185 1066 ita
2209 1020 2266 1067 ut
2290 1014 2537 1083 quamvis
2560 1028 2621 1069 ea
2651 1012 2957 1084 signiﬁc‘ent
2976 1027 3095 1083 qua:
3126 1010 3284 1065 alicui
3318 1011 3501 1077 insint,
3529 1021 3610 1065 ta-

2029 1118 2153 1161 men
2182 1104 2323 1174 quod
2353 1105 2645 1161 secundum
2692 1121 2773 1171 se,
2802 1115 2856 1162 et
2884 1121 2979 1176 per
3019 1120 3171 1161 suam
3198 1104 3487 1159 essentiam
3532 1103 3611 1159 di.

2031 1206 2242 1262 cantur,
2278 1197 2477 1252 idcirco
2500 1206 2623 1253 sunt
2646 1198 2884 1261 numina,
2918 1206 2973 1253 et
2994 1197 3136 1267 quod
3162 1197 3480 1253 Aristoteles
3502 1197 3575 1252 ait
3599 1216 3610 1251 :

2030 1284 2147 1353 Ipsa
2171 1285 2385 1355 quidem
2417 1287 2710 1343 secundum
2745 1303 2805 1343 se
2835 1287 2978 1343 dicta
3012 1286 3176 1342 verba
3208 1286 3423 1341 nomina
3453 1295 3611 1355 sunt,

2031 1378 2137 1432 tale
2162 1388 2243 1431 est
2271 1393 2333 1433 ac
2364 1379 2406 1435 si
2435 1380 2672 1444 diceret,
2725 1380 2840 1451 ipsa
2890 1380 3104 1451 quidem
3132 1381 3243 1435 sola
3291 1395 3463 1451 neque
3495 1395 3611 1436 cum

2032 1469 2152 1523 aliis
2167 1469 2352 1540 juncta
2383 1473 2574 1538 verba,
2620 1473 2837 1527 nomina
2868 1481 3012 1528 sunt.
3047 1472 3208 1542 Cujus
3234 1473 3309 1528 rei
3334 1472 3437 1528 hoc
3458 1482 3611 1542 argu.

2034 1570 2271 1615 mentum
2324 1561 2521 1617 reddit.
2579 1561 2867 1619 Constituit
2895 1564 3073 1630 enim,
3125 1564 3329 1634 inquit,
3361 1565 3453 1635 qui
3484 1564 3613 1620 dicit

2034 1652 2392 1724 intellectum,
2426 1666 2480 1712 et
2508 1656 2597 1727 qui
2648 1658 2793 1713 audit
2822 1659 3091 1727 quiescit,
3143 1658 3245 1713 hoc
3282 1668 3457 1714 autem
3514 1661 3615 1715 tals

344 1776 452 1818 non
478 1759 677 1823 currit,
708 1756 794 1811 vel
817 1768 928 1809 non
950 1752 1181 1817 laborat,
1207 1749 1474 1805 inﬁnitum
1506 1764 1722 1819 quoque
1750 1749 1924 1818 ipsum
1956 1750 2007 1812 Β
2032 1756 2135 1804 est.
2167 1749 2340 1804 Omne
2372 1766 2566 1805 nomen
2619 1752 2882 1819 auditum,
2928 1752 3181 1822 quoniam
3234 1767 3331 1822 per
3381 1743 3614 1824 syllabas

346 1862 449 1922 est,
479 1849 732 1922 quoniam
753 1844 861 1901 non
902 1844 1075 1899 solum
1104 1842 1171 1898 de
1190 1857 1257 1897 eo
1278 1842 1423 1911 quod
1451 1849 1568 1907 est,
1592 1854 1777 1894 verum
1809 1848 1926 1902 est,

346 1945 439 2000 sed
460 1942 620 1999 etiam
650 1939 718 1995 de
742 1953 808 1993 co
830 1936 972 2007 quod
1005 1950 1112 1990 non
1140 1944 1223 1989 est
1249 1932 1528 2005 praedicari
1559 1940 1761 2001 potest.
1798 1930 1929 1986 Pos-

346 2053 467 2093 sum
492 2048 719 2104 namque
745 2031 945 2096 dicere,
982 2030 1144 2084 homo
1170 2041 1275 2082 non
1299 2026 1490 2092 currit,
1503 2033 1559 2081 et
1584 2024 1637 2080 id
1666 2026 1806 2095 quod
1838 2030 1926 2080 aio

348 2138 456 2185 non
489 2127 689 2191 currit,
734 2125 819 2179 vel
860 2138 964 2177 non
994 2121 1229 2183 laborat,
1259 2119 1326 2175 de
1365 2133 1428 2173 ea
1459 2132 1520 2174 re
1543 2133 1661 2188 qua:
1684 2126 1767 2172 est
1794 2132 1932 2186 prae-

348 2221 499 2285 dico,
533 2217 585 2272 id
616 2225 698 2272 est
717 2216 783 2270 de
814 2213 1051 2268 homine.
1080 2212 1306 2265 Possum
1335 2224 1524 2264 rursus
1549 2209 1752 2274 dicere,
1784 2207 1931 2278 Sylla

347 2328 453 2369 non
501 2309 703 2373 currit,
736 2306 831 2363 sed
876 2305 1025 2376 Sylla
1066 2318 1174 2358 non
1203 2311 1319 2371 est,
1353 2316 1481 2370 ergo
1509 2300 1609 2355 hoc
1640 2300 1782 2371 quod
1809 2300 1933 2355 dico

349 2422 453 2462 non
490 2403 679 2472 currit,
721 2410 776 2458 et
800 2400 871 2455 de
898 2413 962 2453 ea
985 2414 1044 2453 re
1069 2412 1188 2467 qua:
1216 2406 1302 2452 est
1327 2396 1505 2461 valet,
1550 2405 1604 2450 et
1632 2394 1697 2450 de
1722 2410 1784 2449 ea
1811 2408 1933 2464 quae

350 2496 483 2553 nihil
497 2505 598 2561 est,
632 2490 930 2562 prtedicari.
958 2473 1081 2546 Sed.
1102 2490 1239 2543 forte
1272 2486 1467 2557 aliquis
1508 2484 1610 2540 hoc
1637 2500 1850 2557 quoque
1879 2487 1935 2543 in

350 2590 529 2647 verbis
549 2602 671 2643 esse
692 2586 858 2641 ﬁnitis
887 2581 1196 2638 contendat.
1224 2580 1450 2636 Possum
1470 2593 1704 2648 namque
1725 2578 1931 2646 dicere,

351 2696 518 2751 equus
545 2676 735 2742 currit,
764 2676 1218 2745 hippocentaurus
1250 2670 1438 2735 currit,
1467 2678 1524 2725 et
1553 2668 1620 2724 de
1648 2683 1710 2723 ea
1741 2683 1801 2723 re
1826 2667 1935 2723 sci-

354 2774 603 2840 licetquae
625 2778 727 2833 est,
754 2778 807 2822 et
827 2768 894 2822 de
922 2780 984 2821 ea
1010 2780 1129 2836 quae
1152 2778 1260 2818 non
1279 2771 1384 2818 est.
1418 2761 1483 2817 Et
1524 2759 1667 2831 quod
1699 2760 1936 2829 comple-

353 2866 512 2922 ctitur
540 2866 607 2919 de
632 2864 809 2916 futuro
839 2874 901 2915 ac
930 2855 1207 2927 preterito
1228 2852 1363 2909 dixit
1390 2852 1534 2922 quod
1558 2850 1799 2907 futurum
1822 2853 1939 2922 qui-

355 2958 475 3013 dem
506 2963 629 3009 ante
645 2964 882 3021 praesens
910 2956 1123 3017 tempus
1153 2954 1256 3009 est,
1289 2944 1618 3014 praeteritum
1643 2958 1771 2998 vero
1792 2952 1939 2999 retro

357 3050 693 3119 relinquitur,
717 3056 772 3103 et
798 3058 937 3101 novo
962 3039 1371 3108 admirabilique
1401 3052 1653 3094 sermone
1679 3051 1811 3093 usus
1833 3044 1940 3104 est,

2034 1842 2386 1913 progrediens
2402 1844 2788 1915 aliquantulum
2818 1848 3077 1917 temporis
3102 1846 3330 1917 spatium
3354 1846 3615 1917 decerpit,

2034 1936 2088 1990 in
2108 1936 2220 2005 ipsa
2252 1938 2627 2007 progressione
2651 1940 2909 2011 temporis
2938 1956 3041 2011 qua
3069 1940 3261 1996 dicitur
3282 1956 3500 2007 nomen,
3525 1956 3616 1996 au-

2034 2027 2229 2083 dientis
2259 2043 2472 2098 quoque
2492 2031 2707 2085 animus
2736 2033 3100 2102 progreditur,
3130 2040 3188 2087 ut
3212 2048 3333 2087 cum
3366 2032 3487 2087 dico
3517 2032 3617 2086 im-

2036 2119 2353 2188 perterritus
2385 2122 2522 2177 sicut
2554 2138 2650 2192 per
2694 2123 2931 2192 syllabas
2962 2126 3062 2191 im,
3106 2134 3159 2180 et
3188 2142 3306 2197 per,
3343 2133 3397 2181 et
3426 2134 3529 2193 ter,
3566 2136 3618 2184 et

2035 2220 2259 2267 caeteras
2292 2214 2629 2285 progreditur
2663 2230 2888 2283 nomen,
2926 2218 2997 2271 ita
3031 2232 3245 2288 quoque
3274 2218 3488 2273 animus
3521 2233 3616 2272 au-

2036 2303 2237 2361 dientis
2270 2319 2365 2376 per
2396 2308 2613 2363 easdem
2644 2309 2880 2379 syllabas
2910 2310 3077 2366 vadit.
3107 2311 3211 2367 Sed
3242 2310 3335 2367 ubi
3364 2313 3483 2382 quis
3527 2327 3619 2367 ex-

2040 2395 2271 2464 pleverit
2293 2413 2488 2453 nomen
2519 2412 2571 2454 et
2594 2401 2791 2457 dixerit
2821 2403 3238 2473 imperterritus,
3262 2404 3403 2461 sicut
3425 2418 3620 2464 nomen

2039 2487 2367 2558 syllabarum
2406 2492 2787 2560 progressione
2816 2492 3023 2549 ﬁnitum
3054 2495 3341 2563 consistit,
3375 2496 3446 2551 ita
3493 2512 3621 2568 quac
3706 2506 3709 2513 ‘

2040 2594 2145 2648 que
2177 2580 2444 2638 audientis
2470 2584 2681 2638 animus
2713 2586 3068 2655 conquiescit.
3119 2586 3253 2642 Nam
3300 2602 3424 2643 cum
3454 2597 3623 2647 totum

2040 2687 2238 2728 nomen
2268 2674 2441 2741 audit,
2473 2686 2637 2732 totam
2666 2678 3112 2747 signiﬁcationem
3135 2680 3298 2751 capit,
3331 2689 3387 2737 et
3412 2683 3625 2738 animus

2041 2762 2340 2833 audientis,
2374 2766 2464 2836 qui
2492 2767 2729 2823 dicentis
2770 2769 3004 2839 syllabas
3031 2772 3359 2842 sequebatur
3386 2816 3401 2839 ,
3436 2774 3624 2831 volens

2042 2857 2184 2928 quod
2244 2858 2331 2914 ille
2380 2859 2587 2917 diceret
2633 2859 2976 2932 intelligere,
3015 2878 3135 2917 cum
3180 2863 3625 2933 signiﬁcationem

2042 2951 2304 3019 ceperit,
2337 2951 2615 3018 consistit,
2650 2959 2708 3009 et
2741 2953 2858 3023 ejus
2889 2955 3100 3011 animus
3140 2956 3380 3026 perlaeto
3412 2955 3626 3012 demum

2047 3042 2266 3097 nomine
2295 3043 2657 3110 constituitur,
2695 3042 2799 3101 hoc
2828 3055 2912 3103 est.
2936 3046 3077 3103 enim
3109 3045 3252 3115 quod
3284 3045 3385 3099 ait:
3419 3045 3626 3101 Consti-

356 3139 504 3213 quod
528 3140 603 3193 ait
623 3135 996 3206 complectitur
1018 3175 1034 3201 ,
1067 3130 1162 3188 sed
1190 3144 1290 3185 nos
1322 3129 1374 3185 id
1395 3137 1651 3199 quantum
1674 3127 1939 3184 Latinitas
1966 3132 2015 3198 η
2050 3135 2148 3190 tuit
2180 3135 2323 3190 enim
2354 3136 2446 3206 qui
2466 3136 2595 3193 dicit
2625 3136 2986 3203 intellectum,
3018 3146 3073 3194 et
3095 3139 3184 3208 qui
3205 3138 3355 3193 audit
3379 3138 3627 3208 quiescit.

359 3246 518 3303 passa
541 3238 643 3297 est,
668 3226 959 3284 transferre
980 3224 1072 3278 diu
1101 3222 1431 3291 multumque
1460 3220 1800 3286 laborantes,
1834 3219 1939 3276 hoc

358 3326 476 3381 solo
500 3322 797 3392 potuimus,
836 3316 1023 3373 Graeca
1053 3330 1185 3371 vero
1211 3315 1452 3370 oratione
1482 3313 1808 3369 luculentius
1854 3313 1937 3368 di-

358 3426 500 3473 ctum
525 3425 626 3472 est.
652 3415 727 3470 Ita
748 3414 891 3469 enim
924 3428 984 3467 se
1006 3411 1166 3466 habet
1190 3410 1255 3466 τὰ
1272 3408 1326 3466 δὲ
1352 3416 1455 3466 τῶν
1484 3409 1651 3486 πέριξ.
1677 3407 1827 3475 Quod
1848 3408 1941 3479 qui

362 3511 561 3565 Graecae
584 3509 779 3579 lingua:
810 3505 1016 3577 peritus
1045 3514 1124 3560 est
1152 3543 1168 3569 ,
1220 3511 1477 3567 quantum
1526 3501 1721 3558 melius
1752 3499 1940 3558 Graeca

359 3602 599 3657 oratione
620 3609 798 3668 sonet,
824 3598 1083 3668 agnoscit.

434 3692 556 3761 Ipsa
584 3694 753 3761 itaque
788 3691 1069 3744 secundum
1098 3706 1151 3743 se
1181 3690 1318 3742 dicta
1344 3687 1491 3742 verba
1514 3729 1528 3753 ,
1558 3690 1767 3742 nomina
1797 3698 1937 3753 sunt,

361 3796 406 3841 et
436 3785 724 3855 significant
751 3782 969 3853 aliquid.
1001 3781 1270 3837 Constituit
1308 3781 1437 3835 enint
1469 3781 1559 3851 qui
1599 3781 1754 3845 dicit,
1793 3780 1942 3836 intel-

362 3879 572 3938 lectum,
598 3886 644 3928 et
672 3874 758 3943 qui
808 3874 973 3940 audit,
1003 3874 1247 3943 quiescit,
1280 3872 1366 3927 sed
1393 3872 1557 3937 si'est,
1601 3874 1679 3926 uel
1704 3890 1804 3928 non
1831 3883 1940 3943 est,

363 3967 597 4019 nondum
639 3964 890 4037 signiﬁcat
910 4006 921 4025 ,
949 3981 1103 4034 neque
1136 3966 1267 4019 enim
1290 3966 1492 4036 signum
1531 3976 1604 4020 est
1634 3967 1707 4021 rei
1741 3984 1847 4023 esse
1867 3967 1946 4023 uel

362 4076 468 4113 non
498 4075 605 4112 esse
625 4100 641 4126 ,
675 4075 767 4111 nec
795 4059 837 4110 si
854 4059 1019 4127 ipsum
1046 4067 1119 4111 est
1148 4075 1331 4127 purum
1362 4060 1573 4114 dixeris.
1604 4058 1635 4112 Ι
1638 4076 1786 4131 psunt
1808 4059 1941 4114 enim

361 4150 494 4204 nihil
523 4162 625 4215 est,
645 4149 995 4219 consigniﬁcat
1017 4158 1186 4204 autem
1209 4151 1480 4220 quamdam
1506 4151 1942 4219 compositionem,

360 4263 514 4318 quant
543 4249 652 4300 sine
678 4246 972 4316 compositis
1000 4262 1102 4300 non
1122 4255 1194 4301 est
1220 4247 1516 4317 intelligere.

439 4341 551 4394 Hoc
588 4340 640 4393 in
673 4340 791 4394 loco
817 4338 1144 4411 Porphyrius
1174 4340 1243 4395 de
1270 4340 1576 4395 Stoicorum
1621 4340 1899 4396 dialectica
1928 4382 1941 4407 ,

363 4433 697 4500 aliarumque
743 4433 1051 4487 scholarum
1101 4433 1264 4487 multa
1306 4434 1617 4500 permiscet,
1647 4445 1702 4492 et
1748 4435 1799 4488 in
1829 4434 1945 4490 aliis

2045 3226 2256 3282 Etenim
2309 3226 2355 3282 is
2406 3228 2495 3298 qui
2567 3227 2803 3297 loquitur
2852 3240 3135 3301 postquam
3198 3238 3368 3283 totum
3425 3242 3629 3284 sermo-

2046 3335 2169 3376 nem
2192 3320 2409 3385 dixerit,
2442 3320 2710 3377 audientis
2754 3323 2994 3378 animum
3044 3323 3339 3378 constituit.
3380 3323 3517 3395 (Non
3550 3331 3631 3378 est

2045 3414 2188 3473 enim
2211 3429 2317 3484 quo
2347 3414 3114 3487 progrediaturintelligentia)
3148 3416 3373 3487 ipsoque
3417 3418 3633 3478 nomine

2047 3506 2355 3573 terminata,
2387 3507 2598 3563 animus
2636 3507 2896 3564 auditoris
2927 3509 3015 3578 qui
3045 3508 3506 3580 progrediebatur,
3541 3527 3631 3566 ex-

2046 3599 2336 3671 plicatione
2375 3600 2609 3655 nominis
2638 3600 2999 3663 constituitur,
3029 3610 3085 3656 et
3108 3601 3335 3671 quiescit
3360 3643 3375 3669 ,
3408 3612 3460 3657 et
3496 3602 3632 3657 ultra

2047 3692 2113 3746 ad
2177 3692 2637 3761 intelligentiam,
2688 3692 2884 3763 quippe
2937 3691 3186 3762 expedita
3247 3692 3634 3763 signiﬁcatione

2048 3786 2281 3841 nominis
2306 3828 2322 3854 ,
2359 3802 2468 3842 non
2516 3787 2780 3856 procedit,
2822 3785 2915 3842 sed
2970 3788 3071 3843 hoc
3122 3787 3286 3843 verbo
3317 3790 3632 3860 nominique

2050 3893 2337 3934 commune
2368 3887 2472 3943 est,
2495 3878 2590 3932 sed
2619 3878 2663 3931 si
2693 3878 2915 3933 verbum
2940 3879 3113 3933 solum
3138 3879 3368 3933 dicatur.
3396 3880 3634 3950 Namque

2050 3972 2093 4027 si
2127 3987 2246 4025 cum
2290 3970 2508 4024 nomine
2525 3968 2904 4038 coniungatur,
2935 3969 3173 4025 nondum
3202 3969 3471 4025 audientis
3499 3986 3632 4025 con-

2050 4062 2289 4117 stituitur
2345 4060 2668 4116 intellectus.
2719 4059 2816 4115 Est
2859 4060 3001 4116 enim
3054 4048 3159 4131 quo
3216 4062 3353 4115 ultra
3386 4062 3634 4131 progredi

2050 4153 2261 4208 animus
2312 4151 2579 4208 audientis
2608 4152 2797 4221 possit.
2852 4151 3006 4221 Quod
3035 4167 3158 4208 cum
3190 4153 3333 4221 dico,
3381 4154 3633 4213 Socrates

2053 4247 2313 4318 ambulat,
2350 4247 2437 4301 hic
2477 4246 2718 4303 ambulat
2750 4262 2857 4304 non
2904 4263 3000 4318 per
3031 4264 3089 4304 sc
3124 4247 3477 4320 intelligitur,
3538 4247 3632 4302 sed

2053 4341 2120 4396 ad
2150 4341 2428 4397 Socratem
2463 4339 2713 4408 refertur,
2758 4348 2810 4397 et
2857 4342 2910 4396 in
2944 4350 3053 4396 tota
3105 4342 3349 4396 oratione
3388 4339 3635 4397 consistit

2056 4433 2393 4501 intellectus,
2442 4447 2547 4487 non
2592 4433 2644 4487 in
2675 4433 2792 4487 solo
2822 4445 3073 4488 sermone
3102 4448 3117 4497 ;
3150 4443 3204 4488 at
3225 4448 3354 4489 vero
3385 4435 3428 4490 si
3459 4434 3634 4489 solum

364 4538 579 4594 quoque
600 4522 755 4593 hujus
780 4522 901 4578 libri
930 4523 1171 4593 partibus
1191 4564 1205 4589 ,
1239 4524 1289 4578 id
1321 4534 1403 4579 est
1432 4527 1484 4579 in
1515 4526 1947 4595 expositionibus
1974 4516 2033 4581 Β
2054 4525 2254 4581 dictum
2308 4527 2399 4593 sit,
2434 4528 2504 4580 ita
2534 4524 2589 4580 in
2617 4525 3012 4595 signiﬁcatione
3045 4526 3325 4594 consistit,
3376 4528 3625 4598 quemad-

367 4617 508 4672 idem
566 4614 706 4683 iacit,
759 4615 902 4683 quod
950 4616 1217 4672 interdum
1252 4618 1405 4673 nobis
1436 4628 1518 4674 est
1548 4619 1942 4689 neghgendum.

361 4710 519 4779 Swpe
548 4710 690 4765 enim
720 4710 985 4777 superﬂua
1016 4710 1392 4780 explanatione
1434 4712 1602 4782 magis
1644 4712 1947 4769 obscuritas

359 4809 725 4871 comparatur.
770 4799 921 4855 Nunc
950 4810 1129 4856 autem
1160 4803 1465 4857 Aristotelis
1494 4803 1794 4872 huiusmodi
1826 4818 1948 4860 scn-
1974 4833 1990 4855 ο

361 4892 525 4947 tentia
568 4902 692 4957 est,
745 4891 939 4959 Verba,
972 4894 1176 4964 inquit,
1210 4895 1324 4964 ipsa
1355 4894 1650 4951 secundum
1701 4910 1760 4951 se
1807 4895 1947 4951 dicta

358 4987 577 5043 nomina
621 4999 786 5057 sunt,
842 5006 949 5045 non
1001 4991 1293 5047 secundum
1336 4991 1391 5047 id
1422 4992 1565 5061 quod
1595 4994 1770 5049 omnis
1821 5007 1943 5064 pars

359 5084 618 5141 orationis
638 5088 994 5143 communiter
1015 5103 1213 5145 nomen
1242 5098 1482 5154 vocatur,
1518 5098 1576 5143 ut
1601 5089 1827 5144 dicimus
1850 5102 1947 5143 no-

357 5176 502 5230 mina
528 5192 730 5243 rerum,
763 5180 858 5235 sed
885 5181 1027 5251 quod
1058 5196 1222 5238 omne
1250 5184 1473 5238 verbum
1506 5198 1600 5250 per
1637 5197 1695 5236 se
1723 5182 1943 5248 dictum,

356 5282 533 5337 neque
555 5268 737 5325 addito
780 5272 848 5326 de
891 5287 998 5342 quo
1030 5272 1354 5343 praedicatur
1380 5274 1491 5327 tale
1518 5282 1619 5336 est,
1664 5282 1720 5326 ut
1744 5272 1946 5327 nomini

354 5360 429 5415 sit
454 5360 631 5417 afﬁne.
665 5362 795 5418 Nam
829 5364 874 5419 si
902 5365 1105 5437 dicam,
1135 5369 1388 5423 Socrates
1418 5364 1693 5431 ambulat,
1724 5365 1773 5418 id
1804 5366 1943 5435 quod

354 5451 465 5510 dixi
515 5453 786 5521 ambulat,
838 5465 1009 5510 totum
1050 5460 1289 5527 pertinet
1335 5457 1400 5511 ad
1452 5456 1747 5512 Socratem.
1795 5456 1946 5513 Nulla

352 5546 528 5617 ipsius
557 5544 906 5615 intelligentia
938 5552 1150 5618 propria
1188 5558 1293 5605 est.
1323 5552 1393 5604 At
1417 5564 1546 5604 vero
1570 5564 1689 5603 cum
1712 5549 1834 5604 dico
1864 5563 1951 5606 so-

350 5643 461 5696 lum
486 5638 744 5705 ambulat,
771 5639 843 5694 ita
871 5641 1085 5710 quidem
1113 5642 1248 5709 dixi,
1279 5652 1527 5712 tanquam
1551 5641 1597 5695 si
1621 5641 1775 5695 alicui
1803 5640 1950 5709 insit,

350 5735 403 5789 id
432 5745 517 5792 est
547 5742 596 5791 ta
609 5748 805 5807 nquam
831 5740 875 5791 si
905 5734 1124 5806 quilibet
1154 5735 1392 5793 ambulet
1416 5774 1432 5804 ,
1456 5735 1548 5792 sed
1577 5744 1750 5792 tamen
1776 5750 1867 5805 per
1891 5748 1949 5793 se

2055 4617 2269 4673 modum
2295 4618 2347 4675 in
2388 4617 2626 4673 nomine.
2670 4617 2838 4673 Recte
2868 4618 3029 4687 igitur
3056 4618 3255 4674 dictum
3289 4629 3372 4674 est
3400 4620 3513 4689 ipsa
3546 4636 3625 4673 se.

2051 4709 2283 4770 cundum
2314 4724 2374 4765 se
2403 4708 2548 4765 dicta
2577 4708 2741 4764 verba
2782 4707 3003 4764 nomina
3034 4723 3175 4776 esse,
3219 4710 3470 4781 quoniam
3504 4726 3638 4767 coiiv

2054 4804 2229 4860 stituit
2261 4803 2308 4860 is
2336 4803 2426 4874 qui
2458 4803 2588 4859 dicit
2618 4803 2974 4872 intellectum,
3007 4814 3063 4861 et
3092 4805 3183 4875 qui
3209 4807 3359 4863 audit
3386 4809 3618 4878 quiescit

2055 4897 2152 4954 Vel
2180 4907 2329 4954 certe
2357 4899 2459 4954 erit
2492 4897 2683 4953 melior
2712 4898 2982 4971 expositio
3007 4900 3053 4956 si
3076 4900 3147 4957 ita
3185 4900 3428 4957 dicamus
3475 4902 3638 4956 verba

2055 4992 2171 5062 ipsa
2217 4990 2514 5048 secundum
2558 5008 2617 5050 se
2645 4992 2786 5047 dicta
2827 4994 3043 5049 nomina
3082 5008 3236 5063 esse,
3270 4993 3470 5049 idcirco
3502 5010 3639 5064 quo-

2057 5087 2200 5141 niam
2231 5086 2509 5157 cujusdam
2558 5086 2635 5141 rei
2679 5085 2910 5141 habeant
2941 5086 3386 5156 signiﬁcationem
3413 5126 3429 5151 ,
3464 5100 3640 5155 neque

2055 5180 2198 5235 enim
2226 5179 2271 5236 si
2303 5179 2424 5235 talis
2454 5180 2530 5234 rei
2562 5178 3006 5249 signiﬁcationem
3039 5178 3234 5234 retinet
3253 5178 3499 5244 verbum,
3519 5194 3639 5248 qua:

2054 5288 2268 5343 semper
2298 5282 2390 5328 aut
2433 5273 2485 5328 in
2526 5272 2696 5327 altero
2726 5273 2816 5337 sit,
2858 5280 2950 5325 aut
2978 5270 3047 5324 de
3073 5271 3244 5326 altero
3291 5270 3637 5339 praedicetur,

2057 5365 2253 5420 idcirco
2272 5365 2381 5434 jam
2416 5362 2547 5418 nihil
2578 5362 2798 5418 omnino
2829 5361 3133 5441 signiﬁcat,
3170 5376 3268 5416 nec
3297 5362 3340 5417 si
3368 5362 3635 5432 signiﬁcat

2053 5457 2253 5527 aliquid
2282 5457 2424 5528 quod
2452 5465 2646 5525 praster
2683 5454 2985 5523 subjectum
3029 5468 3154 5508 esse
3181 5470 3287 5509 non
3331 5455 3525 5526 possit,
3562 5455 3640 5511 id-

2051 5547 2198 5603 circo
2225 5547 2337 5619 jam
2354 5548 2519 5603 etiam
2550 5544 2679 5599 illud
2713 5544 2980 5614 signiﬁcat
3013 5544 3155 5612 quod
3181 5545 3483 5615 subjectum
3517 5556 3601 5602 est
3622 5589 3668 5619 ,_

2055 5650 2114 5697 ut
2141 5656 2260 5696 cum
2294 5640 2414 5694 dico
2436 5639 2598 5709 sapit,
2632 5653 2736 5692 non
2771 5638 2972 5695 idcirco
3010 5637 3141 5692 nihil
3172 5638 3476 5709 signiﬁcat,
3508 5656 3640 5712 quo-

2055 5734 2196 5791 niam
2243 5730 2343 5786 hoc
2373 5730 2545 5801 ipsum
2594 5732 2751 5803 sapit,
2788 5733 2906 5791 sine
2936 5748 2999 5792 eo
3024 5730 3166 5802 quod
3197 5745 3391 5805 sapere
3428 5739 3641 5806 potest,
