4270 6266
1414 309 1428 333 Ι

618 327 717 392 431

1835 322 1945 390 AN.
1986 333 2196 391 MANL.
2231 330 2379 388 SEV.
2423 330 2647 391 ΒΟΕΤΙΙ

3785 340 3875 394 ιπε

617 474 740 519 esse
765 472 877 513 non
911 454 1111 526 possit,
1144 467 1242 509 nec
1280 466 1465 508 rursus
1505 468 1629 508 cum
1670 454 1792 508 dico
1821 455 1999 523 sapit,
2034 455 2187 509 illum
2226 457 2275 514 A
2307 464 2387 509 tas
2416 472 2523 512 non
2576 457 2784 513 videtur
2815 470 3070 527 existere,
3103 464 3352 533 quocirca
3404 476 3598 535 praeter
3643 469 3868 538 aliquant

618 554 791 624 ipsum
823 548 960 619 quod
982 547 1121 616 sapit
1152 548 1203 600 in
1234 546 1405 601 altero
1442 561 1583 613 esse,
1610 548 1702 602 sed
1735 547 1861 602 illud
1894 550 2041 618 quod
2073 548 2196 603 dico

618 642 793 711 sapit,
822 651 1014 693 nomen
1053 642 1137 690 εει
1160 634 1433 704 cujusdam
1476 636 1574 699 rei,
1631 651 1750 704 qua:
1778 650 1995 703 semper
2039 637 2111 689 sit
2142 637 2193 689 itt

620 732 785 784 altero
801 737 856 783 et
884 727 949 782 de
977 727 1148 781 altero
1177 726 1513 794 prmdicetur,
1542 725 1684 781 unde
1717 726 1772 779 fit
1803 734 1859 779 ut
1881 727 2213 781 intellectus-

619 832 827 889 quoque
856 819 943 872 sit.
994 817 1125 871 Nam
1179 816 1269 886 qui
1316 816 1464 869 audit
1499 817 1656 884 sapit,
1689 816 1815 871 licet
1854 832 1949 886 per
1971 833 2030 872 se
2066 833 2194 872 con-

619 919 848 966 stantem
894 923 1003 963 rem
1036 922 1140 962 non
1169 907 1349 961 audiat
1380 908 1470 978 (in
1510 907 1678 962 altero
1709 922 1938 978 namque
1986 924 2199 979 semper

619 1002 723 1071 est)
752 1013 804 1058 et
846 1003 897 1056 in
928 1017 1034 1070 quo
1078 1001 1148 1054 sit
1195 1000 1394 1055 dictum
1448 1014 1555 1054 non
1593 1008 1697 1067 est,
1731 1010 1911 1055 tamen
1945 1002 2195 1071 intelligit

618 1094 866 1164 quiddam
889 1102 942 1147 et
968 1092 1131 1161 ipsius
1156 1091 1304 1146 verbi
1325 1091 1712 1160 signiﬁcatione
1743 1092 1955 1156 nititur,
1982 1101 2037 1147 et
2058 1093 2110 1146 in
2134 1108 2195 1147 ea

620 1186 895 1241 constituit
940 1184 1267 1239 intellectum
1308 1192 1361 1238 et
1403 1182 1672 1251 quiescit,
1706 1192 1765 1236 ut
1795 1183 1859 1235 ad
1893 1183 2197 1251 intelligen-

620 1278 744 1333 tiam
776 1275 903 1330 nihil
934 1276 1066 1329 ultra
1114 1284 1318 1345 quaerat
1347 1275 1567 1328 omnino
1597 1276 1734 1328 sicut
1780 1274 1835 1328 lit
1866 1276 1919 1328 in
1955 1276 2190 1330 nomine.

618 1369 1079 1436 Quemadmodum
1111 1368 1250 1421 enim
1286 1382 1480 1422 nomen
1515 1368 1790 1436 cujusdam
1813 1366 1888 1422 rei
1918 1368 2192 1437 signiﬁca-

617 1464 693 1518 tio
720 1463 929 1532 propria
956 1469 1038 1516 est
1062 1475 1155 1529 per
1177 1476 1235 1513 se
1258 1459 1575 1525 constantis,
1610 1461 1677 1512 ita
1709 1475 1922 1529 quoque
1965 1462 2189 1515 verbum

617 1554 934 1625 signiﬁcatio
957 1554 1031 1607 rei
1062 1561 1145 1605 εει
1177 1567 1279 1604 non
1311 1566 1405 1620 per
1435 1566 1494 1605 se
1521 1551 1884 1615 subsistentis,
1929 1551 2021 1606 sed
2055 1555 2193 1606 alte-

616 1647 728 1702 rius
766 1645 1036 1709 subiecto,
1069 1652 1121 1697 et
1148 1642 1542 1712 quodammodo
1569 1643 1915 1697 fundamento
1946 1643 2185 1698 nitentis.

617 1741 711 1796 Est
742 1741 827 1794 hic
851 1756 919 1808 qu
940 1740 1098 1802 t-stio,
1126 1752 1230 1790 non
1256 1737 1398 1791 enim
1423 1752 1606 1791 verum
1635 1736 1802 1791 videri
1827 1745 2021 1806 potest,
2049 1739 2192 1806 quod

2303 549 2739 615 compositionem
2803 551 2944 603 nulla
3011 552 3297 607 affirmatio
3354 555 3439 609 vel
3499 556 3707 626 negatio
3772 570 3871 612 est.

2309 643 2475 699 Verba
2502 646 2657 714 igitur
2685 662 2778 715 per
2800 662 2856 702 se
2878 650 3017 703 dicta
3044 651 3343 718 signiﬁcant
3363 652 3575 721 quidem
3602 654 3871 722 quiddam,

2304 743 2356 789 et
2400 746 2520 789 sunt
2569 738 2643 790 rvi
2697 740 2927 804 nomina,
2988 741 3080 794 sed
3110 743 3340 795 nondum
3373 744 3441 796 ita
3470 744 3790 813 signiﬁcant,
3824 756 3873 798 ιιι

2305 832 2381 880 vel
2415 844 2533 883 esse
2564 832 2641 883 vel
2674 846 2777 884 non
2810 846 2931 886 esse
2970 833 3166 901 aliquid
3209 836 3551 901 constituantJ
3604 837 3653 889 id
3699 847 3776 891 est
3824 848 3876 891 ιιι

2302 919 2709 975 afﬁrmationem
2744 923 2939 975 faciant
2973 933 3062 975 aut
3095 926 3448 991 negationem.
3493 926 3622 979 Nam
3656 928 3788 980 sicut
3824 928 3872 981 it.

2304 1011 2530 1065 nominis
2564 1013 2803 1080 partibus
2834 1024 2925 1066 aut
2954 1015 3119 1080 verbi,
3156 1026 3329 1080 partes
3370 1016 3497 1083 ips-.e
3542 1018 3674 1071 ttiltil
3718 1021 3880 1088 signi-

2302 1103 2480 1167 ﬁcant,
2531 1120 2718 1157 omnes
2762 1120 2886 1159 vero
2932 1107 3210 1175 designant
3251 1109 3429 1172 simul,
3476 1110 3541 1162 ita
3572 1124 3782 1178 quoque
3827 1113 3876 1164 ιιι

2300 1194 2742 1252 afﬁrmationibus
2785 1208 2874 1251 aut
2919 1200 3303 1268 negationibus,
3335 1214 3514 1269 panes
3546 1202 3759 1267 quidem
3804 1204 3877 1256 si-

2298 1290 2569 1357 gnificant,
2608 1300 2731 1343 tota:
2765 1307 2889 1346 vero
2921 1294 3218 1361 conjuncta:
3248 1310 3430 1348 verum
3480 1295 3738 1348 falsumve
3780 1297 3878 1348 de-

2301 1380 2532 1450 signant,
2579 1392 2635 1436 ιιι
2664 1398 2783 1437 ειιιη
2818 1384 2937 1439 dico
2974 1384 3223 1439 Socrates
3253 1385 3600 1454 philosophus
3636 1398 3737 1449 cst,
3779 1387 3874 1441 So-

2299 1481 2471 1525 crates
2502 1474 2850 1543 pbilosopltus
2886 1490 2989 1529 n0n
3021 1486 3134 1542 est,
3178 1477 3446 1547 sigillatim
3482 1477 3664 1545 posita!
3702 1489 3878 1546 partes

2300 1562 2512 1630 propria
2568 1564 2956 1632 significatione
3018 1567 3291 1629 nituntur,
3367 1567 3457 1619 sed
3502 1567 3627 1620 nihil
3696 1582 3875 1621 verum

2300 1656 2558 1710 falsumve
2599 1657 2922 1725 significant,
2966 1674 3151 1712 omnes
3195 1674 3321 1712 vero
3350 1660 3507 1712 simul
3552 1661 3770 1727 junctae,
3824 1671 3875 1715 ut

2297 1755 2379 1799 est
2406 1746 2653 1801 Socrates
2698 1749 3049 1817 philosophus
3079 1760 3179 1815 est,
3214 1751 3491 1804 veritatem
3540 1752 3755 1817 faciunt,
3792 1752 3874 1807 vel

614 1838 708 1902 ait;
742 1834 1015 1889 constituit
1042 1834 1183 1886 enim
1231 1832 1369 1901 quod
1413 1832 1539 1886 dicit
1578 1831 1929 1896 intellectum,
1962 1842 2018 1886 et
2049 1833 2186 1900 quod
2224 1833 2270 1891 Β
2296 1838 2433 1906 quod
2482 1848 2563 1891 est
2613 1840 2735 1893 buic
2774 1842 3126 1907 contrarium,
3182 1843 3484 1896 falsitatem.
3534 1845 3709 1910 Quare
3751 1859 3874 1900 euut

612 1930 758 1984 audit
779 1929 1021 1995 quiescit.
1056 1924 1185 1981 Nam
1227 1932 1402 1994 neque
1427 1923 1514 1993 qui
1546 1922 1675 1977 dicit
1719 1923 1993 1977 constituit
2033 1921 2182 1975 intel-

611 2026 828 2089 lectum,
857 2035 1028 2091 neque
1051 2020 1191 2088 quod
1220 2018 1366 2073 audit
1387 2018 1613 2088 quiescit
1641 2034 1654 2082 ;
1681 2017 1833 2071 deest
1863 2018 2005 2071 enim
2037 2017 2191 2087 quid-

609 2115 730 2169 dam
758 2114 993 2170 sermoni
1030 2114 1109 2166 vel
1142 2110 1343 2164 nomini
1370 2150 1384 2173 ,
1418 2119 1473 2164 ut
1501 2109 1545 2163 si
1574 2110 1693 2178 quis
1736 2110 1878 2163 dicat
1904 2110 2183 2173 Socrates,

611 2223 737 2263 mox
765 2206 1028 2261 audientis
1048 2204 1259 2257 animus
1292 2202 1515 2271 requirit
1538 2200 1663 2271 quid
1693 2201 1963 2262 Socrates,
1992 2200 2187 2254 facitne

609 2298 810 2370 aliquid
845 2314 911 2352 an
959 2297 1190 2367 patitur?
1218 2304 1272 2349 et
1305 2294 1537 2350 nondum
1586 2293 1854 2346 audientis
1885 2293 2184 2347 intellectus

608 2402 692 2447 est
710 2392 947 2462 quietus,
976 2403 1096 2442 cum
1133 2389 1322 2441 horum
1351 2376 1550 2455 aliquid
1583 2384 1829 2453 requirit,
1862 2376 1913 2437 et
1942 2386 1991 2436 in
2018 2383 2182 2437 verbo

607 2484 746 2539 idem
775 2492 879 2546 est,
907 2496 1026 2535 cum
1057 2482 1177 2534 dico
1207 2480 1352 2548 legit,
1377 2480 1496 2547 quis
1525 2479 1663 2548 legat
1683 2480 1893 2532 animus
1920 2477 2184 2531 audientis

606 2574 851 2642 requirit.
889 2570 1134 2625 Nondum
1180 2584 1307 2638 ergo
1347 2569 1438 2637 qui
1467 2568 1595 2623 dicit
1634 2570 1910 2623 constituit
1943 2568 2185 2623 intellec-

609 2679 753 2731 tum,
806 2681 906 2719 nec
935 2664 1025 2734 qui
1072 2663 1219 2717 audit
1264 2662 1513 2730 quiescit.
1547 2663 1648 2716 Sed
1683 2663 1748 2716 ad
1790 2663 1892 2716 hoc
1922 2662 2186 2716 Aristote-

608 2760 710 2811 lem
744 2754 991 2810 retulisse
1045 2752 1337 2822 putandum
1388 2762 1488 2818 est,
1522 2751 1772 2823 quoniam
1828 2752 2052 2821 quilibet
2092 2768 2187 2806 att-

607 2849 761 2904 diens
783 2863 905 2903 cum
932 2846 1339 2916 significativam
1372 2859 1558 2899 vocem
1587 2844 1813 2914 cmperit
1834 2844 2034 2909 animo,
2070 2845 2186 2912 ejus

608 2941 956 3011 intelligentia
984 2941 1184 3005 nititur,
1220 2950 1277 2994 ιιι
1306 2954 1425 2995 cum
1467 2940 1587 3010 quis
1610 2940 1796 3005 audit,
1839 2940 2020 3006 homo,
2059 2939 2183 3008 quid

606 3033 798 3089 sithoc
818 3035 990 3103 ipsum
1015 3032 1155 3102 quod
1184 3031 1376 3101 accipit
1398 3040 1577 3086 mente
1602 3033 2027 3103 comprehendit,
2054 3047 2184 3087 con--

606 3131 879 3198 stituitque
910 3128 1090 3181 animo
1140 3126 1353 3180 audisse
1405 3125 1599 3180 animal
1632 3126 1893 3181 rationale
1937 3125 2180 3180 mortale.

2296 1930 2454 1984 verba
2484 1931 2778 1985 secundum
2809 1946 2865 1985 se
2896 1934 3035 1986 dicta
3066 1934 3278 1988 nomina
3311 1935 3448 1997 sint,
3481 1944 3532 1987 et
3577 1935 3872 2004 significent

2294 2018 2516 2087 aliquid,
2556 2032 2609 2074 et
2640 2033 2816 2090 partes
2846 2023 3086 2091 qttzedatu
3132 2024 3246 2093 cjus
3289 2024 3692 2090 compositionis
3732 2035 3874 2090 sunt,

2293 2128 2409 2179 qum
2458 2128 2643 2167 verum
2698 2114 2957 2169 falsumve
3006 2114 3221 2179 faciant,
3273 2131 3374 2171 non
3426 2128 3599 2170 tamen
3658 2115 3767 2184 ipsa
3825 2117 3874 2169 itt

2295 2206 2504 2271 propria
2553 2206 2941 2274 signiﬁcatione
2971 2208 3055 2261 vel
3088 2222 3226 2273 esse,
3260 2209 3397 2275 quod
3440 2217 3523 2262 cst
3571 2208 3874 2263 afﬁrmatio-

2295 2296 2398 2358 uis,
2448 2297 2526 2349 vel
2576 2313 2679 2349 non
2712 2313 2865 2362 esse,
2909 2299 3048 2366 quod
3089 2312 3169 2353 est
3211 2300 3526 2368 negationis,
3572 2301 3870 2369 designant.

2292 2385 2403 2440 Nisi
2432 2389 2575 2440 enim
2611 2390 2694 2441 ειιὲ
2724 2389 2846 2443 insit
2873 2390 3093 2444 verbum
3128 2391 3252 2445 illud
3286 2392 3449 2448 fuerit
3478 2393 3737 2459 additum,
3768 2408 3873 2449 non

2291 2477 2349 2529 ﬁt
2386 2478 2704 2544 enuntiatio,
2752 2490 2806 2531 ιιι
2850 2494 2967 2533 cum
3015 2480 3136 2535 dico
3166 2482 3344 2550 sapit,
3397 2482 3493 2536 nisi
3541 2483 3628 2552 qui
3678 2487 3869 2552 sapiat,

2292 2570 2485 2633 dicam,
2539 2572 2832 2638 pt0positio
2883 2588 2987 2626 non
3044 2583 3144 2627 εει.
3206 2573 3357 2639 Quod
3416 2585 3589 2629 autem
3648 2575 3871 2641 addidit,

2292 2679 2465 2734 neque
2511 2666 2652 2719 enim
2699 2666 2903 2734 signum
2949 2676 3027 2720 est
3080 2667 3154 2720 rei
3198 2682 3316 2721 esse
3347 2666 3429 2722 vel
3463 2684 3565 2721 non
3598 2683 3736 2734 esse,
3769 2668 3871 2723 talo

2292 2758 2539 2826 quiddam
2570 2769 2650 2813 est
2686 2773 2825 2826 esse,
2867 2759 3007 2828 quod
3050 2759 3268 2813 verbum
3311 2767 3411 2823 est,
3462 2760 3546 2814 vel
3589 2775 3691 2814 non
3729 2774 3870 2824 esse,

2290 2850 2432 2918 quod
2465 2850 2728 2904 inﬁnitum
2761 2850 2979 2903 verbum
3014 2860 3114 2914 cst,
3151 2851 3363 2914 indicat,
3401 2866 3504 2905 non
3537 2860 3615 2904 est
3660 2853 3869 2921 signum

2292 2943 2390 3011 rei,
2424 2942 2473 2995 id
2503 2953 2586 2996 est
2624 2942 2751 2995 nihil
2793 2957 2884 3011 per
2918 2958 2975 2996 se
3005 2942 3286 3011 signiﬁcat.
3338 2944 3467 2996 lisse
3495 2944 3639 2997 enim
3688 2944 3789 2997 nisi
3821 2944 3872 2996 in

2290 3032 2464 3100 aliqua
2509 3031 2901 3099 compositione
2944 3048 3046 3086 non
3105 3027 3336 3099 ponitur.
3386 3032 3477 3085 Vel
3520 3042 3667 3087 certe
3713 3049 3871 3088 omne

2292 3123 2513 3177 verbum
2544 3123 2740 3176 dictum
2772 3139 2865 3191 per
2890 3139 2948 3178 se
2979 3124 3478 3199 signiﬁcatquidem
3524 3125 3748 3193 aliquid,
3780 3127 3870 3180 sed

615 3222 671 3276 Si
703 3197 822 3291 quis
851 3236 983 3275 vero
1007 3219 1375 3287 hujuscemodi
1411 3233 1598 3274 vocem
1626 3219 1876 3286 coeperit,
1907 3232 2025 3285 qua:
2056 3216 2188 3270 nihil
2214 3197 2261 3261 C
2294 3214 2336 3266 si
2367 3226 2447 3267 est
2476 3215 2557 3267 vel
2588 3230 2690 3266 non
2720 3225 2821 3279 est,
2858 3214 3089 3269 nondum
3122 3197 3403 3283 signiﬁcat.
3439 3216 3553 3269 Non
3584 3218 3725 3271 enim
3753 3232 3870 3271 cum

605 3313 826 3367 omnino
872 3311 1141 3380 designet,
1176 3311 1387 3363 animus
1430 3310 1549 3379 ejus
1598 3310 1744 3363 nulla
1789 3308 2181 3377 signiﬁcatione

607 3418 777 3472 neque
808 3401 1159 3472 intelligentia
1192 3402 1471 3456 roboratus
1498 3411 1671 3464 errat,
1703 3415 1766 3454 ac
1796 3400 2055 3465 vertitur,
2086 3414 2188 3453 nec

608 3494 725 3547 ullis
755 3494 1139 3563 designationis
1174 3494 1363 3548 ﬁnibus
1392 3493 1749 3563 conquiescit,
1780 3506 1947 3563 quare
1974 3492 2184 3546 Aristo-

606 3585 724 3639 telis
752 3596 892 3638 reeta
916 3583 1179 3639 sententia
1204 3591 1284 3637 est
1308 3624 1323 3648 ,
1356 3592 1412 3637 et
1439 3582 1601 3636 verba
1631 3581 1926 3636 secundum
1957 3597 2015 3635 se
2043 3582 2183 3637 dicta

608 3691 725 3731 esse
771 3676 1008 3738 nomina,
1048 3686 1099 3729 et
1131 3674 1396 3729 dicentem
1447 3672 1776 3727 constituere
1817 3673 2184 3740 intellectum,

608 3766 1018 3836 audientemque
1062 3766 1358 3835 quiescere,
1385 3763 1477 3819 sed
1509 3764 1815 3833 hujusmodi
1859 3766 2086 3833 quaestio
2116 3768 2183 3820 ab

608 3858 831 3927 Aspasio
876 3860 1144 3928 proposita
1174 3868 1255 3913 est
1299 3868 1354 3913 et
1401 3858 1468 3912 ab
1494 3857 1681 3913 eodem
1732 3857 1987 3913 resoluta.
2032 3859 2187 3913 Post-

607 3967 760 4020 quam
809 3951 967 4021 igitur
1014 3951 1331 4006 Aristoteles
1368 3951 1663 4006 secundum
1714 3964 1773 4004 se
1818 3950 1959 4004 dicta
2021 3951 2183 4005 verba

606 4044 818 4097 nomina
845 4057 963 4096 cs~.e
994 4041 1291 4123 cousy’tuit,
1322 4043 1514 4111 inquit,
1543 4040 1637 4095 sed
1671 4041 1713 4094 si
1745 4051 1827 4095 est
1857 4041 1937 4095 vel
1971 4056 2076 4094 non
2103 4050 2185 4094 est

604 4136 836 4190 nondum
878 4133 1211 4203 signiﬁcant,
1244 4133 1384 4201 quod
1419 4133 1720 4202 hujusmodi
1755 4142 1837 4187 est
1874 4148 1936 4187 ac
1966 4135 2009 4186 si
2039 4132 2185 4187 dice-

605 4237 720 4283 ret:
749 4228 1090 4296 Siguiﬁcatur
1139 4225 1349 4292 quidem
1395 4225 1644 4292 quiddam
1676 4240 1704 4277 a
1736 4227 1913 4277 verbis
1936 4266 1949 4289 ,
1984 4226 2129 4279 velut
2155 4240 2184 4278 a

612 4318 938 4384 nominibus,
958 4316 1048 4370 sed
1076 4317 1217 4369 nulla
1247 4315 1563 4369 tameninde
1586 4318 1797 4384 negatio
1829 4316 2183 4370 afﬁrmatiove

604 4411 898 4481 perﬁcitur.
928 4410 1059 4464 Cum
1087 4410 1227 4463 enim
1254 4407 1371 4461 dico
1402 4409 1560 4476 sapit,
1587 4418 1667 4461 est
1695 4408 1906 4476 quidem
1938 4408 2179 4475 qtnedam

606 4502 956 4572 signiﬁcatio,
990 4501 1081 4555 sed
1107 4500 1235 4553 niltil
1266 4509 1356 4553 aut
1381 4514 1500 4553 esse
1532 4510 1621 4554 aut
1664 4515 1766 4554 non
1796 4517 1915 4555 esse
1959 4502 2182 4556 demon-

600 4603 755 4658 Strat,
789 4593 838 4646 id
868 4603 949 4647 est
977 4606 1149 4659 neque
1178 4590 1556 4643 affirtnativum
1600 4591 1801 4658 aliquid
1828 4630 1841 4653 ,
1873 4607 2044 4659 neque
2088 4608 2180 4645 ne-

601 4687 831 4755 gativum
854 4696 968 4750 est;
1005 4700 1124 4759 nam
1156 4685 1202 4738 si
1233 4683 1520 4738 afﬁrmatio
1547 4693 1603 4738 et
1624 4686 1836 4753 negatio
1864 4685 1915 4738 in
1940 4686 2178 4740 intellec-

604 4790 748 4827 ttuttu
771 4777 1251 4844 compositionibus
1274 4776 1559 4839 invenitur,
1587 4785 1642 4829 ut
1666 4791 1824 4845 supra
1842 4776 1951 4845 jam
1976 4777 2177 4843 docuit,

602 4881 771 4935 neque
800 4868 911 4920 sola
937 4867 1153 4920 nomina
1182 4868 1323 4921 dicta
1350 4883 1522 4937 neque
1552 4870 1712 4922 verba
1745 4879 1836 4921 aut
1864 4869 2177 4924 afﬁrmatio-

602 4975 745 5024 ιεειιι,
778 4966 868 5011 aut
908 4958 1067 5011 ullam
1112 4958 1309 5012 facient
1347 4961 1700 5029 negationem.
1752 4960 2000 5014 Pluribus
2029 4964 2173 5016 enim

554 5102 557 5105 .
601 5050 768 5107 modis
793 5050 976 5117 docuit
1021 5050 1338 5105 Aristoteles
1384 5053 1516 5105 alias
1547 5066 1652 5114 non
1695 5050 1748 5104 .in
1783 5052 1966 5115 rebus,
1991 5052 2087 5106 sed
2119 5054 2170 5107 in

599 5142 957 5198 intellectibus
1009 5142 1284 5197 veritatem
1334 5142 1728 5211 falsitatemque
1764 5158 1883 5197 esse
1907 5145 2169 5198 constitu-

600 5246 728 5300 tam,
789 5236 1038 5305 quoniatn
1094 5236 1136 5289 si
1208 5236 1258 5289 in
1310 5235 1469 5288 rebus
1522 5234 1717 5287 veritas
1772 5234 2041 5290 falsitasve
2090 5250 2175 5291 es-

596 5336 699 5394 set,
732 5342 835 5382 una
875 5342 963 5383 res
990 5327 1105 5382 sola
1135 5336 1226 5381 aut
1270 5325 1554 5379 afﬁrmatio
1603 5336 1780 5392 esset,
1832 5334 1924 5380 aut
1953 5342 2070 5396 quas
2124 5327 2173 5382 ei

595 5420 860 5474 contraria
910 5431 1024 5485 εει,
1093 5419 1323 5489 negatio.
1385 5417 1530 5471 Nunc
1602 5434 1727 5473 vero
1770 5420 2021 5489 quoniam
2080 5421 2165 5475 inv

597 5511 898 5567 tellectibus
938 5511 1173 5579 junctis,
1209 5512 1409 5565 veritas
1438 5517 1493 5564 et
1532 5508 1738 5565 falsitas
1768 5511 2012 5581 ponitur,
2058 5526 2176 5567 ora-

595 5601 674 5655 tio
728 5616 939 5671 quoque
983 5600 1248 5670 opinionis
1298 5608 1455 5670 atque
1510 5601 1807 5656 intellectus
1846 5604 2178 5672 passionum—

594 5707 699 5761 que
756 5692 945 5744 anima:
1014 5693 1277 5760 interpres
1337 5700 1441 5747 est.
1500 5693 1676 5760 Quare
1730 5694 1848 5748 sine
1909 5694 2171 5762 composi-

596 5781 739 5843 tione
786 5781 1187 5846 iutellectuum,
1240 5783 1633 5855 verborumque
1684 5788 1878 5840 veritas
1928 5796 1981 5841 et
2024 5784 2171 5841 falsi-

2293 3305 2487 3373 aliquid
2516 3304 2712 3359 dictum
2742 3306 2918 3372 fuerit,
2954 3305 3152 3361 idcirco
3194 3316 3285 3360 aut
3326 3321 3445 3361 esse
3486 3317 3573 3360 aut
3614 3324 3717 3361 non
3756 3322 3873 3362 esse

2294 3396 2576 3466 signiﬁcat.
2652 3398 2821 3465 Atque
2869 3398 2969 3451 hoc
3011 3407 3093 3452 est
3137 3397 3276 3468 Quod
3322 3399 3395 3453 ait
3436 3417 3449 3452 :
3498 3399 3675 3469 Neque
3728 3401 3868 3454 enim

2291 3488 2498 3557 signum
2528 3494 2612 3540 est
2647 3488 2721 3540 rei
2752 3502 2872 3542 esse
2905 3487 2987 3541 vel
3019 3502 3124 3542 non
3154 3502 3301 3553 esse,
3334 3489 3528 3543 etenim
3557 3504 3712 3557 quam
3754 3505 3866 3545 rem

2292 3579 2512 3634 verbum
2559 3578 2834 3648 designat,
2881 3593 3002 3633 esse
3047 3581 3162 3649 ejus
3205 3581 3286 3633 vel
3329 3594 3432 3633 non
3475 3594 3592 3634 esse
3637 3596 3741 3634 non
3791 3592 3872 3635 est

2292 3673 2496 3739 signum
2537 3672 2708 3737 ipsum
2753 3671 2991 3735 verbum,
3031 3660 3172 3741 ι]ιῖοὰ
3216 3673 3281 3727 de
3321 3673 3406 3727 illa
3452 3689 3510 3727 re
3553 3674 3766 3737 dicitur,
3810 3690 3872 3727 ac

2291 3762 2332 3815 si
2364 3761 2439 3815 sie
2470 3762 2674 3816 diceret
2708 3781 2716 3813 :
2751 3762 2931 3831 Neque
2965 3765 3105 3818 enim
3138 3766 3343 3834 signum
3376 3774 3457 3818 est
3486 3765 3702 3819 verbum
3732 3766 3869 3834 quod

2290 3852 2507 3918 dicitur,
2536 3853 2611 3907 rei
2642 3867 2760 3909 esse
2793 3854 2877 3907 vel
2911 3870 3013 3906 non
3042 3867 3184 3920 esse,
3218 3854 3319 3908 hoc
3349 3864 3431 3910 εει
3457 3855 3523 3909 de
3551 3870 3649 3924 qua
3680 3855 3872 3908 dicitur

2292 3960 2378 4009 re,
2415 3954 2471 3999 ιιι
2501 3945 2550 3999 id
2585 3946 2725 4015 quod
2756 3945 2891 4010 dico,
2927 3947 3003 3999 rei
3040 3960 3160 4000 esse
3193 3946 3275 3999 vel
3313 3961 3417 4000 non
3464 3962 3605 4015 esse,
3638 3949 3740 4002 tale
3779 3946 3867 4010 sit,

2291 4048 2537 4108 tanquam
2585 4039 2629 4093 si
2679 4038 2872 4102 dicam,
2912 4054 3023 4092 retu
3069 4040 3234 4107 ipsam
3282 4038 3586 4108 signiﬁcare
3624 4053 3744 4092 csse
3790 4035 3869 4091 vel
3958 4106 3959 4109 η

2290 4144 2395 4183 non
2437 4144 2589 4193 esse,
2621 4140 2779 4198 atque
2821 4128 2906 4182 hic
2944 4136 3026 4183 est
3070 4128 3261 4182 melior
3298 4129 3626 4190 intellectus,
3668 4138 3725 4181 ut
3763 4142 3866 4179 non

2288 4223 2352 4273 sit
2396 4221 2602 4289 signum
2642 4221 2860 4273 verbum
2898 4220 3015 4289 ejus
3054 4220 3227 4275 reide
3262 4237 3360 4288 qua
3404 4220 3597 4273 dici'ur
3635 4234 3751 4273 esse
3782 4219 3865 4272 vel

2289 4325 2390 4363 non
2430 4326 2551 4364 esse
2592 4311 2951 4375 subsistendi,
3002 4312 3204 4367 scilicet
3246 4311 3329 4365 vel
3372 4311 3475 4364 non
3517 4310 3864 4380 subsistendi,

2287 4401 2425 4476 quod
2469 4401 2596 4456 illul
2640 4402 2851 4469 quidem
2895 4402 3260 4457 afﬁrmatiouis
3293 4412 3394 4469 cst,
3440 4401 3566 4455 illud
3608 4416 3730 4454 vero
3772 4415 3866 4453 nc-

2286 4480 2537 4564 gatiohis,
2569 4505 2625 4548 ut
2654 4495 2723 4548 sit
2753 4495 2871 4549 talis
2901 4511 3110 4559 sensus,
3140 4511 3309 4566 neque
3338 4496 3479 4549 enim
3508 4482 3647 4564 qubd
3677 4494 3866 4549 dicitur

2213 4567 2265 4626 υ-
2289 4588 2506 4642 verbum
2546 4589 2750 4653 signum
2790 4598 2873 4643 est
2911 4588 3233 4643 subsisteudi
3275 4603 3385 4641 rem
3426 4588 3507 4642 vel
3552 4602 3655 4640 non
3694 4587 3866 4641 subsi-

2289 4679 2480 4734 stendi.
2539 4680 2639 4734 Sed
2686 4681 2825 4750 quod
2866 4681 3094 4745 addidit,
3151 4680 3259 4735 Nec
3304 4681 3347 4733 si
3394 4679 3492 4733 hoc
3542 4680 3712 4748 ipsum
3759 4690 3861 4745 est,

2288 4789 2475 4843 purum
2509 4775 2729 4841 dixeris,
2763 4774 2842 4827 vel
2872 4776 2914 4827 si
2958 4774 3030 4827 ita
3058 4775 3322 4837 dicamus,
3354 4772 3463 4826 Nec
3494 4773 3535 4826 si
3569 4772 3668 4826 hoc
3694 4771 3863 4838 ipsum

2240 4894 2249 4907 ι
2287 4883 2404 4931 ens,
2434 4884 2619 4936 purum
2650 4867 2870 4921 dixeris.
2918 4866 3222 4919 Alexander
3256 4864 3466 4933 quidem
3500 4864 3623 4917 dicit
3666 4871 3748 4916 est
3784 4862 3864 4916 vel

2289 4976 2384 5015 ens
2429 4962 2756 5029 tequivocum
2804 4974 2946 5014 esse.
3009 4957 3196 5013 Omnia
3243 4958 3383 5012 enim
3431 4955 3863 5026 prmdicatnenta,

2285 5066 2403 5119 quae
2456 5052 2583 5108 nulli
2640 5052 2909 5105 communi
2966 5052 3148 5121 generi
3217 5050 3537 5115 subduntur,
3597 5047 3866 5116 arquiioca

2281 5149 2423 5206 sunt,
2473 5149 2526 5194 et
2566 5141 2634 5196 de
2678 5141 2927 5196 omnibus
2977 5157 3096 5197 esse
3146 5142 3483 5209 prmdicatur.
3557 5137 3866 5193 Subsmntia

2281 5231 2422 5287 enim
2461 5240 2562 5295 est,
2597 5243 2651 5287 et
2690 5234 2918 5302 qualitas
2953 5222 3056 5302 est,
3087 5244 3139 5289 et
3169 5245 3381 5289 cmtera.
3435 5231 3577 5300 Ergo
3608 5244 3749 5283 nunc
3782 5228 3866 5283 hic

2281 5323 2690 5379 dicere'videlur
2712 5325 2882 5393 ipsum
2910 5341 3005 5381 ens
3028 5328 3108 5383 vel
3133 5335 3236 5394 est,
3262 5325 3402 5380 unde
3423 5340 3542 5380 esse
3569 5323 3863 5377 traductum

2285 5431 2386 5485 est,
2435 5434 2528 5486 per
2564 5434 2623 5474 se
2665 5419 2794 5474 niltil
2839 5420 3104 5491 designat.
3147 5419 3317 5474 Omne
3360 5416 3504 5472 enim
3533 5416 3864 5485 aequivcmnn

2224 5506 2233 5512 ’
2286 5523 2379 5578 per
2423 5525 2482 5564 se
2533 5512 2758 5579 positum
2809 5511 2941 5565 nihil
2989 5511 3252 5581 designat;
3315 5508 3417 5564 nisi
3467 5509 3607 5564 enim
3662 5507 3725 5561 ad
3782 5521 3866 5559 res

2282 5617 2519 5672 quasque
2563 5619 2657 5673 pro
2704 5604 2975 5661 voluntate
3019 5602 3371 5675 signiﬁcantis
3419 5610 3649 5672 aptetur,
3693 5600 3861 5669 ipsum

2283 5708 2378 5763 per
2417 5711 2474 5750 se
2509 5696 2626 5751 ideo
2664 5699 2926 5755 nullorum
2965 5697 3351 5767 designativum
3382 5705 3485 5762 est,
3517 5692 3653 5764 quod
3699 5691 3867 5746 multa

2283 5787 2564 5854 signiﬁcat.
2610 5790 2935 5855 Porphyrius
2965 5805 3092 5847 vero
3133 5790 3291 5846 aliam
3327 5788 3545 5856 protulit
3578 5780 3871 5856 expositio-
