4270 6266
303 428 403 481 455

1018 427 1085 483 ΙΝ
1126 426 1380 485 LIBRUM
1422 404 2200 481 DE‘INTERPRETATIONE
2240 418 2467 475 EDlTll)
2506 418 2844 479 SECUNDA.

3471 418 3575 476 434

304 511 446 605 nent,
478 551 597 608 quae
628 535 933 616 huiusmodi
974 548 1076 593 est.
1115 528 1304 593 Sermo
1332 539 1437 605 hic,
1470 551 1629 607 quem
1660 535 1885 589 dicimus
1912 541 1964 597 Α
1990 533 2109 588 sine
2139 535 2452 603 compositis
2484 549 2613 589 vero
2642 536 2781 604 quod
2815 535 3096 606 signiﬁcet,
3131 549 3236 590 non
3266 542 3349 591 est
3381 532 3578 587 intelli-

300 638 396 692 eat,
424 628 623 684 nullam
653 642 747 696 per
771 643 830 683 se
856 629 1206 683 substantiam
1235 639 1517 694 monstrat,
1544 627 1640 683 sed
1667 640 1881 695 semper

303 717 533 787 aliquam
571 720 999 789 coniunctionem
1030 722 1114 775 vel
1144 735 1328 776 earum
1372 734 1551 775 rerum
1581 734 1699 789 quae
1738 725 1883 783 sunt,

305 813 348 866 si
392 816 708 882 simpliciter
767 825 1084 884 apponatur,
1155 817 1238 871 vel
1306 816 1530 870 alterius
1590 812 1886 868 secundum

307 906 768 975 participationem
804 924 816 958 :
854 921 972 959 nam
1016 922 1137 961 cum
1174 906 1317 972 dico,
1359 906 1609 963 Socrates
1650 912 1752 968 est,
1787 902 1890 957 hoc

305 998 443 1066 quod
466 998 586 1052 dico
605 998 855 1053 Socrates
880 999 1076 1069 aliquid
1103 1014 1288 1055 eorum
1318 1007 1402 1054 est
1430 1015 1550 1069 qua:
1578 1006 1723 1062 sunt,
1752 1006 1807 1052 et
1837 997 1891 1050 in

307 1087 459 1140 rebus
492 1088 557 1142 iis
586 1104 703 1155 quae
732 1097 857 1143 sunt
881 1088 1159 1147 Socratem
1188 1093 1385 1162 iunge;
1418 1092 1500 1146 sin
1537 1104 1665 1145 vero
1694 1088 1891 1153 dicam,

307 1175 552 1233 Socrates
583 1177 936 1248 philosophus
964 1192 1069 1248 est,
1099 1165 1205 1248 hic,
1232 1181 1473 1252 inquam,
1500 1181 1750 1238 Socrates
1776 1179 1894 1250 phi-

310 1268 551 1337 losophia
586 1270 909 1339 participat.
971 1272 1174 1329 Rursus
1224 1274 1312 1328 hic
1362 1288 1574 1343 quoque
1619 1272 1898 1328 Socratem

308 1359 811 1431 philosophiamque
856 1363 1145 1434 coniunge,
1179 1380 1309 1435 ergo
1344 1365 1446 1420 hoc
1481 1364 1619 1434 quod
1650 1364 1769 1419 dico
1796 1371 1899 1428 est,

310 1451 411 1504 vim
448 1452 848 1518 coniunctionis
886 1454 1166 1523 cujusdam
1209 1456 1433 1522 obtinet,
1472 1471 1578 1511 non
1621 1456 1720 1520 rei,
1762 1453 1901 1523 quod

312 1542 357 1595 si
385 1544 813 1611 propositionem
838 1546 1070 1616 aliquam
1097 1549 1596 1618 cepulationemque
1618 1547 1898 1617 promillil.

314 1634 486 1688 solum
518 1636 719 1691 dictum
761 1638 891 1692 nihil
924 1641 1144 1693 omnino
1180 1640 1467 1708 signiﬁcat,
1505 1648 1665 1707 atque
1694 1639 1794 1694 hoc
1824 1647 1908 1692 est

314 1725 454 1793 quod
485 1729 579 1792 ait,
612 1741 709 1781 nec
740 1728 784 1781 si
813 1728 915 1783 hoc
946 1730 1117 1798 ipsum
1143 1740 1249 1794 est,
1278 1745 1463 1799 purum
1491 1729 1712 1793 dixeris,
1748 1728 1805 1783 id
1826 1737 1908 1783 est

316 1815 508 1881 solum,
541 1832 648 1871 non
678 1817 839 1871 modo
879 1834 1053 1889 neque
1083 1819 1363 1875 veritatem
1404 1835 1580 1890 neque
1619 1818 1907 1873 falsitatem

318 1906 580 1977 designat,
612 1908 706 1963 sed
749 1910 969 1964 omnino
1000 1911 1131 1966 nihil
1172 1922 1274 1978 est,
1318 1922 1374 1967 et
1402 1912 1542 1982 quod
1573 1920 1791 1967 secutus

318 2001 530 2067 planum
562 1999 717 2067 fecit,
750 2002 1045 2070 significat,
1089 2005 1281 2074 inquit,
1314 2006 1597 2074 quamdam
1635 2003 1905 2073 composi-

321 2094 516 2147 tionem
564 2109 720 2163 quam
768 2095 885 2150 sine
932 2098 1243 2166 compositis
1297 2113 1401 2153 non
1453 2107 1534 2152 est
1583 2096 1904 2165 intelligere.

320 2183 451 2239 Nam
492 2186 536 2238 si
578 2196 659 2239 est
698 2186 916 2242 verbum
961 2190 1366 2258 compositionis
1410 2189 1911 2259 coniunctionisque

320 2278 596 2347 cuiusdam
623 2280 731 2334 vim
764 2291 817 2335 et
847 2283 1118 2351 proprium
1152 2283 1358 2339 obtinet
1391 2284 1565 2339 locum
1589 2326 1603 2352 ,
1640 2297 1828 2352 purum
1858 2292 1912 2336 et

323 2374 436 2428 sine
477 2373 856 2443 coniunctione
895 2378 1238 2446 praedicatum
1296 2379 1429 2449 nihil
1467 2378 1777 2448 signiﬁcat,
1812 2376 1903 2432 sed

325 2478 437 2518 eam
466 2464 634 2532 ipsam
662 2466 1126 2536 compositionem,
1144 2483 1302 2539 quam
1326 2470 1572 2539 designat
1597 2482 1718 2523 cum
1749 2468 1908 2522 fuerit

327 2557 682 2625 coniunctum,
705 2574 770 2615 ea
794 2576 913 2629 quae
938 2570 1353 2630 componuntur,
1377 2561 1681 2630 signiﬁcare
1711 2568 1907 2628 potest,

1988 640 2137 695 gere.
2169 625 2269 680 Vel
2299 634 2445 680 certe
2474 627 2542 679 ita
2574 625 2973 695 intelligendum
3002 636 3083 680 est
3112 626 3252 695 quod
3280 626 3374 692 ait,
3404 625 3575 693 ipsum

1991 718 2205 788 quidem
2242 719 2374 773 nihil
2401 728 2484 774 est
2521 734 2652 787 non,
2697 720 2950 787 quoniam
2992 719 3121 773 nihil
3164 720 3448 785 signiﬁcet,
3486 720 3579 773 sed

1994 811 2245 878 quoniam
2272 810 2399 864 nihil
2426 826 2609 864 verum
2639 808 2907 865 falsumve
2932 810 3284 875 demonstret,
3320 826 3363 864 ιιι
3392 826 3581 880 purum

1996 898 2198 953 dictum
2245 901 2341 964 sit;
2386 915 2507 955 cum
2548 901 2692 955 enim
2733 899 3094 968 coniungitur,
3146 908 3271 952 tunc
3318 901 3374 952 lit
3418 915 3580 953 enun-

1997 991 2168 1045 tiatio.
2218 991 2552 1060 Simpliciter
2589 992 2731 1046 enim
2774 991 2919 1045 dicto
2956 989 3122 1045 verbo
3162 990 3302 1043 nulla
3342 992 3453 1044 veri
3503 991 3585 1043 vel

2000 1082 2118 1137 falsi
2147 1084 2467 1153 signilieatio
2511 1084 2586 1149 lit,
2629 1094 2683 1139 et
2725 1099 2914 1139 sensus
2953 1082 3170 1153 quidem
3215 1089 3358 1136 totus
3404 1082 3585 1150 huius-

2003 1175 2147 1229 modi
2170 1186 2269 1240 est,
2296 1178 2408 1245 ipsa
2431 1177 2589 1231 verba
2612 1176 2825 1245 quidem
2848 1191 2942 1246 per
2964 1192 3020 1230 se
3041 1176 3179 1231 dicta
3204 1175 3419 1230 nomina
3444 1185 3588 1240 sunt,

2004 1282 2125 1321 nam
2160 1279 2213 1322 et
2238 1269 2328 1339 qui
2359 1269 2487 1324 dicit
2528 1269 2855 1325 intellectum
2899 1269 3198 1335 constituit,
3240 1277 3295 1323 et
3324 1268 3412 1337 qui
3444 1265 3592 1321 audit

2004 1360 2260 1428 quiescit,
2308 1360 2401 1415 sed
2448 1376 2750 1432 quanquam
2805 1361 3105 1433 signiﬁcent
3162 1360 3359 1431 aliquid
3408 1360 3591 1424 verba,

2007 1448 2243 1503 nondum
2276 1458 2455 1506 tamen
2484 1450 2894 1507 afﬁrmationem
2942 1453 3344 1521 negationemve
3384 1450 3598 1522 signiﬁ--

2008 1550 2150 1595 cant.
2193 1544 2322 1597 Nam
2348 1546 2605 1623 quamvis
2640 1560 2753 1600 rem
2796 1546 3095 1615 designent,
3142 1544 3374 1600 nondum
3419 1554 3596 1599 tamen

2012 1642 2335 1697 subsistendi
2364 1643 2481 1713 eius
2511 1644 2589 1698 rei
2616 1644 2826 1715 signum
2854 1654 2956 1711 est,
2985 1660 3083 1699 nec
3112 1645 3155 1699 si
3187 1644 3287 1699 hoc
3316 1644 3486 1713 ipsum
3518 1651 3601 1697 est

2015 1742 2095 1795 vel
2128 1758 2225 1796 ens
2254 1742 2575 1807 dixerimus,
2616 1744 2813 1815 aliquid
2855 1759 2919 1800 ex
2964 1759 3028 1800 eo
3063 1759 3248 1799 verum
3285 1743 3369 1798 vel
3411 1742 3600 1798 falsum

2018 1844 2204 1910 poterit
2257 1844 2517 1900 invenire.
2582 1845 2757 1916 Ipsum
2809 1846 2949 1901 enim
2995 1862 3302 1917 quanquam
3342 1845 3603 1917 signiﬁcet

1821 1920 1904 2014 υἷι
1940 1934 1983 1994 Β
2021 1946 2243 2014 aliquid,
2276 1947 2512 2002 nondum
2544 1957 2722 2004 tamen
2746 1962 2929 2004 verum
2958 1949 3043 2003 vel
3075 1948 3260 2003 falsum
3290 1956 3390 2016 est,
3424 1947 3519 2002 sed
3551 1947 3604 2003 in

2018 2052 2408 2120 compositione
2438 2051 2497 2105 ﬁt
2523 2050 2843 2119 enuntiatio,
2874 2060 2927 2105 et
2955 2052 3008 2105 in
3039 2067 3101 2106 ea
3127 2051 3323 2106 veritas
3351 2049 3435 2104 vel
3466 2049 3605 2105 falsi-

2027 2160 2107 2205 tas
2145 2152 2407 2216 nascitur;
2437 2166 2596 2221 quam
2628 2150 2909 2207 veritatem
2951 2151 3345 2220 lalsitatemque
3380 2151 3496 2205 sine
3524 2149 3607 2204 his

2019 2267 2137 2321 qua:
2175 2261 2590 2320 componuntur,
2631 2249 3133 2321 coniungunturque
3174 2249 3473 2320 intelligere
3507 2248 3605 2303 im-

2022 2352 2273 2421 possibile
2309 2360 2412 2415 est,
2445 2360 2501 2408 et
2539 2352 2607 2409 de
2651 2353 2816 2408 verbo
2854 2351 3072 2422 quidem
3114 2361 3168 2407 et
3209 2351 3424 2406 nomine
3464 2349 3608 2404 sulﬁ~

2015 2456 2221 2511 cienter
2247 2455 2449 2510 dictum
2490 2464 2593 2511 est.
2648 2454 2897 2511 Secundo
2922 2469 3051 2509 vero
3076 2453 3348 2509 volumine
3382 2453 3448 2509 de
3488 2467 3607 2507 ora-

2020 2556 2168 2611 tione
2196 2566 2280 2611 est
2312 2555 2782 2611 considerandum.

329 2651 3603 2679 Wm-

1518 2714 1809 2792 LIBER
1862 2711 2426 2790 SECUNDUS.

402 2848 455 2901 In
484 2855 746 2917 quantum
782 2848 933 2902 labor
963 2846 1251 2903 humanum
1282 2863 1454 2920 genus
1484 2851 1680 2905 excolit
1708 2860 1762 2906 et
1793 2854 1914 2906 hea-

333 2940 549 2993 tissimis
596 2937 797 3008 ingenii
859 2938 1119 2997 fructibus
1169 2941 1441 3010 complet,
1496 2942 1540 2996 si
1604 2943 1656 2996 in
1711 2950 1915 2997 tantum

333 3045 457 3085 cura
504 3030 822 3086 exercendae
869 3034 1065 3086 mentis
1114 3031 1425 3103 insisteret,
1471 3050 1576 3088 non
1624 3044 1729 3089 tam
1780 3037 1918 3089 raris

337 3120 581 3176 homines
618 3121 905 3178 virtutibus
947 3131 1247 3191 uterentur,
1296 3124 1391 3179 sed
1442 3124 1535 3180 ubi
1580 3125 1783 3179 desidia
1820 3122 1919 3181 de-

339 3213 503 3267 mittit
538 3214 763 3280 animos,
803 3215 1058 3270 continuo
1097 3216 1351 3271 feralibus
1388 3216 1714 3286 seminariis,
1754 3220 1916 3272 animi

339 3304 472 3359 uber
512 3304 792 3362 horrescit.
831 3307 942 3361 Nec
980 3307 1079 3362 hoc
1117 3307 1423 3378 cognitione
1462 3309 1665 3365 laboris
1705 3311 1921 3364 evenire

339 3400 717 3467 concesserim,
756 3400 848 3455 sed
882 3404 1056 3469 potius
1095 3401 1413 3471 ignorantia;
1446 3403 1566 3472 quis
1591 3405 1735 3457 enim
1776 3403 1923 3457 labo-

341 3488 487 3543 randi
530 3493 731 3561 peritus
777 3506 1012 3562 unquam
1070 3507 1101 3546 a
1145 3492 1330 3549 labore
1384 3492 1674 3548 discessit?
1747 3494 1923 3562 Quare
1960 3562 1963 3565 _

343 3579 662 3636 intendenda
702 3582 783 3637 vis
827 3584 1021 3637 mentis
1056 3592 1157 3649 est,
1185 3594 1580 3654 verumque'est
1603 3584 1775 3639 amitti
1806 3586 1922 3639 ani-

346 3688 510 3740 mum,
542 3676 584 3728 si
627 3675 936 3730 remittitur.
983 3675 1111 3731 Mihi
1138 3686 1313 3731 autem
1354 3678 1401 3732 si
1440 3678 1710 3747 potentior
1735 3678 1925 3733 divini-

348 3765 471 3819 tatis
495 3767 744 3820 annuerit
774 3765 941 3833 lavor,
967 3768 1083 3823 hac
1107 3770 1209 3822 lixa
1236 3770 1503 3824 sententia
1531 3779 1635 3835 est,
1667 3781 1725 3824 ut
1753 3785 1925 3839 quan-

347 3870 505 3923 quam
551 3856 752 3911 iuerint
803 3860 1054 3928 praeclara
1107 3860 1339 3930 ingenia,
1386 3877 1631 3931 quorum,
1662 3863 1815 3919 labor
1865 3878 1930 3918 ac

358 3947 595 4000 studium
642 3948 806 4001 multa
835 3948 1014 4003 dehis
1042 3965 1157 4019 quae
1200 3968 1341 4007 nunc
1380 3967 1592 4022 quoque
1636 3960 1929 4007 tractamus

352 4039 559 4092 Latina:
622 4039 810 4108 linguae
864 4042 1180 4110 contulerit,
1248 4060 1353 4098 non
1410 4053 1589 4100 tamen
1644 4044 1927 4112 quemdam

350 4129 749 4200 quodammodo
794 4131 1033 4188 ordinem
1091 4133 1341 4205 ﬁlumque
1390 4135 1725 4205 disponendo
1772 4134 1933 4190 disci-

353 4224 615 4291 plinarum
661 4223 854 4291 gradus
898 4224 1199 4281 ediderunt.
1267 4226 1380 4296 Ego
1417 4242 1578 4282 omne
1633 4226 1936 4284 Aristotelis

353 4328 487 4383 opus
535 4314 884 4385 quodcunque
934 4317 983 4371 in
1030 4332 1219 4372 manus
1259 4318 1507 4384 venerit,
1555 4319 1607 4373 in
1637 4318 1935 4373 Romanum

357 4392 553 4473 stylum
598 4416 833 4464 vertens,
886 4421 1073 4459 eorum
1118 4408 1362 4460 omnium
1410 4417 1714 4463 commenta
1754 4407 1939 4462 Latina

358 4496 599 4551 oratione
642 4497 994 4565 perscribam,
1025 4507 1079 4552 nt
1107 4499 1150 4551 si
1181 4498 1307 4569 quid
1340 4514 1407 4554 ex
1440 4500 1624 4569 logicze
1650 4501 1781 4554 artis
1818 4499 1940 4554 sub-

362 4586 575 4652 tilitate,
608 4598 659 4642 ct
693 4603 759 4642 ex
794 4590 1015 4643 moralis
1051 4591 1313 4659 gravitate
1350 4590 1573 4658 peritiae,
1608 4598 1663 4645 et
1687 4605 1753 4644 ex
1792 4599 1943 4644 natu-

359 4676 489 4730 ralis
536 4680 780 4734 acumine
826 4680 1068 4735 veritatis
1128 4682 1195 4735 ab
1244 4681 1533 4737 Aristotele
1580 4682 1941 4751 conscriptum

360 4780 467 4835 est,
512 4771 560 4824 id
601 4787 756 4827 omne
800 4773 1103 4827 ordinatum
1147 4774 1486 4841 transferam,
1521 4783 1681 4845 atque
1723 4774 1775 4829 id
1811 4790 1942 4844 quo-

362 4863 484 4917 dam
537 4865 734 4919 lnmine
782 4867 1252 4921 commentationis
1303 4866 1600 4929 illustrem,
1652 4881 1949 4934 omnesque

364 4953 599 5008 Platonis
628 4955 869 5025 dialogos
907 4957 1188 5021 vertendo,
1222 4957 1304 5013 vel
1342 4958 1502 5011 etiam
1534 4956 1949 5013 commentando

367 5044 418 5097 in
448 5042 688 5099 Latinam
724 5046 957 5117 redigam
993 5048 1253 5125 formam.
1275 5049 1369 5125 liis
1402 5051 1631 5118 peractis
1662 5064 1770 5104 non
1799 5050 1953 5117 equi-

363 5137 486 5192 dem
534 5141 947 5207 contempserim
996 5122 1296 5198 Aristotelis
1347 5143 1692 5214 Platonisque
1731 5153 1953 5200 senten-

367 5229 487 5293 tias,
538 5231 588 5283 in
639 5246 798 5285 unam
840 5233 1236 5303 quodammodo
1278 5250 1532 5290 revocare
1583 5237 1947 5300 concordiam,

334 5330 418 5375 σοι
450 5322 502 5375 in
532 5324 615 5377 his
645 5339 739 5379 eos
772 5340 878 5380 non
906 5336 964 5381 ut
992 5330 1236 5398 plerique
1272 5328 1559 5383 dissentire
1587 5328 1640 5381 in
1680 5327 1949 5393 omnibus,

360 5416 456 5469 sed
505 5417 555 5469 in
598 5419 870 5487 plerisque
912 5436 1030 5489 qum
1074 5432 1199 5477 sunt
1240 5422 1294 5477 in
1346 5419 1680 5491 philosophia
1728 5421 1956 5475 maxime

361 5510 672 5561 consentire
703 5508 1093 5576 demonstrem,
1124 5514 1240 5566 haec
1268 5513 1314 5567 si
1346 5513 1454 5565 vita
1476 5512 1750 5580 otiumque
1765 5526 1955 5579 super-

357 5600 487 5659 erit,
540 5612 661 5650 cum
688 5598 853 5651 nnilta
882 5602 1063 5669 operis
1086 5602 1247 5671 huius
1274 5602 1523 5668 utilitate,
1547 5617 1646 5656 nec
1668 5608 1770 5655 nbn
1796 5603 1955 5656 etiam

362 5691 524 5746 laude
563 5691 935 5747 contenderim
963 5738 978 5763 ,
1010 5710 1115 5766 qua
1148 5696 1199 5751 in
1234 5712 1292 5751 re
1320 5696 1535 5750 laveant
1564 5704 1797 5765 oportet,
1825 5710 1956 5765 quos

360 5784 510 5838 nulla
536 5783 723 5853 coquit
755 5784 973 5841 invidia.
1023 5787 1132 5843 Sed
1160 5804 1303 5844 nunc
1329 5788 1394 5843 ad
1422 5790 1690 5860 proposita
1721 5799 1957 5844 reverta-

358 5887 505 5935 mur.
583 5876 901 5937 Aristoteles
960 5894 1190 5947 namque
1244 5881 1497 5942 inchoatis
1533 5880 1750 5942 librum,
1805 5880 1954 5941 prius

2024 2866 2217 2906 nomen
2259 2846 2635 2903 difﬁniendum
2683 2858 2806 2901 esse
2852 2843 3157 2913 proposuit;
3204 2854 3321 2911 post
3364 2828 3605 2909 verbum,

2024 2944 2147 2996 hinc
2187 2939 2545 3007 negationem,
2594 2945 2715 3007 post
2760 2936 2898 2990 hanc
2944 2935 3375 3001 afﬁrmationem,
3422 2950 3609 2992 conse-

2020 3044 2247 3106 quenter
2283 3031 2732 3094 enuntiationem,
2762 3028 3059 3083 orationem
3107 3042 3235 3082 vero
3263 3037 3609 3097 postremam.

2022 3131 2126 3186 Sed
2160 3144 2299 3183 nunc
2323 3143 2443 3183 cum
2475 3126 2541 3180 dc
2572 3125 2791 3180 nomine
2820 3134 2873 3180 et
2902 3124 3069 3179 verbo
3095 3123 3316 3187 dixerit,
3349 3138 3613 3177 converso

2025 3223 2248 3288 ordine,
2299 3219 2441 3291 quod
2493 3218 2735 3272 ultimum
2781 3218 3078 3287 proposuit,
3123 3231 3263 3270 nunc
3304 3215 3614 3285 exsequitur

2027 3316 2280 3385 primum,
2310 3313 2376 3368 de
2403 3313 2647 3365 oratione
2690 3325 2920 3379 namque
2946 3309 3202 3379 disputat,
3226 3324 3384 3379 quam
3415 3316 3616 3377 postre-

2029 3425 2169 3464 mam
2204 3409 2255 3463 in
2286 3394 2465 3477 operis
2496 3404 2848 3474 dispositione
2872 3402 3167 3472 pr0posuit,
3196 3402 3269 3455 ait
3294 3402 3473 3458 enim:

2576 3496 2661 3549 DE
2702 3493 3069 3549 ORATIONE.

2102 3591 2280 3647 Oratio
2320 3598 2486 3642 autem
2535 3598 2605 3641 est
2646 3604 2741 3641 vox
2784 3586 3159 3658 signiﬁcatita,
3206 3587 3352 3655 cujus
3395 3585 3620 3654 partium

2028 3680 2224 3751 aliquid
2255 3680 2649 3751 signiﬁcatirmn
2684 3689 2752 3731 cst
2788 3686 3111 3748 separatum,
3143 3687 3198 3728 ut
3226 3677 3407 3738 dictio,
3441 3692 3540 3729 non
3572 3686 3625 3729 ut

2030 3776 2297 3844 afﬁrmatio
2331 3774 2407 3826 vel
2446 3774 2665 3842 negatio.
2715 3771 2836 3822 Dico
2867 3780 3055 3831 autem,
3089 3778 3140 3821 ut
3182 3770 3332 3823 Itomo
3363 3768 3626 3837 signiﬁcat

2032 3869 2249 3936 aliquid,
2279 3869 2366 3920 sed
2395 3882 2493 3918 non
2520 3865 2755 3935 quoniam
2784 3870 2857 3914 est
2884 3870 2972 3913 aut
3002 3877 3102 3913 non
3129 3868 3223 3926 est,
3251 3863 3339 3913 sed
3368 3862 3462 3915 erit
3490 3862 3626 3931 afﬁr-

2033 3961 2189 4013 matio
2230 3959 2305 4011 rel
2353 3958 2552 4026 negatio
2578 3995 2591 4018 ,
2637 3954 2681 4005 si
2717 3952 2913 4019 aliquid
2959 3950 3203 4017 addatur,
3254 3950 3340 4001 sed
3384 3966 3484 4001 non
3528 3964 3629 4000 una

2039 4049 2257 4102 hominis
2302 4046 2530 4116 syllaba,
2584 4059 2673 4095 nec
2722 4043 2857 4092 cnim
2904 4042 2953 4092 in
2998 4041 3090 4091 hoc
3137 4039 3339 4107 quidem
3379 4039 3513 4107 quod
3559 4051 3631 4090 es:

2038 4157 2205 4205 sorex,
2237 4155 2326 4193 rex
2355 4134 2632 4208 signiﬁcat,
2666 4135 2755 4188 sed
2797 4150 2897 4187 vox
2924 4142 2996 4187 est
3027 4148 3162 4187 nunc
3186 4133 3315 4186 sola.
3364 4129 3427 4183 In
3456 4130 3630 4199 dupli-

2039 4232 2178 4287 cibus
2200 4247 2316 4285 vero
2342 4229 2594 4301 signiﬁcat
2625 4228 2828 4295 quidem
2858 4226 3074 4298 aliquid,
3107 4227 3195 4282 sed
3226 4242 3326 4280 non
3356 4223 3632 4280 secundum

2041 4341 2115 4389 se,
2144 4322 2567 4394 quemadmodum
2598 4321 2792 4372 dictum
2825 4328 2916 4375 est.

2120 4413 2341 4469 Videtur
2370 4410 2687 4466 Aristoteles
2737 4410 2855 4463 illas
2896 4424 3107 4479 quoque
3153 4423 3312 4462 voces
3355 4406 3635 4461 orationes

2048 4518 2254 4577 putare,
2288 4519 2617 4574 qumrunque
2642 4502 2723 4554 vel
2756 4518 2820 4555 ex
2875 4501 3180 4555 nominibus
3215 4501 3298 4553 Vel
3346 4518 3410 4554 ex
3455 4500 3634 4555 verbis

2048 4606 2317 4653 constent,
2352 4609 2454 4646 non
2490 4603 2691 4645 tantum
2719 4608 2838 4661 qua!
2869 4593 3130 4660 integrum
3182 4592 3439 4660 colligant
3484 4590 3637 4644 intel~

2055 4690 2270 4748 lectum,
2303 4694 2359 4739 ut
2384 4695 2506 4738 sunt
2535 4684 2781 4738 Socrates
2812 4692 2867 4737 et
2889 4682 3060 4749 Plato,
3085 4693 3138 4737 et
3168 4683 3446 4739 ambulare
3473 4694 3527 4739 et
3552 4683 3639 4738 di-

2054 4793 2197 4842 cere;
2235 4777 2349 4831 hacc
2370 4777 2510 4830 enim
2535 4789 2836 4844 quanquam
2863 4774 3005 4842 pleni
3044 4774 3347 4830 intellectus
3376 4791 3481 4829 non
3508 4777 3641 4845 sint,
3716 4762 3725 4767 ”

2060 4871 2241 4924 verbis
2275 4869 2465 4923 tamen
2512 4877 2568 4923 et
2600 4866 2904 4919 nominibus
2935 4876 3347 4935 componuntur.
3382 4868 3469 4921 Ait
3499 4866 3644 4921 enim

2059 4962 2355 5018 orationem
2395 4974 2515 5014 csse
2563 4974 2747 5014 vocem
2790 4958 3219 5030 signiﬁcativam,
3266 4960 3417 5027 cujus
3462 4966 3642 5027 partes

2060 5054 2422 5125 signiﬁcarent
2454 5051 2649 5121 aliquid
2678 5054 2988 5120 sepatatim,
3022 5052 3407 5123 signiﬁcarent,
3441 5050 3635 5118 inquit,

2062 5163 2168 5201 non
2197 5144 2687 5216 consigniﬁcarent,
2720 5142 2858 5197 utin
2908 5143 3125 5195 nomine
3154 5152 3208 5195 et
3249 5141 3430 5195 verbo.
3479 5139 3645 5197 Docet

2061 5246 2239 5292 autem
2272 5236 2359 5291 illa
2381 5250 2593 5305 quoque
2623 5249 2731 5299 res,
2764 5249 2882 5288 eum
2915 5234 3076 5288 etiam
3100 5231 3459 5302 imperfectas,
3497 5246 3645 5287 com-

2063 5329 2263 5395 positas
2292 5337 2469 5382 tamen
2492 5341 2557 5381 ex
2580 5324 2879 5379 nominibus
2904 5338 2965 5376 ac
2983 5322 3162 5376 verbis
3178 5336 3355 5387 voces,
3375 5323 3647 5377 orationes

2062 5422 2262 5485 dicere,
2294 5420 2435 5491 quod
2481 5420 2559 5473 ait
2594 5432 2714 5472 cum
2761 5418 2828 5471 de
2859 5417 3073 5469 nomine
3118 5415 3447 5485 loqueretur,
3498 5416 3550 5470 in
3582 5432 3647 5471 eo

2061 5511 2205 5580 quod
2233 5519 2316 5566 est
2344 5508 2617 5584 equil‘erus
2645 5506 2778 5560 nihil
2825 5504 3122 5576 signiﬁcare
3172 5506 3337 5570 ferus,
3383 5510 3645 5577 quemad-

2066 5602 2281 5657 modum
2340 5604 2392 5654 in
2440 5597 2686 5653 oratione
2715 5612 2849 5665 quae,
2884 5604 2968 5651 est
3006 5600 3176 5666 eq'uus
3208 5599 3375 5665 ferus,
3420 5615 3651 5669 namque

2062 5708 2229 5765 equus
2261 5692 2403 5746 ferus
2432 5706 2533 5745 vox
2556 5688 2846 5758 composita
2868 5704 2933 5744 ex
2956 5688 3260 5746 nominibus
3284 5702 3389 5759 est,
3409 5692 3503 5749 sed
3528 5708 3653 5748 sen-

2063 5786 2283 5842 tentiam
2308 5799 2413 5838 non
2443 5782 2600 5837 habet
2628 5781 2860 5852 plenam,
2885 5793 2940 5838 et
2959 5782 3047 5837 ille
3075 5780 3170 5848 ait,
3199 5784 3645 5859 quemadmodum

2064 5880 2117 5934 in
2144 5876 2385 5932 oratione
2413 5891 2531 5938 qua:
2560 5885 2639 5931 est
2663 5890 2833 5939 equus
2889 5876 3053 5933 ferus.
3099 5873 3230 5929 Nam
3268 5876 3315 5934 si
3359 5875 3645 5933 secundum
