4270 6266
387 389 487 446 43'!

1113 387 1179 445 ῑΝ
1216 388 1471 445 LIBRUM
1511 389 1598 445 DE
1636 385 2280 445 INTBRPRETATIUNE
2318 390 2548 447 ΕΙΜἸΊΟ
2588 392 2923 450 SECUNDA.

3552 391 3662 453 458

385 506 796 573 afﬁrmationes,
838 512 931 560 aut
976 504 1217 576 quaedam
1271 505 1561 559 orationes.
1610 506 1786 569 Quare
1835 503 1972 557 hanc
2000 500 2047 557 Α
2079 504 2240 567 ειειίι,
2272 505 2367 558 sed
2400 506 2536 558 ultra
2566 510 2725 561 etiam
2760 510 2824 561 ad
2853 509 3128 578 simplices
3154 509 3538 567 afﬁrmationes
3564 514 3661 569 ne-

393 602 765 658 difﬁnitionem
816 600 1136 654 Aristoteles
1179 607 1326 653 recte
1368 596 1662 652 constituit.
1706 596 1786 651 Ad
1835 596 1972 652 hanc

389 710 521 765 ergo
546 693 861 750 sententiam
891 692 1064 746 locum
1094 690 1236 746 hunc
1260 688 1563 745 Alexander
1583 689 1816 757 expedit.
1837 688 1970 742 Illud

390 808 602 865 quoque
625 792 826 847 addens
876 804 1021 859 saepe
1052 788 1393 845 Aristotelem
1425 788 1494 841 de
1524 786 1973 840 afﬁrmationibus

391 888 570 940 dicere
617 883 899 946 dictiones,
948 880 1089 950 quod
1122 878 1452 949 distinguere
1496 879 1703 941 volens,
1737 892 1858 932 cum
1889 877 1973 931 di-

386 989 527 1031 cere:
561 975 632 1028 ita
662 975 962 1043 signiﬁcare
993 980 1172 1041 partes
1200 970 1461 1024 orationis
1490 979 1742 1039 tanquam
1785 967 1975 1022 dictio-

389 1081 533 1132 nem,
557 1081 624 1119 ne
648 1065 782 1120 forte
795 1064 1083 1118 dictionem
1106 1066 1241 1117 hanc
1262 1062 1457 1132 aliquis
1477 1062 1528 1115 in
1553 1060 1973 1115 afﬁrmationem

388 1159 701 1227 susciperet,
721 1156 946 1233 addidit,
969 1167 1023 1211 ut
1051 1156 1217 1211 dictio
1248 1171 1353 1209 non
1410 1163 1468 1209 ut
1510 1154 1821 1218 afﬁrmatio,
1856 1164 1972 1207 tan-

387 1266 541 1321 quam
557 1250 843 1306 sidicerct:
858 1249 1065 1317 Duplex
1078 1248 1238 1318 quide
1263 1266 1291 1298 ιι
1310 1246 1586 1309 estdictio,
1605 1262 1706 1299 una
1720 1245 1971 1313 simplex,

389 1346 487 1401 alia
515 1360 644 1399 vero
670 1343 977 1398 afﬁrmatio.
1010 1343 1117 1397 Sed
1145 1342 1217 1396 ita
1250 1350 1432 1410 partes
1463 1340 1725 1393 orationis
1772 1337 1971 1407 aliquid

388 1447 537 1493 extra
565 1434 890 1505 signiﬁcant,
922 1442 979 1487 ut
1007 1447 1068 1487 ea
1099 1431 1289 1497 dictio,
1320 1446 1437 1499 quae
1470 1439 1555 1484 est
1585 1429 1839 1498 simplex,
1868 1444 1972 1481 non

390 1540 449 1585 ut
476 1546 537 1585 ea
578 1543 697 1598 quae
738 1537 820 1581 est
862 1524 1166 1589 afﬁrmatio,
1200 1532 1255 1579 et
1298 1522 1673 1593 hujuscemodi
1718 1521 1975 1591 quodam-

390 1622 551 1678 modo
598 1619 925 1675 intellectum
977 1628 1085 1672 tota
1142 1616 1441 1671 Alexandri
1488 1617 1754 1671 sententia
1808 1624 1970 1668 tenet.

390 1713 716 1783 Porphyrius
762 1725 973 1780 quoque
1013 1711 1065 1763 in
1111 1708 1299 1763 eadem
1347 1708 1614 1762 sententia
1658 1716 1762 1770 est,
1790 1708 1885 1761 sed
1919 1708 1975 1760 in

390 1819 496 1859 uno
525 1803 815 1870 discrepat,
863 1801 1012 1868 cujus
1048 1800 1318 1868 expositio
1347 1799 1471 1852 talis
1514 1808 1618 1852 εει.
1660 1797 1858 1863 Dictio,
1895 1799 1975 1851 in-

2075 595 2424 665 gationesque
2452 599 2662 661 transit,
2689 607 2749 652 et
2776 598 2827 652 iu
2863 615 2928 653 eo
2960 603 3341 671 progressionis
3373 604 3657 660 terminum

2080 688 2227 743 facit.
2276 688 2420 757 Ergo
2453 690 2704 754 quoniam
2748 705 2855 744 non
2892 693 3066 747 omnis
3093 695 3266 749 oratio
3294 706 3470 765 partes
3497 696 3657 753 habet

2078 780 2547 835 afﬁrmationeset
2577 780 2905 849 negationes,
2931 798 3047 851 qua:
3076 794 3201 839 sunt
3229 786 3548 854 simplicium
3576 787 3660 842 di-

2076 875 2313 928 ctionum
2359 872 2611 941 perfectae
2668 874 3099 940 enuntiationes,
3150 878 3505 948 quoniamque
3551 894 3660 935 non

2077 967 2254 1021 omnis
2276 967 2447 1021 oratiu
2472 967 2810 1036 imperfectas
2833 968 3102 1024 orationes
3127 968 3285 1023 habet
3314 971 3363 1024 in
3397 973 3656 1039 partibus,
3698 958 3703 1009 ἶ

2078 1061 2253 1114 omnis
2310 1069 2486 1114 tamen
2548 1059 2720 1113 oratio
2786 1060 3056 1128 simplices
3115 1060 3376 1115 dictiones
3428 1065 3655 1130 retinet,
3715 1050 3729 1105 ί

2078 1154 2274 1223 quippe
2318 1168 2441 1207 cum
2489 1154 2665 1207 omnis
2694 1153 2865 1206 oratio
2909 1168 2973 1207 ex
3022 1150 3198 1208 verbis
3252 1154 3661 1223 nominibusque

2074 1246 2329 1313 jungatur
2362 1245 2462 1299 hoc
2488 1245 2599 1310 ait,
2631 1243 2890 1299 orationis
2922 1252 3098 1313 partes
3126 1245 3423 1313 significare
3448 1260 3660 1314 semper
3740 1248 3743 1253 ’

2078 1335 2293 1405 quidem
2329 1344 2384 1388 ut
2412 1336 2675 1390 dictiones
2699 1374 2713 1398 ,
2739 1350 2866 1389 .non
2900 1343 3076 1389 tamen
3108 1350 3321 1404 semper
3351 1345 3407 1388 ut
3428 1335 3662 1390 affirma-

2081 1428 2273 1494 tiones,
2305 1431 2679 1485 consentiente
2712 1431 3023 1485 Alexandro
3043 1471 3058 1497 ,
3092 1430 3245 1498 cujus
3275 1431 3660 1499 expositionem

2079 1536 2237 1591 supra
2258 1522 2367 1591 jam
2395 1524 2574 1589 docui,
2602 1534 2759 1593 atque
2786 1525 2855 1578 ita
2883 1525 3189 1593 diligentior
3217 1525 3382 1579 lector
3406 1523 3662 1580 diﬁ‘eren-

2081 1614 2181 1668 tias
2206 1629 2393 1669 eorum
2420 1624 2566 1670 recte
2594 1616 2910 1685 perspiciat.
2941 1625 2996 1671 et
3023 1616 3416 1671 consentientes
3445 1617 3661 1686 quidem

2080 1706 2444 1760 communicet
2474 1706 2800 1762 intellectus.
2835 1707 2949 1761 Hoc
2976 1707 3093 1762 loco
3117 1708 3376 1777 Aspasius
3410 1709 3662 1764 inconvev

2083 1799 2292 1854 nienter
2316 1800 2671 1869 interstrepit,
2695 1802 2769 1855 ait
2793 1803 2934 1855 enim
2964 1802 3303 1857 Aristotelem
3336 1818 3438 1858 non
3469 1802 3523 1856 in
3549 1817 3663 1859 om~

390 1897 521 1967 quit,
551 1904 632 1950 est
652 1894 879 1963 simplex
909 1906 1126 1956 nomen,
1170 1898 1226 1946 et
1254 1891 1485 1959 simplex
1521 1891 1680 1945 etiam
1717 1892 1970 1957 verbum,
2008 1863 2056 1923 Β
2082 1904 2180 1944 ηεε
2207 1892 2482 1946 orationes
2511 1891 2887 1948 difﬁuitionem
2917 1894 3247 1949 constituere
3285 1894 3536 1960 voluisse,
3570 1895 3662 1951 sed

391 1998 441 2043 et
468 2004 530 2043 ex
563 1987 771 2043 duobus
797 1984 1174 2053 compositum,
1206 1994 1262 2038 ut
1292 1998 1414 2039 cum
1437 1984 1557 2038 dico
1590 1984 1863 2053 Socrates,
1890 1984 1975 2039 vel

392 2093 577 2135 rursus
598 2078 851 2141 ambulat,
881 2076 966 2131 vel
989 2074 1280 2145 equiferus.
1306 2075 1563 2131 Procedit
1589 2078 1749 2131 etiam
1780 2092 1976 2134 nomen
2009 2117 2018 2125 .

394 2172 642 2227 dictionis
668 2170 732 2223 ad
764 2170 1034 2224 orationes
1057 2166 1294 2237 quidem,
1319 2169 1414 2223 sed
1438 2168 1774 2237 simplicibus
1798 2170 1979 2225 verbis

391 2275 440 2322 et
476 2265 779 2320 nominibus
805 2263 1146 2332 conjunctae,
1190 2270 1244 2316 et
1288 2277 1411 2317 cum
1461 2261 1583 2316 dico
1629 2261 1883 2318 Socrates
1925 2270 1981 2319 et

391 2358 568 2421 Plato,
601 2365 656 2411 et
687 2356 730 2409 si
758 2355 825 2409 sit
860 2370 925 2409 ex
962 2352 1262 2422 composito
1308 2354 1547 2421 nomine,
1590 2362 1648 2409 ut
1701 2365 1784 2410 est
1826 2355 1979 2425 equi-

391 2449 536 2504 ferus
577 2457 632 2503 et
686 2448 885 2511 homo;
920 2447 1003 2499 hae
1032 2447 1305 2500 orationes
1336 2460 1637 2516 quanquam
1677 2447 1979 2517 conjunctae

392 2542 500 2595 sint
552 2550 709 2608 atque
777 2537 1149 2607 imperfectae,
1221 2546 1401 2592 tamen
1445 2538 1697 2593 dictionis
1755 2538 1979 2594 nomine

393 2642 797 2705 nuncupantur,
857 2647 955 2687 nec
1000 2645 1103 2687 non
1146 2632 1307 2687 etiam
1350 2633 1540 2686 transit
1606 2646 1803 2686 nomen
1869 2631 1973 2687 hoc

394 2726 643 2782 dictionis
675 2738 841 2794 usque
885 2723 951 2777 ad
981 2723 1246 2793 perfectas
1277 2724 1576 2787 orationes,
1619 2738 1751 2791 quas
1804 2738 1974 2779 enun-

395 2817 628 2872 tiationis
683 2815 977 2884 nuncupari
1032 2814 1298 2882 posterius
1361 2823 1444 2867 est
1510 2813 1816 2868 dicendum.
1879 2814 1973 2869 Est

394 2921 569 2964 autem
601 2908 900 2964 enuntiatio
940 2906 1188 2976 simplex,
1218 2915 1275 2960 ut
1304 2904 1351 2958 si
1378 2904 1499 2974 quis
1527 2904 1691 2970 dicat,
1728 2908 1978 2960 Socrates

395 3000 648 3056 ambulat.
703 2998 769 3051 Et
814 2996 928 3052 haec
957 2996 1153 3051 dicitur
1199 2994 1510 3062 afﬁrmatio,
1566 2995 1721 3065 hujus
1768 2998 1980 3067 negatio

396 3103 499 3159 est,
529 3091 774 3146 Socrates
814 3104 919 3143 non
959 3089 1215 3143 ambulat.
1267 3088 1551 3161 Simplices
1578 3104 1709 3160 ergo
1733 3090 1981 3144 enuntia-

400 3187 571 3238 tiones
594 3189 715 3235 sunt
756 3180 1143 3235 afﬁrmationes
1184 3180 1271 3233 vel
1317 3180 1651 3249 negationes,
1704 3196 1823 3250 quae
1861 3182 1976 3235 sin-

400 3274 535 3345 gulis
583 3273 761 3327 verbis
780 3287 843 3327 ac
872 3273 1178 3327 nominibus
1203 3282 1623 3342 componuntur.
1653 3274 1831 3341 Itaque
1855 3258 2001 3327 cum.

398 3367 536 3433 dico,
592 3366 633 3420 si
681 3365 796 3419 dies
842 3373 944 3429 est,
972 3364 1060 3417 lux
1098 3371 1200 3431 est,
1244 3373 1353 3419 tota
1407 3363 1621 3432 quidem
1678 3362 1979 3431 hujusmodi

397 3457 567 3513 oratio
619 3457 782 3512 dictio
824 3470 947 3512 esse
975 3470 1079 3510 non
1125 3456 1341 3511 dicitur.
1396 3456 1703 3526 Composita
1752 3472 1982 3528 namque

397 3548 787 3618 conjunctaque
829 3556 915 3602 est
952 3562 1015 3601 ex
1046 3547 1377 3602 orationibus
1397 3588 1410 3613 ,
1440 3563 1557 3617 qua:
1583 3557 1706 3601 sunt
1734 3548 1849 3604 dies
1873 3559 1977 3618 est,

399 3648 450 3696 et
478 3640 565 3694 lux
593 3647 696 3694 est.
729 3637 823 3693 Hae
850 3648 1027 3693 autem
1056 3646 1185 3693 sunt
1214 3637 1621 3707 afﬁrmationes,
1653 3647 1709 3693 et
1730 3640 1982 3695 dicuntur

399 3731 683 3785 dictiones.
714 3732 846 3800 Ipsae
872 3744 999 3785 vero
1022 3730 1402 3784 aflirmationes
1421 3746 1540 3799 quae
1564 3730 1829 3787 dictiones
1858 3742 1982 3787 sunt

400 3822 601 3879 habent
630 3838 815 3877 rursus
856 3822 988 3875 alias
1023 3822 1284 3877 dictiones
1311 3822 1602 3891 simplices,
1638 3831 1696 3876 ut
1733 3832 1815 3878 est
1840 3824 1979 3889 dies,

401 3923 578 3979 etest,
603 3923 658 3968 ct
684 3927 869 3968 rursus
893 3912 1000 3977 lux,
1027 3923 1080 3968 et
1105 3923 1206 3968 est.
1242 3914 1382 3984 Ergo
1410 3927 1530 3968 cum
1559 3913 1704 3979 dico,
1732 3913 1984 3970 Socrates

409 4005 677 4069 ambulat,
713 4003 828 4059 hmo
856 4004 1027 4058 oratio
1054 4014 1230 4073 partes
1270 4007 1430 4061 habet
1458 4006 1756 4072 dictiones,
1788 4020 1983 4061 nomen

404 4096 617 4151 scilicet
645 4106 699 4150 et
728 4096 945 4152 verbum
966 4138 980 4162 ,
1008 4112 1126 4165 qua:
1154 4098 1414 4153 dictiones
1445 4099 1659 4167 quidem
1690 4107 1844 4165 sunt,
1877 4114 1983 4153 non

405 4198 582 4241 tamen
633 4185 1034 4241 afﬁrmationes.
1083 4188 1176 4242 Sin
1226 4202 1357 4244 vero
1396 4188 1569 4243 dicam
1595 4229 1611 4255 ,
1649 4189 1899 4245 Socrates
1929 4189 1983 4243 in

402 4279 569 4349 lycteo
608 4294 729 4334 cum
762 4280 981 4334 Platone
1019 4290 1075 4335 et
1100 4281 1313 4336 caeteris
1347 4282 1629 4352 discipulis
1668 4281 1980 4350 disputavit,

404 4371 519 4427 haec
555 4388 678 4441 pars
719 4376 977 4429 orationis
1014 4391 1132 4445 quae
1162 4384 1267 4441 est,
1302 4375 1548 4431 Socrates
1587 4377 1639 4431 in
1667 4378 1831 4447 lycteo
1873 4377 1985 4446 ipsa

405 4476 615 4531 quoque
662 4474 743 4518 est
788 4464 991 4529 dictio,
1036 4466 1129 4520 sed
1164 4483 1268 4521 non
1298 4476 1355 4520 ut
1393 4466 1619 4535 simplex
1662 4482 1854 4522 nomen
1901 4468 1985 4522 vel

409 4553 781 4625 verbum,qum
807 4557 1068 4610 dictiones
1091 4558 1305 4627 quidem
1332 4570 1475 4623 sunt,
1508 4574 1613 4613 non
1637 4567 1814 4614 tamen
1844 4558 1988 4613 afﬁr-

407 4648 691 4717 mationes,
720 4665 892 4719 neque
925 4662 981 4705 ut
1007 4650 1315 4715 afﬁrmatio,
1342 4654 1433 4706 sed
1468 4661 1671 4706 tantum
1699 4661 1757 4706 ut
1786 4652 1988 4721 ianper-
2016 4621 2072 4680 Β

408 4739 544 4794 lecta
570 4741 738 4794 oratio
767 4756 886 4811 quae
916 4741 1095 4795 verbis
1124 4751 1300 4797 tamen
1333 4743 1740 4812 nominibusque
1766 4756 1992 4810 compo-

405 4831 504 4887 sita
533 4839 645 4896 est;
689 4832 831 4901 quod
855 4832 902 4887 si
932 4832 1008 4889 sic
1034 4832 1228 4898 dicam,
1262 4834 1307 4912 si
1336 4834 1496 4889 homo
1526 4846 1626 4903 est,
1662 4835 1861 4890 animal
1883 4843 1990 4900 est,

408 4924 523 4979 hate
552 4941 739 4981 rursus
776 4927 950 4981 oratio
979 4927 1139 4983 habet
1182 4928 1445 4984 dictiones
1492 4932 1546 4987 in
1582 4934 1851 5001 partibus,
1896 4928 1991 4985 sed

410 5033 579 5088 neque
609 5028 663 5072 ut
692 5019 967 5088 simplices
999 5020 1263 5081 dictiones
1289 5063 1303 5088 ,
1347 5038 1517 5093 neque
1558 5037 1613 5079 ut
1652 5024 1996 5095 imperfectas

410 5112 710 5179 orationes,
739 5113 831 5168 sed
864 5122 921 5167 ut
951 5114 1247 5181 perfectas.
1278 5117 1656 5187 simplicesque
1682 5119 2001 5173 afﬁrmatio-

412 5221 527 5273 nes,
556 5217 611 5263 et
640 5223 740 5263 una
774 5217 857 5263 est
880 5208 1168 5266 afﬁrmatio
1199 5213 1395 5268 animal
1424 5223 1527 5279 est,
1559 5215 1659 5268 alia
1684 5230 1810 5270 vero
1841 5217 2001 5269 homo

411 5312 514 5355 est.
564 5302 693 5357 Tota
732 5318 860 5358 vero
901 5304 1015 5371 ipsa
1054 5306 1229 5359 oratio
1267 5305 1433 5360 dictio
1464 5320 1570 5360 non
1614 5314 1701 5360 est
1733 5323 1747 5360 :
1776 5306 1915 5374 quod
1956 5306 2003 5361 si

411 5392 609 5458 dicam,
641 5396 685 5449 si
712 5396 911 5450 animal
938 5412 1045 5451 non
1076 5407 1179 5461 est,
1217 5399 1378 5452 homo
1408 5412 1512 5451 non
1543 5404 1646 5460 est,
1681 5411 1862 5451 rursus
1892 5398 2005 5453 haec

409 5486 584 5539 oratio
632 5501 700 5540 ex
743 5486 951 5540 duabus
994 5488 1325 5558 simplicibus
1374 5489 1696 5543 dictionibus
1739 5490 1997 5558 uegativis

410 5575 628 5630 videtur
651 5589 773 5630 esse
801 5578 1129 5646 composita,
1166 5595 1287 5649 qum
1314 5579 1664 5636 nihilominus
1697 5588 1805 5634 tota
1834 5582 1998 5637 dictio

413 5688 525 5731 non
555 5679 658 5727 est.
684 5671 761 5727 ita
788 5686 917 5741 ergo
946 5672 1112 5729 dictio
1138 5674 1398 5730 inchoans
1422 5690 1454 5729 a
1480 5673 1809 5742 simplicibus
1832 5676 2001 5730 nomi-

416 5766 575 5823 nibus
599 5773 769 5836 atque)
802 5764 986 5821 verbis
1027 5781 1198 5836 usque
1243 5768 1311 5824 ad
1355 5768 1642 5833 orationes,
1672 5770 1912 5838 quamvis
1936 5768 2003 5824 ad

425 5856 771 5929 imperfectas
797 5859 1133 5929 provehitur,
1161 5875 1258 5921 nec
1288 5863 1340 5918 in
1371 5859 1454 5919 bis
1483 5860 1847 5920 tantummodo
1874 5875 2003 5917 con-

2079 1991 2281 2037 tautum
2313 1984 2366 2036 in
2396 1985 2696 2053 simplices,
2730 2002 2847 2055 qum
2873 2001 2938 2043 ex
2969 1987 3174 2042 duobus
3202 1997 3470 2055 constant,
3500 1990 3665 2044 verbo

2078 2074 2354 2130 scilicetet
2378 2077 2623 2140 nomine;
2656 2078 2751 2132 sed
2777 2079 2863 2133 ille
2889 2079 3152 2148 perfalsus
3179 2091 3279 2135 est.
3314 2081 3495 2150 Neque
3516 2083 3664 2138 enim

2080 2170 2127 2224 si
2152 2170 2381 2239 simplex
2419 2172 2621 2235 oratio,
2664 2172 2999 2241 simplicibus
3036 2174 3212 2228 verbis
3254 2175 3665 2245 nominibusque

2080 2264 2347 2332 consistit,
2380 2264 2579 2321 idcirco
2611 2281 2715 2319 non
2738 2267 3032 2335 composita
3062 2282 3273 2336 quoque
3304 2269 3475 2322 oratio
3504 2268 3667 2325 verba

2079 2363 2137 2410 ει
2164 2358 2379 2411 nomina
2408 2358 2659 2413 similiter
2704 2360 2756 2413 in
2800 2359 3039 2427 partibus
3079 2360 3257 2415 habet.
3296 2360 3450 2427 Quod
3480 2362 3525 2415 si
3568 2362 3668 2418 hoc

2080 2465 2366 2508 commune
2402 2461 2483 2507 est
2515 2452 2848 2522 simplicibus
2883 2456 3213 2509 orationilms
3243 2463 3403 2524 atque
3441 2472 3663 2523 compo-

2081 2543 2200 2597 sitis
2223 2582 2241 2610 ,
2285 2553 2341 2599 ut
2373 2543 2601 2600 habeant
2643 2545 2694 2598 in
2731 2546 2976 2615 partibus
3006 2546 3511 2625 quidem‘dictiones
3537 2550 3667 2603 siru-

2081 2634 2278 2706 plices,
2322 2650 2428 2691 non
2480 2637 2641 2691 etiam
2690 2635 3109 2702 afﬁrmationes,
3163 2653 3282 2692 cum
3339 2639 3503 2693 etiam
3546 2653 3668 2694 ora-

2084 2730 2260 2784 tiones
2283 2742 2405 2797 quae
2432 2728 2815 2785 afﬁrmationes
2843 2728 3060 2795 habent,
3089 2728 3320 2783 habeant
3348 2730 3400 2783 in
3432 2732 3668 2799 partibus

2081 2820 2351 2890 simplices
2380 2822 2669 2887 dictiones,
2702 2836 2799 2875 cur
2829 2826 2964 2876 hanc
2988 2822 3338 2890 qumstionem
3370 2823 3423 2875 in
3456 2823 3669 2877 Aristo-

2084 2914 2240 2967 telem
2267 2914 2430 2981 jaciat
2452 2954 2467 2976 ,
2496 2916 2704 2968 ratione
2731 2913 3070 2981 relinquitur.
3098 2912 3354 2981 Syriauus
3387 2928 3540 2979 vero,
3576 2916 3669 2979 qui

2083 3002 2410 3059 Philoxenus
2437 3005 2877 3073 cognominatur,
2912 3019 3018 3057 non
3062 3013 3211 3073 putat
3239 3004 3511 3058 orationes
3550 3018 3669 3060 esse

2084 3111 2307 3166 quarum
2331 3097 2632 3151 intellectus
2658 3097 2730 3150 sit
2749 3095 3113 3165 imperfectus,
3138 3104 3296 3164 atque
3319 3095 3437 3149 ideo
3460 3109 3558 3149 nec
3575 3109 3670 3151 eas

2084 3189 2289 3259 aliquas
2321 3187 2519 3242 habere
2548 3196 2746 3255 partes.
2786 3185 2918 3240 Nam
2948 3201 3068 3240 cum
3101 3186 3222 3241 dicit
3256 3185 3405 3239 Plato
3437 3186 3488 3238 in
3526 3190 3668 3239 Aca-

2085 3280 2257 3335 demia
2304 3279 2614 3347 disputans,
2663 3279 2776 3332 haec
2825 3277 3074 3347 quoniam
3128 3275 3359 3342 perfecta
3409 3290 3518 3330 non
3563 3283 3669 3343 est,

2086 3379 2267 3441 partes
2285 3406 2302 3433 ,
2339 3370 2540 3438 inquit,
2571 3383 2675 3424 non
2705 3369 2897 3434 habet,
2923 3368 3191 3423 arbitrans
3218 3383 3377 3423 omne
3402 3367 3541 3437 quod
3570 3367 3671 3421 im-

2087 3463 2381 3534 perfectum
2411 3471 2496 3518 est
2523 3463 2685 3517 nullis
2716 3463 2954 3531 partibus
3000 3463 3292 3527 contineri,
3338 3472 3499 3532 atque
3529 3462 3668 3527 ideo,

2085 3572 2204 3612 eum
2235 3557 2721 3629 dicit.Aristoteles
2746 3597 2761 3622 ,
2805 3557 2978 3610 oratio
3019 3564 3103 3609 est
3143 3570 3244 3609 vox
3292 3555 3671 3622 signiﬁcativa,

2086 3650 2237 3718 cujus
2260 3657 2435 3718 partes
2457 3649 2658 3719 aliquid
2684 3660 2835 3703 extra
2856 3648 3178 3719 signiﬁcant,
3206 3648 3349 3701 illam
3372 3648 3672 3702 orationem

2087 3742 2335 3797 constitui
2363 3750 2531 3811 putat,
2556 3756 2673 3811 quae
2702 3738 2993 3809 perfectum
3024 3740 3222 3793 retinet
3241 3752 3480 3802 sensum,
3507 3736 3675 3806 ipsius

2087 3836 2227 3890 enim
2253 3847 2431 3904 partes
2458 3851 2578 3889 esse
2603 3835 2761 3889 verba
2790 3844 2842 3887 ει
2871 3833 3108 3886 nomina.
3137 3831 3241 3885 Sed
3265 3833 3365 3887 hoc
3390 3831 3674 3886 ridiculum

2089 3936 2188 3982 est.
2216 3927 2398 3996 Neque
2425 3928 2567 3980 enim
2597 3924 2794 3993 aliquid
2825 3925 3180 3991 compositum
3211 3924 3322 3976 ﬁeri
3348 3933 3543 3991 potest,
3569 3922 3673 3979 nisi

2092 4021 2322 4089 propriis
2355 4019 2612 4087 partibus.
2646 4014 2797 4081 Quod
2824 4015 2867 4067 si
2899 4014 3155 4082 quaelibet
3184 4028 3269 4066 res
3299 4024 3353 4065 ut
3385 4029 3675 4081 compona-

2090 4118 2175 4164 tur
2200 4110 2390 4163 habeat
2411 4110 2597 4162 decem
2630 4116 2831 4170 partes,
2858 4118 2950 4157 eas
2976 4114 3152 4156 tamen
3181 4102 3451 4169 sigillatim
3480 4104 3675 4169 apponi

2092 4216 2311 4258 necesse
2339 4204 2427 4263 sit,
2456 4209 2740 4267 antequam
2769 4198 2835 4250 ad
2858 4196 3121 4250 decimam
3145 4194 3423 4248 veniamus
3448 4200 3674 4261 partem,

2093 4295 2259 4350 nihilo
2308 4305 2482 4348 tamen
2530 4294 2704 4346 minus
2744 4300 2901 4346 erunt
2944 4299 3122 4358 partes
3170 4302 3301 4358 quas
3350 4286 3568 4339 sibimet
3610 4283 3678 4340 ad

2094 4389 2514 4459 componendam
2539 4387 2700 4441 totius
2730 4385 2971 4454 corporis
2996 4397 3258 4438 summam
3288 4379 3551 4448 sigillatim
3589 4391 3678 4429 sn-

2097 4484 2440 4553 perponimus
2464 4523 2477 4545 ,
2523 4482 2682 4535 etiam
2728 4482 2771 4532 si
2805 4479 2869 4532 ad
2904 4478 3030 4531 illud
3070 4476 3209 4544 quod
3248 4470 3678 4541 componendum

2097 4575 2192 4629 fuit
2223 4575 2445 4628 minime
2493 4580 2808 4638 perventum
2840 4580 2941 4623 est.
2992 4568 3252 4634 Quocirca
3303 4565 3347 4618 si
3396 4572 3681 4634 antequam

2101 4669 2438 4739 perveniatur
2476 4665 2539 4718 ad
2573 4664 2832 4717 decimam
2868 4669 3069 4728 partem
3108 4658 3304 4728 prioris
3332 4654 3503 4709 eﬁ‘ecti
3534 4670 3682 4706 com-

2100 4758 2365 4831 positique
2398 4765 2579 4825 partes
2609 4763 2751 4818 sunt,
2781 4752 2923 4806 nulla
2956 4751 3092 4803 ratio
3125 4758 3207 4803 est
3248 4746 3573 4814 imperfectae
3603 4742 3682 4799 rei

2101 4860 2283 4922 partes
2307 4848 2410 4903 dici
2434 4862 2537 4900 non
2561 4858 2740 4915 posse.
2768 4842 2951 4909 Neque
2971 4843 3112 4895 enim
3137 4841 3329 4895 dicitur
3351 4839 3513 4892 tetius
3532 4851 3683 4891 com-

2102 4940 2258 5012 positi
2293 4948 2470 5009 partes
2496 4952 2639 4999 esse,
2667 4949 2785 5005 qua:
2813 4933 2920 4987 sint
2943 4933 3263 5002 imperfecti,
3296 4940 3353 4985 ut
3378 4932 3421 4985 si
3446 4931 3515 4985 sit
3544 4930 3684 4982 inte-

2101 5048 2252 5103 grum
2287 5046 2505 5095 nomen,
2531 5028 2724 5083 habeat
2757 5033 2934 5095 partes
2962 5035 3210 5095 quatuor,
3234 5024 3285 5077 id
3316 5032 3400 5076 est
3428 5020 3683 5091 syllabas,

2105 5134 2163 5181 ut
2198 5124 2475 5179 Mezentius
2499 5162 2515 5188 ,
2556 5121 2600 5175 si
2634 5133 2790 5173 unam
2822 5117 3079 5187 syllabam
3123 5116 3331 5170 demam
3354 5154 3367 5177 ,
3409 5112 3689 5179 dicamque

2106 5217 2338 5283 mezenti,
2371 5214 2453 5269 vel
2485 5213 2527 5266 si
2560 5226 2718 5267 unam
2752 5223 2937 5263 rursus
2963 5207 3199 5274 duasque
3234 5217 3449 5272 ponam,
3479 5210 3535 5253 ut
3566 5210 3691 5255 sunt

2102 5325 2295 5373 mesen,
2321 5307 2482 5377 hujus
2506 5314 2683 5359 tamen
2714 5312 2939 5370 utraque
2963 5299 3165 5369 syllaba
3192 5313 3271 5349 me
3296 5295 3497 5348 scilicet
3523 5305 3576 5347 et
3598 5310 3691 5346 seu

2106 5411 2284 5471 partes
2313 5408 2459 5462 sunt,
2488 5406 2543 5451 et
2572 5411 2692 5451 cum
2727 5394 2798 5448 sit
2819 5392 3137 5461 compositio
3167 5391 3276 5455 ipsa
3308 5402 3469 5441 sensu
3502 5401 3691 5448 vacua,

2106 5506 2167 5547 ac
2189 5496 2259 5546 sit
2279 5490 2605 5560 imperfecta,
2626 5496 2801 5540 tamen
2825 5482 3065 5551 partibus
3085 5480 3407 5535 continetur.
3431 5477 3693 5547 Syrianus

2086 5583 2267 5653 igitur
2296 5582 2513 5636 minime
2539 5575 2831 5632 audiendus
2860 5582 2963 5629 est.
3004 5572 3108 5627 Sed
3140 5570 3468 5640 Porphyrius
3494 5568 3691 5637 potius,

2110 5677 2200 5747 qui
2221 5677 2290 5730 ita
2309 5671 2611 5728 Aristotelis
2632 5679 2865 5723 mentem
2882 5665 3309 5733 sententiamque
3332 5661 3694 5732 persequitur,

2112 5777 2170 5822 ut
2192 5767 2307 5835 ejus
2329 5763 2731 5828 dilﬁnitionem,
2757 5776 2880 5832 qua:
2908 5773 3035 5815 vera
3064 5766 3179 5824 est,
3211 5757 3394 5812 labare
3434 5764 3489 5811 et
3514 5756 3566 5809 in
3599 5754 3698 5809 ali-

2113 5858 2304 5937 quibus
2348 5858 2469 5913 aliis
2508 5856 2821 5929 discrepare
2869 5871 2977 5917 non
3020 5853 3197 5911 faciat.
3242 5854 3319 5911 De
3358 5851 3441 5908 bis
3480 5848 3693 5922 quidem
