4270 6266
553 383 655 442 459

1779 384 1871 440 ΑΝ
1908 382 2117 439 MANL.
2157 379 2311 438 SEV.
2352 380 2578 438 ΒΟΕΤΙΙ

3715 378 3825 432 440

553 503 831 558 hactenus.
866 497 1190 569 Porphyrius
1221 508 1396 555 autem
1421 500 1495 555 ita
1518 500 1649 557 dicit
1670 500 1918 569 :Volens,
1947 500 2133 569 inquit,
2167 496 2221 557 Α
2244 505 2303 549 ιιι
2329 495 2617 553 dictionem
2642 512 2747 553 non
2775 505 2835 552 ut
2864 496 3274 551 afﬁrmationem
3296 534 3312 560 ,
3343 510 3464 566 quae
3490 505 3636 552 esset
3662 495 3828 552 dictio

552 594 870 650 Aristoteles
914 592 1198 647 ostendere
1254 607 1359 647 non
1406 607 1620 647 omnem
1662 592 1959 646 orationem
1986 631 2001 656 ,
2043 600 2135 644 aut

552 686 824 753 simplices
871 691 1073 737 tantum
1123 682 1320 738 habere
1353 696 1560 754 partes,
1593 691 1685 737 aut
1712 683 2071 751 compositas,
2105 695 2136 734 a

550 774 884 843 simplicibus
914 775 1141 843 sumpsit
1167 774 1495 843 exemplum,
1525 782 1582 828 ut
1610 773 1812 827 diceret
1835 772 2137 842 signiﬁcare

552 876 733 933 partes
765 866 1046 932 orationis,
1082 874 1140 920 ut
1168 866 1460 921 dictionem
1491 880 1597 921 non
1626 876 1682 919 ut
1702 865 2132 928 afﬁrmationem,

549 970 608 1015 ut
634 975 754 1014 cum
787 968 870 1015 est
898 961 1093 1015 oratio.
1137 960 1289 1015 Plato
1326 961 1596 1031 disputat,
1628 960 1891 1015 dictiones
1920 961 2135 1029 quidem

549 1059 697 1117 sunt,
723 1051 818 1106 sed
846 1065 950 1105 non
982 1060 1039 1104 ut
1064 1051 1468 1108 afﬁrmationes.
1501 1052 1558 1109 Si
1588 1066 1714 1106 vero
1744 1052 1821 1105 sic
1850 1060 1990 1106 esset
2016 1065 2135 1105 ora-

550 1146 645 1210 tio,
690 1144 748 1201 Si
786 1144 938 1199 Plato
965 1144 1199 1214 disputat
1227 1160 1412 1200 verum
1447 1143 1598 1209 dicit,
1640 1144 1790 1197 Plato
1818 1142 2056 1212 disputat
2084 1153 2139 1196 et

550 1254 738 1293 verum
772 1238 931 1302 dicit,
962 1252 1084 1293 cum
1114 1239 1219 1293 sint
1244 1239 1536 1301 dictiones,
1567 1251 1671 1291 non
1699 1244 1825 1290 sunt
1852 1244 2055 1289 tantum
2082 1245 2139 1289 ut

550 1332 865 1402 simplices,
904 1331 995 1386 sed
1027 1330 1189 1385 etiam
1236 1338 1294 1383 ut
1333 1328 1741 1384 afﬁrmationes.
1786 1328 1968 1399 Neque
1993 1328 2135 1382 enim

550 1423 779 1492 simplex
807 1421 969 1476 dictio
1012 1420 1305 1475 afﬁrmatio
1334 1430 1419 1477 est
1458 1429 1549 1475 aut
1582 1421 1826 1489 negatio,
1875 1420 1966 1475 sed
2014 1429 2139 1474 tunc

548 1513 611 1569 ﬁt
638 1528 761 1568 cum
801 1513 1013 1568 additur
1053 1512 1250 1583 aliquid
1280 1556 1294 1581 ,
1334 1512 1475 1582 quod
1506 1521 1599 1566 aut
1627 1510 1997 1566 afﬁrmationis
2029 1511 2134 1565 vim

552 1613 731 1661 teneat
756 1614 847 1659 aut
884 1604 1183 1673 negationis
1209 1645 1224 1670 ,
1257 1614 1418 1674 atque
1446 1603 1549 1658 hoc
1576 1612 1659 1659 est
1686 1603 1825 1672 quod
1858 1603 1931 1657 ait
1964 1621 1975 1655 :
2011 1603 2137 1657 Dico

551 1707 729 1753 autem
776 1706 834 1752 ut
882 1696 1042 1751 homo
1079 1695 1341 1766 signiﬁcat
1384 1695 1606 1764 aliquid,
1629 1697 1723 1751 sed
1748 1709 1853 1749 non
1878 1695 2129 1764 quoniam

551 1800 654 1858 est,
716 1800 961 1845 autnon
1006 1804 1108 1855 εει,
1159 1789 1254 1845 sed
1306 1790 1408 1845 erit
1453 1788 1739 1843 afﬁrmatio
1788 1788 1871 1842 vel
1900 1786 2135 1857 negatio.

2240 591 2518 645 manifeste
2548 598 2830 646 monstret.
2867 590 3141 646 Dictiones
3168 603 3398 658 namque
3426 589 3706 644 constituit
3735 605 3828 645 νου

2239 696 2356 736 cem
2389 697 2484 750 per
2513 697 2572 737 se
2600 682 3029 752 signiﬁcantem;
3065 697 3195 751 ergo
3225 696 3343 735 cum
3381 681 3548 747 dicit,
3594 681 3687 736 sed
3722 696 3829 737 non

2240 788 2344 827 una
2372 775 2607 828 hominis
2631 773 2852 845 syllaba,
2886 773 2991 829 tale
3020 782 3104 828 est
3127 788 3191 829 ac
3221 772 3267 827 si
3295 772 3497 827 diceret
3521 791 3532 825 :
3556 772 3834 842 Signiﬁcat

2241 867 2459 936 quidem
2494 883 2618 937 pars
2647 869 2906 924 orationis
2934 877 2992 922 ut
3019 868 3201 923 dictio.
3238 866 3343 921 Sed
3370 866 3453 921 hae
3482 867 3609 936 ipsa:
3638 866 3832 921 dictio-

2244 974 2340 1013 nes
2366 958 2619 1029 perfectae
2647 960 2861 1015 nomina
2893 969 3018 1014 sunt
3058 968 3114 1014 et
3152 958 3313 1013 verba
3338 1001 3352 1024 ,
3394 972 3499 1012 non
3530 967 3709 1027 partes
3740 970 3836 1012 no—

2243 1042 2450 1106 minum
2481 1052 2894 1123 verborumque.
2925 1052 2981 1106 In
3013 1067 3078 1107 eo
3108 1051 3251 1107 enim
3280 1051 3418 1120 quod
3451 1058 3534 1104 est
3561 1050 3837 1119 equiferus
3858 1122 3871 1125 ν

2242 1143 2446 1210 currit,
2477 1143 2745 1214 equiferus
2778 1142 2993 1212 quidem
3026 1142 3195 1197 dictio
3241 1151 3328 1197 est
3356 1142 3520 1196 totius
3550 1141 3832 1207 orationis,

2242 1229 2507 1300 signiﬁcat
2535 1232 2681 1285 enim
2715 1240 2773 1285 ut
2803 1245 2927 1300 pars
2958 1229 3239 1295 orationis,
3268 1230 3363 1284 sed
3397 1230 3540 1284 ferus
3565 1229 3835 1298 consigni-

2244 1320 2372 1377 ﬁcat
2396 1332 2456 1377 ut
2480 1337 2605 1392 pars
2626 1322 2882 1387 nominis,
2905 1330 3067 1392 atque
3093 1322 3220 1377 ideo
3242 1320 3387 1376 ferus
3408 1321 3572 1375 dictio
3594 1334 3700 1374 non
3727 1327 3834 1373 est.

2242 1415 2500 1481 Quocirca
2531 1415 2575 1468 si
2602 1429 2721 1484 qua:
2750 1414 2867 1468 aliae
2886 1414 3106 1484 syllaba:
3133 1412 3186 1467 in
3215 1422 3363 1481 parte
3394 1410 3654 1467 orationis
3681 1422 3828 1476 sunt,

2242 1506 2298 1561 id
2325 1515 2407 1561 est
2442 1506 2493 1560 in
2523 1504 2740 1560 nomine
2766 1506 2852 1559 vel
2884 1504 3047 1559 verbo
3070 1547 3086 1571 ,
3121 1502 3251 1557 nihil
3281 1517 3377 1573 per
3418 1517 3479 1558 se
3504 1500 3825 1571 signiﬁcant,

2244 1611 2546 1667 quanquam
2589 1600 2698 1652 sint
2728 1597 2783 1652 in
2816 1608 2967 1667 parte
2999 1597 3232 1651 nominis
3253 1639 3269 1664 ,
3298 1595 3442 1666 quod
3476 1610 3671 1652 nomen
3716 1610 3838 1666 pars

2245 1688 2506 1744 orationis
2544 1698 2664 1757 est,
2700 1689 2829 1744 nihil
2878 1699 3053 1743 tamen
3091 1689 3263 1757 ipsum
3313 1686 3579 1757 signiﬁcat
3627 1687 3683 1741 in
3729 1696 3836 1741 tota

2246 1782 2509 1844 oratione,
2540 1794 2711 1849 quare
2750 1795 2848 1836 nec
2873 1780 3038 1835 dictio
3067 1780 3189 1834 erit.
3230 1778 3568 1835 Audiendum
3599 1793 3727 1849 ergo
3756 1788 3837 1833 est

550 1885 596 1940 εί
628 1884 755 1955 quid
781 1884 1028 1939 addam...
1070 1884 1387 1954 Huiusmodi
1416 1883 1517 1937 ι,οο
1541 1890 1652 1947 ρει,
1684 1888 1935 1951 tanquam
1966 1884 2011 1935 si
2049 1880 2133 1936 di-
2167 1870 2217 1931 B
2242 1869 2336 1934 ita,
2372 1880 2622 1940 tanquam
2674 1872 2718 1924 si
2767 1873 2847 1926 sic
2884 1871 3116 1925 diceret:
3155 1871 3340 1926 Oratio
3376 1881 3553 1925 autem
3603 1878 3688 1924 est
3733 1884 3831 1925 vox
3871 1933 3881 1939 η

551 1986 718 2044 ceret,
751 1992 946 2032 nomen
972 1977 1187 2047 quidem
1222 1976 1449 2047 simplex
1475 1974 1885 2029 afﬁrmationem
1916 1983 2006 2028 aut
2036 1989 2134 2028 ne-

551 2072 819 2143 gationem
850 2086 956 2125 non
986 2070 1130 2140 facit,
1155 2072 1255 2125 nisi
1281 2078 1372 2125 aut
1392 2078 1477 2125 est
1497 2068 1717 2123 verbum
1746 2066 1995 2130 addatur,
2018 2081 2137 2136 quae

550 2173 637 2220 est
665 2164 986 2243 affirmatio,
1028 2171 1120 2218 aut
1155 2178 1261 2218 non
1289 2170 1408 2227 est,
1454 2177 1571 2231 quac
1600 2168 1683 2214 est
1713 2159 1945 2229 negatio.
1985 2158 2139 2224 Quod

554 2265 735 2311 autem
765 2255 980 2311 additur
1001 2297 1015 2321 ,
1046 2254 1140 2311 sed
1170 2269 1276 2310 non
1305 2268 1410 2308 una
1438 2252 1672 2308 hominis
1697 2250 1920 2322 syllaba,
1954 2264 2052 2305 nec
2081 2250 2136 2305 in

551 2361 619 2403 eo
640 2347 782 2418 quod
810 2356 892 2403 est
926 2362 1084 2403 sorex
1113 2388 1128 2412 ,
1167 2361 1260 2402 rex
1289 2345 1589 2416 signiﬁcat,
1630 2342 1725 2398 sed
1752 2357 1851 2396 vox
1885 2349 1966 2396 est
1995 2355 2138 2395 nunc

551 2438 687 2494 sola.
740 2437 799 2493 ln
823 2437 1123 2507 duplicibus
1146 2452 1273 2492 vero
1307 2436 1573 2507 signiﬁcat
1597 2428 1811 2505 quidem
1834 2474 1849 2501 ,
1877 2432 1972 2488 sed
2004 2431 2138 2487 nihil

551 2528 847 2584 secundum
878 2543 957 2593 se,
992 2527 1437 2603 quemadmodum
1467 2526 1668 2581 dictum
1700 2536 1801 2580 est.
1834 2521 2004 2593 llujus
2032 2522 2135 2578 loci

556 2620 755 2689 duplex
776 2627 859 2673 est
902 2619 1187 2688 expositio.
1228 2618 1380 2685 Quod
1412 2606 1562 2673 enim
1593 2618 1799 2672 dixerat
1827 2616 2008 2687 prius,
2043 2614 2141 2670 sed

551 2711 659 2765 erit
680 2708 970 2765 afﬁrmatio
995 2709 1080 2765 vel
1112 2710 1322 2780 negatio
1348 2709 1393 2763 si
1419 2709 1544 2778 quid
1575 2700 1800 2763 addatur
1820 2708 1870 2762 ei
1894 2708 2135 2775 dictioni,

554 2819 716 2874 quam
740 2817 903 2872 supra
929 2803 1228 2874 simplicem
1256 2816 1377 2858 esse
1404 2802 1681 2872 praposuit
1698 2842 1713 2866 ,
1736 2816 1857 2857 cum
1880 2802 1948 2857 de
1974 2803 2141 2872 signi-

555 2896 762 2952 licativa
792 2895 1053 2951 orationis
1083 2904 1234 2965 parte
1264 2895 1591 2966 loqueretur,
1631 2909 1771 2949 nunc
1800 2894 1853 2949 id
1881 2895 2143 2963 adimplet

554 2997 608 3043 et
637 2986 868 3058 explicat
893 2987 1080 3042 dicens
1110 3004 1123 3039 :
1154 2986 1271 3042 Non
1296 2987 1343 3042 si
1371 2986 1631 3057 quidlibet
1659 2986 1886 3043 addatur
1910 2987 2141 3056 simplici

554 3078 812 3145 dictioni,
846 3080 1026 3134 statim
1057 3078 1173 3133 ﬁeri
1203 3078 1613 3134 afﬁrmationem
1649 3079 1737 3134 vel
1775 3079 2137 3149 negationem,

555 3185 657 3226 nec
682 3185 811 3225 vero
839 3169 1135 3225 orationem
1161 3208 1175 3232 ,
1216 3184 1387 3239 neque
1418 3168 1563 3224 enim
1596 3169 1641 3223 si
1668 3169 1797 3239 quid
1823 3184 1927 3225 non
1958 3184 2057 3238 per
2080 3183 2143 3224 se

555 3262 969 3333 signiﬁcativum
990 3261 1211 3316 dictioni
1234 3234 1466 3330 simplici
1486 3234 1785 3330 copuletur.
1809 3234 2009 3314 idcirco
2026 3261 2140 3329 jam
2172 3234 2219 3297 (ἶ

557 3355 641 3408 vel
672 3354 844 3408 oratio
867 3394 883 3419 ,
919 3354 999 3407 vel
1027 3352 1313 3408 afﬁrmatio
1338 3352 1422 3406 vel
1457 3352 1617 3407 etiam
1646 3353 1858 3421 negatio
1888 3366 2143 3421 procrea-

555 3442 717 3510 bitur,
754 3447 928 3513 neque
955 3445 1099 3499 enim
1127 3444 1170 3498 si
1199 3457 1304 3497 una
1335 3443 1536 3514 syllaba
1563 3444 1795 3498 hominis
1826 3459 1945 3512 qua:
1975 3444 2144 3513 signi-

552 3536 765 3592 ﬁcativa
796 3551 892 3606 per
917 3551 977 3591 se
999 3552 1102 3591 non
1131 3546 1232 3603 est,
1254 3534 1533 3605 copuletur
1559 3535 1735 3590 eidem
1765 3536 1871 3613 ipsi.
1894 3536 2139 3601 dictioni,

552 3627 662 3698 jam
692 3627 797 3683 ulla
829 3627 951 3682 inde
981 3637 1293 3698 procreatur
1319 3627 1513 3683 oratio.
1562 3626 1713 3692 Quod
1747 3627 1793 3681 si
1832 3627 2005 3681 oratio
2034 3640 2142 3682 non

551 3718 659 3782 sit,
700 3731 800 3772 nec
832 3717 1123 3785 propositio
1151 3726 1269 3783 est,
1313 3715 1398 3770 ha:
1426 3715 1569 3771 enim
1596 3716 1869 3770 orationes
1895 3715 2141 3784 quaedam

552 3813 726 3871 sunt,
767 3815 824 3859 ut
851 3806 897 3859 si
922 3806 1043 3875 quis
1072 3821 1135 3861 ex
1166 3820 1233 3862 eo
1262 3806 1402 3876 quod
1448 3816 1534 3863 est
1577 3807 1739 3863 homo
1785 3807 1937 3861 tollat
1980 3822 2141 3861 unam

553 3895 839 3965 syllabam,
875 3910 1099 3965 eamque
1129 3898 1226 3952 toti
1262 3898 1487 3954 dictioni
1515 3899 1741 3968 simplici
1772 3908 1938 3967 aptet,
1971 3899 2143 3954 dicat-

552 4002 659 4058 que
688 3988 868 4054 homo,
900 3988 988 4043 vel
1019 3990 1123 4045 alio
1151 3972 1386 4061 quolibet
1416 3992 1578 4047 modo
1606 3991 1864 4049 decidens
1883 4035 1898 4060 ,
1934 4003 2141 4063 partem

553 4078 650 4135 tuti
683 4080 895 4150 corpori
923 4079 1171 4136 dictionis
1201 4082 1461 4152 adjicieus
1485 4097 1588 4139 non
1628 4082 1787 4139 faciet
1815 4085 2137 4140 orationem.

551 4168 708 4239 Quod
731 4172 780 4227 si
808 4174 911 4227 hoc
933 4182 1050 4238 est,
1091 4187 1191 4227 nec
1215 4172 1622 4229 alﬁrmationem
1648 4191 1750 4229 nec
1777 4176 2137 4245 negationem,

551 4264 796 4334 quaedam
826 4273 951 4320 sunt
982 4266 1276 4319 orationes.
1326 4265 1403 4319 lta
1449 4280 1580 4335 ergo
1623 4268 1993 4335 accipiendum
2034 4278 2136 4335 est,

550 4361 805 4424 tanquam
837 4356 880 4411 si
922 4354 1023 4409 hoc
1064 4352 1226 4409 modo
1254 4354 1503 4421 dixisset,
1529 4355 1655 4410 dico
1682 4366 1860 4412 autem
1891 4367 1948 4412 ut
1980 4359 2140 4414 homo

551 4444 820 4512 signiﬁcat
847 4445 1047 4515 aliquid
1067 4486 1083 4509 ,
1116 4444 1209 4499 sed
1235 4460 1338 4499 non
1380 4447 1630 4514 quoniam
1668 4457 1751 4502 est
1778 4458 1868 4503 aut
1897 4464 2003 4505 non
2033 4461 2136 4519 est;

550 4535 648 4590 sed
677 4538 779 4591 erit
808 4537 1114 4606 afﬁrmatio,
1148 4538 1233 4593 vel
1268 4538 1479 4609 negatio
1508 4539 1554 4594 si
1591 4539 1717 4610 quid
1762 4542 2008 4611 addatur,
2044 4544 2158 4621 sed.

511 4688 514 4692 λ
550 4644 659 4684 non
680 4624 751 4684 ut
775 4645 879 4685 una
911 4630 1141 4686 hominis
1172 4606 1373 4703 syllaba
1399 4606 1646 4699 addatur,
1680 4648 1781 4690 nee
1815 4606 2035 4692 cuilibet
2060 4606 2222 4692 ιιι-1)

550 4720 719 4776 terius
744 4720 1030 4788 dictionis,
1061 4722 1106 4776 si
1145 4723 1274 4792 quid
1314 4736 1421 4779 non
1452 4737 1548 4793 per
1574 4739 1632 4779 se
1662 4726 1963 4795 signiﬁcat,
1998 4736 2058 4781 ut
2084 4728 2139 4783 in

550 4829 617 4869 eo
635 4814 775 4882 quod
798 4824 879 4868 est
901 4828 1061 4870 sorex
1093 4830 1192 4870 rex
1217 4832 1323 4871 non
1347 4816 1629 4886 signiﬁcat,
1652 4818 1746 4873 sed
1770 4835 1870 4874 vox
1893 4830 1977 4876 est
1998 4837 2141 4878 nunc

549 4907 688 4962 sola.
718 4906 893 4974 Atque
922 4906 1042 4960 ideo
1071 4908 1116 4961 si
1145 4909 1264 4974 quis
1295 4909 1443 4962 velut
1478 4919 1683 4978 partem
1715 4912 1887 4977 tollat,
1916 4912 1969 4967 id
1994 4915 2140 4983 quod

545 5010 629 5059 est
660 5015 755 5055 rex
780 5043 795 5068 ,
827 5005 1166 5068 apponatque
1190 4999 1239 5052 ei
1267 4999 1409 5066 quod
1434 5008 1519 5054 est
1548 5015 1705 5056 sorex
1725 5040 1740 5066 ,
1769 5002 2018 5071 dicatque
2042 5020 2135 5059 so-

545 5108 642 5149 rex
670 5107 784 5155 rex,
809 5099 867 5145 ut
887 5104 981 5145 rex
1019 5097 1270 5159 tanquam
1298 5104 1423 5158 pars
1448 5091 1517 5147 sit
1543 5092 1661 5160 ejus
1689 5092 1829 5161 quod
1854 5103 1935 5148 est
1955 5108 2137 5162 sorex,

548 5184 722 5241 oratio
752 5181 896 5238 nulla
939 5188 1045 5248 est,
1073 5189 1234 5251 atque
1276 5180 1396 5236 ideo
1441 5197 1616 5251 neque
1646 5183 1933 5241 afﬁrmatio
1965 5201 2139 5259 neque

547 5278 781 5348 negatio.
838 5276 966 5331 Haec
1010 5275 1154 5330 enim
1193 5291 1258 5330 ex
1302 5274 1526 5331 vocibus
1555 5292 1654 5347 per
1679 5292 1739 5333 se
1770 5279 2140 5349 signiﬁcativis

545 5376 816 5424 constant.
862 5367 978 5422 Rex
1009 5381 1139 5423 vero
1168 5365 1221 5421 in
1263 5380 1329 5422 eo
1352 5369 1497 5437 quod
1541 5377 1625 5424 est
1663 5383 1854 5435 sorex,
1885 5374 2139 5441 quoniam

547 5474 674 5529 pars
702 5468 784 5514 est
816 5459 1067 5525 nominis,
1099 5460 1229 5515 nihil
1264 5460 1377 5529 ipsa
1408 5459 1692 5532 signiﬁcat.
1731 5461 1831 5519 Vel
1862 5474 2008 5521 certe
2037 5467 2138 5525 erit

546 5553 741 5606 melior
777 5553 1081 5609 intellectus
1122 5551 1168 5606 si
1209 5553 1312 5608 hoc
1340 5553 1484 5623 quod
1515 5554 1618 5622 ait,
1652 5555 1745 5611 sed
1777 5572 1882 5612 non
1911 5574 2014 5613 una
2044 5561 2140 5615 ho-

547 5643 706 5697 minis
736 5645 978 5715 syllaba,
1013 5658 1120 5699 nou
1154 5654 1401 5717 aptemus
1440 5646 1508 5701 ad
1548 5649 1805 5703 orationis
1846 5650 2133 5719 perfectio-

546 5745 696 5797 nem,
725 5733 821 5786 sed
847 5736 1023 5802 potius
1050 5734 1116 5788 ad
1139 5733 1393 5791 dictionis
1421 5736 1890 5807 signiﬁcationem,
1920 5751 1978 5796 ut
2000 5757 2135 5813 quo-

548 5822 693 5883 uiam
725 5824 859 5880 dixit
893 5824 1155 5890 superius,
1190 5830 1449 5890 orationis
1474 5844 1658 5898 partes
1695 5836 1997 5899 signiﬁcare
2038 5838 2131 5900 ita,

2243 1962 2623 2033 signiﬁcativa,
2648 1963 2805 2033 cujus
2832 1965 3061 2033 partium
3087 1964 3283 2033 aliquid
3316 1965 3836 2032 significativum‘est

2243 2065 2571 2124 separatum,
2608 2066 2663 2110 ut
2694 2057 2895 2124 dictio,
2929 2072 3035 2113 non
3064 2066 3122 2111 ut
3148 2057 3467 2123 afﬁrmatio;
3506 2057 3627 2113 dico
3659 2068 3836 2113 autem

2244 2154 2306 2201 ut
2337 2145 2498 2202 homo
2527 2147 2795 2218 signiﬁcat
2818 2149 3041 2218 aliquid,
3069 2158 3125 2205 et
3151 2158 3232 2204 εει
3251 2149 3495 2219 quaedam
3520 2149 3688 2205 dictio
3715 2152 3840 2205 sim-
3934 2162 3937 2163 '

2246 2238 2398 2305 plex.
2449 2237 2581 2293 Nam
2628 2253 2804 2308 neque
2844 2241 3019 2295 oratio
3047 2250 3166 2307 est,
3195 2241 3449 2310 quoniam
3481 2241 3707 2311 simplex
3738 2253 3838 2311 est,

2247 2344 2351 2384 nec
2380 2330 2667 2385 afﬁrmatio
2694 2345 2868 2400 neque
2895 2332 3132 2402 negatio,
3160 2333 3415 2403 quoniam
3445 2348 3553 2388 non
3580 2334 3842 2403 signiﬁcat

2245 2427 2340 2474 aut
2358 2434 2479 2475 esse
2496 2429 2587 2475 aut
2608 2436 2714 2475 non
2736 2435 2882 2478 esse.
2900 2422 3008 2477 Sed
3028 2424 3135 2478 erit
3154 2433 3283 2479 tunc
3301 2422 3609 2492 afﬁrmatio,
3631 2426 3841 2495 quando

2247 2510 2447 2580 aliquid
2493 2511 2705 2566 additur
2730 2552 2746 2577 ,
2788 2514 2930 2582 quod
2971 2513 3384 2570 afﬁrmationem
3436 2517 3841 2586 negationetuve

2247 2604 2557 2659 constituat.
2591 2604 2697 2659 Sed
2727 2604 2869 2674 quoii
2895 2605 2962 2660 ad
2991 2606 3279 2663 dictionem
3311 2623 3432 2662 esse
3458 2608 3509 2662 id
3540 2610 3682 2679 quod
3710 2609 3841 2664 dici-

2246 2708 2373 2749 mus
2396 2694 2579 2750 homo.
2612 2695 2819 2751 Idcirco
2848 2696 3015 2751 dictio
3046 2706 3150 2767 est,
3175 2699 3427 2768 quoniam
3462 2714 3556 2768 per
3586 2715 3651 2759 se
3675 2701 3839 2769 signi-

2249 2786 2393 2841 ﬁcat.
2426 2786 2639 2859 Syllaba
2666 2804 2793 2844 vero
2819 2789 2937 2859 ejus
2963 2790 3191 2845 nominis
3217 2790 3359 2861 quod
3382 2800 3465 2847 est
3495 2792 3677 2859 homo,
3709 2809 3839 2863 quo-

2249 2878 2394 2932 niam
2428 2878 2557 2933 nihil
2584 2878 2866 2950 designat,
2915 2870 3139 2937 nonest
3177 2882 3361 2938 dictio.
3411 2871 3523 2939 Hoc
3560 2893 3646 2940 est
3674 2886 3839 2956 enim,

2250 2970 2348 3026 sed
2378 2984 2484 3026 non
2512 2987 2619 3026 una
2647 2971 2881 3028 hominis
2909 2973 3143 3044 syllaba,
3174 2975 3257 3029 vel
3285 2975 3330 3029 si
3360 2976 3602 3032 videatur
3625 2978 3841 3048 quidem

2250 3069 2588 3139 signiﬁcare,
2621 3086 2747 3141 pars
2778 3081 2953 3127 tamen
2985 3073 3055 3127 sit
3091 3074 3362 3141 nominis,
3395 3084 3450 3130 et
3475 3077 3841 3147 consigniﬁcet

2250 3162 2305 3217 in
2336 3163 2553 3219 nomine
2579 3204 2594 3229 ,
2626 3164 2679 3218 in
2726 3172 2834 3218 tota
2872 3164 3118 3220 oratione
3157 3165 3289 3220 nihil
3332 3167 3617 3237 signiﬁcet.
3662 3169 3842 3241 Neque

2250 3246 2392 3309 enim
2416 3263 2499 3310 est
2522 3269 2645 3323 pars
2665 3254 2945 3310 orationis.
2985 3254 3136 3322 Quod
3164 3271 3258 3325 per
3289 3257 3392 3312 hoc
3417 3257 3554 3312 dixit
3579 3260 3721 3327 quod
3745 3262 3839 3321 ait.

2253 3360 2353 3401 nec
2379 3347 2433 3401 in
2460 3360 2527 3402 eo
2553 3346 2695 3415 quod
2734 3356 2816 3401 est
2852 3361 3009 3403 sorex
3038 3364 3135 3403 rex
3174 3349 3470 3420 signiﬁcat,
3502 3351 3596 3406 sed
3624 3367 3724 3407 vox
3755 3364 3839 3409 est

2249 3452 2393 3493 nunc
2419 3437 2529 3492 sola
2559 3437 2691 3492 nihil
2720 3437 3059 3507 signiﬁcans’,
3088 3441 3230 3496 unde
3258 3442 3508 3511 probatur
3535 3443 3839 3512 hujusmodi

2250 3528 2540 3599 particulas
2568 3543 2675 3584 non
2702 3544 2824 3585 esse
2847 3529 3129 3586 dictiones.
3160 3532 3275 3587 Vox
3302 3529 3446 3588 enim
3477 3534 3590 3589 sola
3620 3550 3727 3590 non
3757 3545 3842 3591 est

2250 3622 2436 3688 dictio,
2462 3622 2557 3677 sed
2582 3636 2683 3676 vox
2708 3635 2805 3691 per
2824 3636 2884 3677 se
2905 3622 3230 3693 signiﬁcans.
3257 3625 3313 3681 Si
3334 3641 3455 3695 quae
3477 3636 3622 3692 sunt,
3650 3628 3842 3698 inquit,

2249 3713 2489 3777 nomina,
2514 3728 2634 3783 quae
2655 3712 2763 3767 sint
2789 3715 3083 3781 composita
3106 3730 3171 3771 ex
3192 3718 3335 3783 aliis,
3363 3727 3421 3773 ut
3440 3727 3523 3773 est
3545 3718 3839 3787 equiferus.

2250 3805 2501 3861 emittunt
2544 3805 2761 3874 quidem
2809 3807 3095 3874 quamdam
3153 3808 3435 3879 imaginem
3486 3810 3840 3880 significandi,

2250 3897 2349 3953 sed
2381 3911 2474 3967 per
2503 3912 2561 3951 se
2590 3897 2720 3952 nihil
2747 3897 3086 3967 signiﬁcant,
3116 3901 3526 3971 consigniﬁcant
3552 3915 3751 3960 autem.
3785 3904 3841 3961 In

2250 3992 2583 4061 simplicibus
2604 4006 2732 4048 vero
2754 3991 3062 4048 nominibus
3086 4008 3185 4049 nec
3206 3994 3515 4065 imaginatio
3542 3998 3648 4052 ulla
3677 3998 3843 4069 signi-

2249 4082 2445 4139 ﬁcandi
2475 4092 2577 4148 est,
2603 4092 2659 4139 ut
2686 4084 2740 4141 in
2770 4099 2836 4138 eo
2856 4083 2995 4154 quod
3026 4094 3110 4139 est
3136 4082 3347 4151 Cicero,
3372 4096 3551 4157 partes
3574 4088 3691 4156 ejus
3717 4104 3838 4143 cum

2249 4176 2521 4244 simplices
2543 4191 2677 4231 sono
2692 4217 2706 4242 ,
2731 4184 2842 4230 tum
2865 4177 3025 4231 etiam
3049 4177 3317 4233 intellectu
3342 4186 3534 4245 praeter
3552 4176 3839 4245 cujuslibet

2248 4268 2644 4337 imaginationis
2688 4268 3091 4325 similitudinem
3136 4270 3646 4340 signiﬁcationemve
3688 4283 3835 4326 sunt.

2249 4356 2307 4411 ln
2338 4356 2637 4427 duplicibus
2663 4373 2796 4414 vero
2821 4360 2936 4415 vult
2963 4360 3103 4431 quod
3130 4370 3214 4418 est
3242 4375 3361 4431 pars
3389 4362 3709 4431 signiﬁcare,
3740 4364 3837 4418 sed

2248 4451 2447 4507 nullius
2493 4453 2781 4521 separatim
2830 4453 3150 4523 signiﬁcatio
3187 4464 3289 4511 est.
3337 4454 3540 4511 Idcirco
3584 4455 3837 4526 quoniam

2246 4544 2421 4598 solum
2450 4542 2823 4612 consigniﬁcat
2850 4543 2901 4598 id
2930 4544 3075 4615 quod
3106 4554 3275 4600 totum
3297 4547 3579 4615 compositi
3608 4544 3839 4602 nominis

2244 4647 2440 4703 corpus
2467 4632 2748 4704 designat,
2782 4635 2955 4704 ipsum
2984 4650 3117 4691 vero
3168 4646 3472 4707 separatum
3521 4638 3618 4706 (ut
3644 4638 3840 4708 saepius

2245 4723 2447 4779 dictum
2473 4725 2577 4795 est)
2605 4724 2739 4781 nihil
2761 4734 2911 4781 extra
2940 4726 3227 4797 signiﬁcat.

2321 4837 2414 4893 Est
2434 4849 2605 4893 autem
2627 4840 2791 4894 oratio
2811 4841 2975 4895 omnis
2996 4841 3204 4910 quidem
3224 4843 3567 4913 aigm'ﬁcativa
3589 4859 3689 4898 non
3710 4845 3839 4898 sicut

2245 4931 2660 5001 instrumentum,
2689 4932 2777 4986 sed
2812 4931 3267 5003 (quemadmodum
3300 4934 3492 4988 dictum
3519 4935 3614 5004 est)
3661 4951 3841 4991 secun-

2248 5021 2370 5075 dum
2401 5022 2670 5089 placitum.

2319 5111 2625 5167 Secundum
2661 5113 2915 5180 placitum
2952 5131 3071 5172 esse
3097 5118 3368 5174 orationes
3402 5118 3488 5173 illa
3521 5134 3610 5174 res
3643 5133 3838 5188 appro~

2244 5202 2354 5268 bat,
2385 5202 2529 5272 quod
2556 5217 2739 5258 earum
2770 5217 2947 5275 partes
2977 5220 3099 5263 sunt
3130 5211 3193 5263 ad
3228 5212 3478 5279 placitum
3500 5252 3514 5275 ,
3547 5212 3598 5266 id
3627 5223 3712 5267 est
3742 5228 3837 5267 no-

2243 5310 2365 5351 men
2392 5303 2448 5351 et
2471 5294 2714 5351 verbum.
2743 5297 2895 5363 Quod
2924 5301 2968 5354 si
2996 5316 3155 5357 omne
3179 5304 3537 5372 compositum
3566 5304 3636 5358 ab
3661 5304 3743 5359 his
3771 5320 3835 5358 ex

2242 5387 2435 5455 quibus
2476 5398 2560 5443 est
2603 5391 2960 5459 compositum
2988 5433 3002 5457 ,
3040 5394 3206 5447 sumit
3236 5402 3509 5459 naturam,
3564 5410 3668 5449 vox
3717 5410 3836 5464 quae

2246 5478 2513 5549 positione
2548 5483 2852 5537 constitutis
2896 5484 3117 5539 vocibus
3152 5482 3395 5554 jungitur
3417 5525 3433 5550 ,
3475 5485 3592 5555 ipsa
3622 5483 3836 5557 qucque

2217 5573 2536 5636 secundum
2568 5573 2825 5643 placitum
2875 5577 3300 5649 positionemque
3339 5579 3621 5635 formatur.
3662 5581 3837 5646 Quare

2246 5666 2586 5722 manifestum
2616 5676 2698 5723 est
2737 5670 3036 5726 orationem
3082 5672 3377 5728 secundum
3408 5674 3660 5743 placitum
3692 5688 3830 5728 esse.

2244 5755 2392 5811 Plato
2420 5773 2548 5812 vero
2576 5759 2627 5812 in
2656 5773 2721 5813 eo
2750 5759 2888 5815 libro
2914 5763 3001 5831 qui
3035 5762 3345 5818 inscribitur
3367 5763 3647 5833 Cratylus,
3677 5764 3833 5817 aliter

2243 5862 2363 5903 esse
2388 5849 2690 5911 constituit,
2716 5864 2943 5914 eamque
2970 5853 3101 5907 dicit
3128 5855 3519 5922 supellectilem
3547 5854 3832 5928 quamdam
