4270 6266
334 358 427 416 ιιι

1063 350 1126 406 ΙΝ
1167 349 1423 405 LIBRUM
1462 345 1550 402 DE
1591 343 2250 402 INTERPRETATIONE
2291 344 2520 401 ΕΟΠῚΟ
2560 346 2902 403 SECUNDA.

3521 348 3625 405 M9.

330 484 490 545 atque
536 473 956 528 instrumentum
1000 480 1121 522 esse
1166 461 1500 535 significandi
1547 474 1635 514 res
1677 474 1771 514 eas
1796 474 1917 529 quae
1950 461 2368 530 Apartiuntur,
2418 471 2475 515 at
2522 477 2651 517 vero
2680 452 3056 532 Peripatetici
3100 466 3336 537 quinque
3383 465 3625 536 partibus

332 549 655 620 naturaliter
682 557 1038 615 intellectibus
1064 556 1435 619 concipiuntur
1455 592 1468 615 ,
1511 564 1804 620 earumque
1834 550 1919 603 in-

332 658 607 711 tellectum
631 650 904 707 vocabulis
923 646 1278 703 discernendi.
1299 643 1447 712 Quod
1470 644 1514 697 si
1539 657 1699 697 omne
1720 643 1924 695 instru-

334 759 574 803 mentum
612 744 926 801 naturalium
977 756 1154 795 rerum
1194 738 1486 794 secundum
1527 745 1770 790 naturam
1800 744 1918 800 est,

335 855 390 893 ut
424 839 634 894 videndi
664 837 848 893 oculus
873 880 887 903 ,
928 835 1141 888 nomina
1182 846 1402 901 quoque
1430 828 1723 884 secundum
1766 836 1923 882 natu-

336 948 446 985 ram
480 945 601 986 esse
644 930 951 983 arbitratur.
986 926 1090 982 Sed
1122 925 1223 978 hoc
1262 924 1576 978 Aristoteles
1620 929 1816 991 negat,
1867 929 1924 975 et

336 1022 636 1077 Alexander
660 1019 841 1075 multis
870 1020 924 1073 in
945 1032 1009 1072 eo
1034 1017 1219 1070 nititur
1239 1013 1590 1084 argumentis,
1616 1021 1923 1066 monstrans

334 1117 635 1174 orationem
665 1128 770 1167 non
802 1124 923 1165 esse
951 1111 1368 1163 instrumentum
1405 1104 1667 1159 naturale.
1715 1104 1925 1177 Aristo-

336 1210 467 1264 teles
495 1221 624 1262 vero
654 1207 726 1259 ita
757 1205 919 1262 utitur
947 1202 1133 1257 dicens
1163 1218 1177 1254 :
1212 1200 1307 1255 Est
1332 1209 1512 1253 autem
1542 1198 1716 1251 oratio
1744 1195 1923 1249 omnis

334 1299 547 1369 quidem
575 1297 925 1367 significativa
951 1334 964 1355 ,
1010 1309 1114 1347 non
1145 1293 1286 1346 sicut
1325 1292 1735 1345 instrumentum
1758 1331 1773 1355 ,
1805 1295 1926 1339 tan-

334 1407 493 1461 quam
525 1391 571 1445 si
601 1389 803 1443 diceret
836 1404 849 1440 :
885 1386 978 1440 Est
1005 1385 1221 1453 quidem
1252 1383 1427 1436 omnis
1454 1379 1627 1434 oratio
1654 1378 1923 1447 significa-

335 1486 466 1547 tiva,
499 1498 607 1536 non
637 1489 814 1534 tamen
844 1476 1175 1537 naturaliter,
1208 1475 1620 1527 instrumentum
1652 1468 1793 1523 enim
1825 1468 1926 1521 hoc
1956 1461 1965 1468 ’

334 1574 705 1636 demonstrat,
743 1582 991 1639 tanquam
1036 1568 1079 1622 si
1116 1566 1322 1621 diceret
1369 1565 1685 1618 naturaliter
1716 1561 1922 1629 signifi-

335 1678 483 1718 care.
515 1662 665 1729 Quod
689 1660 779 1729 qui
803 1660 1214 1713 instrumentum
1236 1658 1539 1711 orationem
1563 1667 1681 1709 esse
1703 1663 1920 1722 negant,

336 1770 441 1810 non
469 1768 588 1807 eam
620 1752 937 1805 naturaliter
964 1748 1265 1819 signiﬁcare
1290 1748 1505 1814 dicunt,
1537 1732 1633 1802 sed
1660 1746 1726 1805 ad
1758 1746 1925 1815 placi-

2029 570 2217 611 omnes
2270 552 2478 623 species
2525 551 2788 610 orationis
2850 570 2912 609 ac
2975 558 3214 612 membra
3274 557 3621 613 distribuunt.

2026 648 2296 704 Orationis
2332 660 2510 703 autem
2550 650 2761 715 species
2797 650 3023 705 dicimus
3063 652 3337 720 perfecte,
3371 669 3476 708 non
3507 654 3623 723 ejus

2028 756 2146 808 quae
2194 749 2276 793 est
2320 739 2654 808 imperfecta.
2712 740 2982 795 Perfectas
3019 752 3196 797 autem
3228 759 3358 800 voco
3385 761 3477 800 eas
3503 761 3626 815 quae

2027 834 2306 899 complent
2331 832 2732 900 expediuntque
2759 833 3101 887 sententiam.
3148 834 3213 888 Et
3244 837 3315 890 sit
3340 835 3493 890 nobis
3524 836 3623 893 hoc

2026 922 2189 978 modo
2219 923 2430 978 divisio.
2481 923 2561 978 Sit
2589 939 2757 993 genus
2786 924 2959 977 oratio
2984 963 2999 989 ,
3049 923 3307 980 orationis
3353 928 3495 981 aliud
3538 939 3621 984 est

2028 1014 2404 1085 imperfectum
2432 1057 2446 1079 ,
2476 1016 2616 1084 quod
2667 1017 2987 1070 sententiam
3036 1031 3141 1071 non
3183 1018 3437 1086 expedit,
3480 1028 3535 1073 ut
3576 1020 3621 1072 si

2026 1107 2202 1162 dicam
2219 1108 2368 1161 Plato
2396 1107 2448 1161 in
2474 1108 2663 1178 lycaro,
2687 1108 2830 1162 aliud
2861 1123 2990 1163 vero
3018 1106 3335 1177 perfectum.
3367 1110 3623 1165 Perfecta:

2026 1208 2203 1253 autem
2229 1199 2486 1253 orationis
2508 1198 2607 1259 alia
2641 1209 2725 1253 est
2753 1199 3118 1269 deprecativa,
3141 1207 3218 1268 ut,
3245 1201 3400 1255 Adsit
3422 1201 3622 1257 laetitia:

2026 1289 2269 1344 Bacchus
2312 1290 2498 1355 dator;
2544 1292 2645 1344 alia
2690 1292 3034 1361 imperativa,
3082 1302 3174 1357 ut,
3208 1294 3407 1364 Accipe
3446 1294 3620 1365 daque

2026 1380 2218 1443 ﬁdem;
2264 1380 2368 1435 alia
2399 1381 2778 1451 intcrrogativa
2798 1424 2813 1447 ,
2848 1395 2926 1449 ut,
2959 1384 3076 1451 Quo
3106 1394 3178 1451 te,
3211 1386 3390 1452 Mteri,
3421 1387 3621 1459 pedes?

2026 1489 2092 1527 an
2123 1489 2229 1543 quo
2261 1474 2344 1527 via
2374 1474 2519 1528 ducit
2556 1472 2609 1527 in
2635 1474 2859 1555 urbem?
2900 1476 3002 1530 alia
3031 1479 3272 1533 vocativa
3291 1520 3307 1544 ,
3335 1490 3425 1547 ut,
3456 1480 3500 1535 Ο
3530 1481 3618 1549 qui

2027 1581 2121 1622 rex
2134 1567 2517 1635 hominumque
2536 1567 2803 1637 deumque
2826 1568 3044 1623 aeternis
3069 1569 3205 1639 regis
3222 1570 3490 1638 imperiis;
3515 1572 3617 1626 alia

2026 1659 2352 1714 enuntiativa
2381 1701 2395 1722 ,
2434 1668 2491 1713 ut
2516 1701 2529 1723 ,
2566 1659 2688 1715 Dies
2716 1668 2838 1724 est,
2870 1659 2986 1715 dies
3014 1676 3121 1716 non
3147 1670 3249 1717 est.
3286 1663 3340 1716 In
3376 1664 3473 1717 hac
3502 1664 3617 1719 sola

2026 1766 2148 1821 quae
2175 1761 2259 1808 est
2288 1752 2655 1815 enuntiativa,
2691 1752 2804 1806 veri
2835 1751 3024 1808 falsive
3062 1763 3248 1807 natura
3279 1754 3614 1824 perspicitur.

338 1857 469 1900 tum.
513 1842 842 1898 Naturalium
874 1841 1015 1895 enim
1059 1855 1238 1895 rerum
1269 1838 1531 1893 naturalia
1573 1845 1699 1891 sunt
1726 1837 1923 1889 instru-
1954 1832 2005 1893 B
2031 1844 2089 1900 1η
2120 1845 2330 1900 caeteris
2352 1846 2495 1899 enim
2526 1858 2699 1913 neque
2729 1844 2951 1911 veritas,
2984 1860 3159 1914 neque
3186 1843 3388 1899 falsitas
3419 1845 3617 1901 inveni.

337 1944 534 1990 menta.
585 1933 786 1987 Idcirco
822 1939 1000 1985 autem
1030 1930 1441 1984 instrumentum
1475 1942 1572 1997 pro
1610 1935 1797 1979 natura
1831 1940 1924 1994 po-

337 2031 466 2094 suit,
496 2027 636 2097 quod
677 2029 768 2097 (ut
794 2026 994 2080 dictum
1024 2022 1141 2093 est)
1171 2023 1323 2077 Plato
1352 2022 1591 2077 omnium
1620 2020 1813 2074 artium
1843 2019 1925 2073 in-

336 2130 634 2174 strumenta
656 2164 671 2187 ,
706 2118 994 2173 secundum
1022 2125 1269 2170 naturam
1309 2115 1546 2184 ipsarum
1572 2113 1767 2166 artium
1796 2126 1925 2165 con-

337 2211 528 2265 sistere
572 2210 924 2280 proponebat.
974 2207 1040 2262 Et
1070 2204 1370 2260 Alexander
1398 2204 1629 2274 quidem.
1666 2216 1772 2256 non
1802 2216 1925 2257 esse

338 2305 748 2361 instrumentum
785 2300 1081 2353 orationem
1128 2296 1206 2350 sic
1248 2295 1544 2364 ingreditur
1591 2294 1915 2363 approbare.

336 2398 563 2460 Omnis,
605 2393 814 2462 inquit,
856 2390 1177 2445 naturalium
1213 2395 1427 2441 actuum
1471 2386 1716 2452 supellex
1742 2427 1757 2451 ,
1804 2386 1923 2455 ipsa

340 2502 554 2559 quoque
582 2483 838 2540 naturalis
879 2491 992 2547 est,
1026 2490 1083 2535 ut
1124 2483 1174 2534 in
1223 2494 1387 2534 sensu
1434 2476 1687 2547 queniam
1735 2485 1923 2531 natura

339 2582 519 2646 datur,
543 2581 660 2650 ejus
681 2592 893 2648 quoque
920 2575 1157 2645 supellex
1189 2585 1272 2628 est
1298 2572 1575 2639 naturalis,
1617 2580 1675 2626 ut
1713 2570 1922 2625 oculus.

342 2675 543 2731 Eodem
564 2687 777 2744 quoque
802 2672 962 2727 modo
980 2671 1194 2725 auditus
1218 2684 1341 2723 cum
1368 2667 1628 2723 naturalis
1651 2667 1743 2732 sit,
1767 2681 1925 2722 aures

342 2770 493 2825 nobis
538 2783 658 2837 qua:
705 2777 829 2821 sunt
876 2765 1126 2820 audiendi
1174 2766 1528 2818 instrumenta
1554 2804 1570 2829 ,
1609 2760 1926 2816 naturaliter

340 2875 470 2917 esse
488 2860 640 2914 datas
678 2860 1073 2929 cognoscimus.
1121 2855 1300 2922 Quare
1340 2854 1593 2924 quoniam
1642 2853 1816 2931 oratio
1860 2852 1924 2907 ad

342 2955 592 3025 placitum
616 2967 722 3006 non
746 2950 1065 3006 naturaliter
1088 2958 1192 3014 est,
1218 2957 1397 3017 partes
1418 2946 1559 3001 enim
1582 2943 1926 2999 manifestum

342 3057 426 3103 est
466 3046 724 3101 orationis
750 3042 817 3098 ad
848 3042 1095 3113 placitum
1135 3041 1336 3110 positas
1361 3079 1377 3104 ,
1410 3054 1529 3108 quae
1556 3049 1681 3091 sunt
1719 3036 1927 3092 scilicet

340 3140 561 3196 nomina
587 3149 642 3194 et
663 3138 820 3193 verba
843 3179 859 3203 ,
889 3136 1031 3191 sicut
1059 3144 1323 3189 monstrat
1350 3132 1489 3201 apud
1518 3146 1709 3187 omnes
1736 3139 1926 3199 gentes

343 3231 628 3286 diversitas
647 3228 1045 3291 vocabulorum,
1059 3226 1307 3296 quoniam
1330 3238 1459 3294 ergo
1478 3238 1573 3294 per
1596 3222 1710 3276 haec
1732 3236 1925 3277 secua-
1952 3209 2000 3273 C

344 3326 469 3381 dum
497 3324 742 3393 placitum
780 3322 956 3378 omnis
996 3320 1170 3375 oratio
1210 3333 1330 3375 esse
1374 3325 1703 3372 monstratur
1729 3354 1745 3379 ,
1788 3316 1927 3383 quod

345 3427 521 3473 autem
567 3415 859 3473 secundum
905 3413 1155 3484 placitum
1193 3419 1317 3476 est,
1364 3423 1469 3464 non
1514 3418 1598 3463 est
1636 3410 1928 3464 secundum

348 3519 621 3575 naturam,
654 3522 761 3563 non
800 3515 878 3561 est
917 3519 1046 3575 ergo
1072 3503 1245 3559 oratio
1282 3501 1539 3570 supellex.
1582 3499 1929 3569 Significandi

344 3604 487 3659 enim
523 3600 659 3656 ratio
694 3608 854 3668 atque
884 3605 1120 3667 potestas
1149 3592 1466 3649 naturaliter
1501 3607 1604 3647 non
1644 3601 1747 3646 est.
1779 3589 1930 3658 Quod

343 3695 391 3750 si
417 3693 589 3748 oratio
628 3690 937 3746 naturaliter
976 3704 1081 3743 non
1121 3697 1242 3752 est,
1273 3700 1377 3740 non
1420 3694 1504 3740 est
1545 3684 1806 3753 supellex.
1838 3683 1933 3738 llis

342 3786 570 3856 aliisque
616 3781 881 3840 similibus
933 3779 1229 3838 rationibus
1267 3786 1530 3833 monstrat
1556 3791 1662 3831 non
1693 3791 1815 3832 esse
1844 3790 1934 3831 su-

344 3876 669 3949 pellectilem
698 3874 1016 3928 orationem.
1044 3871 1303 3939 Quocirca
1330 3869 1612 3925 dicendum
1642 3870 1798 3924 nobis
1823 3877 1927 3933 est,

349 3966 669 4026 naturaliter
696 3964 910 4035 quidem
942 3978 1066 4018 esse
1096 3976 1255 4022 voces
1284 3971 1685 4032 potestatesque
1718 3967 1937 4014 natura-

351 4062 478 4117 liter
505 4060 761 4115 vocabula
791 4057 952 4113 rebus
978 4056 1332 4127 imprimendi,
1366 4071 1474 4111 non
1504 4066 1682 4110 tamen
1714 4036 1936 4109 natura-

351 4153 477 4209 liter
504 4150 887 4221 signiﬁcativas
906 4190 924 4218 ,
957 4149 1051 4205 sed
1083 4148 1367 4219 positione.
1397 4146 1544 4202 Sicut
1567 4162 1696 4215 ergo
1719 4158 1937 4199 natura-

353 4245 476 4301 liter
499 4242 847 4313 singularium
869 4241 1060 4296 artium
1090 4253 1276 4294 sumus
1304 4236 1699 4307 susceptibiles,
1724 4236 1819 4289 sed
1848 4248 1939 4289 eas

353 4350 459 4389 non
493 4333 805 4388 naturaliter
833 4332 1127 4397 habemus,
1160 4329 1255 4384 sed
1295 4328 1539 4383 doctrina
1583 4327 1935 4396 concipimus,

356 4427 428 4480 ita
460 4440 560 4479 vox
586 4424 799 4493 quidem
830 4422 1143 4477 naturaliter
1169 4428 1280 4483 est,
1311 4418 1404 4474 sed
1437 4433 1532 4487 per
1561 4432 1745 4472 vocem
1774 4417 1942 4485 signi-
2002 4426 2005 4427 '

355 4516 539 4572 llcatio
564 4530 665 4571 non
696 4515 1026 4570 naturaliter.
1069 4512 1250 4582 Neque
1278 4511 1420 4565 enim
1460 4525 1566 4563 vox
1601 4510 1712 4564 sola
1746 4524 1939 4563 nomen

352 4625 465 4681 est,
504 4624 594 4668 aut
624 4613 881 4676 verbum,
912 4601 1003 4665 sed
1035 4624 1138 4664 vox
1165 4580 1408 4677 quaedam
1449 4606 1625 4661 addita
1665 4603 1937 4675 significa-
1968 4580 2025 4642 Ῑ)

352 4708 587 4770 tione,et
623 4706 760 4759 sicut
780 4700 1091 4765 naturaliter
1112 4708 1197 4753 est
1217 4696 1652 4762 moveri,saltare
1687 4700 1816 4749 vero
1847 4708 1941 4748 cu-

347 4800 558 4872 jusdam
579 4798 684 4867 jam
701 4794 913 4851 artiﬁcii
929 4804 979 4848 et
1002 4792 1303 4862 positionis,
1324 4802 1375 4846 et
1396 4786 1849 4859 quemadmodum
1864 4799 1940 4840 res

350 4889 567 4960 quidem
602 4886 910 4943 naturaliter
929 4893 1035 4948 est,
1067 4892 1239 4937 statua
1256 4897 1387 4937 vero
1416 4880 1684 4950 positione
1696 4879 1777 4932 vel
1803 4884 1938 4932 arte.

350 4981 428 5035 lta
439 4993 647 5047 quoque
661 4976 986 5045 possibilitas
999 4975 1112 5043 ipsa
1126 4971 1480 5042 significandi,
1499 4980 1552 5026 et
1563 4985 1663 5025 vox
1678 4966 1941 5023 naturalis

347 5083 451 5127 est.
491 5069 818 5141 Significatio
854 5082 981 5124 vero
1009 5082 1104 5135 per
1142 5081 1328 5120 vocem
1362 5064 1641 5134 positionis
1674 5072 1793 5128 est,
1827 5076 1933 5116 non

347 5178 573 5220 uAtUI‘aB.
610 5161 872 5216 Hactenus
901 5160 1114 5229 quidem
1133 5160 1198 5213 de
1225 5161 1495 5215 communi
1522 5158 1763 5213 oratione
1794 5158 1940 5211 locu-

342 5262 435 5313 .tus
458 5263 559 5317 est,
585 5266 724 5306 nunc
748 5262 926 5305 autem
952 5252 1143 5305 transit
1169 5250 1233 5304 ad
1260 5251 1465 5319 Species
1487 5250 1625 5317 eius.
1643 5248 1724 5301 Ait
1753 5249 1895 5302 enim
1923 5266 1935 5300 :

419 5345 878 5399 Euuntiativavera
893 5360 993 5398 non
1016 5343 1304 5408 omnis,sed
1326 5343 1416 5395 illa
1448 5342 1499 5394 in
1534 5358 1633 5409 qua
1659 5356 1830 5393 verum
1863 5341 1939 5394 vel

344 5437 536 5507 falsum
549 5447 643 5500 est,
658 5452 758 5489 non
769 5445 938 5487 autem
950 5435 1001 5486 in
1014 5434 1248 5487 omnibus
1259 5434 1463 5497 inest,ut
1488 5433 1549 5484 de
1554 5431 1937 5498 precativa,ora-

342 5536 413 5588 tio
436 5531 644 5602 quidem
664 5538 758 5593 est,
775 5528 861 5581 sed
886 5543 1046 5595 neque
1062 5542 1181 5585 vera
1203 5541 1360 5591 neque
1376 5526 1524 5593 falsa.
1556 5522 1761 5577 therw
1783 5522 1936 5590 igitur

352 5626 732 5689 relinquatur,
746 5617 1010 5693 rhetoricw
1020 5617 1151 5671 enim
1166 5617 1241 5671 vel
1256 5616 1464 5687 poetij
1474 5613 1846 5668 convenientior
1862 5625 1935 5667 est
1992 5612 1995 5617 ’

343 5712 708 5774 consideratio,
724 5710 1038 5764 enuntiativa
1056 5724 1171 5763 vero
1190 5709 1451 5781 prtesentis
1461 5716 1533 5762 est
1557 5708 1935 5778 speculationis.

411 5805 637 5879 Species
658 5802 874 5877 quidem
898 5802 1155 5883 orationis
1178 5801 1357 5861 multa:
1379 5810 1523 5865 sunt,
1548 5799 1641 5856 sed
1671 5813 1762 5857 eas
1786 5800 1933 5855 varie

2032 1949 2138 2001 tur.
2171 1949 2225 1993 et
2256 1938 2405 1992 multi
2435 1938 2649 2006 quidem
2681 1937 2861 2006 plures
2890 1939 3100 2006 species
3135 1953 3254 1993 esse
3280 1940 3464 1994 dicunt
3494 1956 3618 2009 per-

2028 2032 2185 2088 fectu:
2214 2029 2471 2085 orationis
2496 2069 2513 2096 ,
2557 2029 2645 2084 alii
2681 2040 2863 2084 autem
2909 2030 3217 2085 innumeras
3248 2046 3434 2085 eorum
3466 2030 3618 2087 diffe-

2028 2128 2229 2183 rentias
2260 2126 2520 2196 produnt,
2551 2125 2644 2181 sed
2674 2125 2805 2179 nihil
2837 2125 2903 2179 ad
2938 2139 3055 2181 nos.
3087 2124 3307 2181 Cunctae
3336 2126 3477 2181 enim
3501 2140 3619 2196 spe-

2028 2222 2141 2278 cies
2161 2220 2443 2285 orationis,
2475 2227 2567 2272 aut
2590 2217 2898 2273 oratoribus
2917 2220 3336 2273 accommodata:
3360 2227 3506 2283 sunt,
3531 2228 3620 2274 aut

2026 2314 2226 2385 poetis,
2260 2313 2373 2366 sola
2401 2310 2733 2365 enuntiativa
2769 2309 3121 2379 philosophis.
3155 2309 3295 2378 Ergo
3325 2310 3426 2364 hoc
3452 2310 3621 2365 dicit:

2027 2406 2144 2462 Non
2168 2404 2343 2459 omnis
2368 2404 2540 2459 oratio
2571 2403 2903 2459 enuntiativa
2925 2411 3026 2457 est.
3057 2401 3193 2456 Sunt
3213 2401 3355 2456 enim
3379 2403 3623 2472 plurima:

2028 2514 2147 2571 qua:
2166 2497 2510 2553 enuntiativae
2532 2510 2637 2551 non
2650 2505 2796 2559 sunt,
2809 2504 2868 2549 ut
2884 2496 2966 2548 liae
2984 2508 3119 2563 quas
3132 2508 3290 2563 supra
3304 2494 3481 2563 posui.
3500 2493 3623 2549 Haec

2028 2600 2209 2645 autem
2233 2589 2348 2645 sola
2378 2597 2459 2643 est
2482 2588 2534 2641 in
2558 2601 2659 2656 qua
2685 2600 2869 2640 verum
2894 2583 3159 2639 falsumve
3184 2583 3415 2639 inveniri
3438 2592 3621 2654 queat.

2028 2681 2288 2749 Quocirca
2330 2679 2582 2751 quoniam
2624 2677 2781 2732 istam
2810 2676 2865 2730 in
2907 2690 3010 2745 qua
3043 2675 3244 2731 veritas
3288 2678 3370 2751 vel
3419 2674 3623 2731 falsitas

2029 2772 2320 2834 invenitur,
2354 2768 2624 2825 dialectici
2655 2767 3070 2837 pbilosophique
3100 2776 3185 2822 est
3212 2781 3474 2838 quaerere,
3515 2783 3621 2822 ca-

2030 2875 2162 2919 terre
2213 2871 2390 2918 autem
2437 2861 2742 2917 oratoribus
2787 2870 2947 2930 atque
2992 2860 3166 2930 poetis
3206 2860 3623 2915 accommodata

2030 2966 2174 3020 sunt,
2196 2958 2317 3026 jure
2345 2957 2415 3011 de
2444 2956 2543 3010 hac
2570 2954 2685 3009 sola
2719 2951 3057 3017 tractabitur,
3087 2952 3140 3006 id
3170 2960 3253 3007 est
3278 2952 3346 3007 de
3373 2951 3623 3008 enuntia-

2031 3056 2137 3109 tiva
2172 3050 2437 3104 oratione.
2485 3046 2770 3115 ﬂuensque
2807 3058 2936 3114 ergo
2974 3043 3041 3099 de
3083 3044 3321 3115 partibus
3364 3045 3624 3115 interpre-

2030 3142 2252 3201 tationis
2281 3148 2336 3196 et
2377 3139 2443 3193 de
2477 3137 2748 3193 communi
2794 3136 3037 3191 oratione
3082 3135 3292 3190 locutus
3319 3144 3419 3191 est.
3470 3134 3663 3191 Nunc.

2030 3246 2206 3289 autem
2238 3228 2717 3298 astringitmodum
2738 3226 3117 3297 disputationis
3135 3229 3184 3281 in
3204 3226 3462 3296 speciem,
3493 3227 3626 3282 etde

2032 3343 2133 3382 una
2166 3325 2344 3396 specie
2359 3319 3023 3389 orationistractat,deque
3055 3334 3157 3374 una
3188 3310 3627 3390 interpretatione

2030 3436 2151 3491 quae
2178 3428 2262 3475 est
2283 3414 2633 3473 enuntiativa.
2658 3410 2875 3481 Species
2890 3414 3120 3481 namque
3142 3412 3534 3467 estenuntiatio
3553 3412 3628 3466 in-

2034 3496 2671 3582 terpretationismegatio
2684 3521 2812 3560 vero
2838 3512 2892 3559 et
2915 3504 3200 3559 affirmatio
3220 3506 3627 3561 enuntiationis.

2033 3605 2211 3671 Quare
2226 3604 2293 3658 de
2322 3601 2650 3657 enuntiativa
2678 3597 2924 3653 oratione
2945 3595 3344 3662 considerandi,
3362 3597 3487 3653 hinc
3504 3612 3629 3653 cum

2034 3694 2152 3764 ipso
2186 3691 2473 3748 Aristotele
2512 3688 3013 3744 commodissimum
3050 3702 3324 3743 sumamus
3352 3688 3591 3744 initium.

2106 3788 2199 3842 Est
2234 3797 2398 3841 autem
2430 3800 2535 3838 una
2568 3785 2735 3855 prima
2768 3782 2932 3836 oratio
2962 3783 3303 3848 enuntiativa,
3337 3784 3629 3853 afﬁrmatio,

2036 3883 2223 3938 deinde
2245 3880 2467 3953 negatio,
2498 3878 2617 3931 alia:
2643 3892 2761 3929 vero
2783 3892 2955 3929 omnes
2977 3877 3332 3945 conjunctione
3354 3894 3487 3932 una.
3524 3876 3628 3931 Ne-

2038 3991 2173 4027 resse
2199 3980 2271 4025 est
2292 3979 2463 4023 autem
2488 3982 2690 4019 omnem
2715 3967 3000 4018 orationem
3023 3966 3380 4019 enuntiativum
3402 3985 3465 4022 ea:
3482 3969 3628 4021 verba

2038 4081 2163 4128 esse,
2187 4062 2264 4115 vel
2282 4076 2405 4114 casu
2426 4058 2584 4122 verbi;
2609 4056 2794 4109 etenim
2817 4055 3038 4108 hominis
3060 4057 3211 4119 ratio,
3238 4058 3401 4109 sinon
3425 4068 3519 4124 est,
3542 4072 3628 4114 aut

2040 4157 2157 4225 fuit,
2183 4160 2270 4206 aut
2304 4151 2420 4215 erit,
2459 4156 2547 4202 aut
2577 4146 2777 4217 aliquid
2805 4146 3102 4218 Igujusmodi
3135 4148 3379 4208 addatur.
3405 4151 3628 4209 nondum

2041 4258 2112 4305 est
2136 4248 2302 4302 oratio
2325 4246 2656 4300 enuntiativa.
2685 4243 2865 4311 Quare
2882 4252 3049 4296 autem
3076 4260 3238 4297 unum
3265 4245 3507 4312 quiddam
3537 4260 3629 4310 εει,

2042 4351 2088 4398 et
2116 4358 2219 4395 non
2264 4338 2426 4393 multa
2466 4335 2661 4390 animal
2695 4334 2957 4407 gressibile
2995 4335 3153 4405 bipes.
3184 4334 3363 4405 Neque
3402 4338 3535 4388 enim
3575 4352 3630 4391 eo

2042 4434 2177 4503 quod
2214 4432 2496 4500 propinque
2521 4430 2761 4482 dicuntur
2787 4443 2947 4481 unum
2976 4428 3091 4482 erit.
3121 4424 3212 4481 Est
3235 4436 3401 4481 autem
3424 4428 3630 4483 alterius

2046 4525 2140 4578 hoc
2170 4533 2388 4577 tractare
2419 4520 2626 4587 negotii.

2122 4616 2232 4671 Una
2266 4614 2437 4667 oratio
2466 4612 2664 4679 duplici
2714 4610 2874 4665 modo
2908 4619 3194 4676 tractatur,
3242 4611 3324 4665 vel
3371 4625 3490 4665 cum
3539 4627 3631 4680 per

2000 4774 2003 4777 _
2045 4723 2105 4764 se
2135 4721 2236 4759 una
2268 4714 2368 4767 est,
2399 4702 2489 4757 vel
2517 4717 2637 4756 cum
2672 4716 2764 4770 per
2793 4701 3022 4770 aliquam
3054 4701 3481 4770 conjunctionem
3508 4703 3633 4772 jun-

2045 4801 2206 4871 gitur.
2257 4796 2353 4850 Vel
2406 4794 2562 4849 certe
2594 4794 2667 4847 ita
2712 4791 2995 4847 dicendum
3041 4801 3143 4848 est.
3189 4794 3320 4849 Alite
3364 4795 3632 4850 orationes

2046 4894 2363 4952 naturaliter
2393 4907 2510 4947 unae
2542 4900 2697 4955 sunt,
2733 4888 2851 4944 alia;
2889 4904 3020 4945 vero
3049 4891 3331 4960 positione.
3383 4892 3443 4947 Et
3476 4901 3631 4946 natu-

1995 4964 2023 5062 "
2048 4989 2230 5045 raliter
2260 5000 2377 5040 una:
2409 4986 2625 5053 quidem
2673 4992 2798 5038 sunt
2832 4984 3105 5039 orationes
3135 5000 3253 5055 quae
3283 4999 3387 5037 non
3430 4985 3630 5039 dissol-

2045 5092 2241 5137 vunlur
2271 5084 2320 5136 in
2350 5082 2480 5137 alias
2507 5083 2800 5148 orationes,
2829 5090 2886 5136 ut
2914 5091 3015 5147 est,
3051 5084 3130 5137 sol
3159 5084 3344 5137 oritur.
3382 5081 3510 5149 Quae
3537 5098 3630 5134 an-

2046 5185 2151 5230 tem
2171 5175 2433 5241 positione
2454 5183 2578 5229 sunt
2596 5189 2715 5229 una:
2742 5176 2793 5228 in
2813 5174 2945 5229 alias
2962 5176 3228 5229 orationes
3241 5174 3626 5238 dissolvuntur,

2045 5276 2103 5321 ut
2130 5275 2234 5332 est,
2254 5266 2299 5319 si
2326 5267 2484 5320 homo
2512 5265 2944 5331 estanimalest;
2968 5265 3080 5319 bare
3109 5266 3249 5320 enim
3279 5265 3328 5318 in
3356 5268 3626 5321 orationes

2045 5362 2176 5415 alias
2209 5371 2523 5429 separatur.
2564 5371 2617 5414 et
2659 5358 3109 5429 quemadmodum
3142 5358 3341 5427 lignum
3375 5359 3457 5412 vel
3492 5359 3625 5429 lapis

2043 5453 2312 5523 sigillatim
2358 5454 2408 5506 in
2458 5452 2667 5521 propria
2703 5461 2886 5504 natura
2913 5452 3209 5505 consistunt
3253 5462 3306 5505 et
3337 5462 3458 5506 sunt
3500 5468 3619 5519 una,

2041 5562 2105 5602 ex
2153 5546 2237 5600 bis
2273 5554 2449 5600 autem
2493 5543 2629 5597 facta
2666 5544 2814 5597 navis
2846 5543 2929 5597 vel
2960 5542 3153 5599 domus
3182 5559 3298 5614 qum.
3342 5561 3462 5600 cum
3511 5546 3625 5613 plu-

2041 5638 2192 5692 ribus
2235 5635 2448 5705 quidem
2496 5640 2784 5697 constent,
2818 5648 2938 5687 unae
2969 5642 3149 5688 tamen
3181 5646 3297 5689 arte
3322 5646 3484 5701 sunt,
3522 5652 3625 5690 non

2041 5738 2251 5785 natura.
2322 5725 2394 5781 Ita
2445 5739 2655 5796 quoque
2716 5725 2771 5780 in
2824 5727 3154 5782 orationibus
3210 5728 3481 5799 simplices
3534 5743 3627 5784 eas

2044 5832 2098 5881 et
2144 5837 2237 5898 per
2284 5837 2343 5880 se
2384 5817 2697 5880 naturaliter
2728 5834 2865 5878 unas
2909 5820 3181 5878 orationes
3210 5821 3474 5895 dicimus,
3510 5836 3630 5896 qua
