4270 6266
647 398 753 455 M3

1898 395 2005 451 AN.
2047 394 2257 449 MANL.
2296 392 2449 449 δεῖν.
2492 387 2717 447 ΒΟΕΤΙῘ

3804 402 3909 456 444

648 513 811 568 verbo
858 518 1057 564 tantum
1099 516 1152 562 et
1195 506 1412 562 nomine
1443 506 1855 579 conjunguntur.
1897 510 2235 579 Compositas
2261 506 2314 568 Δ
2343 516 2673 569 monstrant;
2696 506 2994 560 enuntiatio
3020 506 3179 576 igitur
3202 508 3572 568 affirmationis
3599 524 3655 570 et
3684 520 3920 587 negatio-

649 613 823 658 autem
861 614 979 671 qua:
1011 600 1063 653 in
1117 599 1249 652 alias
1298 598 1378 668 (ut
1415 598 1615 653 dictum
1667 599 1772 671 est)
1822 604 2092 657 orationes
2148 603 2239 657 di-

649 694 925 748 viduntur.
1006 690 1197 745 Multas
1279 692 1421 745 enim
1478 692 1751 747 orationes
1817 695 1870 748 in
1930 693 2232 763 bujusmodi

647 785 982 842 orationibus
1027 785 1335 854 conjunctio
1361 785 1558 855 jungit,
1604 796 1660 841 ut
1688 789 1731 842 si
1763 788 1937 843 dicam
1968 789 2116 844 Plato
2152 800 2237 846 est

648 891 703 937 et
724 881 974 937 Socrates
1000 889 1103 946 est,
1122 882 1235 933 haec
1252 880 1559 950 conjunctio
1577 890 1622 934 et
1653 890 1903 953 utrasque
1931 884 2227 953 conjunxit,

646 988 804 1046 atque
836 978 956 1032 ideo
989 993 1089 1031 una
1116 976 1325 1031 videtur
1353 978 1637 1047 positione,
1672 994 1792 1048 qua:
1834 979 2148 1034 naturaliter
2178 987 2233 1034 ct

647 1086 742 1143 per
773 1086 831 1125 se
856 1085 957 1125 una
990 1085 1096 1123 non
1136 1068 1328 1133 fuerat,
1359 1070 1676 1125 naturaliter
1706 1078 1881 1126 autem
1914 1071 2073 1127 unius
2111 1089 2230 1127 ora-

650 1162 804 1217 tionis
836 1161 954 1216 dua:
981 1172 1156 1231 partes
1180 1169 1305 1214 sunt
1327 1162 1610 1216 affirmatio
1629 1174 1680 1217 et
1706 1165 1951 1233 negatio;
1983 1166 2073 1220 sed
2098 1181 2233 1234 quo-

650 1254 787 1307 niam
821 1269 923 1307 non
956 1254 1025 1307 ita
1054 1253 1206 1319 dixit,
1239 1262 1516 1309 estautem
1549 1270 1648 1309 una
1678 1257 1849 1310 oratio
1877 1258 2225 1327 enttntiativa,

648 1343 932 1400 affirmatio
960 1343 1045 1400 vel
1078 1346 1311 1415 negatio,
1343 1346 1538 1403 deinde
1577 1357 1658 1403 est
1689 1363 1789 1403 una
1828 1350 2224 1427 conjunctione.

648 1435 753 1492 Sed
782 1439 893 1490 ait:
930 1437 1021 1490 Est
1048 1446 1224 1491 autem
1262 1453 1359 1491 una
1392 1441 1563 1508 prima
1594 1440 1768 1495 oratio
1795 1443 2125 1497 enuntiativa
2152 1443 2231 1496 af-

650 1527 895 1592 firmatio,
930 1528 1124 1582 deinde
1168 1531 1401 1598 negatio,
1445 1529 1747 1599 hujusmodi
1778 1533 1950 1587 oritur
1978 1537 2227 1604 qua-stic.

648 1618 834 1674 Utrum
868 1619 918 1672 id
947 1621 1085 1689 quod
1110 1621 1183 1673 ait
1216 1620 1382 1688 prima
1410 1621 1474 1675 ad
1495 1622 1905 1679 affirmationem
1942 1626 2229 1695 referatur,

648 1721 703 1765 ut
730 1713 797 1766 sit
825 1712 1094 1782 posterior
1125 1714 1358 1781 negatio,
1385 1728 1453 1767 an
1477 1713 1527 1767 id
1550 1715 1692 1784 quod
1723 1717 1797 1769 ait
1824 1719 1990 1786 prima
2016 1718 2082 1773 ad
2102 1721 2231 1774 sim-

648 1802 837 1873 plicem
870 1803 1144 1858 retttlerint
1175 1805 1489 1871 orationem,
1529 1815 1583 1860 ut
1620 1807 1852 1864 secunda
1900 1811 1988 1876 sit,
2018 1828 2136 1882 quae
2163 1830 2228 1871 ex

2343 597 2423 651 nis
2450 612 2617 667 genus
2648 612 2766 651 esse
2798 598 3041 667 pooenda
3065 609 3170 655 est.
3202 600 3355 667 Quod
3387 619 3513 672 ergo
3542 606 3619 661 ait
3649 625 3663 661 :
3696 608 3789 664 Est
3820 604 3915 667 au.-

2341 700 2443 744 tem
2475 705 2575 743 una
2605 691 2772 758 prima
2805 694 2978 745 oratio
3007 694 3355 758 enuntiativa,
3388 698 3695 766 affirmatio,
3724 702 3919 762 deinde

2339 786 2569 855 negatio,
2601 786 2723 839 alia:
2754 802 2879 840 vero
2912 788 3292 856 conjunctione
3320 806 3437 845 una:
3459 834 3472 855 ,
3506 796 3578 847 ita
3621 796 3921 867 intelligen-

2338 877 2461 930 dum
2486 884 2589 939 est,
2606 876 2746 946 quod
2764 878 3175 933 al'firmatiouem
3195 881 3444 949 primam,
3468 886 3765 941 secundam
3793 904 3922 945 vero

2339 972 2695 1042 negationem,
2748 974 2833 1026 cui
2874 974 3077 1027 addidit
3115 973 3335 1039 deinde,
3386 976 3437 1029 in
3483 980 3785 1046 prolatione
3825 998 3917 1051 po-

2336 1066 2523 1121 suerit.
2570 1065 2720 1119 Prior
2748 1066 2888 1119 enim
2929 1077 3009 1122 eSt
3048 1066 3358 1136 afllrmatio,
3405 1072 3672 1137 posterior
3702 1077 3920 1144 negatio

2338 1160 2389 1214 in
2437 1162 2733 1228 pro'atiooe
2764 1160 3040 1226 duntaxat,
3071 1175 3177 1214 non
3228 1162 3522 1216 secundum
3553 1166 3664 1219 veri
3695 1165 3926 1237 falsique

2336 1251 2781 1320 designationem.
2832 1253 3090 1319 Quocirca
3137 1253 3267 1307 nihil
3312 1255 3558 1323 prohibet
3596 1267 3649 1310 et
3690 1260 3922 1327 priorem

2337 1346 2509 1415 putari
2538 1345 2949 1399 alfirmationem
2990 1346 3297 1413 negatione,
3338 1358 3392 1400 et
3437 1356 3617 1403 tamen
3672 1358 3920 1420 utrasque

2306 1422 2436 1495 isub
2468 1452 2573 1491 uno
2613 1451 2829 1506 genere,
2874 1436 2925 1491 id
2970 1447 3052 1490 est
3093 1438 3461 1491 enuntiatione
3497 1440 3769 1496 constitui.
3818 1442 3924 1499 Sed

2335 1533 2475 1600 quod
2508 1541 2721 1585 secutus
2748 1540 2856 1585 est:
2900 1530 3133 1585 Necesse
3160 1542 3241 1585 est
3272 1540 3452 1586 autem
3482 1547 3697 1587 omnem
3728 1537 3924 1590 oratio-

2335 1639 2456 1679 nem
2479 1624 2861 1677 enuntiativam
2887 1639 2951 1678 ex
2983 1624 3150 1678 verbo
3170 1637 3288 1678 esse
3316 1624 3401 1678 vel
3430 1618 3582 1692 casu,
3619 1626 3921 1695 hujusmodi

2335 1725 2416 1771 est
2446 1716 2628 1771 volens
2661 1716 2977 1771 Aristoteles
3008 1716 3333 1771 distribuere
3361 1718 3653 1774 dictionem
3688 1722 3925 1776 afﬁrma-

2337 1810 2558 1873 tionem,
2576 1811 2932 1878 negationem,
2953 1809 3393 1872 enuntiationem,
3418 1811 3923 1880 contradictionem,

648 1894 978 1948 orationibus
1004 1893 1259 1965 jungitur,
1283 1910 1439 1965 quam
1463 1896 1790 1953 dubietatem
1819 1902 1931 1971 ipse
1958 1904 2221 1961 dissolvit.
2260 1886 2309 1950 Β
2337 1918 2553 1958 sensum
2587 1902 2807 1956 confusa
2838 1902 3102 1961 brevilale
3146 1903 3474 1969 βθτῐηίεευίῑν
3508 1914 3560 1957 el
3590 1905 3797 1961 nebulis
3827 1908 3923 1962 0hr

650 1994 735 2048 Sic
766 1992 903 2048 enim
936 1995 1105 2065 inquit
1134 2015 1145 2048 :
1190 1996 1280 2051 Est
1309 2008 1485 2053 autem
1521 2015 1621 2053 Utta
1659 2001 1827 2071 prima
1860 2003 2032 2055 oratio
2063 2016 2231 2055 enun-

649 2087 852 2154 tiativa,
888 2086 1191 2152 afﬁrmatio,
1225 2099 1277 2143 et
1311 2100 1367 2145 ut
1390 2106 1546 2163 quam
1575 2094 1863 2147 secundam
1893 2094 2098 2149 diceret
2136 2094 2229 2149 de-

648 2187 990 2245 monstraret,
1023 2181 1117 2247 ait,
1143 2180 1337 2237 deinde
1383 2184 1613 2254 negatio,
1648 2195 1703 2239 ut
1743 2187 1969 2256 primam
1997 2186 2230 2241 affirma-

649 2272 847 2327 tionem
894 2282 1139 2342 poneret,
1179 2276 1470 2331 secundam
1504 2280 1861 2348 negationem.
1892 2280 2042 2349 Quod
2079 2282 2122 2335 si
2158 2282 2228 2335 ita

650 2363 895 2427 dixisset,
929 2374 1008 2419 est
1041 2377 1219 2421 autem
1251 2384 1351 2422 una
1387 2370 1552 2439 prima
1588 2373 1913 2427 ennutiativa
1949 2374 2121 2427 oratio
2152 2373 2231 2426 af-

648 2454 878 2510 firmatio
926 2456 1009 2511 vel
1053 2461 1285 2529 negatio,
1328 2462 1524 2518 deinde
1566 2463 1947 2535 conjunctione
1988 2481 2114 2533 una,
2160 2469 2230 2522 ita

646 2556 919 2617 Oporteret
948 2549 1171 2621 intelligi
1205 2561 1452 2622 tanquam
1481 2554 1523 2608 si
1546 2554 1768 2622 diceret,
1800 2555 1943 2612 illam
1973 2573 2092 2613 esse
2115 2560 2229 2629 pri-

647 2655 786 2694 mani
811 2640 1103 2695 orationem
1146 2658 1265 2711 quae
1297 2643 1523 2715 simplex
1554 2656 1719 2712 esset,
1749 2648 1904 2719 enjus
1946 2658 2124 2719 partes
2155 2650 2232 2704 af-

649 2733 876 2787 firmatio
903 2745 1083 2789 essent
1119 2744 1278 2805 atque
1321 2737 1564 2804 negatio;
1598 2741 1890 2795 secundam
1917 2757 2047 2797 vero
2088 2744 2232 2798 illam

646 2840 761 2894 qum
791 2823 1168 2896 conjunctione
1196 2827 1425 2897 quadam
1457 2846 1557 2883 una
1589 2830 1760 2897 ﬁeret,
1793 2848 1915 2888 cum
1938 2850 2004 2890 ex
2033 2837 2232 2889 oratio-

648 2916 802 2970 nibus
823 2916 1161 2988 jungerctttr.
1197 2917 1304 2975 Sed
1329 2926 1581 2990 quoniam
1614 2923 1664 2977 id
1692 2924 1833 2994 quod
1860 2926 1935 2979 ait
1972 2926 2143 2996 prima
2166 2928 2233 2983 ad

647 3006 1061 3065 affirunttionem
1102 3012 1277 3081 junxit
1317 3012 1523 3083 dicens,
1559 3025 1640 3070 est
1684 3028 1861 3073 autem
1908 3034 2009 3073 una
2063 3022 2230 3089 prima

647 3100 820 3155 oratio
857 3104 1181 3159 enuntiativa
1239 3105 1547 3174 affirmatio,
1589 3108 1654 3163 ad
1693 3113 2027 3180 negationem
2078 3128 2228 3179 vero,

647 3194 841 3251 deinde
870 3199 1141 3266 subjunxit
1174 3200 1380 3268 dict-ns,
1415 3200 1609 3257 deinde
1650 3204 1882 3275 negatio.
1937 3204 2229 3260 Dicendum

645 3298 729 3345 est
755 3290 975 3356 primaut
1008 3306 1131 3345 eum
1157 3293 1453 3347 orationem
1487 3310 1605 3349 esse
1634 3296 1881 3351 arbitrari
1913 3298 2231 3353 affirmatio-

647 3394 801 3445 nem;
849 3381 1137 3436 secundam
1166 3402 1289 3438 vero
1320 3388 1676 3456 negationem,
1707 3393 1793 3446 cui
1830 3392 2023 3449 deinde
2061 3395 2234 3449 conti-

647 3480 837 3524 nenter
872 3474 1136 3542 apposuit.
1190 3474 1294 3531 Sed
1344 3493 1527 3533 rursus
1570 3480 1892 3538 incurrimus
1939 3487 2230 3542 Alexandri

645 3566 1018 3633 qua-stionem.
1051 3564 1153 3623 Per
1191 3568 1294 3623 boc
1324 3570 1466 3624 enim
1498 3584 1655 3643 negat
1696 3575 2107 3633 affirmationem
2137 3598 2231 3635 ne-

645 3658 1021 3729 gationemque
1044 3659 1142 3715 sub
1167 3677 1273 3716 uno
1294 3677 1492 3732 genere
1520 3667 1645 3737 poni
1669 3678 1937 3739 oportere,
1964 3670 2013 3724 id
2033 3681 2113 3725 est
2131 3673 2231 3727 sub

646 3750 1041 3821 enuntiatione,
1071 3754 1211 3824 quod
1254 3755 1304 3809 in
1332 3756 1395 3809 iis
1424 3772 1542 3827 quae
1586 3762 1764 3830 priora
1804 3762 1885 3815 vel
1933 3765 2229 3832 posteriora

646 3852 792 3910 sunt,
826 3859 1109 3902 commune
1136 3863 1306 3919 genus
1340 3866 1445 3906 non
1486 3862 1664 3923 petest
1702 3854 1950 3909 inveniri.
1988 3855 2093 3911 Sed
2130 3856 2229 3912 boc

644 3950 805 4005 supra
828 3936 938 4005 jam
970 3937 1171 3993 dictum
1201 3950 1302 4009 est,
1338 3957 1456 3996 nam
1489 3955 1739 4014 oportere
1770 3946 1950 3999 omnia
1978 3962 2231 4017 quaecun-

643 4043 746 4097 que
775 4029 1009 4097 quolibet
1036 4031 1195 4085 modo
1229 4034 1401 4101 priora
1440 4035 1520 4089 vel
1562 4037 1856 4105 posteriora
1898 4049 2022 4093 sunt
2056 4055 2088 4094 a
2130 4056 2227 4110 ge-

644 4135 773 4174 nere
809 4123 1078 4176 communi
1111 4139 1414 4180 secernere.
1448 4128 1661 4199 Alioqui
1700 4131 1778 4185 sic
1812 4133 1999 4198 primae
2036 4142 2091 4187 et
2141 4148 2229 4189 sc-

642 4211 831 4264 cundm
867 4211 1179 4266 substantia:
1226 4215 1324 4267 sub
1367 4232 1471 4267 uno
1508 4233 1705 4285 genere
1758 4222 2073 4278 sobstantia:
2120 4239 2227 4280 non

643 4311 927 4369 ponentur.
964 4300 1055 4354 Sic
1084 4303 1244 4377 etiam
1288 4302 1562 4371 simplices
1593 4316 1646 4359 et
1676 4312 1987 4380 composita:
2028 4313 2229 4367 oratio-

643 4404 758 4456 nes,
801 4406 1023 4457 quarum
1074 4391 1345 4460 simplices
1398 4394 1790 4462 prepositiones
1839 4400 2023 4467 primm
2080 4412 2224 4470 sunt,

645 4484 973 4549 posteriores
1005 4496 1339 4554 composmc,
1368 4501 1473 4539 uno
1497 4502 1695 4555 genere
1735 4507 1841 4545 non
1874 4494 2229 4549 continebun-

641 4584 743 4628 tttr.
788 4577 891 4632 Sed
943 4579 1028 4632 illa
1077 4580 1185 4633 sola
1227 4582 1457 4649 putanda
1505 4594 1627 4637 sunt
1662 4586 1772 4638 sub
1801 4586 1990 4642 eodem
2027 4605 2225 4659 genere

637 4670 761 4737 poni
785 4686 888 4725 non
917 4688 1091 4739 posse,
1119 4690 1238 4744 qua:
1268 4676 1333 4728 ad
1363 4676 1712 4731 substantiam
1739 4680 1915 4749 priora
1942 4682 2023 4735 vel
2050 4693 2225 4752 poste-
2251 4647 2305 4707 Β

636 4760 775 4811 riora
820 4777 939 4815 esse
980 4766 1371 4832 cognoscimus.
1429 4767 1559 4835 Qum.
1609 4785 1735 4824 vero
1783 4772 1848 4824 ad
1900 4788 2052 4826 suum
2098 4788 2223 4830 esse

635 4850 857 4918 :cqualia
888 4864 1032 4921 sunt,
1067 4855 1197 4908 nihil
1228 4858 1477 4927 prohibet
1505 4860 1603 4914 sub
1631 4863 1818 4916 eodem
1852 4880 2049 4932 genere
2078 4878 2224 4921 utra-

633 4958 738 5014 que
777 4946 1050 5002 constitui.
1103 4948 1240 5018 Ergo
1279 4952 1528 5019 quoniam
1581 4954 1920 5009 affirntatioui
1963 4965 2017 5009 et
2063 4972 2225 5026 nega-

635 5039 763 5092 tioni
798 5040 899 5093 hoc
925 5050 1167 5103 estesse,
1200 5042 1344 5112 quod
1376 5045 1427 5097 in
1471 5046 1553 5098 his
1581 5049 1775 5103 veritas
1820 5059 1873 5103 ct
1906 5050 2106 5105 falsitas
2139 5069 2224 5107 re-

632 5132 854 5199 peritur,
899 5132 1012 5185 limo
1053 5142 1228 5188 autem
1268 5145 1351 5189 est
1390 5138 1693 5192 enuntiatio
1748 5141 1797 5193 in
1848 5156 1947 5209 qua
2014 5143 2223 5198 scilicet

631 5222 876 5303 veritatis
901 5233 953 5278 et
984 5224 1229 5279 falsitatis
1263 5229 1553 5283 constituta
1579 5231 1647 5285 sit
1681 5234 1839 5297 ratio,
1874 5236 2129 5303 quoniam
2156 5235 2220 5289 ad

592 5380 599 5385 Α
630 5298 682 5370 id
711 5317 851 5385 quod
884 5317 996 5371 veri
1021 5318 1206 5373 falsive
1232 5320 1598 5390 significatita:
1620 5336 1766 5392 sunt,
1794 5343 1967 5397 neque
1990 5328 2223 5383 affirma-

629 5413 705 5467 tio
735 5413 901 5482 prior,
936 5430 1106 5485 neque
1139 5417 1348 5486 negatio
1374 5419 1636 5485 posterior
1668 5428 1767 5473 est.
1800 5421 1984 5475 Nullus
2012 5422 2223 5476 dubitat

628 5522 693 5563 eo
722 5509 861 5577 quod
891 5510 1165 5580 mqualiter
1202 5511 1522 5581 participant
1568 5513 1853 5567 affirmatio
1885 5523 1937 5568 et
1977 5514 2211 5585 negatio,

626 5598 801 5654 eidem
833 5602 1015 5670 generi
1049 5616 1205 5671 posse
1232 5606 1483 5675 supponi;
1505 5604 1597 5659 sed
1619 5603 1903 5659 affirmatio
1926 5616 1978 5661 et
2006 5608 2219 5675 negatio

626 5696 909 5765 mqualiter
942 5696 1263 5766 participant
1293 5699 1686 5761 enuntiatione,
1738 5700 2003 5769 siquidem
2044 5715 2217 5754 enun-

631 5787 787 5848 tiatio
814 5792 927 5846 veri
955 5789 1184 5859 falsique
1210 5791 1374 5845 utitur
1405 5792 1818 5863 significatione,
1843 5803 1897 5848 et
1933 5793 2221 5847 affirmatio

627 5890 689 5946 et
736 5880 950 5949 negatio
1001 5880 1285 5938 veritatem
1341 5890 1501 5946 atque
1552 5885 1890 5941 mendacium
1941 5885 2221 5950 aequaliter

2337 1995 2605 2048 scuritatis
2628 1994 2908 2063 implicuit,
2932 1995 3167 2065 oportuit
3194 2010 3424 2065 namque
3454 1997 3603 2065 prius
3628 1999 3757 2067 qttid
3781 2009 3924 2057 esset

2337 2087 2523 2153 dictio,
2554 2098 2673 2156 post
2702 2101 2878 2142 autem
2904 2088 3031 2158 quid
3060 2087 3368 2155 affirmatio,
3397 2096 3452 2144 et
3473 2090 3706 2159 negatio,
3728 2102 3784 2148 et
3808 2108 3924 2148 ηιμ

2336 2194 2427 2235 sus
2445 2180 2569 2250 quid
2601 2187 2744 2234 esset
2771 2180 3092 2243 enuntiatio,
3122 2190 3175 2233 et
3193 2180 3547 2235 contradictio
3575 2184 3921 2241 constituere.

2337 2270 2445 2328 Sed
2490 2272 2591 2327 hoc
2623 2273 2855 2326 'interim
2900 2269 3281 2339 praetermittit,
3314 2286 3457 2327 nunc
3500 2287 3629 2328 vero
3667 2275 3921 2345 quemad-

2336 2362 2555 2418 modum
2589 2363 2949 2418 constituatur
2995 2363 3294 2417 enuntiatio
3322 2362 3480 2418 docet
3514 2364 3741 2421 dicens:
3772 2367 3921 2435 Quod

2334 2456 2510 2511 omnis
2554 2455 2851 2511 enuntiatio
2895 2460 3107 2508 constet
3153 2453 3342 2522 verbo,
3395 2456 3649 2524 quoniam
3695 2458 3920 2528 simplex

2334 2547 2496 2603 dictio
2522 2557 2603 2602 est
2633 2560 2829 2600 nomen
2861 2554 2952 2599 aut
2980 2542 3225 2599 verbum.
3258 2544 3447 2600 Omnis
3478 2548 3773 2602 enuntiatio
3796 2550 3919 2603 sim-

2338 2640 2460 2710 plex
2493 2638 2795 2707 bujusmodf
2829 2647 2930 2701 est,
2966 2644 3022 2690 ut
3066 2650 3282 2705 semper
3315 2636 3531 2706 quidem
3574 2640 3652 2691 vel
3700 2639 3919 2694 verbum

2337 2734 2419 2788 vel
2446 2732 2590 2786 aliud
2624 2728 2825 2799 aliquid
2850 2729 2991 2798 quod
3025 2728 3163 2782 idem
3190 2728 3387 2796 valeat,
3416 2737 3667 2799 tanquam
3698 2731 3742 2785 si
3772 2730 3918 2786 dice-

2337 2833 2509 2890 retur,
2540 2823 2755 2877 verbum
2803 2821 2887 2875 vel
2916 2834 3098 2875 casum
3124 2819 3276 2875 verbi
3305 2821 3356 2875 in
3386 2820 3768 2890 praedicatione
3794 2825 3918 2879 reti-

2338 2926 2481 2982 neat,
2512 2914 2607 2969 sed
2643 2929 2747 2968 non
2786 2927 3001 2980 semper
3040 2910 3313 2981 subjectus
3355 2913 3617 2967 terminus
3647 2915 3704 2968 fit
3732 2930 3797 2970 ex
3828 2932 3919 2970 no-

2336 3011 2502 3073 mine,
2536 3021 2750 3075 semper
2780 3012 2957 3059 tamen
2998 3004 3319 3073 praedicatus
3346 3019 3410 3060 ex
3441 3006 3642 3062 verbo:
3674 3009 3741 3063 sit
3781 3011 3920 3065 enim

2338 3097 2643 3169 lmjusmodi
2692 3096 3004 3166 prepositio,
3050 3111 3171 3166 qua:
3216 3106 3321 3163 est,
3368 3098 3448 3152 sol
3480 3084 3699 3164 oritura
3726 3101 3779 3156 in
3826 3100 3921 3156 hac

2339 3206 2468 3259 ergo
2498 3188 2866 3260 propositione
2908 3188 3049 3257 quod
3087 3188 3241 3253 dico,
3273 3189 3352 3244 sol
3388 3190 3589 3257 oritur,
3625 3191 3919 3262 subjectum

2338 3291 2420 3337 est
2448 3283 2549 3349 sol,
2578 3280 2720 3350 quod
2744 3294 2871 3335 vero
2893 3280 3036 3345 dico,
3060 3282 3253 3347 oritur,
3280 3284 3643 3351 przedicatum.
3670 3285 3918 3341 Etutras-

2337 3390 2441 3444 que
2481 3375 2577 3426 has
2618 3372 2881 3427 dictiones
2930 3373 3189 3427 terminos
3231 3387 3385 3438 voco,
3431 3375 3527 3429 sed
3567 3376 3921 3446 quodcunque

2335 3469 2482 3539 prius
2527 3468 2743 3531 dicitur,
2788 3467 2843 3520 in
2890 3467 3117 3535 simplici
3164 3468 3546 3535 enuntiatione,
3582 3468 3711 3524 illud
3740 3471 3920 3540 subje-

2336 3576 2481 3622 ctum
2525 3573 2629 3628 est,
2663 3572 2719 3617 ut
2758 3562 2812 3616 in
2858 3564 2956 3617 bac
2997 3562 3101 3630 sol,
3135 3563 3276 3632 quod
3301 3578 3427 3617 vero
3466 3563 3749 3632 posterius,
3793 3564 3921 3617 illud

2335 3656 2706 3729 przedlcatum,
2746 3664 2802 3707 ut
2849 3654 2901 3707 in
2933 3656 3141 3717 eadem,
3173 3652 3362 3708 oritur.
3401 3653 3544 3723 Ergo
3590 3668 3812 3709 necesse
3843 3664 3921 3709 est

2336 3765 2550 3806 omnem
2584 3748 2968 3805 enuntiativam
2996 3750 3296 3802 orationem
3339 3751 3387 3805 si
3426 3749 3649 3818 simplex
3681 3750 3768 3813 sit,
3796 3765 3921 3804 ver-

2334 3842 2462 3899 bum
2494 3841 2546 3895 in
2580 3839 2960 3910 prtedicatione
2982 3840 3240 3905 retinere,
3267 3848 3322 3893 ut
3355 3842 3406 3894 in
3428 3840 3612 3895 eadem
3639 3841 3772 3909 ipsa,
3797 3855 3917 3894 cum

2334 3936 2474 4005 dico,
2508 3936 2589 3991 sol
2627 3934 2815 4001 oritur,
2861 3934 3031 3988 oritur
3071 3933 3291 3989 verbum
3334 3944 3435 4004 est,
3473 3935 3552 3989 vel
3594 3934 3737 4004 quod
3780 3934 3920 3989 idem

2296 4026 2299 4027 ⁷
2333 4033 2527 4098 valeat,
2562 4039 2620 4086 ut
2646 4040 2751 4095 est,
2788 4028 3036 4084 Socrates
3069 4040 3175 4081 non
3216 4028 3495 4091 ambulat;
3533 4042 3639 4082 non
3686 4026 3922 4081 ambulat

2333 4125 2474 4180 enim
2506 4117 2769 4177 infinitum
2802 4119 3022 4173 verbum
3052 4125 3175 4186 est,
3224 4127 3279 4172 et
3308 4118 3530 4171 verbum
3560 4117 3772 4187 quidem
3813 4131 3919 4171 non

2333 4228 2438 4282 εει,
2468 4216 2562 4271 sed
2602 4213 2843 4269 eamdem
2882 4211 2989 4265 vim
3037 4210 3232 4265 retinet
3268 4223 3425 4278 quam
3468 4208 3712 4262 verbum.
3748 4207 3920 4264 Casus

2333 4312 2496 4366 etiam
2527 4306 2677 4363 verbi
2704 4304 2920 4375 ponitur
2941 4317 3104 4373 smpe,
3132 4311 3187 4357 ut
3214 4302 3463 4357 Socrates
3490 4300 3618 4365 fuit;
3640 4300 3917 4369 subjectus

2331 4416 2459 4456 vero
2490 4399 2750 4454 terminus
2779 4412 2886 4451 non
2917 4410 3130 4466 semper
3157 4395 3399 4450 consistit
3433 4394 3486 4448 in
3529 4395 3767 4459 nomine,
3816 4410 3920 4462 po-

2332 4505 2435 4550 test
2466 4495 2609 4549 enim
2640 4492 2690 4547 in
2704 4490 2906 4545 finitttm
2938 4504 3135 4545 nomen
3163 4488 3387 4554 habere,
3414 4496 3468 4541 ut
3496 4501 3619 4542 cum
3644 4487 3786 4553 dico,
3812 4502 3919 4544 non

2331 4589 2492 4643 bomo
2524 4584 2776 4649 ambulat,
2819 4590 2993 4651 potest
3037 4591 3091 4636 et
3120 4578 3364 4642 verbum,
3394 4588 3452 4634 ut
3479 4592 3602 4634 cum
3631 4579 3773 4643 dico,
3807 4594 3919 4633 am—

2334 4682 2540 4751 bulare,
2565 4676 2765 4733 moveri
2793 4684 2904 4741 est;
2925 4690 3055 4745 ergo
3080 4674 3158 4744 (ut
3181 4672 3437 4742 arbitror)
3467 4673 3622 4741 plene
3655 4681 3919 4726 monstra-

2334 4787 2442 4831 tttm
2502 4785 2583 4830 est
2634 4789 2738 4826 non
2776 4784 2990 4839 semper
3044 4768 3342 4838 subjectum
3390 4780 3586 4820 nomen
3639 4781 3780 4831 esse,
3822 4765 3917 4820 sed

2332 4883 2546 4938 semper
2570 4864 2914 4934 praedicatum
2948 4864 2998 4917 in
3028 4863 3145 4918 solo
3172 4860 3338 4917 verbo
3368 4861 3687 4916 consistere.
3712 4860 3918 4927 Appro-

2333 4959 2464 5014 bans
2491 4975 2618 5029 ergo
2640 4958 2801 5013 verba
2823 4970 3037 5026 semper
3060 4955 3113 5009 in
3136 4952 3609 5025 praedicationibus
3646 4952 3791 5021 poni,
3818 4953 3918 5006 hoc

2331 5053 2553 5117 addidit,
2585 5051 2687 5105 nisi
2717 5052 2858 5106 enim
2884 5060 2973 5104 aut
3002 5058 3105 5114 est,
3130 5057 3223 5103 aut
3249 5046 3368 5111 fttit,
3401 5056 3491 5100 aut
3512 5046 3713 5115 aliquid
3738 5045 3919 5114 hujus-

2334 5142 2477 5197 modi
2510 5144 2575 5197 sit
2604 5142 2867 5204 additum,
2893 5151 2982 5195 aut
3011 5140 3152 5211 quod
3200 5138 3341 5195 idem
3381 5138 3559 5193 valeat
3596 5148 3915 5208 apponatur,

2333 5234 2631 5292 enuntiatio
2654 5248 2760 5286 non
2785 5232 2863 5298 fit,
2892 5248 3012 5287 cum
3042 5232 3182 5286 enim
3206 5231 3347 5297 dico,
3384 5233 3545 5285 homo
3566 5240 3670 5296 est,
3698 5240 3783 5283 est
3802 5244 3916 5283 ver-

2336 5330 2457 5384 bum
2483 5329 2535 5381 in
2564 5324 2943 5395 praedicatione
2968 5325 3240 5394 proposui.
3269 5324 3361 5379 Sin
3385 5338 3512 5377 vero
3536 5323 3740 5385 dixero,
3760 5322 3932 5375 homo'

2336 5423 2487 5487 vivit,
2523 5420 2661 5474 idem
2696 5418 2840 5472 valet
2871 5428 3121 5487 tanquam
3162 5417 3204 5470 si
3237 5415 3410 5469 dicam
3444 5414 3605 5469 homo
3630 5416 3780 5468 vivus
3814 5423 3914 5466 est.

2337 5514 2476 5583 Ergo
2518 5527 2621 5565 non
2665 5524 2821 5580 posse
2860 5510 2978 5564 sine
3013 5507 3180 5563 verbo
3216 5506 3631 5562 afflrmationem
3679 5509 3917 5575 negatio-

2334 5617 2529 5659 nemve
2559 5600 2834 5667 constitui,
2858 5599 3040 5655 docuit
3071 5615 3167 5670 per
3190 5598 3242 5654 id
3273 5598 3415 5669 quod
3446 5598 3538 5661 ait,
3575 5599 3776 5653 etenim
3814 5598 3914 5651 lto-

2333 5697 2489 5751 ntinis
2525 5696 2659 5750 ratio
2691 5696 2732 5749 si
2766 5709 2869 5749 non
2902 5702 2992 5748 aut
3020 5704 3122 5761 est,
3147 5700 3238 5749 aut
3265 5692 3393 5760 erit,
3426 5700 3518 5746 aut
3547 5690 3670 5755 fuit,
3703 5692 3916 5745 autali-

2330 5788 2455 5859 quid
2479 5786 2780 5857 ltttjusmodi
2804 5786 3052 5853 addatur,
3103 5784 3338 5840 nondum
3366 5792 3449 5839 est
3470 5783 3645 5839 oratio
3663 5781 3915 5838 enuntia-

2332 5880 2458 5938 tiva.
2487 5880 2600 5936 Hoc
2619 5881 2762 5938 enitr.
2782 5878 2966 5936 dicere
2985 5878 3198 5937 videtur
3220 5894 3236 5939 :
3266 5877 3528 5937 Dilﬂnitio
3547 5876 3781 5937 hominis
3800 5885 3913 5948 est,
