4270 6266
328 435 433 495 “5

1049 434 1110 489 ΙΝ
1152 434 1406 489 LiBfiUM
1446 432 1535 488 DE
1577 430 2229 489 INTERPRETATIONE
2272 426 2497 490 EDITIO
2537 434 2880 491 SECUNDA.

3498 441 3607 495 446

327 554 476 611 Verbi
524 552 717 625 gratia,
767 552 963 607 animal
1004 552 1284 622 gressibile
1316 552 1485 621 bipes,
1517 562 1570 607 et
1609 552 1722 609 haec
1768 555 1908 610 ratio
1936 549 1990 611 Δ
2019 564 2185 604 unum
2229 550 2552 619 subjectum,
2581 551 2631 603 id
2666 560 2748 604 est
2778 552 3045 608 hominem
3072 562 3358 611 monstrat.
3394 556 3447 613 Si
3478 572 3607 629 ergo

327 656 409 702 est
440 646 691 700 humana:
722 644 1057 711 substantiae,
1099 658 1228 714 ergo
1269 645 1382 701 haec
1413 646 1547 700 ratio
1574 648 1678 702 nisi
1715 648 1762 703 ei
1800 660 1903 718 est,

328 747 417 793 aut
454 741 578 803 erit,
612 748 699 793 aut
728 736 845 803 fuit,
880 747 970 792 aut
991 737 1262 808 quodlibet
1294 740 1511 794 verbum
1549 740 1716 810 (sicut
1746 758 1905 812 supra

250 851 256 855 ⁴
329 832 529 886 dictum
577 830 681 898 est)
720 840 1037 899 apponatur,
1095 832 1391 887 enuntiatio
1438 847 1543 887 non
1595 832 1673 902 fit,
1731 850 1903 904 neque

307 918 471 978 'enim
504 937 685 977 verum
715 936 888 991 neque
914 922 1098 976 falsum
1122 932 1223 978 est.
1256 923 1309 979 Si
1326 922 1469 978 enim
1496 923 1671 979 dicam
1694 933 1899 981 tantum

306 1004 523 1066 animal
562 1006 843 1081 gresSibile
881 1011 1050 1081 bipes,
1107 1013 1247 1065 nulla
1303 1029 1388 1068 me
1431 1014 1632 1069 veritas
1682 1018 1910 1071 menda-

329 1111 535 1162 i-iuinre
565 1107 930 1176 consequitur.
962 1107 1054 1161 Sin
1091 1116 1267 1161 autem
1301 1108 1486 1163 dixero
1517 1109 1715 1164 animal
1749 1124 1905 1180 gres-

306 1199 479 1275 _sibile
506 1197 657 1267 bipes
684 1208 789 1263 est,
817 1199 898 1252 vel
924 1212 1029 1253 non
1053 1210 1156 1264 est,
1186 1198 1474 1253 affirmatio
1504 1215 1629 1255 mox
1665 1202 1905 1270 negatio-

330 1308 427 1361 que
452 1291 755 1356 conficitur,
787 1307 923 1361 quas
943 1291 1339 1346 enuntiationes
1366 1306 1486 1347 esse
1514 1295 1635 1362 quis
1659 1294 1864 1349 dubitet
1888 1296 1911 1348 ?

332 1383 433 1439 Sed
462 1397 582 1437 cum
609 1383 674 1437 de
709 1382 1045 1451 simplicibus
1073 1383 1533 1438 enuntiationibus
1566 1385 1906 1454 loqueretur,

330 1478 426 1542 ait,
450 1475 686 1531 hominis
718 1478 1007 1540 rationem,
1052 1474 1103 1529 id
1140 1485 1224 1530 est
1251 1475 1623 1532 diffinitionem
1658 1493 1761 1532 non
1796 1493 1914 1534 esse

330 1568 779 1632 enuntiationem,
810 1567 909 1620 nisi
956 1567 1026 1632 ei,
1070 1577 1160 1621 aut
1186 1575 1287 1633 est,
1336 1578 1421 1621 aut
1456 1570 1579 1634 erit,
1610 1577 1701 1622 aut
1732 1568 1910 1636 bujus-

330 1657 477 1713 modi
521 1656 718 1724 aliquid
777 1664 1109 1724 apponatur,
1150 1657 1454 1726 approbans
1506 1658 1712 1713 scilicet
1751 1674 1908 1713 unam

331 1762 471 1811 esse,
502 1754 555 1800 et
586 1762 689 1800 non
722 1746 1069 1815 multiplicem
1097 1748 1399 1801 orationem
1432 1746 1765 1803 diffinitionis
1812 1749 1911 1803 hu-

332 1850 522 1900 manae,
553 1837 639 1889 cui
671 1835 714 1889 si
738 1844 839 1897 est,
877 1843 969 1888 aut
998 1836 1121 1902 erit,
1146 1844 1239 1890 aut
1274 1837 1370 1891 fuit
1398 1837 1709 1908 adderetur,
1746 1854 1915 1894 enun-

2013 644 2269 699 continue
2306 642 2632 712 proferatur,
2682 653 2733 697 et
2776 658 2881 697 non
2928 645 3120 715 divise,
3163 663 3267 703 una
3296 659 3379 705 est
3407 653 3602 719 oratio,

2012 740 2064 789 et
2090 736 2209 803 quia
2236 735 2489 789 continue
2516 733 2729 799 dicitur,
2756 745 2807 788 et
2829 735 2950 805 quia
2974 740 3131 793 unius
3151 740 3226 794 rei
3250 741 3601 797 substantiam

2016 836 2301 883 monstrat.
2334 827 2429 884 Sin
2458 842 2587 881 vero
2617 829 2737 898 quis
2767 828 2994 894 dividat,
3036 840 3091 884 et
3120 833 3414 887 orationem
3445 850 3603 887 unam

2013 935 2126 975 rem
2146 918 2539 989 significantem
2560 920 2867 990 proferendi
2888 922 3604 994 intermissionedistribuat,

2015 1009 2294 1079 multiplex
2327 1009 2383 1063 fit
2414 1012 2610 1076 oratio,
2643 1019 2693 1063 ut
2720 1012 2765 1064 si
2796 1009 2939 1065 dicat
2962 1011 3182 1082 animal,
3214 1016 3497 1083 gressibile
3530 1017 3608 1072 bi-

2016 1114 2132 1171 pes,
2156 1117 2317 1156 unam
2346 1118 2455 1157 rem
2485 1103 2613 1157 mihi
2637 1111 2745 1158 tota
2772 1112 3036 1159 monstrat
3056 1092 3251 1171 oratio,
3281 1116 3335 1161 et
3355 1110 3607 1164 continue

2016 1192 2157 1247 dicta
2189 1202 2290 1249 est.
2328 1193 2421 1249 Sin
2453 1208 2580 1249 vero
2608 1194 2749 1249 dicat
2780 1195 2977 1251 animai
3002 1204 3057 1251 et
3086 1211 3273 1252 rursus
3302 1199 3604 1267 gressibile,

2016 1291 2070 1339 et
2096 1284 2198 1339 sub
2222 1285 2617 1341 intermissione
2642 1296 2847 1356 repetat
2869 1288 3039 1357 bipes,
3069 1290 3345 1359 multiplex
3373 1290 3476 1344 erit
3501 1292 3607 1347 dis-

2017 1378 2215 1431 tributa
2252 1378 2651 1433 intermissione
2681 1380 2873 1434 oratio.
2901 1380 2994 1434 Est
3025 1395 3211 1437 rursus
3240 1382 3523 1439 adversum
3555 1384 3606 1439 id

2017 1470 2262 1540 qurestio,
2296 1482 2351 1525 et
2376 1474 2494 1540 quis
2522 1472 2624 1527 hoc
2652 1488 2756 1527 non
2783 1474 2905 1543 jure
2929 1475 3135 1545 culpet,
3166 1491 3323 1546 posse
3344 1491 3461 1532 eam
3490 1492 3608 1549 quae

2021 1574 2123 1614 una
2144 1570 2229 1615 est
2249 1562 2547 1617 orationem
2574 1565 2973 1620 intermissione
2995 1566 3299 1637 proferendi
3330 1569 3445 1624 fieri
3475 1572 3609 1626 mul-

2020 1653 2289 1721 tiplicem,
2340 1670 2459 1711 cum
2509 1658 2846 1712 continuatio
2896 1657 3202 1727 proferendi
3254 1676 3358 1715 non
3411 1661 3609 1718 faceret

2020 1760 2202 1812 uuam,
2228 1761 2349 1817 qua:
2379 1756 2525 1803 esset
2550 1748 2827 1819 multiplex
2862 1763 2957 1819 per
2986 1759 3250 1806 naturam.
3286 1750 3437 1807 Sicut
3465 1755 3608 1809 enim

2021 1837 2074 1891 in
2110 1838 2216 1892 illis
2252 1854 2372 1907 qua:
2403 1839 2731 1909 multiplices
2759 1851 2882 1895 sunt
2912 1842 3250 1909 naturaliter,
3298 1857 3400 1897 non
3435 1852 3611 1913 potest

333 1928 604 1983 tiationem
652 1927 949 1996 simplicem
990 1929 1209 1984 faceret.
1242 1928 1353 1985 Cur
1381 1946 1511 1987 vero
1540 1948 1648 1987 una
1682 1936 1752 1989 sit
1795 1935 1916 1989 talis
1947 1930 1996 1991 Β
2021 1930 2352 1983 continuatio
2394 1930 2724 1998 proferendi.
2766 1945 2926 1985 unam
2965 1931 3141 1986 facere
3173 1934 3492 1999 oralionem,
3533 1934 3611 1989 sic
3672 1964 3677 1969 ι

334 2023 505 2077 oratio
534 2037 693 2077 causa
740 2023 1015 2092 qumritur,
1047 2038 1221 2093 neque
1254 2025 1398 2079 enim
1431 2040 1497 2080 ex
1539 2027 1670 2082 solis
1709 2027 1916 2083 duobus

334 2114 580 2169 terminis
607 2120 838 2180 constat,
874 2114 923 2168 id
951 2116 1092 2183 quod
1133 2115 1362 2172 dicimus
1392 2120 1593 2173 animal
1636 2121 1919 2191 gressibiie

335 2206 512 2275 bipes,
545 2212 743 2275 etquae
784 2207 1041 2273 nominat,
1078 2206 1228 2276 plura
1273 2215 1415 2271 sunt,
1448 2223 1615 2279 quare
1659 2210 1772 2279 ipse
1818 2212 1918 2267 sibi

337 2300 551 2365 institit,
609 2309 661 2354 et
705 2299 770 2354 de
820 2314 911 2353 sua
955 2301 1318 2370 prepositione
1360 2303 1624 2358 rationem
1674 2305 1918 2375 quaesivit

339 2408 493 2464 quam
540 2408 680 2447 nunc
710 2393 889 2447 dicere
929 2394 1263 2462 supersedit;
1298 2396 1370 2449 ait
1399 2396 1541 2450 enim
1568 2412 1583 2455 ;
1613 2396 1789 2464 Quare
1820 2410 1919 2453 au-
1946 2454 1949 2459 ,

337 2494 443 2539 tem
475 2500 636 2538 unum
667 2482 917 2554 quiddam
950 2493 1108 2540 estet
1140 2501 1244 2539 non
1275 2484 1463 2551 multa,
1496 2486 1691 2541 animal
1721 2488 1922 2557 gressi-

339 2574 446 2629 biie
474 2573 642 2644 bipes,
675 2588 847 2643 neque
877 2573 1019 2627 enim
1063 2576 1113 2628 in
1150 2589 1215 2629 eo
1245 2575 1383 2646 quod
1421 2576 1670 2632 dicuntur
1704 2578 1922 2649 propin-

338 2681 469 2734 que,
490 2682 652 2719 unum
678 2666 806 2719 erit.
846 2664 939 2719 Est
966 2674 1141 2719 autem
1179 2667 1399 2722 alterius
1440 2666 1541 2723 hoc
1571 2678 1801 2725 tractare
1829 2686 1923 2725 ne-

339 2758 490 2827 gotii.
528 2750 640 2812 Hoc
666 2757 869 2812 scilicet
908 2773 1155 2827 quarens
1199 2768 1448 2828 tanquam
1494 2761 1541 2814 si
1594 2760 1663 2815 ita
1704 2761 1817 2831 ipse
1854 2778 1919 2818 ex

342 2866 566 2920 persona
596 2866 690 2905 sua
719 2850 939 2916 diceret,
988 2849 1057 2905 de
1086 2850 1424 2921 simplicibus
1454 2853 1923 2908 enuntiationibus

340 2944 587 2998 onmibus
616 2943 729 3013 ipse
775 2943 1054 3012 loquebar,
1076 2944 1251 3013 deque
1279 2943 1361 2998 bis
1388 2944 1643 3014 proposui
1667 2959 1757 3000 eas
1784 2960 1923 3014 prae-

342 3048 421 3093 ter
450 3038 671 3091 verbum
695 3051 815 3091 esse
840 3051 945 3090 non
980 3051 1157 3105 posse,
1183 3042 1239 3091 et
1277 3036 1343 3090 ad
1375 3036 1513 3091 banc
1542 3053 1656 3092 rem
1691 3038 1925 3105 proban-

340 3133 464 3185 dam
489 3128 791 3197 exemplum
814 3132 1015 3199 sumpsi
1036 3127 1411 3183 diffinitionem
1438 3130 1690 3195 hominis,
1713 3130 1799 3185 cui
1819 3130 1919 3184 nisi

342 3228 446 3283 est,
476 3228 565 3271 aut
588 3218 708 3287 erit,
744 3228 835 3272 aut
864 3216 965 3271 fuit
1006 3225 1325 3288 appunelur,
1363 3220 1785 3274 enuntiationem
1813 3234 1919 3274 non

2022 2034 2236 2093 quoque
2268 2037 2371 2076 non
2397 2023 2556 2078 debet
2582 2038 2701 2091 quae
2732 2033 2814 2078 est
2841 2039 2943 2077 una
2973 2026 3291 2080 naturaliter
3312 2028 3507 2093 oratio,
3533 2027 3610 2081 id-

2023 2116 2169 2167 circo
2208 2114 2349 2185 quod
2391 2116 2457 2169 de
2484 2130 2591 2169 uno
2626 2116 2870 2180 subiecto
2898 2117 3129 2182 dicatur,
3162 2117 3277 2171 fieri
3325 2118 3606 2187 multiplex

2024 2220 2121 2276 per
2151 2206 2629 2261 intermiss‘onem.
2663 2206 2765 2261 Sed
2796 2207 2899 2261 hoc
2933 2208 3002 2261 ita
3032 2209 3279 2263 solvitur.
3325 2208 3457 2263 Nam
3487 2223 3607 2263 cum

2024 2299 2221 2354 animai
2253 2298 2502 2364 dicimus,
2544 2307 2598 2353 et
2622 2298 2723 2352 sub
2760 2298 3164 2354 intermissione
3190 2314 3378 2355 rursus
3405 2301 3608 2371 gressi-

2027 2393 2153 2459 biie,
2182 2392 2480 2459 eodemque
2508 2392 2669 2445 modo
2692 2393 2884 2446 iterum
2914 2393 3087 2462 bipes,
3117 2408 3221 2447 non
3249 2393 3364 2449 haec
3390 2395 3457 2448 ita
3480 2394 3609 2449 dici-

2024 2502 2163 2555 mus,
2198 2496 2448 2557 tanquam
2472 2489 2515 2540 si
2541 2488 2593 2539 in
2615 2500 2780 2540 unum
2810 2495 2998 2541 cuncta
3021 2487 3302 2555 conjuncta
3328 2488 3609 2554 sint.Qno—

2023 2581 2166 2636 circa
2196 2581 2448 2649 quoniam
2481 2588 2563 2633 est
2589 2578 2803 2649 quidem
2832 2580 3029 2633 animal
3054 2622 3067 2642 ,
3102 2593 3288 2634 rursus
3324 2581 3611 2649 greSsibile

2023 2681 2129 2737 est,
2156 2686 2340 2726 rursus
2371 2671 2543 2740 bipes,
2583 2671 2830 2741 quoniam
2869 2671 3015 2740 plura
3052 2681 3195 2737 sunt,
3243 2680 3296 2726 et
3338 2672 3613 2741 pluraliter

2025 2762 2191 2828 dicta,
2221 2763 2272 2816 id
2303 2773 2385 2817 est
2411 2762 2715 2828 distributa,
2762 2777 2866 2817 non
2901 2763 3150 2817 videntur
3186 2764 3253 2817 ad
3286 2780 3447 2818 unum
3481 2765 3611 2819 sub-

2021 2856 2221 2926 jectum
2259 2856 2544 2911 distributa
2587 2862 2744 2925 posse
2782 2858 3092 2926 praedicari,
3139 2859 3275 2912 sicut
3328 2874 3448 2913 cum
3491 2860 3611 2914 dico

2026 2947 2299 3013 Socrates,
2349 2948 2717 3017 pbiios«ipbus,
2764 2949 2953 3013 simus,
2998 2950 3209 3009 calvus.
3261 2965 3448 3015 senex,
3500 2952 3613 3005 inec

2026 3040 2205 3095 omnia
2235 3055 2341 3092 non
2366 3049 2448 3093 est
2478 3039 2705 3107 Simplex
2737 3040 2930 3105 oratio,
2954 3053 3053 3095 nec
3081 3040 3127 3094 si
3153 3039 3406 3094 continue
3437 3040 3610 3109 profc-

2026 3141 2196 3194 ratur,
2230 3130 2367 3198 quod
2400 3130 2464 3183 ad
2496 3143 2655 3184 unam
2683 3130 3030 3185 substantiam
3058 3146 3161 3185 non
3190 3132 3437 3195 tendunt,
3471 3133 3611 3186 acci-

2028 3221 2207 3275 dentia
2246 3222 2390 3275 enim
2418 3230 2575 3284 sunt,
2620 3231 2674 3276 et
2710 3221 3044 3277 extrinsecus
3068 3223 3306 3277 veniunt.
3353 3223 3613 3278 Probatur

342 3309 460 3365 fieri
492 3309 618 3377 dixi,
652 3311 797 3379 quasi
830 3324 931 3362 una
964 3318 1017 3362 et
1058 3324 1164 3362 non
1207 3308 1485 3379 multiplex
1533 3319 1678 3365 esset
1722 3313 1918 3381 oratio,
1950 3302 1999 3377 C
2029 3322 2205 3369 autem
2236 3330 2406 3384 neque
2445 3330 2536 3369 eas
2565 3315 2859 3379 orationes,
2902 3329 3019 3383 qua:
3065 3329 3158 3383 per
3187 3315 3501 3370 divisionem
3533 3316 3613 3368 di-

344 3413 401 3455 ea
434 3414 528 3468 per
550 3413 705 3469 quam
739 3397 933 3452 dicitur
962 3397 1158 3452 animal
1201 3398 1482 3468 gressibile
1513 3398 1685 3470 bipes,
1721 3400 1789 3455 de
1820 3416 1923 3470 qua

343 3489 456 3543 fieri
486 3489 651 3557 possit
688 3488 919 3555 simplex
951 3487 1267 3542 enuntiatio.
1298 3486 1406 3542 Cur
1434 3498 1615 3543 autem
1650 3499 1795 3546 esset
1823 3506 1925 3546 una

344 3580 535 3647 oratio,
566 3579 764 3633 animai
801 3579 1083 3649 gressibiie
1120 3579 1293 3647 bipes,
1333 3578 1579 3644 alterius,
1624 3581 1817 3651 inquit,
1846 3592 1929 3637 est

344 3675 444 3730 hoc
474 3683 703 3729 tractare
734 3673 949 3741 negotii,
978 3688 1100 3726 cum
1128 3673 1194 3726 de
1225 3672 1405 3736 rebus,
1443 3688 1549 3727 non
1580 3673 1646 3728 de
1681 3676 1927 3744 proposi-

344 3768 581 3823 tionibus
604 3767 997 3838 inspiciendum
1029 3778 1131 3823 est.
1162 3768 1293 3821 Nam
1324 3782 1432 3822 non
1459 3767 1659 3821 idcirco
1682 3783 1785 3821 una
1809 3783 1931 3823 ora-

344 3867 419 3919 tio
459 3873 562 3930 est,
594 3866 717 3934 quia
749 3867 1000 3919 continue
1045 3864 1260 3932 dicitur,
1291 3874 1345 3919 et
1375 3864 1661 3935 conjuncte
1692 3867 1926 3933 sibimet,

346 3956 541 4010 animal
573 3954 855 4025 gressibile
879 3954 1058 4023 bipes;
1093 3958 1192 4011 hoc
1216 3956 1356 4010 enim
1382 3957 1425 4009 si
1454 3957 1523 4009 ita
1554 3965 1718 4024 esset,
1747 3972 1933 4025 posse-

346 4062 469 4102 mus
517 4054 569 4100 et
611 4044 747 4099 hanc
776 4045 1071 4099 orationem
1120 4061 1236 4115 quce
1283 4053 1389 4098 tam
1434 4046 1596 4099 multa
1638 4045 1926 4115 significat,

346 4154 506 4196 unam
536 4138 737 4203 dicere,
765 4140 810 4193 si
844 4139 1097 4194 continue
1126 4138 1446 4209 proferatur,
1480 4150 1539 4194 ut
1564 4153 1646 4195 est
1678 4140 1932 4194 Socrates

347 4232 696 4305 philosophus
724 4231 912 4296 simus,
945 4231 1143 4295 calvus,
1170 4246 1353 4285 senex.
1404 4232 1542 4301 Ergo
1580 4233 1927 4302 quemadmo-

346 4326 471 4380 dum
514 4321 819 4391 hujusmodi
870 4321 1043 4376 oratio
1098 4322 1166 4376 sit
1220 4323 1519 4392 multiplex,
1564 4331 1619 4377 et
1642 4339 1748 4377 non
1806 4338 1929 4387 una,

348 4417 616 4487 posterius
642 4414 919 4479 dicemus;
952 4428 1079 4482 ergo
1113 4430 1253 4468 nunc
1296 4414 1637 4469 manifestum
1681 4416 1749 4469 sit
1797 4415 1934 4468 banc

350 4511 642 4565 orationem
690 4522 809 4578 qua:
855 4506 982 4560 dicit
1036 4508 1290 4562 Socrates
1332 4508 1684 4577 philosOpltus
1740 4509 1928 4571 simus,

350 4599 550 4665 calvus,
587 4613 770 4661 senex,
821 4612 925 4651 non
958 4611 1079 4653 esse
1118 4612 1298 4662 unam,
1334 4598 1428 4652 sed
1472 4596 1839 4666 multiplicem.
1876 4596 1931 4651 Si

2030 3419 2246 3475 cuntur,
2297 3423 2467 3478 neque
2512 3422 2603 3462 eas
2647 3423 2766 3478 quae
2807 3421 2911 3461 non
2953 3408 3019 3462 ad
3063 3422 3223 3462 unam
3262 3408 3612 3463 substantiam

2030 3501 2275 3568 tendunt,
2300 3516 2441 3578 .unas
2465 3514 2553 3555 ess
2574 3520 2605 3563 ι,
2639 3499 2739 3554 hoc
2768 3501 2925 3554 modo
2952 3520 2965 3556 :
2989 3500 3047 3557 Si
3072 3501 3213 3555 dicat
3239 3501 3357 3570 quis
3386 3500 3608 3567 animai,

2031 3602 2085 3647 ct
2126 3607 2311 3646 rursus
2341 3592 2643 3662 greSsibile,
2675 3599 2730 3647 et
2757 3593 2945 3647 iterum
2979 3592 3152 3663 bipes,
3193 3607 3297 3646 non
3343 3608 3505 3647 unum
3534 3601 3613 3647 est

2032 3685 2248 3747 animal,
2284 3700 2382 3737 nec
2425 3701 2584 3736 unum
2619 3685 2919 3751 gressihile,
2964 3700 3060 3739 nec
3100 3699 3262 3739 unum
3306 3685 3475 3753 bipes.
3519 3684 3614 3739 Sin

2031 3789 2163 3828 vero
2187 3775 2395 3838 dixero,
2420 3775 2614 3829 animal
2639 3776 2919 3844 gressibile
2942 3777 3091 3845 bipes
3116 3778 3388 3841 continue,
3413 3787 3465 3831 et
3494 3792 3615 3843 pre-

2034 3865 2250 3931 pinque,
2313 3880 2473 3917 unum
2524 3873 2637 3929 est,
2688 3864 2829 3933 quod
2887 3867 2985 3918 tria
3040 3867 3135 3918 ista
3187 3867 3369 3933 juncta
3410 3868 3616 3947 signifi-

2033 3970 2175 4023 cant,
2202 3962 2252 4017 id
2283 3970 2361 4014 est
2394 3963 2573 4014 homo.
2592 3960 2979 4013 Convertamus
3003 3974 3147 4013 nunc
3171 3962 3407 4013 animum
3431 3962 3495 4014 ad
3526 3977 3616 4016 eas

2036 4064 2152 4118 quae
2181 4052 2328 4119 plura
2352 4049 2567 4117 quidem
2594 4048 2915 4116 signiﬁcant.
2944 4048 3037 4101 sed
3064 4050 3317 4100 continue
3342 4049 3616 4114 proferun-

2035 4151 2140 4205 tur,
2172 4151 2229 4195 ut
2256 4158 2373 4194 cum
2407 4141 2527 4193 dico
2558 4141 2806 4193 Socrates
2839 4138 3187 4209 philosophus
3221 4140 3400 4192 calvus
3431 4156 3612 4203 senex,

2037 4232 2246 4287 videtur
2275 4231 2425 4302 quasi
2453 4230 2697 4299 quaedam
2725 4230 2960 4285 Socratis
2996 4243 3117 4283 esse
3146 4228 3413 4291 diffmitio,
3446 4229 3617 4297 philo.

2036 4326 2237 4395 sopitus
2275 4325 2456 4379 calvus
2490 4339 2675 4391 senex,
2719 4322 2811 4377 sed
2840 4338 2946 4376 non
2978 4336 3199 4376 necesse
3225 4331 3326 4385 est,
3357 4322 3401 4374 si
3433 4319 3617 4387 hujus-

2038 4417 2179 4472 modi
2209 4417 2347 4471 ratio
2375 4417 2617 4472 Socratis
2658 4416 2776 4480 fuit,
2807 4423 3033 4469 omnem“
3060 4414 3362 4483 quicunque
3387 4413 3619 4481 philoso-

2039 4508 2177 4577 pltus
2197 4520 2277 4563 est
2301 4524 2464 4563 senex
2495 4508 2698 4573 calvus,
2723 4506 2882 4560 etiam
2906 4507 3182 4561 Socratem
3207 4520 3344 4558 esse.
3362 4505 3416 4557 In
3442 4505 3621 4557 multis

2041 4614 2170 4667 ergo
2210 4600 2545 4653 continuatio
2587 4601 2687 4652 ista
2729 4598 2869 4650 valet
2914 4597 3179 4651 accidere.
3224 4598 3481 4662 Quocirca
3519 4613 3621 4651 non

350 4710 478 4766 ergo
550 4694 919 4764 propinquitas
963 4691 1268 4763 proferendi
1346 4692 1457 4759 ipsa
1529 4691 1931 4746 continuatione
1961 4664 2017 4723 Β
2045 4706 2205 4745 unum
2232 4691 2516 4759 Significat,
2535 4702 2837 4756 quanquam
2862 4688 3111 4741 continue
3136 4688 3457 4756 proferatur.
3488 4689 3622 4753 Ergo

351 4800 507 4841 unam
559 4785 759 4840 faceret
799 4784 1119 4850 orationem,
1184 4790 1367 4852 posset
1419 4780 1533 4835 hare
1573 4796 1785 4851 quoque
1828 4795 1930 4833 una

352 4864 468 4932 esse
518 4878 691 4930 oratio
720 4922 733 4943 ,
792 4891 910 4946 qum
961 4874 1242 4928 manifeste
1285 4888 1392 4927 non
1452 4888 1553 4927 una
1596 4886 1717 4928 esse
1774 4872 1933 4927 doce-

350 4969 509 5023 bitur.
569 4967 747 5034 Quare
800 4982 908 5020 non
961 4966 1161 5020 idcirco
1200 4966 1303 5019 erit
1356 4980 1455 5017 una
1505 4964 1677 5018 oratio
1718 4979 1779 5017 ea
1816 4977 1934 5032 qua:

352 5059 497 5123 dicit,
547 5057 745 5112 animal
805 5055 1088 5126 gressibile
1137 5056 1319 5124 bipes,
1376 5054 1515 5123 quod
1571 5054 1825 5109 continue
1883 5061 1937 5108 et

352 5152 647 5221 propinque
718 5148 1006 5219 profertur.
1071 5149 1201 5216 Quae
1261 5158 1437 5202 autem
1518 5162 1676 5202 causa
1739 5149 1938 5223 situt

350 5257 453 5297 una
484 5243 591 5308 sit,
624 5245 737 5311 ipse
766 5242 945 5296 dicere
970 5241 1205 5306 distulit,
1240 5241 1340 5294 sed
1376 5241 1430 5293 in
1468 5240 1616 5295 libris
1658 5242 1774 5309 ejus
1802 5256 1938 5310 ope-

350 5335 425 5388 ris
455 5333 595 5403 quod
621 5334 769 5388 Μετᾶ
796 5335 860 5387 τὰ
880 5334 1070 5404 φυσικὰ
1096 5331 1427 5395 inscribitur,
1452 5331 1739 5397 expedivit.
1763 5332 1940 5386 Theo-

352 5424 605 5494 phrastus
632 5430 807 5476 autem
840 5424 907 5477 de
942 5423 1300 5476 affirmatione
1334 5431 1388 5475 et
1421 5423 1701 5489 negatione
1737 5422 1817 5475 sic
1845 5423 1943 5476 du-

351 5517 484 5581 cuit,
533 5512 909 5568 diffinitionem
959 5528 1120 5568 unam
1169 5528 1386 5580 semper
1436 5525 1561 5566 esse
1615 5513 1934 5581 orationem,

350 5620 583 5676 eamque
610 5611 857 5672 oportere
884 5603 1236 5659 eontiriuatim
1263 5602 1517 5671 proferri;
1546 5602 1636 5657 illa
1664 5602 1805 5656 enim
1836 5620 1938 5659 una

353 5700 529 5755 oratio
555 5712 676 5751 esse
698 5695 911 5761 dicitur,
946 5710 1063 5766 qua:
1088 5696 1245 5749 unius
1268 5695 1580 5749 substantia:
1611 5694 1941 5765 designativa

356 5803 460 5849 est.
489 5789 747 5845 Diffinitio
768 5798 966 5857 autem,
990 5797 1047 5842 ut
1076 5788 1222 5843 verbi
1254 5788 1421 5858 gratia
1457 5788 1706 5853 hmninis,
1742 5791 1939 5845 animal

358 5883 639 5957 gressibiie
682 5880 856 5953 bipes,
878 5895 985 5936 una
1026 5890 1112 5937 est
1156 5880 1330 5937 oratio
1377 5894 1472 5951 per
1519 5880 1644 5953 hoc,
1686 5883 1940 5954 quoniam

2043 4784 2088 4837 si
2119 4797 2186 4837 ex
2216 4782 2466 4851 omnibus
2499 4796 2661 4834 unum
2690 4779 2905 4849 quidem
2931 4778 3278 4847 significetur,
3302 4791 3354 4834 et
3376 4782 3623 4834 continue

2046 4875 2364 4945 proferatur,
2398 4889 2499 4927 una
2530 4884 2611 4928 est
2642 4874 2835 4937 oratio,
2870 4882 2927 4927 ut
2957 4883 3139 4943 partes
3165 4875 3406 4945 quaedam
3439 4878 3510 4930 rei
3537 4877 3625 4928 de-

2044 4968 2209 5021 finitae
2237 4967 2339 5020 sint
2369 4981 2427 5019 ea
2457 4981 2576 5035 quae
2608 4966 2657 5018 in
2691 4964 3012 5020 diffinitione
3042 4977 3329 5034 ponuntur,
3361 4984 3464 5019 non
3488 4966 3625 5019 acci-

2045 5058 2247 5113 dentia.
2301 5056 2366 5110 Et
2396 5055 2606 5125 proficit
2634 5054 2849 5125 quidem
2882 5055 3084 5125 aliquid
3116 5057 3368 5110 continua
3404 5038 3626 5124 prolatio

2047 5149 2113 5202 ad
2158 5149 2534 5217 perficiendam
2564 5163 2723 5201 unam
2756 5150 3078 5212 orationem,
3115 5149 3206 5202 sed
3236 5150 3344 5217 ipsa
3378 5148 3488 5200 sola
3522 5163 3625 5200 non

2045 5241 2263 5305 sufficit,
2291 5239 2393 5294 nisi
2418 5255 2579 5293 unum
2604 5239 2852 5309 quodque
2882 5238 3179 5308 subjectum
3211 5242 3299 5304 sit;
3323 5247 3479 5305 atque
3510 5239 3627 5293 ideo

2047 5328 2182 5382 dixit
2209 5330 2550 5395 Aristoteles,
2576 5330 2773 5384 animal
2801 5329 3079 5397 gressibiie
3102 5330 3267 5397 bipes,
3297 5344 3400 5381 non
3428 5330 3629 5383 idcirco

2048 5435 2169 5475 esse
2198 5435 2355 5473 unam
2388 5421 2711 5488 orationem,
2740 5419 2879 5489 quod
2912 5421 3205 5489 propinque
3237 5420 3475 5485 dicatur,
3510 5438 3628 5475 nam

2050 5529 2225 5584 neque
2241 5516 2439 5570 sufficit
2463 5517 2525 5568 ad
2552 5514 2979 5569 constituendam
3004 5530 3163 5568 unam
3183 5518 3483 5572 orationem
3508 5534 3629 5585 prn-

2048 5610 2317 5680 pinquitas
2346 5610 2650 5679 proferendi
2675 5651 2689 5673 ,
2721 5610 2961 5680 nihilque
2993 5611 3301 5679 prohiberet
3330 5630 3446 5681 qna:
3474 5624 3625 5669 natu-

2048 5704 2235 5757 raliter
2263 5712 2446 5758 essent
2480 5704 2825 5772 multiplices,
2858 5721 2950 5760 eas
2976 5708 3226 5762 continue
3250 5719 3300 5763 et
3335 5715 3630 5781 propinque

2050 5797 2282 5865 prolatas
2310 5812 2439 5851 unas
2462 5797 2647 5863 videri,
2674 5797 2767 5852 sed
2801 5799 3101 5869 itujusmodi
3120 5803 3195 5857 rei
3221 5805 3481 5860 rationem
3512 5808 3629 5863 Ari-

2050 5886 2269 5944 stoteles
2295 5904 2493 5960 ponere
2525 5886 2749 5946 distulit.
2786 5890 2989 5950 Sensus
3016 5905 3146 5963 ergo
3175 5894 3475 5967 bujusmodi
3506 5906 3625 5952 est:
