4270 6266
642 418 743 474 M7
1875 418 1977 472 AN.
2022 416 2234 473 MANL.
2274 417 2428 474 SEV.
2466 417 2696 474 BOETII
3823 419 3917 473 Ηδ

642 534 875 589 Necesse
904 538 1006 595 est,
1041 529 1231 598 inquit,
1264 544 1475 585 omnem
1508 530 1892 585 enuntiativam
1924 531 2226 586 orationem
2254 535 2310 595 Α
2336 532 2617 597 multiplex
2639 548 2668 586 a
2690 536 3009 600 composita.
3034 534 3127 589 Est
3149 550 3277 605 ergo
3300 548 3403 589 una
3424 533 3595 588 oratio
3615 550 3731 602 qua:
3752 553 3910 592 unum

643 640 709 680 ex
736 624 897 677 verbo
926 635 1047 676 esse
1086 622 1165 676 vel
1196 636 1345 677 casu.
1396 622 1604 677 Etenim
1636 621 1871 676 hominis
1904 622 2038 677 ratio
2058 662 2073 685 ,
2107 638 2225 692 qnte
2329 622 2617 693 signiﬁcat,
2642 623 2923 692 multiplex
2946 634 3123 681 autem
3149 641 3268 696 qua:
3290 642 3394 681 non
3419 643 3603 690 unum,
3623 629 3715 683 sed
3743 629 3911 697 plura.

640 726 696 770 et
742 716 852 782 ipsa
894 728 1107 782 quoque
1147 714 1319 767 oratio
1361 722 1465 777 est,
1505 715 1548 767 si
1579 730 1683 767 non
1717 724 1820 777 est,
1865 716 2103 779 auterit,
2137 724 2229 770 aut
2330 714 2616 769 Fitantem
2645 715 2818 769 hocin
2846 717 3147 785 ltujusmodi
3171 719 3524 783 orationibus,
3545 729 3601 774 ut
3620 735 3739 774 cum
3763 721 3909 775 dico:

644 807 770 870 luit,
803 814 896 859 aut
922 805 1121 873 aliquid
1153 805 1457 874 hujusmodi
1488 806 1567 860 illi
1598 805 1846 870 addatur,
1880 805 2113 861 nondum
2144 818 2228 863 est
2326 805 2458 863 Cato
2498 808 2852 879 philosophus
2889 818 2994 874 est,
3037 809 3151 863 Inec
3186 812 3358 864 oratio
3388 827 3494 865 non
3528 821 3613 865 est
3642 828 3768 876 una,
3810 828 3913 865 non
4002 860 4009 865 .

641 896 959 968 enuntiatio,
986 895 1087 950 hoc
1128 911 1255 950 vero
1285 896 1337 950 in
1385 896 1514 950 solis
1543 897 1875 967 simplicibus
1905 900 2228 954 enuntiatio-
2326 902 2469 955 enim
2500 915 2662 954 unum
2694 900 2990 969 signiﬁcat;
3022 910 3197 969 potest
3224 902 3367 956 enim
3399 914 3701 957 monstrare
3726 913 3779 957 et
3810 902 3910 956 Ca-

641 989 799 1043 nibus
837 986 1037 1042 evenit.
1070 986 1123 1041 lu
1169 987 1253 1040 his
1296 996 1476 1042 autem
1515 1003 1632 1056 qua:
1682 988 2059 1056 conjunmione
2108 1006 2226 1044 una:
2331 1006 2508 1051 tonem
2560 996 2865 1052 Uticensem
2916 1011 3036 1052 esse
3082 996 3480 1066 philosophum,
3536 1008 3708 1067 potest
3752 998 3911 1051 etiam

640 1089 765 1133 sunt
792 1080 875 1150 (ut
903 1093 1061 1149 supra
1089 1080 1199 1147 jam
1231 1080 1329 1147 ait)
1363 1094 1468 1132 non
1512 1079 1732 1134 omnino
1770 1088 1875 1133 est.
1917 1079 2049 1132 Cum
2081 1082 2226 1134 enim
2329 1087 2613 1142 ostendere
2636 1096 2690 1142 et
2717 1085 2973 1140 Catonem
3004 1085 3316 1142 Censorium
3346 1097 3612 1142 oratorem
3644 1103 3766 1143 esse
3797 1087 3912 1155 phi-

640 1170 781 1236 tlico,
810 1169 925 1225 dies
970 1180 1072 1237 est,
1106 1168 1185 1223 vis
1230 1179 1338 1223 tota
1377 1173 1428 1223 ill
1463 1169 1626 1224 verbo
1652 1179 1754 1224 est.
1783 1169 1837 1226 Si
1888 1180 2067 1226 autem
2104 1187 2225 1226 cum
2330 1180 2750 1250 losophum,qua
2777 1181 2827 1234 in
2856 1194 2915 1233 re
2942 1194 3046 1234 non
3078 1194 3178 1231 una
3210 1189 3292 1232 est
3321 1180 3686 1248 oratio,alque
3711 1178 3913 1231 idcirco

641 1261 1018 1329 conjunctione
1062 1262 1351 1330 proferam,
1394 1263 1436 1314 si
1470 1261 1587 1316 dies
1616 1272 1719 1329 est,
1751 1262 1840 1316 lux
1870 1274 1976 1327 est,
2007 1272 2113 1319 tota
2145 1264 2227 1320 vis

2225 1300 2227 1314 ι
2330 1272 2383 1327 in
2418 1271 2652 1327 Uticensi
2682 1270 2898 1341 quidem
2924 1271 3129 1325 Catone
3154 1280 3235 1324 est
3263 1285 3416 1334 vera,
3448 1271 3502 1324 in
3541 1279 3755 1324 oratore
3785 1285 3911 1322 vero

644 1357 694 1409 in
720 1354 1100 1423 conjunctione
1127 1353 1392 1407 consistit.
1422 1353 1673 1409 Veritatis
1702 1356 1844 1409 enim
1866 1365 1956 1408 aut
1983 1354 2227 1411 falsitatis
2330 1362 2485 1418 falsa.
2510 1362 2829 1431 Hujusmodi
2859 1377 2987 1431 ergo
3012 1362 3281 1415 orationes
3299 1362 3498 1431 multas
3521 1374 3791 1415 vocamus.
3818 1361 3911 1414 Sin

643 1450 901 1504 rationem
952 1449 1063 1502 sola
1111 1448 1422 1518 conjunctio
1476 1459 1639 1514 tenet,
1692 1466 1811 1519 quae
1858 1449 2225 1505 conditionem
2329 1469 2459 1509 vero
2488 1470 2649 1508 unum
2682 1454 2965 1524 signiﬁcat,
2993 1462 3049 1507 ut
3078 1468 3197 1507 cum
3228 1452 3457 1506 dicimus
3486 1452 3541 1507 in
3568 1451 3749 1506 charta
3780 1452 3909 1505 scri-

644 1541 913 1609 pr0ponit,
941 1555 1060 1596 cum
1091 1541 1242 1605 dicit,
1272 1541 1315 1595 si
1348 1542 1462 1597 dies
1488 1553 1589 1607 est,
1613 1545 1698 1596 lux
1728 1544 1895 1602 est.si
1923 1544 2065 1597 enim
2096 1543 2226 1598 illud
2330 1544 2496 1612 bitur,
2544 1545 2688 1599 illam
2736 1544 2962 1599 dicimus
3006 1559 3187 1599 unam.
3221 1543 3363 1614 Ergo
3406 1559 3508 1597 una
3552 1559 3666 1613 quzi-
3719 1543 3786 1597 sit
3831 1542 3909 1595 vel

642 1642 743 1697 est,
796 1632 924 1686 illud
971 1634 1169 1689 evenit.
1203 1633 1366 1703 Igitur
1411 1633 1463 1687 in
1510 1633 1887 1703 conjunctione
1928 1635 2104 1689 omnis
2148 1635 2226 1690 vis
2331 1638 2605 1708 multiplex
2625 1637 2853 1708 .oratio,
2895 1653 2960 1692 ex
2994 1637 3077 1690 his
3108 1635 3418 1706 intelligitur
3453 1651 3571 1702 quae
3613 1634 3910 1703 signiﬁcan-

645 1724 946 1793 hujusmodi
998 1726 1377 1794 propositionis
1416 1738 1521 1789 est,
1561 1728 1736 1781 omnis
1778 1737 1953 1781 autem
1998 1729 2226 1798 simplex
2333 1740 2449 1795 tur;
2474 1730 2519 1784 si
2546 1730 2689 1784 enim
2718 1744 2876 1783 unam
2904 1728 3167 1794 signiﬁcat
3199 1741 3333 1791 rem,
3359 1740 3458 1779 una
3490 1734 3592 1791 est,
3621 1727 3664 1779 si
3697 1724 3909 1787 multas,

645 1818 938 1886 propositio
983 1825 1146 1872 totam
1196 1817 1301 1870 vim
1346 1818 1400 1870 in
1450 1816 1615 1872 verbo
1658 1817 1818 1872 habet
1861 1818 2112 1887 positam.
2163 1818 2227 1873 Et
2330 1822 2630 1890 multiplex.
2660 1821 2943 1890 Simplices
2981 1830 3163 1875 autem
3210 1828 3264 1873 et
3302 1818 3614 1886 composita:
3643 1818 3912 1870 orationes

643 1914 1093 1980 quemadmodum
1120 1913 1170 1967 in
1204 1913 1287 1969 liis
1314 1929 1433 1985 qua;
1460 1914 1817 1985 bypotbetica:
1845 1914 1928 1969 vel
1962 1912 2226 1967 conditio-
2255 1908 2304 1969 Β
2332 1928 2437 1968 non
2458 1914 2523 1967 ad
2554 1913 3020 1983 signiﬁcationem,
3052 1911 3146 1966 sed
3174 1911 3239 1963 ad
3265 1908 3521 1964 terminos
3551 1911 3696 1977 ipsos
3721 1907 3913 1963 dictio-

644 2004 791 2057 nales
820 2004 1099 2069 dicuntur,
1140 2006 1548 2074 conjunctiones
1588 2006 1695 2060 vim
1730 2006 2113 2075 propositionis
2142 2013 2222 2059 te-
2332 2020 2535 2074 nesque
2564 2022 2685 2076 qua:
2714 2008 2766 2060 in
2802 2004 3253 2074 propositionibus
3280 2012 3587 2066 sumuntur,
3618 2001 3913 2056 referendae

643 2107 792 2167 nent,
832 2098 911 2152 sic
949 2098 1000 2152 in
1039 2097 1373 2168 simplicibus
1413 2097 1866 2167 propositionibus
1911 2097 2223 2167 pradicatio
2334 2107 2477 2152 sunt.
2506 2098 2571 2152 Et
2601 2106 2683 2151 est
2710 2096 2925 2166 quidem
2956 2095 3184 2162 simplex
3212 2092 3387 2146 oratio
3412 2090 3762 2156 enttntiativa,
3796 2105 3916 2159 quat

642 2191 746 2244 vim
778 2190 1006 2259 obtinet,
1041 2192 1180 2246 unde
1206 2201 1257 2247 et
1289 2192 1475 2247 Grtece
1501 2206 1713 2262 quoque
1745 2192 1875 2247 tales
1903 2191 2225 2261 propositio-
2331 2201 2397 2242 ex
2429 2189 2561 2242 solis
2590 2186 2797 2242 duobus
2829 2184 3070 2241 terminis
3099 2192 3329 2248 constat,
3352 2191 3409 2235 ut
3437 2190 3543 2246 est,
3576 2180 3738 2234 homo
3765 2180 3914 2235 vivit.

641 2297 735 2339 nes
759 2288 1107 2360 κατηγορικαί,
1137 2286 1186 2339 id
1208 2293 1290 2340 est
1321 2285 1694 2354 praedicativae,
1718 2286 1986 2353 dicuntur,
2017 2285 2225 2342 scilicet
2330 2277 2455 2332 Sive
2480 2289 2657 2332 autem
2684 2278 2767 2330 his
2789 2274 3243 2347 pr0positionibus
3268 2276 3445 2328 omnis
3473 2272 3793 2337 addatur,ut
3812 2282 3911 2334 est,

641 2390 761 2445 qua:
792 2378 1231 2447 suntsintptiees,
1257 2378 1476 2447 quodin
1504 2378 1588 2432 bis
1613 2386 1775 2433 totom
1804 2377 2222 2447 propositionem
2327 2369 2503 2423 omnis
2546 2369 2707 2422 homo
2737 2368 2882 2432 vivit,
2917 2370 3030 2423 sive
3059 2367 3262 2432 nullus,
3304 2377 3361 2420 ut
3389 2366 3571 2420 nullus
3602 2365 3735 2435 lapis
3762 2364 3912 2445 vivit,

642 2466 877 2522 obtineat
920 2468 1252 2537 praedicatio,
1301 2479 1457 2537 atque
1498 2468 1619 2523 ideo
1661 2469 1977 2523 Aristoteles
2018 2468 2113 2533 ait,
2156 2482 2222 2521 ex
2330 2462 2443 2515 sive
2472 2460 2688 2530 aliquis,
2736 2469 2794 2514 ut
2823 2460 3018 2530 aliquis
3048 2460 3210 2514 homo
3238 2458 3391 2521 vivit,
3420 2457 3502 2512 vel
3534 2456 3727 2526 aliquis
3755 2457 3913 2510 homo

643 2560 810 2613 verbo
839 2560 921 2614 vel
953 2576 1079 2613 casu
1111 2562 1224 2614 ﬁeri
1267 2564 1564 2631 simplicem
1600 2564 2047 2618 enuntiationem.
2089 2560 2222 2616 Nam
2328 2570 2329 2603 1

2328 2566 2434 2606 non
2472 2552 2626 2616 vivit,
2668 2551 2921 2621 quoniam
2964 2548 3180 2605 termini
3226 2548 3324 2619 ipsi
3365 2546 3471 2603 duo
3508 2556 3653 2611 sunt,
3686 2544 3910 2615 simplex

640 2658 833 2717 praeter
862 2649 914 2702 id
944 2650 1085 2719 quod
1112 2653 1349 2705 continet
1380 2660 1547 2706 totam
1577 2655 1998 2723 propositionem
2032 2654 2225 2723 praedi-
2329 2652 2549 2699 νοεειυτ
2573 2642 2890 2713 Proposuit):
2920 2638 3215 2710 οοωροεὶιθ
3242 2652 3370 2692 vero
3397 2636 3441 2692 εί
3481 2636 3621 2690 υ¹ῑ¹¹³
3650 2636 3908 2690 “Win”

641 2728 901 2808 cativam,
944 2742 1152 2797 scilicet
1195 2752 1388 2812 prmter
1420 2746 1879 2811 praedicationem,
1925 2748 2224 2803 enuntiatio

2328 2738 2463 2792 duos
2489 2735 2757 2802 enuntiat,
2789 2742 2847 2789 ut
2869 2744 2951 2789 est
2978 2733 3129 2789 Plato
3157 2728 3505 2818 philosOphus
3532 2728 3585 2782 in
3610 2728 3773 2797 lycreo
3800 2742 3911 2781 am-

640 2848 745 2888 non
763 2834 842 2901 lit,
862 2835 1001 2890 unde
1032 2844 1115 2889 est
1140 2837 1424 2906 utnegatio
1449 2852 1659 2908 quoque
1682 2853 1786 2892 non
1818 2840 1883 2893 ad
1901 2839 2222 2909 subjectum,
2330 2830 2498 2884 bulat.
2526 2828 2623 2884 Hic
2645 2829 2788 2883 enim
2813 2836 3043 2898 quatuor
3062 2832 3187 2880 sunt
3211 2822 3448 2889 termini,
3472 2820 3554 2875 vel
3581 2822 3625 2875 si
3654 2830 3763 2873 tres
3787 2820 3910 2883 sint,

640 2927 731 2982 sed
775 2929 842 2980 ad
874 2928 1224 2997 praedicatum
1247 2943 1461 2998 semper
1491 2938 1721 2999 aptetur.
1771 2930 1902 2984 Nam
1932 2946 2051 2985 cum
2081 2931 2221 2994 dico,
2331 2932 2387 2975 ut
2417 2921 2568 2975 Plato
2602 2918 2952 2989 pltiluSOphus
2981 2916 3240 2980 ambulat,
3270 2915 3351 2968 hae
3382 2926 3597 2983 quoque
3624 2913 3665 2964 si
3697 2912 3776 2963 eis
3802 2925 3913 2963 om-

642 3021 721 3075 sol
749 3021 940 3087 oritttr,
973 3037 1076 3075 non
1098 3033 1181 3076 est
1210 3021 1369 3091 hujus
1402 3023 1635 3091 negatio,
1663 3038 1767 3077 non
1800 3023 1881 3077 sol
1911 3026 2100 3085 oritur,
2127 3024 2224 3077 sed

2330 3015 2433 3077 nis,
2475 3022 2568 3067 aut
2615 3012 2810 3075 nullus,
2858 3019 2948 3063 aut
2990 3007 3182 3076 aliquis
3231 3005 3478 3071 addatur,
3511 3003 3703 3075 eodem
3758 3002 3911 3056 tnodo

640 3113 725 3166 illa
757 3128 877 3183 quae
905 3124 1021 3179 est,
1054 3114 1134 3167 sol
1168 3128 1272 3167 non
1301 3114 1495 3181 oritur,
1541 3124 1700 3183 atque
1747 3114 1868 3169 ideo
1908 3114 2119 3183 negatio
2158 3113 2223 3175 ad
2330 3106 2643 3175 compositae
2671 3114 2811 3159 sunt.
2843 3103 2987 3173 Ergo
3013 3118 3117 3157 una
3143 3102 3226 3156 vel
3259 3100 3536 3170 multiplex
3562 3099 3736 3152 oratio
3760 3098 3914 3153 intel-

640 3204 937 3273 subjectum
965 3205 1160 3273 posita,
1176 3220 1281 3259 non
1300 3204 1425 3259 facit
1439 3208 1765 3261 contrariam
1782 3207 2220 3277 propositionem,

2333 3200 2533 3267 ligitur,
2578 3198 2625 3251 si
2654 3214 2817 3251 unum
2847 3197 2932 3251 vel
2965 3195 3126 3249 multa
3175 3192 3461 3263 signiﬁcat,
3505 3201 3560 3246 et
3601 3191 3669 3246 de
3701 3191 3912 3261 prOpria

641 3294 704 3349 ad
748 3295 1093 3362 praedicatum
1128 3312 1260 3352 vero
1288 3297 1465 3352 reddit
1490 3301 1838 3354 contrariam.
1866 3297 2033 3353 Recte
2064 3299 2223 3368 igitur
2252 3277 2297 3343 C
2328 3291 2719 3361 signiﬁcatione
2770 3304 2986 3359 semper
3023 3287 3313 3357 jndicatur.
3369 3284 3611 3355 Simplex
3644 3294 3822 3339 autem
3861 3293 3914 3339 et

640 3390 960 3444 Aristoteles
989 3390 1056 3444 de
1091 3390 1335 3467 subjecto
1366 3390 1497 3445 nihil
1526 3392 1735 3447 locutus
1779 3401 1879 3445 est.
1930 3390 2044 3444 Non
2076 3391 2221 3446 enim
2328 3384 2619 3452 composita
2650 3398 2754 3436 non
2781 3398 2844 3437 ex
2874 3380 3287 3450 signiﬁcatione.
3319 3378 3412 3432 δεά
3442 3392 3507 3433 θκ
3537 3376 3825 3467 verbm”?
3857 3387 3914 3431 οι

642 3481 1042 3551 prmdicativant
1079 3484 1501 3553 propositionem
1537 3484 1811 3552 subjectus
1849 3485 2105 3538 terminus
2148 3492 2225 3537 te-
2327 3474 2604 3529 nominum
2636 3470 2939 3541 pluralitate
2968 3469 3335 3540 cognoscitur;
3369 3468 3414 3522 si
3442 3467 3584 3522 enim
3614 3468 3752 3521 ultra
3779 3465 3915 3521 duos

643 3583 753 3639 net,
778 3574 869 3629 sed
896 3583 1097 3629 tantum
1124 3576 1463 3645 praedicatus,
1487 3576 1578 3645 qui
1609 3584 1773 3631 totam
1798 3570 2222 3629 enun'tiatiouem

2329 3565 2586 3620 terminos
2635 3562 2795 3616 habet
2843 3560 3160 3631 propositio,
3195 3559 3494 3628 composita
3543 3566 3648 3625 est,
3680 3558 3727 3612 si
3778 3558 3914 3614 duos

641 3664 854 3735 prepria
887 3666 1083 3721 virtute
1113 3666 1415 3721 conlirmat.
2327 3667 2554 3720 tantum,
2584 3655 2833 3724 simplex.
2859 3653 2916 3711 Si
2946 3670 3074 3726 ergo
3104 3669 3319 3723 semper
3340 3654 3513 3708 oratio
3543 3668 3663 3723 quae
3684 3652 3915 3722 simplex

690 3755 782 3810 Est
809 3766 978 3812 autem
994 3776 1094 3812 una
1112 3761 1274 3812 oratio
1297 3758 1721 3823 etttnttiatina,nel
1745 3773 1858 3828 quia
1881 3774 2042 3810 unum
2064 3758 2225 3827 aigni-
2326 3760 2427 3817 est,
2459 3750 2507 3803 id
2532 3759 2615 3806 est
2635 3765 2753 3819 qua:
2774 3749 2983 3804 duobus
3006 3750 3249 3803 terminis
3270 3757 3502 3811 constat,
3523 3763 3681 3802 unam
3709 3756 3914 3803 tantum

641 3849 862 3919 βᾶσαι,υεί
877 3853 1232 3922 conjunctione
1250 3869 1375 3917 una,
1391 3854 1562 3921 plures
1578 3868 1715 3916 vero,
1732 3867 1845 3921 qua:
1865 3853 2034 3919 plura,
2050 3859 2095 3903 et
2120 3866 2221 3903 non
2326 3843 2774 3915 signiﬁcationem
2796 3846 3073 3906 retineret,
3090 3836 3461 3897 indiﬁ'erenter
3482 3841 3583 3896 dici
3611 3849 3788 3910 posset
3810 3855 3911 3894 una

642 3954 822 4002 unum,
850 3939 925 3991 uel
967 3940 1331 4012 inconjunctw.
1375 3940 1580 3996 Nomen
1614 3958 1733 4011 ergo
1763 3951 1810 3995 et
1824 3943 2025 3995 verbum
2066 3940 2223 3994 dictio
2324 3937 2497 3993 oratio
2523 3946 2577 3992 et
2608 3936 2859 4007 simplex,
2891 3936 3078 3993 eadem
3102 3936 3245 3991 enim
3268 3951 3375 3990 una
3399 3946 3564 4002 esset,
3597 3952 3715 4005 qum
3751 3936 3912 3990 etiam

641 4030 704 4084 sit
732 4031 860 4093 sola,
889 4033 1128 4100 quoniam
1165 4050 1267 4087 non
1297 4044 1368 4087 est
1399 4034 1586 4096 dicere,
1609 4034 1680 4088 sic
1711 4033 1905 4103 aliquid
1924 4022 2225 4105 signiﬁcan-
2325 4030 2583 4101 simplex;
2605 4030 2698 4086 sed
2716 4029 2967 4100 quoniam
2986 4043 3089 4083 non
3110 4028 3736 4098 omnissimplcx,unum
3755 4029 3913 4096 signi-

641 4130 739 4174 tem
766 4137 912 4190 voce,
945 4126 1238 4190 enuntiare,
1264 4124 1340 4179 vel
1370 4126 1542 4195 aliqua
1583 4126 1946 4196 interrogante,
1992 4126 2067 4180 vel
2095 4141 2219 4194 non,
2327 4127 2471 4190 licat,
2508 4140 2613 4178 non
2635 4124 2810 4179 omnis
2831 4122 3198 4192 simplex,una
3220 4131 3321 4177 est.
3349 4120 3525 4176 Potest
3556 4136 3682 4191 ergo
3714 4122 3825 4174 ﬁeri
3858 4130 3912 4177 ut

640 4217 729 4267 sed
754 4216 863 4284 ipso
892 4220 1195 4284 proferente.
2324 4214 2552 4282 simplex
2581 4213 2796 4283 quidem
2828 4213 2898 4267 sit
2922 4212 3240 4283 propositio,
3273 4212 3451 4265 multa:
3485 4221 3659 4265 tamen
3713 4210 3911 4264 oratio-

714 4306 808 4360 llic
835 4314 1160 4359 monstratur
1188 4308 1439 4374 quoniam
1482 4316 1607 4361 tunc
1647 4321 1767 4360 cum
1805 4306 1941 4361 dixit
1969 4322 1983 4361 :
2010 4306 2103 4360 Est
2128 4322 2224 4359 an-
2324 4304 2715 4379 nes;_simplex
2746 4304 2960 4373 quidem
2991 4304 3056 4358 ad
3086 4303 3527 4373 compositionem
3575 4300 3869 4357 dictionum
3891 4341 3908 4370 ,

639 4408 746 4453 tem
778 4414 878 4453 uua
909 4398 1077 4468 prima
1106 4398 1281 4453 oratio
1307 4398 1635 4454 enttutiativa
1663 4399 1980 4464 allirmatio,
2027 4399 2223 4455 deinde
2326 4398 2504 4452 multa:
2546 4412 2674 4451 vero
2699 4396 2766 4451 ad
2815 4396 3260 4468 signiﬁcationem
3289 4396 3697 4451 sententiarum.
3729 4395 3910 4463 Quare

638 4494 872 4559 negatio.
900 4491 1129 4546 Primam
1158 4506 1280 4547 eum
1310 4507 1414 4545 tton
1445 4490 1513 4545 de
1533 4505 1593 4545 ea
1622 4488 1866 4546 oratione
1895 4491 2095 4546 dixisse
2123 4506 2223 4561 pu-
2330 4490 2434 4546 erit
2456 4492 2507 4544 iu
2532 4490 2633 4545 hoc
2661 4491 2871 4559 gemina
2896 4491 3221 4557 dill‘erentia,
3246 4500 3303 4545 ut
3331 4505 3488 4545 unam
3520 4490 3761 4544 dicamus
3784 4490 3912 4544 sim-

643 4582 859 4637 tandum
885 4594 988 4648 est,
1014 4599 1133 4654 qua:
1160 4585 1472 4640 naturaliter
1498 4600 1601 4640 una
1634 4594 1737 4651 cst,
1768 4584 1862 4640 sed
1889 4585 1957 4641 de
1986 4584 2221 4639 allirma-
2328 4582 2522 4652 plicem
2562 4598 2829 4653 unamque
2881 4586 3178 4640 orationem
3200 4625 3217 4651 ,
3249 4586 3469 4640 alteram
3514 4584 3810 4654 simplicem
3860 4592 3912 4638 et

640 4676 807 4741 tione,
853 4678 1051 4749 alioqui
1094 4678 1181 4733 hic
1220 4694 1431 4750 quoque
1469 4690 1721 4750 repetens
1750 4680 1822 4733 ita
1851 4679 2095 4735 dixisset.
2128 4680 2223 4734 Est
2252 4654 2302 4715 Ῑ)
2328 4676 2507 4748 plures
2536 4676 2830 4731 orationes.
2856 4675 3064 4731 Rursus
3091 4678 3133 4730 si
3166 4691 3352 4731 omnes
3377 4678 3692 4745 composita
3716 4674 3910 4729 oratio-

637 4776 815 4822 autem
845 4770 1016 4823 oratio
1044 4785 1145 4824 una
1178 4771 1347 4839 prima
1373 4772 1699 4825 euuntiativa
1728 4787 1848 4841 qua:
1869 4788 2033 4826 unum
2060 4772 2224 4841 signi-
2328 4784 2423 4823 nes
2447 4768 2624 4832 plures
2646 4769 2809 4823 etiam
2842 4783 2929 4823 res
2960 4769 3345 4838 signiﬁcarent,
3371 4768 3741 4822 indill'erenter
3767 4768 3912 4821 dice-

639 4857 785 4921 ﬁent,
837 4860 929 4912 sed
978 4862 1229 4928 quoniam
1270 4877 1377 4914 non
1429 4860 1498 4915 ita
1546 4862 1701 4927 dixit,
1751 4852 2094 4916 manifestum
2141 4870 2225 4916 est
2326 4875 2506 4915 remus
2533 4859 2885 4928 multiplicem
2913 4868 2967 4914 et
2986 4859 3363 4929 compositam;
3392 4858 3487 4914 sed
3514 4858 3763 4928 quoniam
3798 4856 3909 4911 ﬁeri

636 4949 778 5020 quod
820 4948 1019 5004 dudum
1068 4951 1142 5004 ait
1187 4951 1435 5019 primam,
1483 4969 1586 5005 non
1627 4951 1695 5006 ad
1739 4952 2059 5016 orationem,
2103 4967 2221 5020 qua:
2327 4960 2500 5021 potest
2539 4961 2599 5005 ut
2624 4952 2919 5021 propositio
2944 4952 3227 5023 aliquoties
3252 4952 3468 5021 quidem
3492 4959 3701 5011 constet
3728 4966 3792 5004 ex
3816 4966 3913 5003 nu-

636 5051 833 5112 prmter
859 5042 1292 5111 conjunctionem
1322 5058 1424 5094 tina
1450 5052 1555 5106 est,
1579 5042 1847 5107 retulisse,
1871 5040 1965 5096 sed
1990 5044 2054 5095 ad
2078 5042 2221 5096 al'ﬁr-
2325 5045 2553 5098 nterosis
2585 5044 2933 5114 pluribusque
2966 5046 3211 5113 terminis
3240 5060 3400 5115 quam
3433 5045 3541 5099 sint
3580 5043 3720 5105 duo,
3754 5058 3911 5097 unam

640 5133 926 5189 motionem
949 5172 966 5199 ,
995 5148 1153 5203 quam
1187 5132 1469 5203 negatione
1492 5133 1721 5201 priorem
1752 5146 1873 5187 esse
1902 5141 2174 5187 constaret
2207 5151 2217 5185 :
2327 5145 2501 5190 tamen
2532 5138 2852 5191 sententiam
2913 5148 3198 5195 monstret.
3233 5136 3419 5193 Potest
3446 5137 3659 5207 quidem
3704 5136 3817 5189 ﬁeri
3859 5145 3913 5189 ut

638 5226 733 5281 sed
784 5228 886 5283 hoc
927 5226 1038 5296 jam
1083 5228 1329 5297 superius
1368 5225 1569 5282 dictum
1613 5236 1714 5281 est.
1748 5226 1885 5293 Quid
1917 5234 2094 5281 autent
2120 5226 2222 5281 sibi
2324 5222 2617 5297 composita
2669 5230 2771 5296 sit,
2804 5244 2905 5284 una
2957 5240 3133 5287 tamen
3180 5231 3351 5285 oratio
3404 5231 3475 5284 sit
3522 5228 3912 5297 signiﬁcatione

638 5306 914 5373 velit‘htec
942 5319 1297 5383 enumeratio,
1330 5319 1512 5388 paucis
1536 5332 1822 5387 exponam.
1854 5316 2045 5371 Multas
2074 5317 2219 5371 enim
2325 5318 2621 5389 composita
2647 5318 2906 5385 dictione,
2937 5328 2998 5374 tit
3020 5332 3104 5377 est
3122 5321 3317 5375 animal
3342 5320 3624 5384 rationale,
3660 5317 3909 5379 mortale,

637 5411 980 5465 t-ontusiones
1030 5412 1329 5481 multosque
1376 5411 1429 5464 in
1478 5410 1812 5465 orationibus
1850 5423 2087 5476 errores,
2134 5409 2220 5464 hic
2326 5417 2521 5472 mentis
2549 5426 2605 5471 et
2630 5415 2932 5485 disciplina:
2964 5430 3159 5485 capax:
3196 5416 3312 5471 haec
3341 5413 3557 5485 quidem
3589 5413 3740 5482 plura
3768 5423 3910 5473 sunt,

638 5502 788 5555 locus
818 5503 1018 5573 optime
1046 5505 1353 5560 intellectus
1383 5506 1750 5574 veraciterque
1781 5512 2065 5573 perceptus
2096 5516 2216 5557 sus-
2325 5508 2419 5563 sed
2448 5508 2530 5563 his
2577 5523 2679 5563 una
2712 5508 3011 5563 substantia
3067 5508 3305 5577 subjecta
3350 5515 3466 5571 est,
3516 5506 3569 5560 id
3609 5516 3693 5560 est
3731 5504 3910 5559 homo.

639 5593 778 5662 tulit,
816 5606 870 5651 et
896 5595 1010 5651 haec
1031 5608 1115 5653 est
1140 5599 1405 5669 expositio
1430 5613 1587 5669 quam
1617 5596 1793 5653 nullus
1814 5606 1937 5651 ante
1978 5595 2219 5665 l’orpliy-
2326 5602 2502 5669 Quare
2532 5617 2633 5656 una
2662 5616 2875 5671 quoque
2903 5602 3165 5657 sententia
3188 5608 3296 5654 est.
3330 5599 3426 5655 Sin
3452 5613 3579 5654 vero
3607 5599 3729 5668 quis
3750 5596 3907 5657 dicat.

638 5686 772 5737 riunt
804 5689 1168 5755 expositorum
1196 5690 1347 5745 vidit.
1380 5689 1499 5745 Non
1528 5701 1609 5746 est
1638 5690 1774 5745 idem
1806 5702 2035 5756 namque
2058 5700 2214 5739 unam
2324 5695 2577 5751 Socrates
2626 5705 2680 5750 et
2705 5696 2964 5761 ambulat,
2995 5704 3050 5750 et
3088 5695 3343 5763 loquitur,
3391 5702 3446 5748 et
3488 5692 3709 5762 cogitat,
3750 5688 3908 5744 multa

640 5792 760 5831 esse
802 5780 1097 5838 orationem
1141 5796 1196 5837 et
1240 5784 1613 5853 multiplicem,
1648 5784 1790 5853 quod
1832 5781 2131 5851 simplicem
2161 5788 2215 5833 et
2326 5798 2469 5842 sunt.
2504 5787 2723 5843 Diversa
2769 5796 2895 5842 sunt
2919 5787 3097 5851 enim,
3126 5797 3180 5841 et
3208 5788 3352 5856 quod
3394 5785 3660 5849 ambulat,
3690 5778 3907 5851 etquod

635 5872 1008 5943 compositam,
1040 5888 1092 5933 et
1132 5876 1298 5935 distat
1338 5892 1440 5935 una
1479 5893 1509 5933 a
1551 5878 1801 5949 simplici,
1847 5876 2010 5933 distat
2052 5876 2211 5933 etiam
2326 5878 2583 5948 loquitur,
2615 5880 2833 5948 etquod
2862 5879 3077 5949 cogitat.
3117 5878 3294 5945 Quare
3322 5880 3424 5935 erit
3450 5876 3735 5949 aliquando
3761 5888 3907 5933 conn
