  <div class='ocr_page' id='page_1' title='image "/cluster/home/n/w/nwhite01/storage/ocr_20150623/64/hvd.32044073505265/230.png"; bbox 0 0 4270 6266; ppageno 0'>
   <div class='ocr_carea' id='block_1_1' title="bbox 329 284 438 347">
    <p class='ocr_par' dir='ltr' id='par_1_1' title="bbox 329 284 438 347">
     <span class='ocr_line' id='line_1_1' title="bbox 329 284 438 347; baseline 0.028 -3"><span class='ocrx_word' id='word_1_1' title='bbox 329 284 438 347; x_wconf 64' lang='lat' dir='ltr'><strong>M9</strong></span> 
     </span>
    </p>
   </div>
   <div class='ocr_carea' id='block_1_2' title="bbox 1074 279 2881 366">
    <p class='ocr_par' dir='ltr' id='par_1_2' title="bbox 1074 279 2881 366">
     <span class='ocr_line' id='line_1_2' title="bbox 1074 279 2881 366; baseline -0.003 -27"><span class='ocrx_word' id='word_1_2' title='bbox 1074 287 1137 341; x_wconf 84' lang='lat' dir='ltr'><strong>IN</strong></span> <span class='ocrx_word' id='word_1_3' title='bbox 1176 286 1428 366; x_wconf 72' lang='lat' dir='ltr'><strong>LIBRUM</strong></span> <span class='ocrx_word' id='word_1_4' title='bbox 1473 286 1556 341; x_wconf 86' lang='lat' dir='ltr'><strong>DE</strong></span> <span class='ocrx_word' id='word_1_5' title='bbox 1597 279 2239 339; x_wconf 74' lang='lat' dir='ltr'><strong>INTERPRETATIONE</strong></span> <span class='ocrx_word' id='word_1_6' title='bbox 2282 280 2507 335; x_wconf 80' lang='lat' dir='ltr'><strong>EDITIO</strong></span> <span class='ocrx_word' id='word_1_7' title='bbox 2545 279 2881 337; x_wconf 80' lang='lat' dir='ltr'><strong>SECUNDA.</strong></span> 
     </span>
    </p>
   </div>
   <div class='ocr_carea' id='block_1_3' title="bbox 3499 286 3605 341">
    <p class='ocr_par' dir='ltr' id='par_1_3' title="bbox 3499 286 3605 341">
     <span class='ocr_line' id='line_1_3' title="bbox 3499 286 3605 341; baseline 0 -1"><span class='ocrx_word' id='word_1_8' title='bbox 3499 286 3605 341; x_wconf 64' lang='grc'><strong>450</strong></span> 
     </span>
    </p>
   </div>
   <div class='ocr_carea' id='block_1_4' title="bbox 328 388 3606 473">
    <p class='ocr_par' dir='ltr' id='par_1_4' title="bbox 328 388 3606 473">
     <span class='ocr_line' id='line_1_4' title="bbox 328 388 3606 473; baseline -0.005 -15"><span class='ocrx_word' id='word_1_9' title='bbox 328 402 493 473; x_wconf 87' lang='lat' dir='ltr'><strong>posita</strong></span> <span class='ocrx_word' id='word_1_10' title='bbox 522 400 739 473; x_wconf 86' lang='lat' dir='ltr'><strong>quidem</strong></span> <span class='ocrx_word' id='word_1_11' title='bbox 765 395 961 464; x_wconf 80' lang='lat' dir='ltr'><strong>oratio,</strong></span> <span class='ocrx_word' id='word_1_12' title='bbox 995 415 1099 453; x_wconf 87' lang='lat' dir='ltr'><strong>una</strong></span> <span class='ocrx_word' id='word_1_13' title='bbox 1132 409 1306 454; x_wconf 91' lang='lat' dir='ltr'><strong>tamen</strong></span> <span class='ocrx_word' id='word_1_14' title='bbox 1336 398 1463 453; x_wconf 84' lang='lat' dir='ltr'><strong>:sed</strong></span> <span class='ocrx_word' id='word_1_15' title='bbox 1492 395 1745 464; x_wconf 88' lang='lat' dir='ltr'><strong>quoniam</strong></span> <span class='ocrx_word' id='word_1_16' title='bbox 1766 408 1910 448; x_wconf 89' lang='lat' dir='ltr'><strong>com-</strong></span> <span class='ocrx_word' id='word_1_17' title='bbox 1943 398 1987 454; x_wconf 78' lang='grc' dir='ltr'>Α</span> <span class='ocrx_word' id='word_1_18' title='bbox 2020 406 2140 446; x_wconf 93' lang='lat' dir='ltr'><strong>cum</strong></span> <span class='ocrx_word' id='word_1_19' title='bbox 2173 390 2288 443; x_wconf 87' lang='lat' dir='ltr'><strong>sine</strong></span> <span class='ocrx_word' id='word_1_20' title='bbox 2316 389 2697 465; x_wconf 65' lang='lat' dir='ltr'><strong>conjunctione</strong></span> <span class='ocrx_word' id='word_1_21' title='bbox 2724 406 2826 443; x_wconf 88' lang='lat' dir='ltr'><strong>non</strong></span> <span class='ocrx_word' id='word_1_22' title='bbox 2859 396 2960 445; x_wconf 90' lang='lat' dir='ltr'><strong>est.</strong></span> <span class='ocrx_word' id='word_1_23' title='bbox 2989 388 3105 443; x_wconf 81' lang='lat' dir='ltr'><strong>Alio</strong></span> <span class='ocrx_word' id='word_1_24' title='bbox 3135 404 3262 444; x_wconf 87' lang='lat' dir='ltr'><strong>vero</strong></span> <span class='ocrx_word' id='word_1_25' title='bbox 3288 403 3407 442; x_wconf 90' lang='lat' dir='ltr'><strong>cum</strong></span> <span class='ocrx_word' id='word_1_26' title='bbox 3443 403 3606 446; x_wconf 67' lang='lat' dir='ltr'><strong>unum</strong></span> 
     </span>
    </p>
   </div>
   <div class='ocr_carea' id='block_1_5' title="bbox 328 489 1917 565">
    <p class='ocr_par' dir='ltr' id='par_1_5' title="bbox 328 489 1917 565">
     <span class='ocr_line' id='line_1_5' title="bbox 328 489 1917 565; baseline -0.006 -15"><span class='ocrx_word' id='word_1_27' title='bbox 328 497 498 565; x_wconf 88' lang='lat' dir='ltr'><strong>posita</strong></span> <span class='ocrx_word' id='word_1_28' title='bbox 549 492 724 548; x_wconf 91' lang='lat' dir='ltr'><strong>oratio</strong></span> <span class='ocrx_word' id='word_1_29' title='bbox 773 493 1053 563; x_wconf 73' lang='lat' dir='ltr'><strong>aliquoties</strong></span> <span class='ocrx_word' id='word_1_30' title='bbox 1084 492 1294 561; x_wconf 82' lang='lat' dir='ltr'><strong>quidem</strong></span> <span class='ocrx_word' id='word_1_31' title='bbox 1333 492 1583 545; x_wconf 82' lang='lat' dir='ltr'><strong>continue</strong></span> <span class='ocrx_word' id='word_1_32' title='bbox 1635 489 1751 543; x_wconf 89' lang='lat' dir='ltr'><strong>sine</strong></span> <span class='ocrx_word' id='word_1_33' title='bbox 1781 502 1917 542; x_wconf 89' lang='lat' dir='ltr'><strong>con-</strong></span> 
     </span>
    </p>
   </div>
   <div class='ocr_carea' id='block_1_6' title="bbox 330 580 1913 652">
    <p class='ocr_par' dir='ltr' id='par_1_6' title="bbox 330 580 1913 652">
     <span class='ocr_line' id='line_1_6' title="bbox 330 580 1913 652; baseline -0.006 -11"><span class='ocrx_word' id='word_1_34' title='bbox 330 588 605 652; x_wconf 65' lang='lat' dir='ltr'><strong>junctione</strong></span> <span class='ocrx_word' id='word_1_35' title='bbox 636 585 834 640; x_wconf 83' lang='lat' dir='ltr'><strong>dicitur</strong></span> <span class='ocrx_word' id='word_1_36' title='bbox 857 629 869 651; x_wconf 92' lang='lat'><strong>,</strong></span> <span class='ocrx_word' id='word_1_37' title='bbox 900 586 1182 651; x_wconf 74' lang='lat' dir='ltr'><strong>aliquoties</strong></span> <span class='ocrx_word' id='word_1_38' title='bbox 1210 584 1583 652; x_wconf 75' lang='lat' dir='ltr'><strong>conjunctione</strong></span> <span class='ocrx_word' id='word_1_39' title='bbox 1613 580 1913 649; x_wconf 86' lang='lat' dir='ltr'><strong>copulatur,</strong></span> 
     </span>
    </p>
   </div>
   <div class='ocr_carea' id='block_1_7' title="bbox 330 676 1917 755">
    <p class='ocr_par' dir='ltr' id='par_1_7' title="bbox 330 676 1917 755">
     <span class='ocr_line' id='line_1_7' title="bbox 330 676 1917 755; baseline -0.007 -22"><span class='ocrx_word' id='word_1_40' title='bbox 330 682 469 735; x_wconf 86' lang='lat' dir='ltr'><strong>liuttt</strong></span> <span class='ocrx_word' id='word_1_41' title='bbox 507 682 631 734; x_wconf 71' lang='lat' dir='ltr'><strong>hinc</strong></span> <span class='ocrx_word' id='word_1_42' title='bbox 662 692 887 746; x_wconf 88' lang='lat' dir='ltr'><strong>quatuor</strong></span> <span class='ocrx_word' id='word_1_43' title='bbox 912 678 1245 755; x_wconf 41' lang='lat' dir='ltr'><strong>di&#39;ﬁerentiaa.</strong></span> <span class='ocrx_word' id='word_1_44' title='bbox 1281 679 1371 730; x_wconf 77' lang='lat' dir='ltr'><strong>Est</strong></span> <span class='ocrx_word' id='word_1_45' title='bbox 1417 676 1558 729; x_wconf 91' lang='lat' dir='ltr'><strong>enim</strong></span> <span class='ocrx_word' id='word_1_46' title='bbox 1612 689 1713 728; x_wconf 86' lang='lat' dir='ltr'><strong>una</strong></span> <span class='ocrx_word' id='word_1_47' title='bbox 1746 682 1861 727; x_wconf 86' lang='lat' dir='ltr'><strong>orat</strong></span> <span class='ocrx_word' id='word_1_48' title='bbox 1886 688 1917 723; x_wconf 93' lang='lat' dir='ltr'><strong>o</strong></span> 
     </span>
    </p>
   </div>
   <div class='ocr_carea' id='block_1_8' title="bbox 332 763 1919 838">
    <p class='ocr_par' dir='ltr' id='par_1_8' title="bbox 332 763 1919 838">
     <span class='ocr_line' id='line_1_8' title="bbox 332 763 1919 838; baseline -0.006 -14"><span class='ocrx_word' id='word_1_49' title='bbox 332 772 627 838; x_wconf 74' lang='lat' dir='ltr'><strong>composita</strong></span> <span class='ocrx_word' id='word_1_50' title='bbox 675 785 741 823; x_wconf 85' lang='lat' dir='ltr'><strong>ex</strong></span> <span class='ocrx_word' id='word_1_51' title='bbox 792 768 1037 823; x_wconf 84' lang='lat' dir='ltr'><strong>terminis</strong></span> <span class='ocrx_word' id='word_1_52' title='bbox 1084 767 1436 821; x_wconf 70' lang='lat' dir='ltr'><strong>continuatim</strong></span> <span class='ocrx_word' id='word_1_53' title='bbox 1485 766 1672 828; x_wconf 90' lang='lat' dir='ltr'><strong>dictis,</strong></span> <span class='ocrx_word' id='word_1_54' title='bbox 1707 773 1760 818; x_wconf 92' lang='lat' dir='ltr'><strong>et</strong></span> <span class='ocrx_word' id='word_1_55' title='bbox 1802 763 1919 816; x_wconf 87' lang='lat' dir='ltr'><strong>sine</strong></span> 
     </span>
    </p>
   </div>
   <div class='ocr_carea' id='block_1_9' title="bbox 334 858 1939 929">
    <p class='ocr_par' dir='ltr' id='par_1_9' title="bbox 334 858 1939 929">
     <span class='ocr_line' id='line_1_9' title="bbox 334 858 1939 929; baseline -0.004 -15"><span class='ocrx_word' id='word_1_56' title='bbox 334 860 713 929; x_wconf 86' lang='lat' dir='ltr'><strong>conjunctione</strong></span> <span class='ocrx_word' id='word_1_57' title='bbox 770 874 925 913; x_wconf 88' lang='lat' dir='ltr'><strong>unant</strong></span> <span class='ocrx_word' id='word_1_58' title='bbox 969 858 1287 914; x_wconf 75' lang='lat' dir='ltr'><strong>sententiam</strong></span> <span class='ocrx_word' id='word_1_59' title='bbox 1341 872 1679 920; x_wconf 83' lang='lat' dir='ltr'><strong>monstrans,</strong></span> <span class='ocrx_word' id='word_1_60' title='bbox 1732 864 1788 908; x_wconf 89' lang='lat' dir='ltr'><strong>ut</strong></span> <span class='ocrx_word' id='word_1_61' title='bbox 1837 861 1939 909; x_wconf 72' lang='lat' dir='ltr'><strong>est</strong></span> 
     </span>
    </p>
   </div>
   <div class='ocr_carea' id='block_1_10' title="bbox 335 946 1920 1015">
    <p class='ocr_par' dir='ltr' id='par_1_10' title="bbox 335 946 1920 1015">
     <span class='ocr_line' id='line_1_10' title="bbox 335 946 1920 1015; baseline -0.004 -10"><span class='ocrx_word' id='word_1_62' title='bbox 335 951 535 1005; x_wconf 81' lang='lat' dir='ltr'><strong>animal</strong></span> <span class='ocrx_word' id='word_1_63' title='bbox 567 949 852 1013; x_wconf 66' lang='lat' dir='ltr'><strong>rationale,</strong></span> <span class='ocrx_word' id='word_1_64' title='bbox 884 950 1128 1015; x_wconf 49' lang='lat' dir='ltr'><strong>mortale,</strong></span> <span class='ocrx_word' id='word_1_65' title='bbox 1156 949 1350 1003; x_wconf 91' lang='lat' dir='ltr'><strong>mentis</strong></span> <span class='ocrx_word' id='word_1_66' title='bbox 1385 957 1440 1003; x_wconf 91' lang='lat' dir='ltr'><strong>et</strong></span> <span class='ocrx_word' id='word_1_67' title='bbox 1470 946 1767 1014; x_wconf 71' lang='lat' dir='ltr'><strong>disciplina:</strong></span> <span class='ocrx_word' id='word_1_68' title='bbox 1800 961 1920 1013; x_wconf 88' lang='lat' dir='ltr'><strong>per-</strong></span> 
     </span>
    </p>
   </div>
   <div class='ocr_carea' id='block_1_11' title="bbox 336 1038 1925 1111">
    <p class='ocr_par' dir='ltr' id='par_1_11' title="bbox 336 1038 1925 1111">
     <span class='ocr_line' id='line_1_11' title="bbox 336 1038 1925 1111; baseline -0.004 -15"><span class='ocrx_word' id='word_1_69' title='bbox 336 1040 600 1111; x_wconf 88' lang='lat' dir='ltr'><strong>ceptibile.</strong></span> <span class='ocrx_word' id='word_1_70' title='bbox 640 1040 762 1093; x_wconf 70' lang='lat' dir='ltr'><strong>Haec</strong></span> <span class='ocrx_word' id='word_1_71' title='bbox 787 1039 927 1092; x_wconf 90' lang='lat' dir='ltr'><strong>enim</strong></span> <span class='ocrx_word' id='word_1_72' title='bbox 960 1040 1131 1092; x_wconf 88' lang='lat' dir='ltr'><strong>oratio</strong></span> <span class='ocrx_word' id='word_1_73' title='bbox 1153 1038 1449 1107; x_wconf 84' lang='lat' dir='ltr'><strong>composita</strong></span> <span class='ocrx_word' id='word_1_74' title='bbox 1497 1038 1713 1107; x_wconf 88' lang='lat' dir='ltr'><strong>quidem</strong></span> <span class='ocrx_word' id='word_1_75' title='bbox 1747 1045 1830 1090; x_wconf 90' lang='lat' dir='ltr'><strong>est</strong></span> <span class='ocrx_word' id='word_1_76' title='bbox 1858 1051 1925 1090; x_wconf 87' lang='lat' dir='ltr'><strong>ex</strong></span> 
     </span>
    </p>
   </div>
   <div class='ocr_carea' id='block_1_12' title="bbox 338 1128 1924 1197">
    <p class='ocr_par' dir='ltr' id='par_1_12' title="bbox 338 1128 1924 1197">
     <span class='ocr_line' id='line_1_12' title="bbox 338 1128 1924 1197; baseline -0.003 -12"><span class='ocrx_word' id='word_1_77' title='bbox 338 1132 516 1185; x_wconf 89' lang='lat' dir='ltr'><strong>multis</strong></span> <span class='ocrx_word' id='word_1_78' title='bbox 553 1131 816 1194; x_wconf 90' lang='lat' dir='ltr'><strong>terminis,</strong></span> <span class='ocrx_word' id='word_1_79' title='bbox 846 1130 938 1185; x_wconf 90' lang='lat' dir='ltr'><strong>sed</strong></span> <span class='ocrx_word' id='word_1_80' title='bbox 971 1130 1405 1197; x_wconf 77' lang='lat' dir='ltr'><strong>conjunctionem</strong></span> <span class='ocrx_word' id='word_1_81' title='bbox 1450 1145 1555 1183; x_wconf 94' lang='lat' dir='ltr'><strong>non</strong></span> <span class='ocrx_word' id='word_1_82' title='bbox 1588 1128 1769 1194; x_wconf 89' lang='lat' dir='ltr'><strong>habet,</strong></span> <span class='ocrx_word' id='word_1_83' title='bbox 1800 1142 1924 1181; x_wconf 91' lang='lat' dir='ltr'><strong>nam</strong></span> 
     </span>
    </p>
   </div>
   <div class='ocr_carea' id='block_1_13' title="bbox 336 1219 1921 1292">
    <p class='ocr_par' dir='ltr' id='par_1_13' title="bbox 336 1219 1921 1292">
     <span class='ocr_line' id='line_1_13' title="bbox 336 1219 1921 1292; baseline -0.004 -15"><span class='ocrx_word' id='word_1_84' title='bbox 336 1222 473 1292; x_wconf 85' lang='lat' dir='ltr'><strong>quod</strong></span> <span class='ocrx_word' id='word_1_85' title='bbox 520 1221 719 1276; x_wconf 87' lang='lat' dir='ltr'><strong>dictum</strong></span> <span class='ocrx_word' id='word_1_86' title='bbox 749 1232 830 1276; x_wconf 89' lang='lat' dir='ltr'><strong>est</strong></span> <span class='ocrx_word' id='word_1_87' title='bbox 876 1221 1071 1275; x_wconf 81' lang='lat' dir='ltr'><strong>ntett&#39;is</strong></span> <span class='ocrx_word' id='word_1_88' title='bbox 1110 1234 1160 1275; x_wconf 90' lang='lat' dir='ltr'><strong>et</strong></span> <span class='ocrx_word' id='word_1_89' title='bbox 1190 1221 1492 1290; x_wconf 68' lang='lat' dir='ltr'><strong>disciplina:</strong></span> <span class='ocrx_word' id='word_1_90' title='bbox 1530 1219 1879 1289; x_wconf 88' lang='lat' dir='ltr'><strong>perceptihile</strong></span> <span class='ocrx_word' id='word_1_91' title='bbox 1904 1257 1921 1283; x_wconf 93' lang='lat'><strong>,</strong></span> 
     </span>
    </p>
   </div>
   <div class='ocr_carea' id='block_1_14' title="bbox 337 1311 1926 1385">
    <p class='ocr_par' dir='ltr' id='par_1_14' title="bbox 337 1311 1926 1385">
     <span class='ocr_line' id='line_1_14' title="bbox 337 1311 1926 1385; baseline -0.003 -17"><span class='ocrx_word' id='word_1_92' title='bbox 337 1316 449 1370; x_wconf 85' lang='lat' dir='ltr'><strong>htec</strong></span> <span class='ocrx_word' id='word_1_93' title='bbox 479 1316 788 1385; x_wconf 76' lang='lat' dir='ltr'><strong>coniunctio</strong></span> <span class='ocrx_word' id='word_1_94' title='bbox 819 1331 939 1385; x_wconf 69' lang='lat' dir='ltr'><strong>quae</strong></span> <span class='ocrx_word' id='word_1_95' title='bbox 978 1324 1063 1369; x_wconf 82' lang='lat' dir='ltr'><strong>est</strong></span> <span class='ocrx_word' id='word_1_96' title='bbox 1096 1325 1141 1367; x_wconf 83' lang='lat' dir='ltr'><strong>et</strong></span> <span class='ocrx_word' id='word_1_97' title='bbox 1186 1314 1383 1368; x_wconf 88' lang='lat' dir='ltr'><strong>nullam</strong></span> <span class='ocrx_word' id='word_1_98' title='bbox 1422 1315 1472 1366; x_wconf 92' lang='lat' dir='ltr'><strong>in</strong></span> <span class='ocrx_word' id='word_1_99' title='bbox 1526 1324 1632 1366; x_wconf 86' lang='lat' dir='ltr'><strong>tota</strong></span> <span class='ocrx_word' id='word_1_100' title='bbox 1678 1311 1926 1381; x_wconf 82' lang='lat' dir='ltr'><strong>proposi-</strong></span> 
     </span>
    </p>
   </div>
   <div class='ocr_carea' id='block_1_15' title="bbox 337 1402 1927 1476">
    <p class='ocr_par' dir='ltr' id='par_1_15' title="bbox 337 1402 1927 1476">
     <span class='ocr_line' id='line_1_15' title="bbox 337 1402 1927 1476; baseline -0.004 -16"><span class='ocrx_word' id='word_1_101' title='bbox 337 1408 480 1463; x_wconf 88' lang='lat' dir='ltr'><strong>tione</strong></span> <span class='ocrx_word' id='word_1_102' title='bbox 506 1410 612 1462; x_wconf 86' lang='lat' dir='ltr'><strong>vim</strong></span> <span class='ocrx_word' id='word_1_103' title='bbox 643 1408 875 1473; x_wconf 92' lang='lat' dir='ltr'><strong>obtinet,</strong></span> <span class='ocrx_word' id='word_1_104' title='bbox 914 1422 1085 1476; x_wconf 90' lang='lat' dir='ltr'><strong>neque</strong></span> <span class='ocrx_word' id='word_1_105' title='bbox 1113 1406 1256 1460; x_wconf 91' lang='lat' dir='ltr'><strong>enim</strong></span> <span class='ocrx_word' id='word_1_106' title='bbox 1287 1404 1564 1473; x_wconf 89' lang='lat' dir='ltr'><strong>conjungit</strong></span> <span class='ocrx_word' id='word_1_107' title='bbox 1601 1402 1927 1472; x_wconf 85' lang='lat' dir='ltr'><strong>propositio-</strong></span> 
     </span>
    </p>
   </div>
   <div class='ocr_carea' id='block_1_16' title="bbox 338 1494 1931 1567">
    <p class='ocr_par' dir='ltr' id='par_1_16' title="bbox 338 1494 1931 1567">
     <span class='ocr_line' id='line_1_16' title="bbox 338 1494 1931 1567; baseline -0.006 -12"><span class='ocrx_word' id='word_1_108' title='bbox 338 1518 483 1566; x_wconf 88' lang='lat' dir='ltr'><strong>nem,</strong></span> <span class='ocrx_word' id='word_1_109' title='bbox 507 1500 602 1555; x_wconf 88' lang='lat' dir='ltr'><strong>sed</strong></span> <span class='ocrx_word' id='word_1_110' title='bbox 633 1510 803 1555; x_wconf 82' lang='lat' dir='ltr'><strong>artem</strong></span> <span class='ocrx_word' id='word_1_111' title='bbox 837 1500 1005 1567; x_wconf 82' lang='lat' dir='ltr'><strong>addit,</strong></span> <span class='ocrx_word' id='word_1_112' title='bbox 1038 1498 1192 1566; x_wconf 88' lang='lat' dir='ltr'><strong>cujus</strong></span> <span class='ocrx_word' id='word_1_113' title='bbox 1222 1494 1588 1561; x_wconf 85' lang='lat' dir='ltr'><strong>susceptibilis</strong></span> <span class='ocrx_word' id='word_1_114' title='bbox 1614 1495 1776 1547; x_wconf 87' lang='lat' dir='ltr'><strong>homo</strong></span> <span class='ocrx_word' id='word_1_115' title='bbox 1810 1506 1931 1546; x_wconf 89' lang='lat' dir='ltr'><strong>esse</strong></span> 
     </span>
    </p>
   </div>
   <div class='ocr_carea' id='block_1_17' title="bbox 341 1583 1931 1653">
    <p class='ocr_par' dir='ltr' id='par_1_17' title="bbox 341 1583 1931 1653">
     <span class='ocr_line' id='line_1_17' title="bbox 341 1583 1931 1653; baseline -0.003 -12"><span class='ocrx_word' id='word_1_116' title='bbox 341 1589 607 1653; x_wconf 88' lang='lat' dir='ltr'><strong>videatur,</strong></span> <span class='ocrx_word' id='word_1_117' title='bbox 631 1599 686 1643; x_wconf 92' lang='lat' dir='ltr'><strong>et</strong></span> <span class='ocrx_word' id='word_1_118' title='bbox 712 1588 873 1641; x_wconf 87' lang='lat' dir='ltr'><strong>habet</strong></span> <span class='ocrx_word' id='word_1_119' title='bbox 905 1603 1066 1640; x_wconf 89' lang='lat' dir='ltr'><strong>unam</strong></span> <span class='ocrx_word' id='word_1_120' title='bbox 1092 1585 1444 1641; x_wconf 83' lang='lat' dir='ltr'><strong>substantiam</strong></span> <span class='ocrx_word' id='word_1_121' title='bbox 1467 1583 1783 1652; x_wconf 67' lang='lat' dir='ltr'><strong>subjectum,</strong></span> <span class='ocrx_word' id='word_1_122' title='bbox 1811 1596 1931 1651; x_wconf 74' lang='lat' dir='ltr'><strong>quae</strong></span> 
     </span>
    </p>
   </div>
   <div class='ocr_carea' id='block_1_18' title="bbox 341 1668 1930 1744">
    <p class='ocr_par' dir='ltr' id='par_1_18' title="bbox 341 1668 1930 1744">
     <span class='ocr_line' id='line_1_18' title="bbox 341 1668 1930 1744; baseline -0.006 -12"><span class='ocrx_word' id='word_1_123' title='bbox 341 1688 425 1732; x_wconf 86' lang='lat' dir='ltr'><strong>est</strong></span> <span class='ocrx_word' id='word_1_124' title='bbox 455 1679 636 1733; x_wconf 92' lang='lat' dir='ltr'><strong>homo.</strong></span> <span class='ocrx_word' id='word_1_125' title='bbox 672 1677 787 1731; x_wconf 88' lang='lat' dir='ltr'><strong>Alia</strong></span> <span class='ocrx_word' id='word_1_126' title='bbox 820 1691 944 1729; x_wconf 88' lang='lat' dir='ltr'><strong>vero</strong></span> <span class='ocrx_word' id='word_1_127' title='bbox 968 1684 1048 1730; x_wconf 92' lang='lat' dir='ltr'><strong>est</strong></span> <span class='ocrx_word' id='word_1_128' title='bbox 1070 1676 1366 1744; x_wconf 81' lang='lat' dir='ltr'><strong>composita</strong></span> <span class='ocrx_word' id='word_1_129' title='bbox 1396 1688 1459 1724; x_wconf 80' lang='lat' dir='ltr'><strong>ex</strong></span> <span class='ocrx_word' id='word_1_130' title='bbox 1484 1669 1750 1737; x_wconf 87' lang='lat' dir='ltr'><strong>terminis,</strong></span> <span class='ocrx_word' id='word_1_131' title='bbox 1784 1668 1930 1723; x_wconf 88' lang='lat' dir='ltr'><strong>nulla</strong></span> 
     </span>
    </p>
   </div>
   <div class='ocr_carea' id='block_1_19' title="bbox 2023 480 3602 557">
    <p class='ocr_par' dir='ltr' id='par_1_19' title="bbox 2023 480 3602 557">
     <span class='ocr_line' id='line_1_19' title="bbox 2023 480 3602 557; baseline 0.001 -22"><span class='ocrx_word' id='word_1_132' title='bbox 2023 498 2137 536; x_wconf 86' lang='lat' dir='ltr'><strong>rem</strong></span> <span class='ocrx_word' id='word_1_133' title='bbox 2185 481 2483 557; x_wconf 75' lang='lat' dir='ltr'><strong>signiﬁcat,</strong></span> <span class='ocrx_word' id='word_1_134' title='bbox 2519 495 2704 533; x_wconf 85' lang='lat' dir='ltr'><strong>rursus</strong></span> <span class='ocrx_word' id='word_1_135' title='bbox 2744 495 2850 534; x_wconf 92' lang='lat' dir='ltr'><strong>uno</strong></span> <span class='ocrx_word' id='word_1_136' title='bbox 2899 482 3092 535; x_wconf 83' lang='lat' dir='ltr'><strong>dicitur</strong></span> <span class='ocrx_word' id='word_1_137' title='bbox 3124 481 3283 534; x_wconf 90' lang='lat' dir='ltr'><strong>tuodo</strong></span> <span class='ocrx_word' id='word_1_138' title='bbox 3329 480 3602 548; x_wconf 83' lang='lat' dir='ltr'><strong>multiplex</strong></span> 
     </span>
    </p>
   </div>
   <div class='ocr_carea' id='block_1_20' title="bbox 2021 570 3607 641">
    <p class='ocr_par' dir='ltr' id='par_1_20' title="bbox 2021 570 3607 641">
     <span class='ocr_line' id='line_1_20' title="bbox 2021 570 3607 641; baseline -0.003 -14"><span class='ocrx_word' id='word_1_139' title='bbox 2021 573 2195 627; x_wconf 84' lang='lat' dir='ltr'><strong>oratio</strong></span> <span class='ocrx_word' id='word_1_140' title='bbox 2224 586 2343 625; x_wconf 90' lang='lat' dir='ltr'><strong>cum</strong></span> <span class='ocrx_word' id='word_1_141' title='bbox 2377 570 2550 639; x_wconf 86' lang='lat' dir='ltr'><strong>aliqua</strong></span> <span class='ocrx_word' id='word_1_142' title='bbox 2594 571 2972 637; x_wconf 84' lang='lat' dir='ltr'><strong>conjunctione</strong></span> <span class='ocrx_word' id='word_1_143' title='bbox 3002 587 3107 631; x_wconf 86' lang='lat' dir='ltr'><strong>non</strong></span> <span class='ocrx_word' id='word_1_144' title='bbox 3155 571 3467 641; x_wconf 88' lang='lat' dir='ltr'><strong>copulatur,</strong></span> <span class='ocrx_word' id='word_1_145' title='bbox 3501 572 3607 625; x_wconf 82' lang='lat' dir='ltr'><strong>alio</strong></span> 
     </span>
    </p>
   </div>
   <div class='ocr_carea' id='block_1_21' title="bbox 2022 657 3605 730">
    <p class='ocr_par' dir='ltr' id='par_1_21' title="bbox 2022 657 3605 730">
     <span class='ocr_line' id='line_1_21' title="bbox 2022 657 3605 730; baseline -0.001 -17"><span class='ocrx_word' id='word_1_146' title='bbox 2022 677 2149 715; x_wconf 86' lang='lat' dir='ltr'><strong>vero</strong></span> <span class='ocrx_word' id='word_1_147' title='bbox 2178 675 2297 715; x_wconf 88' lang='lat' dir='ltr'><strong>cum</strong></span> <span class='ocrx_word' id='word_1_148' title='bbox 2343 660 2490 728; x_wconf 91' lang='lat' dir='ltr'><strong>plura</strong></span> <span class='ocrx_word' id='word_1_149' title='bbox 2518 657 2808 728; x_wconf 89' lang='lat' dir='ltr'><strong>signiﬁcat,</strong></span> <span class='ocrx_word' id='word_1_150' title='bbox 2852 669 3011 727; x_wconf 88' lang='lat' dir='ltr'><strong>atque</strong></span> <span class='ocrx_word' id='word_1_151' title='bbox 3052 660 3152 713; x_wconf 93' lang='lat' dir='ltr'><strong>hoc</strong></span> <span class='ocrx_word' id='word_1_152' title='bbox 3182 670 3291 724; x_wconf 90' lang='lat' dir='ltr'><strong>est,</strong></span> <span class='ocrx_word' id='word_1_153' title='bbox 3323 661 3460 730; x_wconf 82' lang='lat' dir='ltr'><strong>quod</strong></span> <span class='ocrx_word' id='word_1_154' title='bbox 3492 661 3560 713; x_wconf 86' lang='lat' dir='ltr'><strong>:tit</strong></span> <span class='ocrx_word' id='word_1_155' title='bbox 3592 677 3605 711; x_wconf 75' lang='grc' dir='ltr'>ε</span> 
     </span>
    </p>
   </div>
   <div class='ocr_carea' id='block_1_22' title="bbox 2024 750 3607 820">
    <p class='ocr_par' dir='ltr' id='par_1_22' title="bbox 2024 750 3607 820">
     <span class='ocr_line' id='line_1_22' title="bbox 2024 750 3607 820; baseline -0.002 -14"><span class='ocrx_word' id='word_1_156' title='bbox 2024 752 2119 806; x_wconf 77' lang='lat' dir='ltr'><strong>Est</strong></span> <span class='ocrx_word' id='word_1_157' title='bbox 2140 762 2318 805; x_wconf 87' lang='lat' dir='ltr'><strong>antem</strong></span> <span class='ocrx_word' id='word_1_158' title='bbox 2335 766 2436 803; x_wconf 90' lang='lat' dir='ltr'><strong>una</strong></span> <span class='ocrx_word' id='word_1_159' title='bbox 2450 750 2622 803; x_wconf 88' lang='lat' dir='ltr'><strong>oratio</strong></span> <span class='ocrx_word' id='word_1_160' title='bbox 2643 750 2975 803; x_wconf 86' lang='lat' dir='ltr'><strong>euuntiativa</strong></span> <span class='ocrx_word' id='word_1_161' title='bbox 2999 766 3116 818; x_wconf 72' lang='lat' dir='ltr'><strong>quae</strong></span> <span class='ocrx_word' id='word_1_162' title='bbox 3134 768 3295 804; x_wconf 92' lang='lat' dir='ltr'><strong>unum</strong></span> <span class='ocrx_word' id='word_1_163' title='bbox 3317 752 3607 820; x_wconf 80' lang='lat' dir='ltr'><strong>signiﬁcat,</strong></span> 
     </span>
    </p>
   </div>
   <div class='ocr_carea' id='block_1_23' title="bbox 2026 840 3609 912">
    <p class='ocr_par' dir='ltr' id='par_1_23' title="bbox 2026 840 3609 912">
     <span class='ocr_line' id='line_1_23' title="bbox 2026 840 3609 912; baseline 0.002 -17"><span class='ocrx_word' id='word_1_164' title='bbox 2026 845 2106 899; x_wconf 86' lang='lat' dir='ltr'><strong>vel</strong></span> <span class='ocrx_word' id='word_1_165' title='bbox 2135 842 2516 912; x_wconf 77' lang='lat' dir='ltr'><strong>conjunmione</strong></span> <span class='ocrx_word' id='word_1_166' title='bbox 2544 855 2667 895; x_wconf 90' lang='lat' dir='ltr'><strong>una.</strong></span> <span class='ocrx_word' id='word_1_167' title='bbox 2697 840 2881 893; x_wconf 81' lang='lat' dir='ltr'><strong>Plures</strong></span> <span class='ocrx_word' id='word_1_168' title='bbox 2905 851 3079 894; x_wconf 84' lang='lat' dir='ltr'><strong>autent</strong></span> <span class='ocrx_word' id='word_1_169' title='bbox 3109 858 3226 907; x_wconf 73' lang='lat' dir='ltr'><strong>quae</strong></span> <span class='ocrx_word' id='word_1_170' title='bbox 3254 844 3398 911; x_wconf 67' lang='lat' dir='ltr'><strong>plura</strong></span> <span class='ocrx_word' id='word_1_171' title='bbox 3423 854 3477 898; x_wconf 93' lang='lat' dir='ltr'><strong>et</strong></span> <span class='ocrx_word' id='word_1_172' title='bbox 3504 859 3609 897; x_wconf 89' lang='lat' dir='ltr'><strong>non</strong></span> 
     </span>
    </p>
   </div>
   <div class='ocr_carea' id='block_1_24' title="bbox 2027 916 3609 1003">
    <p class='ocr_par' dir='ltr' id='par_1_24' title="bbox 2027 916 3609 1003">
     <span class='ocr_line' id='line_1_24' title="bbox 2027 916 3609 1003; baseline 0 -16"><span class='ocrx_word' id='word_1_173' title='bbox 2027 949 2215 998; x_wconf 92' lang='lat' dir='ltr'><strong>unum,</strong></span> <span class='ocrx_word' id='word_1_174' title='bbox 2244 934 2326 986; x_wconf 97' lang='lat' dir='ltr'><strong>vel</strong></span> <span class='ocrx_word' id='word_1_175' title='bbox 2353 932 2736 1000; x_wconf 68' lang='lat' dir='ltr'><strong>inconjunctae;</strong></span> <span class='ocrx_word' id='word_1_176' title='bbox 2769 940 2851 984; x_wconf 87' lang='lat' dir='ltr'><strong>est</strong></span> <span class='ocrx_word' id='word_1_177' title='bbox 2878 932 3020 985; x_wconf 88' lang='lat' dir='ltr'><strong>enim</strong></span> <span class='ocrx_word' id='word_1_178' title='bbox 3043 916 3129 1002; x_wconf 32' lang='lat' dir='ltr'><strong>.(ut</strong></span> <span class='ocrx_word' id='word_1_179' title='bbox 3154 932 3350 986; x_wconf 91' lang='lat' dir='ltr'><strong>dictum</strong></span> <span class='ocrx_word' id='word_1_180' title='bbox 3383 935 3609 1003; x_wconf 56' lang='lat' dir='ltr'><strong>est)»du~</strong></span> 
     </span>
    </p>
   </div>
   <div class='ocr_carea' id='block_1_25' title="bbox 2030 1020 3610 1091">
    <p class='ocr_par' dir='ltr' id='par_1_25' title="bbox 2030 1020 3610 1091">
     <span class='ocr_line' id='line_1_25' title="bbox 2030 1020 3610 1091; baseline 0.003 -18"><span class='ocrx_word' id='word_1_181' title='bbox 2030 1023 2238 1091; x_wconf 76' lang='lat' dir='ltr'><strong>pliciter</strong></span> <span class='ocrx_word' id='word_1_182' title='bbox 2260 1038 2358 1075; x_wconf 83' lang='lat' dir='ltr'><strong>una</strong></span> <span class='ocrx_word' id='word_1_183' title='bbox 2384 1022 2581 1085; x_wconf 82' lang='lat' dir='ltr'><strong>oratio,</strong></span> <span class='ocrx_word' id='word_1_184' title='bbox 2610 1022 2688 1073; x_wconf 68' lang='lat' dir='ltr'><strong>vel</strong></span> <span class='ocrx_word' id='word_1_185' title='bbox 2714 1020 2924 1085; x_wconf 82' lang='lat' dir='ltr'><strong>quando</strong></span> <span class='ocrx_word' id='word_1_186' title='bbox 2949 1036 3068 1074; x_wconf 91' lang='lat' dir='ltr'><strong>cum</strong></span> <span class='ocrx_word' id='word_1_187' title='bbox 3100 1022 3476 1089; x_wconf 79' lang='lat' dir='ltr'><strong>conjunctione</strong></span> <span class='ocrx_word' id='word_1_188' title='bbox 3506 1037 3610 1090; x_wconf 69' lang='lat' dir='ltr'><strong>est,</strong></span> 
     </span>
    </p>
   </div>
   <div class='ocr_carea' id='block_1_26' title="bbox 2029 1110 3613 1181">
    <p class='ocr_par' dir='ltr' id='par_1_26' title="bbox 2029 1110 3613 1181">
     <span class='ocr_line' id='line_1_26' title="bbox 2029 1110 3613 1181; baseline 0.003 -18"><span class='ocrx_word' id='word_1_189' title='bbox 2029 1114 2112 1167; x_wconf 90' lang='lat' dir='ltr'><strong>vel</strong></span> <span class='ocrx_word' id='word_1_190' title='bbox 2142 1128 2261 1166; x_wconf 91' lang='lat' dir='ltr'><strong>cum</strong></span> <span class='ocrx_word' id='word_1_191' title='bbox 2289 1128 2447 1166; x_wconf 88' lang='lat' dir='ltr'><strong>unam</strong></span> <span class='ocrx_word' id='word_1_192' title='bbox 2483 1110 2905 1181; x_wconf 71' lang='lat' dir='ltr'><strong>rentsigniﬁcat.</strong></span> <span class='ocrx_word' id='word_1_193' title='bbox 2938 1110 3209 1178; x_wconf 80' lang='lat' dir='ltr'><strong>Multiplex</strong></span> <span class='ocrx_word' id='word_1_194' title='bbox 3233 1123 3411 1165; x_wconf 86' lang='lat' dir='ltr'><strong>autem</strong></span> <span class='ocrx_word' id='word_1_195' title='bbox 3443 1117 3613 1168; x_wconf 79' lang='lat' dir='ltr'><strong>oratio</strong></span> 
     </span>
    </p>
   </div>
   <div class='ocr_carea' id='block_1_27' title="bbox 2030 1204 3612 1275">
    <p class='ocr_par' dir='ltr' id='par_1_27' title="bbox 2030 1204 3612 1275">
     <span class='ocr_line' id='line_1_27' title="bbox 2030 1204 3612 1275; baseline 0 -16"><span class='ocrx_word' id='word_1_196' title='bbox 2030 1214 2133 1269; x_wconf 91' lang='lat' dir='ltr'><strong>est,</strong></span> <span class='ocrx_word' id='word_1_197' title='bbox 2162 1206 2248 1259; x_wconf 92' lang='lat' dir='ltr'><strong>vel</strong></span> <span class='ocrx_word' id='word_1_198' title='bbox 2275 1222 2395 1275; x_wconf 65' lang='lat' dir='ltr'><strong>qua:</strong></span> <span class='ocrx_word' id='word_1_199' title='bbox 2425 1207 2587 1259; x_wconf 90' lang='lat' dir='ltr'><strong>multa</strong></span> <span class='ocrx_word' id='word_1_200' title='bbox 2640 1204 2923 1273; x_wconf 89' lang='lat' dir='ltr'><strong>signiﬁcat,</strong></span> <span class='ocrx_word' id='word_1_201' title='bbox 2976 1204 3057 1260; x_wconf 89' lang='lat' dir='ltr'><strong>vel</strong></span> <span class='ocrx_word' id='word_1_202' title='bbox 3100 1222 3218 1275; x_wconf 69' lang='lat' dir='ltr'><strong>qua:</strong></span> <span class='ocrx_word' id='word_1_203' title='bbox 3253 1204 3369 1260; x_wconf 89' lang='lat' dir='ltr'><strong>sine</strong></span> <span class='ocrx_word' id='word_1_204' title='bbox 3396 1209 3612 1275; x_wconf 84' lang='lat' dir='ltr'><strong>conjun-</strong></span> 
     </span>
    </p>
   </div>
   <div class='ocr_carea' id='block_1_28' title="bbox 2029 1294 3609 1363">
    <p class='ocr_par' dir='ltr' id='par_1_28' title="bbox 2029 1294 3609 1363">
     <span class='ocr_line' id='line_1_28' title="bbox 2029 1294 3609 1363; baseline 0.003 -16"><span class='ocrx_word' id='word_1_205' title='bbox 2029 1295 2206 1349; x_wconf 81' lang='lat' dir='ltr'><strong>ctione</strong></span> <span class='ocrx_word' id='word_1_206' title='bbox 2238 1295 2612 1363; x_wconf 80' lang='lat' dir='ltr'><strong>conjungitur,</strong></span> <span class='ocrx_word' id='word_1_207' title='bbox 2647 1294 2842 1347; x_wconf 87' lang='lat' dir='ltr'><strong>multas</strong></span> <span class='ocrx_word' id='word_1_208' title='bbox 2891 1295 3032 1348; x_wconf 89' lang='lat' dir='ltr'><strong>cnint</strong></span> <span class='ocrx_word' id='word_1_209' title='bbox 3084 1298 3358 1351; x_wconf 87' lang='lat' dir='ltr'><strong>orationes</strong></span> <span class='ocrx_word' id='word_1_210' title='bbox 3409 1298 3609 1351; x_wconf 62' lang='lat' dir='ltr'><strong>\‘(tCuVil</strong></span> 
     </span>
    </p>
   </div>
   <div class='ocr_carea' id='block_1_29' title="bbox 2029 1385 3613 1458">
    <p class='ocr_par' dir='ltr' id='par_1_29' title="bbox 2029 1385 3613 1458">
     <span class='ocr_line' id='line_1_29' title="bbox 2029 1385 3613 1458; baseline 0.002 -18"><span class='ocrx_word' id='word_1_211' title='bbox 2029 1399 2121 1440; x_wconf 90' lang='lat' dir='ltr'><strong>eas</strong></span> <span class='ocrx_word' id='word_1_212' title='bbox 2161 1401 2279 1454; x_wconf 69' lang='lat' dir='ltr'><strong>quas</strong></span> <span class='ocrx_word' id='word_1_213' title='bbox 2310 1386 2414 1439; x_wconf 91' lang='lat' dir='ltr'><strong>sint</strong></span> <span class='ocrx_word' id='word_1_214' title='bbox 2461 1385 2781 1455; x_wconf 85' lang='lat' dir='ltr'><strong>multiplices</strong></span> <span class='ocrx_word' id='word_1_215' title='bbox 2810 1428 2823 1451; x_wconf 92' lang='lat'><strong>,</strong></span> <span class='ocrx_word' id='word_1_216' title='bbox 2856 1396 2908 1439; x_wconf 90' lang='lat' dir='ltr'><strong>et</strong></span> <span class='ocrx_word' id='word_1_217' title='bbox 2941 1387 3025 1440; x_wconf 95' lang='lat' dir='ltr'><strong>vel</strong></span> <span class='ocrx_word' id='word_1_218' title='bbox 3056 1387 3465 1456; x_wconf 86' lang='lat' dir='ltr'><strong>signiﬁcationis</strong></span> <span class='ocrx_word' id='word_1_219' title='bbox 3498 1391 3613 1458; x_wconf 86' lang='lat' dir='ltr'><strong>plu-</strong></span> 
     </span>
    </p>
   </div>
   <div class='ocr_carea' id='block_1_30' title="bbox 2031 1478 3614 1549">
    <p class='ocr_par' dir='ltr' id='par_1_30' title="bbox 2031 1478 3614 1549">
     <span class='ocr_line' id='line_1_30' title="bbox 2031 1478 3614 1549; baseline 0.004 -19"><span class='ocrx_word' id='word_1_220' title='bbox 2031 1478 2296 1531; x_wconf 86' lang='lat' dir='ltr'><strong>ralitatem</strong></span> <span class='ocrx_word' id='word_1_221' title='bbox 2349 1487 2584 1541; x_wconf 87' lang='lat' dir='ltr'><strong>teneant,</strong></span> <span class='ocrx_word' id='word_1_222' title='bbox 2643 1478 2723 1531; x_wconf 87' lang='lat' dir='ltr'><strong>vel</strong></span> <span class='ocrx_word' id='word_1_223' title='bbox 2776 1486 2969 1545; x_wconf 73' lang='lat' dir='ltr'><strong>przeter</strong></span> <span class='ocrx_word' id='word_1_224' title='bbox 3018 1481 3432 1549; x_wconf 82' lang='lat' dir='ltr'><strong>conjunctiones</strong></span> <span class='ocrx_word' id='word_1_225' title='bbox 3486 1482 3614 1535; x_wconf 86' lang='lat' dir='ltr'><strong>siut.</strong></span> 
     </span>
    </p>
   </div>
   <div class='ocr_carea' id='block_1_31' title="bbox 2033 1569 3621 1641">
    <p class='ocr_par' dir='ltr' id='par_1_31' title="bbox 2033 1569 3621 1641">
     <span class='ocr_line' id='line_1_31' title="bbox 2033 1569 3621 1641; baseline 0.003 -18"><span class='ocrx_word' id='word_1_226' title='bbox 2033 1569 2185 1635; x_wconf 79' lang='lat' dir='ltr'><strong>Quod</strong></span> <span class='ocrx_word' id='word_1_227' title='bbox 2209 1579 2384 1623; x_wconf 90' lang='lat' dir='ltr'><strong>autem</strong></span> <span class='ocrx_word' id='word_1_228' title='bbox 2419 1570 2522 1634; x_wconf 85' lang='lat' dir='ltr'><strong>ait,</strong></span> <span class='ocrx_word' id='word_1_229' title='bbox 2553 1569 2633 1623; x_wconf 88' lang='lat' dir='ltr'><strong>vel</strong></span> <span class='ocrx_word' id='word_1_230' title='bbox 2666 1569 3049 1641; x_wconf 72' lang='lat' dir='ltr'><strong>inccttjunctze,</strong></span> <span class='ocrx_word' id='word_1_231' title='bbox 3087 1581 3255 1625; x_wconf 91' lang='lat' dir='ltr'><strong>totum</strong></span> <span class='ocrx_word' id='word_1_232' title='bbox 3307 1572 3621 1640; x_wconf 67' lang='lat' dir='ltr'><strong>completur</strong></span> 
     </span>
    </p>
   </div>
   <div class='ocr_carea' id='block_1_32' title="bbox 2033 1661 3617 1739">
    <p class='ocr_par' dir='ltr' id='par_1_32' title="bbox 2033 1661 3617 1739">
     <span class='ocr_line' id='line_1_32' title="bbox 2033 1661 3617 1739; baseline 0.001 -23"><span class='ocrx_word' id='word_1_233' title='bbox 2033 1670 2151 1727; x_wconf 90' lang='lat' dir='ltr'><strong>est,</strong></span> <span class='ocrx_word' id='word_1_234' title='bbox 2179 1661 2461 1730; x_wconf 81' lang='lat' dir='ltr'><strong>multiplex</strong></span> <span class='ocrx_word' id='word_1_235' title='bbox 2493 1676 2573 1715; x_wconf 89' lang='lat' dir='ltr'><strong>est</strong></span> <span class='ocrx_word' id='word_1_236' title='bbox 2599 1663 2741 1739; x_wconf 87' lang='lat' dir='ltr'><strong>enim</strong></span> <span class='ocrx_word' id='word_1_237' title='bbox 2776 1663 3067 1733; x_wconf 82' lang='lat' dir='ltr'><strong>propositio</strong></span> <span class='ocrx_word' id='word_1_238' title='bbox 3110 1664 3189 1716; x_wconf 89' lang='lat' dir='ltr'><strong>vel</strong></span> <span class='ocrx_word' id='word_1_239' title='bbox 3246 1664 3289 1717; x_wconf 91' lang='lat' dir='ltr'><strong>si</strong></span> <span class='ocrx_word' id='word_1_240' title='bbox 3333 1663 3491 1717; x_wconf 77' lang='lat' dir='ltr'><strong>fuerit</strong></span> <span class='ocrx_word' id='word_1_241' title='bbox 3535 1664 3617 1718; x_wconf 89' lang='lat' dir='ltr'><strong>itt-</strong></span> 
     </span>
    </p>
   </div>
   <div class='ocr_carea' id='block_1_33' title="bbox 342 1754 3617 1839">
    <p class='ocr_par' dir='ltr' id='par_1_33' title="bbox 342 1754 3617 1839">
     <span class='ocr_line' id='line_1_33' title="bbox 342 1754 3617 1839; baseline -0.004 -15"><span class='ocrx_word' id='word_1_242' title='bbox 342 1771 715 1839; x_wconf 90' lang='lat' dir='ltr'><strong>conjunctione</strong></span> <span class='ocrx_word' id='word_1_243' title='bbox 755 1767 1016 1834; x_wconf 82' lang='lat' dir='ltr'><strong>copu&#39;atis</strong></span> <span class='ocrx_word' id='word_1_244' title='bbox 1036 1808 1050 1831; x_wconf 94' lang='lat'><strong>,</strong></span> <span class='ocrx_word' id='word_1_245' title='bbox 1076 1764 1352 1833; x_wconf 88' lang='lat' dir='ltr'><strong>multiplex</strong></span> <span class='ocrx_word' id='word_1_246' title='bbox 1371 1804 1386 1827; x_wconf 88' lang='lat'><strong>,</strong></span> <span class='ocrx_word' id='word_1_247' title='bbox 1418 1773 1471 1815; x_wconf 90' lang='lat' dir='ltr'><strong>et</strong></span> <span class='ocrx_word' id='word_1_248' title='bbox 1502 1776 1608 1815; x_wconf 89' lang='lat' dir='ltr'><strong>non</strong></span> <span class='ocrx_word' id='word_1_249' title='bbox 1640 1774 1799 1813; x_wconf 78' lang='lat' dir='ltr'><strong>unam</strong></span> <span class='ocrx_word' id='word_1_250' title='bbox 1843 1760 1921 1813; x_wconf 87' lang='lat' dir='ltr'><strong>si-</strong></span> <span class='ocrx_word' id='word_1_251' title='bbox 1961 1763 2010 1822; x_wconf 83' lang='grc' dir='ltr'><strong>Β</strong></span> <span class='ocrx_word' id='word_1_252' title='bbox 2035 1755 2354 1822; x_wconf 89' lang='lat' dir='ltr'><strong>composita,</strong></span> <span class='ocrx_word' id='word_1_253' title='bbox 2384 1754 2834 1823; x_wconf 87' lang='lat' dir='ltr'><strong>quemadmodum</strong></span> <span class='ocrx_word' id='word_1_254' title='bbox 2858 1764 2963 1821; x_wconf 89' lang='lat' dir='ltr'><strong>est,</strong></span> <span class='ocrx_word' id='word_1_255' title='bbox 2986 1754 3120 1809; x_wconf 90' lang='lat' dir='ltr'><strong>Cato</strong></span> <span class='ocrx_word' id='word_1_256' title='bbox 3144 1754 3494 1824; x_wconf 89' lang='lat' dir='ltr'><strong>philosophus</strong></span> <span class='ocrx_word' id='word_1_257' title='bbox 3516 1767 3617 1810; x_wconf 87' lang='lat' dir='ltr'><strong>est.</strong></span> 
     </span>
    </p>
   </div>
   <div class='ocr_carea' id='block_1_34' title="bbox 344 1843 1931 1925">
    <p class='ocr_par' dir='ltr' id='par_1_34' title="bbox 344 1843 1931 1925">
     <span class='ocr_line' id='line_1_34' title="bbox 344 1843 1931 1925; baseline -0.008 -16"><span class='ocrx_word' id='word_1_258' title='bbox 344 1854 600 1925; x_wconf 83' lang='lat' dir='ltr'><strong>gniﬁcans</strong></span> <span class='ocrx_word' id='word_1_259' title='bbox 643 1852 1095 1921; x_wconf 81' lang='lat' dir='ltr'><strong>propositionem,</strong></span> <span class='ocrx_word' id='word_1_260' title='bbox 1146 1859 1203 1903; x_wconf 91' lang='lat' dir='ltr'><strong>ut</strong></span> <span class='ocrx_word' id='word_1_261' title='bbox 1252 1858 1357 1914; x_wconf 90' lang='lat' dir='ltr'><strong>est,</strong></span> <span class='ocrx_word' id='word_1_262' title='bbox 1382 1847 1533 1901; x_wconf 87' lang='lat' dir='ltr'><strong>Plato</strong></span> <span class='ocrx_word' id='word_1_263' title='bbox 1582 1843 1931 1898; x_wconf 86' lang='lat' dir='ltr'><strong>Atheniensis</strong></span> 
     </span>
    </p>
   </div>
   <div class='ocr_carea' id='block_1_35' title="bbox 347 1937 1927 2018">
    <p class='ocr_par' dir='ltr' id='par_1_35' title="bbox 347 1937 1927 2018">
     <span class='ocr_line' id='line_1_35' title="bbox 347 1937 1927 2018; baseline -0.009 -17"><span class='ocrx_word' id='word_1_264' title='bbox 347 1945 696 2018; x_wconf 89' lang='lat' dir='ltr'><strong>philosophus</strong></span> <span class='ocrx_word' id='word_1_265' title='bbox 719 1943 973 2010; x_wconf 81' lang='lat' dir='ltr'><strong>disputat.</strong></span> <span class='ocrx_word' id='word_1_266' title='bbox 1007 1940 1167 1995; x_wconf 84' lang='lat' dir='ltr'><strong>Aliud</strong></span> <span class='ocrx_word' id='word_1_267' title='bbox 1198 1939 1341 1995; x_wconf 91' lang='lat' dir='ltr'><strong>enim</strong></span> <span class='ocrx_word' id='word_1_268' title='bbox 1370 1948 1452 1992; x_wconf 90' lang='lat' dir='ltr'><strong>cst</strong></span> <span class='ocrx_word' id='word_1_269' title='bbox 1480 1952 1599 1991; x_wconf 89' lang='lat' dir='ltr'><strong>esse</strong></span> <span class='ocrx_word' id='word_1_270' title='bbox 1631 1937 1927 1997; x_wconf 80' lang='lat' dir='ltr'><strong>Platonem,</strong></span> 
     </span>
    </p>
   </div>
   <div class='ocr_carea' id='block_1_36' title="bbox 346 2026 1929 2102">
    <p class='ocr_par' dir='ltr' id='par_1_36' title="bbox 346 2026 1929 2102">
     <span class='ocr_line' id='line_1_36' title="bbox 346 2026 1929 2102; baseline -0.011 -12"><span class='ocrx_word' id='word_1_271' title='bbox 346 2037 487 2090; x_wconf 88' lang='lat' dir='ltr'><strong>a&#39;iud</strong></span> <span class='ocrx_word' id='word_1_272' title='bbox 531 2050 651 2088; x_wconf 89' lang='lat' dir='ltr'><strong>esse</strong></span> <span class='ocrx_word' id='word_1_273' title='bbox 698 2030 1106 2102; x_wconf 87' lang='lat' dir='ltr'><strong>philosophum,</strong></span> <span class='ocrx_word' id='word_1_274' title='bbox 1157 2027 1300 2082; x_wconf 89' lang='lat' dir='ltr'><strong>aliud</strong></span> <span class='ocrx_word' id='word_1_275' title='bbox 1343 2042 1465 2081; x_wconf 89' lang='lat' dir='ltr'><strong>esse</strong></span> <span class='ocrx_word' id='word_1_276' title='bbox 1510 2026 1929 2086; x_wconf 84' lang='lat' dir='ltr'><strong>Atheniensem,</strong></span> 
     </span>
    </p>
   </div>
   <div class='ocr_carea' id='block_1_37' title="bbox 349 2114 1931 2193">
    <p class='ocr_par' dir='ltr' id='par_1_37' title="bbox 349 2114 1931 2193">
     <span class='ocr_line' id='line_1_37' title="bbox 349 2114 1931 2193; baseline -0.008 -15"><span class='ocrx_word' id='word_1_277' title='bbox 349 2126 489 2179; x_wconf 88' lang='lat' dir='ltr'><strong>aliud</strong></span> <span class='ocrx_word' id='word_1_278' title='bbox 532 2125 911 2193; x_wconf 89' lang='lat' dir='ltr'><strong>disputantem,</strong></span> <span class='ocrx_word' id='word_1_279' title='bbox 946 2133 997 2174; x_wconf 92' lang='lat' dir='ltr'><strong>et</strong></span> <span class='ocrx_word' id='word_1_280' title='bbox 1045 2120 1160 2173; x_wconf 76' lang='lat' dir='ltr'><strong>haec</strong></span> <span class='ocrx_word' id='word_1_281' title='bbox 1208 2118 1491 2187; x_wconf 85' lang='lat' dir='ltr'><strong>conjuncta</strong></span> <span class='ocrx_word' id='word_1_282' title='bbox 1519 2131 1682 2169; x_wconf 93' lang='lat' dir='ltr'><strong>unum</strong></span> <span class='ocrx_word' id='word_1_283' title='bbox 1731 2114 1931 2182; x_wconf 88' lang='lat' dir='ltr'><strong>aliquid</strong></span> 
     </span>
    </p>
   </div>
   <div class='ocr_carea' id='block_1_38' title="bbox 350 2203 1934 2281">
    <p class='ocr_par' dir='ltr' id='par_1_38' title="bbox 350 2203 1934 2281">
     <span class='ocr_line' id='line_1_38' title="bbox 350 2203 1934 2281; baseline -0.008 -12"><span class='ocrx_word' id='word_1_284' title='bbox 350 2230 455 2269; x_wconf 94' lang='lat' dir='ltr'><strong>non</strong></span> <span class='ocrx_word' id='word_1_285' title='bbox 482 2215 704 2279; x_wconf 81' lang='lat' dir='ltr'><strong>faciunt,</strong></span> <span class='ocrx_word' id='word_1_286' title='bbox 730 2212 881 2281; x_wconf 90' lang='lat' dir='ltr'><strong>quasi</strong></span> <span class='ocrx_word' id='word_1_287' title='bbox 912 2209 1287 2265; x_wconf 87' lang='lat' dir='ltr'><strong>substantiam.</strong></span> <span class='ocrx_word' id='word_1_288' title='bbox 1314 2206 1489 2272; x_wconf 87' lang='lat' dir='ltr'><strong>Quare</strong></span> <span class='ocrx_word' id='word_1_289' title='bbox 1513 2206 1627 2259; x_wconf 59' lang='lat' dir='ltr'><strong>hac</strong></span> <span class='ocrx_word' id='word_1_290' title='bbox 1656 2203 1934 2271; x_wconf 81' lang='lat' dir='ltr'><strong>multiplex</strong></span> 
     </span>
    </p>
   </div>
   <div class='ocr_carea' id='block_1_39' title="bbox 350 2297 1937 2372">
    <p class='ocr_par' dir='ltr' id='par_1_39' title="bbox 350 2297 1937 2372">
     <span class='ocr_line' id='line_1_39' title="bbox 350 2297 1937 2372; baseline -0.008 -11"><span class='ocrx_word' id='word_1_291' title='bbox 350 2317 423 2362; x_wconf 88' lang='lat' dir='ltr'><strong>est</strong></span> <span class='ocrx_word' id='word_1_292' title='bbox 445 2349 457 2372; x_wconf 95' lang='lat'><strong>,</strong></span> <span class='ocrx_word' id='word_1_293' title='bbox 494 2305 585 2359; x_wconf 91' lang='lat' dir='ltr'><strong>sed</strong></span> <span class='ocrx_word' id='word_1_294' title='bbox 620 2320 738 2359; x_wconf 89' lang='lat' dir='ltr'><strong>eam</strong></span> <span class='ocrx_word' id='word_1_295' title='bbox 785 2302 1124 2356; x_wconf 82' lang='lat' dir='ltr'><strong>manifestum</strong></span> <span class='ocrx_word' id='word_1_296' title='bbox 1157 2310 1238 2354; x_wconf 88' lang='lat' dir='ltr'><strong>est</strong></span> <span class='ocrx_word' id='word_1_297' title='bbox 1268 2322 1276 2353; x_wconf 91' lang='lat' dir='ltr'><strong>I</strong></span> <span class='ocrx_word' id='word_1_298' title='bbox 1302 2299 1408 2353; x_wconf 90' lang='lat' dir='ltr'><strong>ulla</strong></span> <span class='ocrx_word' id='word_1_299' title='bbox 1439 2297 1820 2366; x_wconf 88' lang='lat' dir='ltr'><strong>conjunctione</strong></span> <span class='ocrx_word' id='word_1_300' title='bbox 1844 2311 1937 2350; x_wconf 89' lang='lat' dir='ltr'><strong>co-</strong></span> 
     </span>
    </p>
   </div>
   <div class='ocr_carea' id='block_1_40' title="bbox 353 2386 1936 2468">
    <p class='ocr_par' dir='ltr' id='par_1_40' title="bbox 353 2386 1936 2468">
     <span class='ocr_line' id='line_1_40' title="bbox 353 2386 1936 2468; baseline -0.006 -17"><span class='ocrx_word' id='word_1_301' title='bbox 353 2398 542 2468; x_wconf 71' lang='lat' dir='ltr'><strong>pulari.</strong></span> <span class='ocrx_word' id='word_1_302' title='bbox 572 2396 687 2450; x_wconf 85' lang='lat' dir='ltr'><strong>Alia</strong></span> <span class='ocrx_word' id='word_1_303' title='bbox 721 2409 849 2449; x_wconf 84' lang='lat' dir='ltr'><strong>vero</strong></span> <span class='ocrx_word' id='word_1_304' title='bbox 889 2404 971 2449; x_wconf 90' lang='lat' dir='ltr'><strong>est</strong></span> <span class='ocrx_word' id='word_1_305' title='bbox 1017 2391 1316 2460; x_wconf 89' lang='lat' dir='ltr'><strong>composita</strong></span> <span class='ocrx_word' id='word_1_306' title='bbox 1365 2406 1429 2443; x_wconf 86' lang='lat' dir='ltr'><strong>ex</strong></span> <span class='ocrx_word' id='word_1_307' title='bbox 1480 2386 1936 2458; x_wconf 87' lang='lat' dir='ltr'><strong>propositionibus</strong></span> 
     </span>
    </p>
   </div>
   <div class='ocr_carea' id='block_1_41' title="bbox 355 2477 1931 2554">
    <p class='ocr_par' dir='ltr' id='par_1_41' title="bbox 355 2477 1931 2554">
     <span class='ocr_line' id='line_1_41' title="bbox 355 2477 1931 2554; baseline -0.007 -14"><span class='ocrx_word' id='word_1_308' title='bbox 355 2485 712 2554; x_wconf 86' lang='lat' dir='ltr'><strong>inconjunctis</strong></span> <span class='ocrx_word' id='word_1_309' title='bbox 739 2483 1043 2552; x_wconf 83' lang='lat' dir='ltr'><strong>multiplex,</strong></span> <span class='ocrx_word' id='word_1_310' title='bbox 1076 2490 1135 2534; x_wconf 92' lang='lat' dir='ltr'><strong>ut</strong></span> <span class='ocrx_word' id='word_1_311' title='bbox 1155 2489 1236 2534; x_wconf 92' lang='lat' dir='ltr'><strong>est</strong></span> <span class='ocrx_word' id='word_1_312' title='bbox 1263 2477 1469 2545; x_wconf 81' lang='lat' dir='ltr'><strong>Jupiter</strong></span> <span class='ocrx_word' id='word_1_313' title='bbox 1490 2477 1720 2546; x_wconf 84' lang='lat' dir='ltr'><strong>Optimus</strong></span> <span class='ocrx_word' id='word_1_314' title='bbox 1753 2478 1931 2531; x_wconf 74' lang='lat' dir='ltr'><strong>maxi-</strong></span> 
     </span>
    </p>
   </div>
   <div class='ocr_carea' id='block_1_42' title="bbox 418 2570 1938 2645">
    <p class='ocr_par' dir='ltr' id='par_1_42' title="bbox 418 2570 1938 2645">
     <span class='ocr_line' id='line_1_42' title="bbox 418 2570 1938 2645; baseline -0.009 -7"><span class='ocrx_word' id='word_1_315' title='bbox 418 2597 537 2638; x_wconf 83' lang='lat' dir='ltr'><strong>mus</strong></span> <span class='ocrx_word' id='word_1_316' title='bbox 563 2588 663 2645; x_wconf 89' lang='lat' dir='ltr'><strong>est,</strong></span> <span class='ocrx_word' id='word_1_317' title='bbox 710 2578 850 2633; x_wconf 90' lang='lat' dir='ltr'><strong>Juno</strong></span> <span class='ocrx_word' id='word_1_318' title='bbox 899 2577 1079 2645; x_wconf 78' lang='lat' dir='ltr'><strong>regina</strong></span> <span class='ocrx_word' id='word_1_319' title='bbox 1110 2586 1211 2639; x_wconf 87' lang='lat' dir='ltr'><strong>est,</strong></span> <span class='ocrx_word' id='word_1_320' title='bbox 1256 2573 1488 2627; x_wconf 80' lang='lat' dir='ltr'><strong>Minerva</strong></span> <span class='ocrx_word' id='word_1_321' title='bbox 1530 2571 1625 2625; x_wconf 91' lang='lat' dir='ltr'><strong>dea</strong></span> <span class='ocrx_word' id='word_1_322' title='bbox 1658 2570 1938 2640; x_wconf 74' lang='lat' dir='ltr'><strong>sapientia:</strong></span> 
     </span>
    </p>
   </div>
   <div class='ocr_carea' id='block_1_43' title="bbox 356 2660 1937 2740">
    <p class='ocr_par' dir='ltr' id='par_1_43' title="bbox 356 2660 1937 2740">
     <span class='ocr_line' id='line_1_43' title="bbox 356 2660 1937 2740; baseline -0.007 -15"><span class='ocrx_word' id='word_1_323' title='bbox 356 2679 466 2734; x_wconf 85' lang='lat' dir='ltr'><strong>est,</strong></span> <span class='ocrx_word' id='word_1_324' title='bbox 496 2685 628 2740; x_wconf 91' lang='lat' dir='ltr'><strong>quas</strong></span> <span class='ocrx_word' id='word_1_325' title='bbox 669 2669 713 2723; x_wconf 91' lang='lat' dir='ltr'><strong>si</strong></span> <span class='ocrx_word' id='word_1_326' title='bbox 762 2670 882 2739; x_wconf 86' lang='lat' dir='ltr'><strong>quis</strong></span> <span class='ocrx_word' id='word_1_327' title='bbox 908 2668 1006 2721; x_wconf 89' lang='lat' dir='ltr'><strong>sub</strong></span> <span class='ocrx_word' id='word_1_328' title='bbox 1047 2679 1210 2720; x_wconf 92' lang='lat' dir='ltr'><strong>unum</strong></span> <span class='ocrx_word' id='word_1_329' title='bbox 1256 2665 1617 2733; x_wconf 89' lang='lat' dir='ltr'><strong>continueque</strong></span> <span class='ocrx_word' id='word_1_330' title='bbox 1661 2660 1897 2730; x_wconf 72' lang='lat' dir='ltr'><strong>proferat</strong></span> <span class='ocrx_word' id='word_1_331' title='bbox 1922 2701 1937 2725; x_wconf 95' lang='lat'><strong>,</strong></span> 
     </span>
    </p>
   </div>
   <div class='ocr_carea' id='block_1_44' title="bbox 358 2752 1941 2832">
    <p class='ocr_par' dir='ltr' id='par_1_44' title="bbox 358 2752 1941 2832">
     <span class='ocr_line' id='line_1_44' title="bbox 358 2752 1941 2832; baseline -0.005 -17"><span class='ocrx_word' id='word_1_332' title='bbox 358 2764 533 2831; x_wconf 85' lang='lat' dir='ltr'><strong>plures</strong></span> <span class='ocrx_word' id='word_1_333' title='bbox 561 2761 777 2832; x_wconf 89' lang='lat' dir='ltr'><strong>quidem</strong></span> <span class='ocrx_word' id='word_1_334' title='bbox 812 2759 1199 2829; x_wconf 86' lang='lat' dir='ltr'><strong>propositiones</strong></span> <span class='ocrx_word' id='word_1_335' title='bbox 1241 2764 1398 2821; x_wconf 90' lang='lat' dir='ltr'><strong>sunt,</strong></span> <span class='ocrx_word' id='word_1_336' title='bbox 1449 2764 1504 2809; x_wconf 91' lang='lat' dir='ltr'><strong>ct</strong></span> <span class='ocrx_word' id='word_1_337' title='bbox 1542 2755 1714 2809; x_wconf 87' lang='lat' dir='ltr'><strong>oratio</strong></span> <span class='ocrx_word' id='word_1_338' title='bbox 1758 2752 1941 2808; x_wconf 90' lang='lat' dir='ltr'><strong>multi-</strong></span> 
     </span>
    </p>
   </div>
   <div class='ocr_carea' id='block_1_45' title="bbox 358 2847 1939 2926">
    <p class='ocr_par' dir='ltr' id='par_1_45' title="bbox 358 2847 1939 2926">
     <span class='ocr_line' id='line_1_45' title="bbox 358 2847 1939 2926; baseline -0.007 -19"><span class='ocrx_word' id='word_1_339' title='bbox 358 2854 501 2922; x_wconf 78' lang='lat' dir='ltr'><strong>plex,</strong></span> <span class='ocrx_word' id='word_1_340' title='bbox 535 2853 629 2909; x_wconf 91' lang='lat' dir='ltr'><strong>sed</strong></span> <span class='ocrx_word' id='word_1_341' title='bbox 655 2851 1037 2921; x_wconf 89' lang='lat' dir='ltr'><strong>conjunctione</strong></span> <span class='ocrx_word' id='word_1_342' title='bbox 1058 2857 1264 2905; x_wconf 83' lang='lat' dir='ltr'><strong>carent.</strong></span> <span class='ocrx_word' id='word_1_343' title='bbox 1290 2847 1405 2901; x_wconf 87' lang='lat' dir='ltr'><strong>Alia</strong></span> <span class='ocrx_word' id='word_1_344' title='bbox 1449 2860 1579 2900; x_wconf 89' lang='lat' dir='ltr'><strong>vero</strong></span> <span class='ocrx_word' id='word_1_345' title='bbox 1613 2853 1696 2899; x_wconf 83' lang='lat' dir='ltr'><strong>est</strong></span> <span class='ocrx_word' id='word_1_346' title='bbox 1719 2859 1939 2926; x_wconf 86' lang='lat' dir='ltr'><strong>compo-</strong></span> 
     </span>
    </p>
   </div>
   <div class='ocr_carea' id='block_1_46' title="bbox 360 2935 1941 3012">
    <p class='ocr_par' dir='ltr' id='par_1_46' title="bbox 360 2935 1941 3012">
     <span class='ocr_line' id='line_1_46' title="bbox 360 2935 1941 3012; baseline -0.005 -15"><span class='ocrx_word' id='word_1_347' title='bbox 360 2946 478 3012; x_wconf 66' lang='lat' dir='ltr'><strong>sita,</strong></span> <span class='ocrx_word' id='word_1_348' title='bbox 512 2945 593 3000; x_wconf 85' lang='lat' dir='ltr'><strong>vel</strong></span> <span class='ocrx_word' id='word_1_349' title='bbox 620 2960 687 2999; x_wconf 82' lang='lat' dir='ltr'><strong>ex</strong></span> <span class='ocrx_word' id='word_1_350' title='bbox 713 2943 981 3007; x_wconf 89' lang='lat' dir='ltr'><strong>terminis,</strong></span> <span class='ocrx_word' id='word_1_351' title='bbox 1009 2942 1090 2994; x_wconf 88' lang='lat' dir='ltr'><strong>vel</strong></span> <span class='ocrx_word' id='word_1_352' title='bbox 1115 2956 1183 2995; x_wconf 86' lang='lat' dir='ltr'><strong>ex</strong></span> <span class='ocrx_word' id='word_1_353' title='bbox 1215 2936 1694 3009; x_wconf 87' lang='lat' dir='ltr'><strong>propositionibus,</strong></span> <span class='ocrx_word' id='word_1_354' title='bbox 1719 2935 1941 3004; x_wconf 81' lang='lat' dir='ltr'><strong>conjun-</strong></span> 
     </span>
    </p>
   </div>
   <div class='ocr_carea' id='block_1_47' title="bbox 360 3027 1944 3106">
    <p class='ocr_par' dir='ltr' id='par_1_47' title="bbox 360 3027 1944 3106">
     <span class='ocr_line' id='line_1_47' title="bbox 360 3027 1944 3106; baseline -0.005 -15"><span class='ocrx_word' id='word_1_355' title='bbox 360 3038 534 3091; x_wconf 83' lang='lat' dir='ltr'><strong>ctione</strong></span> <span class='ocrx_word' id='word_1_356' title='bbox 563 3036 855 3106; x_wconf 87' lang='lat' dir='ltr'><strong>copu&#39;atis,</strong></span> <span class='ocrx_word' id='word_1_357' title='bbox 891 3033 1176 3103; x_wconf 88' lang='lat' dir='ltr'><strong>multiplex</strong></span> <span class='ocrx_word' id='word_1_358' title='bbox 1207 3041 1262 3085; x_wconf 90' lang='lat' dir='ltr'><strong>et</strong></span> <span class='ocrx_word' id='word_1_359' title='bbox 1306 3029 1471 3086; x_wconf 78' lang='lat' dir='ltr'><strong>multa</strong></span> <span class='ocrx_word' id='word_1_360' title='bbox 1522 3027 1855 3098; x_wconf 88' lang='lat' dir='ltr'><strong>signiﬁcans,</strong></span> <span class='ocrx_word' id='word_1_361' title='bbox 1890 3036 1944 3083; x_wconf 88' lang='lat' dir='ltr'><strong>et</strong></span> 
     </span>
    </p>
   </div>
   <div class='ocr_carea' id='block_1_48' title="bbox 2036 1845 3619 1915">
    <p class='ocr_par' dir='ltr' id='par_1_48' title="bbox 2036 1845 3619 1915">
     <span class='ocr_line' id='line_1_48' title="bbox 2036 1845 3619 1915; baseline 0.001 -17"><span class='ocrx_word' id='word_1_362' title='bbox 2036 1845 2311 1911; x_wconf 82' lang='lat' dir='ltr'><strong>Multiplex</strong></span> <span class='ocrx_word' id='word_1_363' title='bbox 2363 1845 2526 1899; x_wconf 87' lang='lat' dir='ltr'><strong>etiam</strong></span> <span class='ocrx_word' id='word_1_364' title='bbox 2558 1845 2641 1899; x_wconf 85' lang='lat' dir='ltr'><strong>vel</strong></span> <span class='ocrx_word' id='word_1_365' title='bbox 2678 1846 2721 1899; x_wconf 89' lang='lat' dir='ltr'><strong>si</strong></span> <span class='ocrx_word' id='word_1_366' title='bbox 2749 1845 2908 1899; x_wconf 78' lang='lat' dir='ltr'><strong>fuerit</strong></span> <span class='ocrx_word' id='word_1_367' title='bbox 2952 1847 3248 1915; x_wconf 87' lang='lat' dir='ltr'><strong>composita</strong></span> <span class='ocrx_word' id='word_1_368' title='bbox 3279 1861 3343 1899; x_wconf 88' lang='lat' dir='ltr'><strong>ex</strong></span> <span class='ocrx_word' id='word_1_369' title='bbox 3383 1846 3619 1901; x_wconf 74' lang='lat' dir='ltr'><strong>terminis</strong></span> 
     </span>
    </p>
   </div>
   <div class='ocr_carea' id='block_1_49' title="bbox 2036 1937 3619 2008">
    <p class='ocr_par' dir='ltr' id='par_1_49' title="bbox 2036 1937 3619 2008">
     <span class='ocr_line' id='line_1_49' title="bbox 2036 1937 3619 2008; baseline 0.003 -19"><span class='ocrx_word' id='word_1_370' title='bbox 2036 1946 2231 2003; x_wconf 77' lang='lat' dir='ltr'><strong>praeter</strong></span> <span class='ocrx_word' id='word_1_371' title='bbox 2263 1937 2694 2007; x_wconf 89' lang='lat' dir='ltr'><strong>conjunctionem</strong></span> <span class='ocrx_word' id='word_1_372' title='bbox 2718 1979 2732 2002; x_wconf 92' lang='lat'><strong>,</strong></span> <span class='ocrx_word' id='word_1_373' title='bbox 2770 1940 3220 2008; x_wconf 82' lang='lat' dir='ltr'><strong>quemadmodum</strong></span> <span class='ocrx_word' id='word_1_374' title='bbox 3268 1940 3472 1994; x_wconf 90' lang='lat' dir='ltr'><strong>dictum</strong></span> <span class='ocrx_word' id='word_1_375' title='bbox 3506 1948 3619 2005; x_wconf 89' lang='lat' dir='ltr'><strong>est,</strong></span> 
     </span>
    </p>
   </div>
   <div class='ocr_carea' id='block_1_50' title="bbox 2036 2029 3619 2101">
    <p class='ocr_par' dir='ltr' id='par_1_50' title="bbox 2036 2029 3619 2101">
     <span class='ocr_line' id='line_1_50' title="bbox 2036 2029 3619 2101; baseline 0.003 -20"><span class='ocrx_word' id='word_1_376' title='bbox 2036 2039 2093 2083; x_wconf 87' lang='grc' dir='ltr'><strong>ιιι</strong></span> <span class='ocrx_word' id='word_1_377' title='bbox 2116 2029 2264 2082; x_wconf 86' lang='lat' dir='ltr'><strong>Plato</strong></span> <span class='ocrx_word' id='word_1_378' title='bbox 2290 2029 2631 2083; x_wconf 87' lang='lat' dir='ltr'><strong>Atheniensis</strong></span> <span class='ocrx_word' id='word_1_379' title='bbox 2658 2032 2706 2082; x_wconf 90' lang='lat' dir='ltr'><strong>in</strong></span> <span class='ocrx_word' id='word_1_380' title='bbox 2736 2030 2901 2100; x_wconf 60' lang='lat' dir='ltr'><strong>lyr-Leo</strong></span> <span class='ocrx_word' id='word_1_381' title='bbox 2923 2031 3189 2101; x_wconf 87' lang='lat' dir='ltr'><strong>disputat:</strong></span> <span class='ocrx_word' id='word_1_382' title='bbox 3219 2032 3303 2084; x_wconf 90' lang='lat' dir='ltr'><strong>vel</strong></span> <span class='ocrx_word' id='word_1_383' title='bbox 3330 2032 3376 2084; x_wconf 93' lang='lat' dir='ltr'><strong>si</strong></span> <span class='ocrx_word' id='word_1_384' title='bbox 3405 2046 3619 2099; x_wconf 86' lang='lat' dir='ltr'><strong>compo-</strong></span> 
     </span>
    </p>
   </div>
   <div class='ocr_carea' id='block_1_51' title="bbox 2036 2122 3620 2192">
    <p class='ocr_par' dir='ltr' id='par_1_51' title="bbox 2036 2122 3620 2192">
     <span class='ocr_line' id='line_1_51' title="bbox 2036 2122 3620 2192; baseline 0.001 -17"><span class='ocrx_word' id='word_1_385' title='bbox 2036 2122 2135 2176; x_wconf 92' lang='lat' dir='ltr'><strong>sita</strong></span> <span class='ocrx_word' id='word_1_386' title='bbox 2189 2124 2259 2176; x_wconf 93' lang='lat' dir='ltr'><strong>sit</strong></span> <span class='ocrx_word' id='word_1_387' title='bbox 2300 2138 2364 2177; x_wconf 79' lang='lat' dir='ltr'><strong>ex</strong></span> <span class='ocrx_word' id='word_1_388' title='bbox 2412 2123 2869 2192; x_wconf 88' lang='lat' dir='ltr'><strong>propositionibus</strong></span> <span class='ocrx_word' id='word_1_389' title='bbox 2914 2135 3111 2192; x_wconf 71' lang='lat' dir='ltr'><strong>przeter</strong></span> <span class='ocrx_word' id='word_1_390' title='bbox 3149 2125 3620 2192; x_wconf 79' lang='lat' dir='ltr'><strong>conjunctionem,</strong></span> 
     </span>
    </p>
   </div>
   <div class='ocr_carea' id='block_1_52' title="bbox 2037 2214 3619 2291">
    <p class='ocr_par' dir='ltr' id='par_1_52' title="bbox 2037 2214 3619 2291">
     <span class='ocr_line' id='line_1_52' title="bbox 2037 2214 3619 2291; baseline 0.001 -23"><span class='ocrx_word' id='word_1_391' title='bbox 2037 2214 2485 2291; x_wconf 75' lang='lat' dir='ltr'><strong>quemadmodum</strong></span> <span class='ocrx_word' id='word_1_392' title='bbox 2510 2226 2615 2277; x_wconf 92' lang='lat' dir='ltr'><strong>est,</strong></span> <span class='ocrx_word' id='word_1_393' title='bbox 2640 2214 2798 2268; x_wconf 92' lang='lat' dir='ltr'><strong>homo</strong></span> <span class='ocrx_word' id='word_1_394' title='bbox 2822 2223 2925 2281; x_wconf 87' lang='lat' dir='ltr'><strong>est,</strong></span> <span class='ocrx_word' id='word_1_395' title='bbox 2951 2216 3147 2270; x_wconf 90' lang='lat' dir='ltr'><strong>animal</strong></span> <span class='ocrx_word' id='word_1_396' title='bbox 3172 2225 3281 2280; x_wconf 86' lang='lat' dir='ltr'><strong>est;</strong></span> <span class='ocrx_word' id='word_1_397' title='bbox 3303 2216 3383 2270; x_wconf 89' lang='lat' dir='ltr'><strong>vel</strong></span> <span class='ocrx_word' id='word_1_398' title='bbox 3407 2217 3451 2269; x_wconf 87' lang='lat' dir='ltr'><strong>si</strong></span> <span class='ocrx_word' id='word_1_399' title='bbox 3478 2230 3619 2270; x_wconf 41' lang='lat' dir='ltr'><strong>coms</strong></span> 
     </span>
    </p>
   </div>
   <div class='ocr_carea' id='block_1_53' title="bbox 2040 2306 3620 2376">
    <p class='ocr_par' dir='ltr' id='par_1_53' title="bbox 2040 2306 3620 2376">
     <span class='ocr_line' id='line_1_53' title="bbox 2040 2306 3620 2376; baseline 0.001 -17"><span class='ocrx_word' id='word_1_400' title='bbox 2040 2308 2206 2375; x_wconf 88' lang='lat' dir='ltr'><strong>posita</strong></span> <span class='ocrx_word' id='word_1_401' title='bbox 2236 2307 2306 2360; x_wconf 90' lang='lat' dir='ltr'><strong>sit</strong></span> <span class='ocrx_word' id='word_1_402' title='bbox 2353 2320 2437 2373; x_wconf 74' lang='lat' dir='ltr'><strong>ex,</strong></span> <span class='ocrx_word' id='word_1_403' title='bbox 2451 2306 2696 2361; x_wconf 92' lang='lat' dir='ltr'><strong>terminis</strong></span> <span class='ocrx_word' id='word_1_404' title='bbox 2725 2306 3098 2375; x_wconf 88' lang='lat' dir='ltr'><strong>conjunctione</strong></span> <span class='ocrx_word' id='word_1_405' title='bbox 3125 2307 3411 2376; x_wconf 81' lang='lat' dir='ltr'><strong>copulatis,</strong></span> <span class='ocrx_word' id='word_1_406' title='bbox 3435 2315 3492 2360; x_wconf 93' lang='lat' dir='ltr'><strong>ut</strong></span> <span class='ocrx_word' id='word_1_407' title='bbox 3525 2309 3620 2360; x_wconf 90' lang='lat' dir='ltr'><strong>Ju-</strong></span> 
     </span>
    </p>
   </div>
   <div class='ocr_carea' id='block_1_54' title="bbox 2041 2397 3621 2468">
    <p class='ocr_par' dir='ltr' id='par_1_54' title="bbox 2041 2397 3621 2468">
     <span class='ocr_line' id='line_1_54' title="bbox 2041 2397 3621 2468; baseline -0.001 -16"><span class='ocrx_word' id='word_1_408' title='bbox 2041 2397 2180 2467; x_wconf 90' lang='lat' dir='ltr'><strong>piter</strong></span> <span class='ocrx_word' id='word_1_409' title='bbox 2200 2406 2256 2453; x_wconf 91' lang='lat' dir='ltr'><strong>et</strong></span> <span class='ocrx_word' id='word_1_410' title='bbox 2282 2398 2475 2468; x_wconf 82' lang='lat' dir='ltr'><strong>Apollo</strong></span> <span class='ocrx_word' id='word_1_411' title='bbox 2503 2398 2577 2453; x_wconf 92' lang='lat' dir='ltr'><strong>dii</strong></span> <span class='ocrx_word' id='word_1_412' title='bbox 2608 2410 2731 2452; x_wconf 80' lang='lat' dir='ltr'><strong>sunt</strong></span> <span class='ocrx_word' id='word_1_413' title='bbox 2762 2416 2776 2463; x_wconf 90' lang='lat'><strong>;</strong></span> <span class='ocrx_word' id='word_1_414' title='bbox 2808 2399 2890 2452; x_wconf 88' lang='lat' dir='ltr'><strong>vel</strong></span> <span class='ocrx_word' id='word_1_415' title='bbox 2922 2399 2965 2452; x_wconf 94' lang='lat' dir='ltr'><strong>si</strong></span> <span class='ocrx_word' id='word_1_416' title='bbox 2992 2399 3286 2467; x_wconf 88' lang='lat' dir='ltr'><strong>composita</strong></span> <span class='ocrx_word' id='word_1_417' title='bbox 3318 2398 3388 2453; x_wconf 91' lang='lat' dir='ltr'><strong>sit</strong></span> <span class='ocrx_word' id='word_1_418' title='bbox 3407 2410 3472 2453; x_wconf 82' lang='lat' dir='ltr'><strong>ex</strong></span> <span class='ocrx_word' id='word_1_419' title='bbox 3504 2414 3621 2466; x_wconf 88' lang='lat' dir='ltr'><strong>pro-</strong></span> 
     </span>
    </p>
   </div>
   <div class='ocr_carea' id='block_1_55' title="bbox 2044 2488 3623 2559">
    <p class='ocr_par' dir='ltr' id='par_1_55' title="bbox 2044 2488 3623 2559">
     <span class='ocr_line' id='line_1_55' title="bbox 2044 2488 3623 2559; baseline -0.003 -14"><span class='ocrx_word' id='word_1_420' title='bbox 2044 2490 2398 2558; x_wconf 87' lang='lat' dir='ltr'><strong>positionibus</strong></span> <span class='ocrx_word' id='word_1_421' title='bbox 2432 2505 2526 2559; x_wconf 91' lang='lat' dir='ltr'><strong>per</strong></span> <span class='ocrx_word' id='word_1_422' title='bbox 2559 2489 3016 2559; x_wconf 89' lang='lat' dir='ltr'><strong>conjunctionem,</strong></span> <span class='ocrx_word' id='word_1_423' title='bbox 3038 2488 3487 2559; x_wconf 89' lang='lat' dir='ltr'><strong>quemadmodum</strong></span> <span class='ocrx_word' id='word_1_424' title='bbox 3521 2499 3623 2551; x_wconf 88' lang='lat' dir='ltr'><strong>est,</strong></span> 
     </span>
    </p>
   </div>
   <div class='ocr_carea' id='block_1_56' title="bbox 2040 2581 3624 2659">
    <p class='ocr_par' dir='ltr' id='par_1_56' title="bbox 2040 2581 3624 2659">
     <span class='ocr_line' id='line_1_56' title="bbox 2040 2581 3624 2659; baseline 0.001 -24"><span class='ocrx_word' id='word_1_425' title='bbox 2040 2589 2095 2635; x_wconf 92' lang='lat' dir='ltr'><strong>et</strong></span> <span class='ocrx_word' id='word_1_426' title='bbox 2144 2581 2335 2651; x_wconf 79' lang='lat' dir='ltr'><strong>Apollo</strong></span> <span class='ocrx_word' id='word_1_427' title='bbox 2369 2590 2534 2659; x_wconf 84' lang='lat' dir='ltr'><strong>vates</strong></span> <span class='ocrx_word' id='word_1_428' title='bbox 2590 2590 2702 2648; x_wconf 87' lang='lat' dir='ltr'><strong>est,</strong></span> <span class='ocrx_word' id='word_1_429' title='bbox 2732 2590 2788 2637; x_wconf 87' lang='lat' dir='ltr'><strong>et</strong></span> <span class='ocrx_word' id='word_1_430' title='bbox 2827 2581 3034 2650; x_wconf 84' lang='lat' dir='ltr'><strong>Jupiter</strong></span> <span class='ocrx_word' id='word_1_431' title='bbox 3076 2591 3242 2635; x_wconf 91' lang='lat' dir='ltr'><strong>tonat.</strong></span> <span class='ocrx_word' id='word_1_432' title='bbox 3294 2582 3405 2636; x_wconf 88' lang='lat' dir='ltr'><strong>Cur</strong></span> <span class='ocrx_word' id='word_1_433' title='bbox 3445 2591 3624 2637; x_wconf 87' lang='lat' dir='ltr'><strong>autent</strong></span> 
     </span>
    </p>
   </div>
   <div class='ocr_carea' id='block_1_57' title="bbox 2042 2662 3626 2743">
    <p class='ocr_par' dir='ltr' id='par_1_57' title="bbox 2042 2662 3626 2743">
     <span class='ocr_line' id='line_1_57' title="bbox 2042 2662 3626 2743; baseline 0.001 -18"><span class='ocrx_word' id='word_1_434' title='bbox 2042 2662 2204 2739; x_wconf 76' lang='lat' dir='ltr'><strong>dixii,</strong></span> <span class='ocrx_word' id='word_1_435' title='bbox 2234 2673 2414 2743; x_wconf 85' lang='lat' dir='ltr'><strong>plures</strong></span> <span class='ocrx_word' id='word_1_436' title='bbox 2449 2686 2657 2733; x_wconf 91' lang='lat' dir='ltr'><strong>autem,</strong></span> <span class='ocrx_word' id='word_1_437' title='bbox 2688 2689 2807 2743; x_wconf 61' lang='lat' dir='ltr'><strong>qua!</strong></span> <span class='ocrx_word' id='word_1_438' title='bbox 2840 2673 3019 2743; x_wconf 89' lang='lat' dir='ltr'><strong>plura,</strong></span> <span class='ocrx_word' id='word_1_439' title='bbox 3053 2683 3107 2727; x_wconf 91' lang='lat' dir='ltr'><strong>et</strong></span> <span class='ocrx_word' id='word_1_440' title='bbox 3136 2689 3242 2727; x_wconf 92' lang='lat' dir='ltr'><strong>non</strong></span> <span class='ocrx_word' id='word_1_441' title='bbox 3290 2689 3482 2732; x_wconf 91' lang='lat' dir='ltr'><strong>unum,</strong></span> <span class='ocrx_word' id='word_1_442' title='bbox 3525 2672 3626 2727; x_wconf 86' lang='lat' dir='ltr'><strong>huc</strong></span> 
     </span>
    </p>
   </div>
   <div class='ocr_carea' id='block_1_58' title="bbox 2041 2762 3626 2834">
    <p class='ocr_par' dir='ltr' id='par_1_58' title="bbox 2041 2762 3626 2834">
     <span class='ocr_line' id='line_1_58' title="bbox 2041 2762 3626 2834; baseline 0 -18"><span class='ocrx_word' id='word_1_443' title='bbox 2041 2771 2125 2816; x_wconf 90' lang='lat' dir='ltr'><strong>est</strong></span> <span class='ocrx_word' id='word_1_444' title='bbox 2152 2764 2293 2834; x_wconf 91' lang='lat' dir='ltr'><strong>quod</strong></span> <span class='ocrx_word' id='word_1_445' title='bbox 2324 2774 2449 2818; x_wconf 92' lang='lat' dir='ltr'><strong>sunt</strong></span> <span class='ocrx_word' id='word_1_446' title='bbox 2477 2762 2719 2832; x_wconf 66' lang='lat' dir='ltr'><strong>qumdztnt</strong></span> <span class='ocrx_word' id='word_1_447' title='bbox 2746 2778 2865 2832; x_wconf 73' lang='lat' dir='ltr'><strong>qua:</strong></span> <span class='ocrx_word' id='word_1_448' title='bbox 2895 2763 3045 2833; x_wconf 90' lang='lat' dir='ltr'><strong>plura</strong></span> <span class='ocrx_word' id='word_1_449' title='bbox 3097 2763 3400 2832; x_wconf 89' lang='lat' dir='ltr'><strong>signiﬁcent</strong></span> <span class='ocrx_word' id='word_1_450' title='bbox 3430 2762 3481 2816; x_wconf 91' lang='lat' dir='ltr'><strong>in</strong></span> <span class='ocrx_word' id='word_1_451' title='bbox 3514 2777 3626 2816; x_wconf 80' lang='lat' dir='ltr'><strong>ser-</strong></span> 
     </span>
    </p>
   </div>
   <div class='ocr_carea' id='block_1_59' title="bbox 2043 2852 3626 2925">
    <p class='ocr_par' dir='ltr' id='par_1_59' title="bbox 2043 2852 3626 2925">
     <span class='ocr_line' id='line_1_59' title="bbox 2043 2852 3626 2925; baseline 0.001 -21"><span class='ocrx_word' id='word_1_452' title='bbox 2043 2853 2327 2925; x_wconf 62' lang='lat' dir='ltr'><strong>monibus,</strong></span> <span class='ocrx_word' id='word_1_453' title='bbox 2369 2868 2531 2906; x_wconf 90' lang='lat' dir='ltr'><strong>unum</strong></span> <span class='ocrx_word' id='word_1_454' title='bbox 2593 2862 2769 2906; x_wconf 91' lang='lat' dir='ltr'><strong>tamen</strong></span> <span class='ocrx_word' id='word_1_455' title='bbox 2828 2852 2878 2905; x_wconf 92' lang='lat' dir='ltr'><strong>in</strong></span> <span class='ocrx_word' id='word_1_456' title='bbox 2938 2862 3040 2906; x_wconf 89' lang='lat' dir='ltr'><strong>tota</strong></span> <span class='ocrx_word' id='word_1_457' title='bbox 3095 2852 3483 2921; x_wconf 90' lang='lat' dir='ltr'><strong>compositione</strong></span> <span class='ocrx_word' id='word_1_458' title='bbox 3534 2853 3626 2907; x_wconf 87' lang='lat' dir='ltr'><strong>de-</strong></span> 
     </span>
    </p>
   </div>
   <div class='ocr_carea' id='block_1_60' title="bbox 2045 2924 3627 3009">
    <p class='ocr_par' dir='ltr' id='par_1_60' title="bbox 2045 2924 3627 3009">
     <span class='ocr_line' id='line_1_60' title="bbox 2045 2924 3627 3009; baseline 0.001 -14"><span class='ocrx_word' id='word_1_459' title='bbox 2045 2924 2376 3009; x_wconf 72' lang='lat' dir='ltr'><strong>monstrent,</strong></span> <span class='ocrx_word' id='word_1_460' title='bbox 2405 2951 2461 2994; x_wconf 94' lang='lat' dir='ltr'><strong>ut</strong></span> <span class='ocrx_word' id='word_1_461' title='bbox 2498 2950 2610 3003; x_wconf 89' lang='lat' dir='ltr'><strong>est,</strong></span> <span class='ocrx_word' id='word_1_462' title='bbox 2650 2941 2849 2993; x_wconf 89' lang='lat' dir='ltr'><strong>animal</strong></span> <span class='ocrx_word' id='word_1_463' title='bbox 2891 2941 3185 3006; x_wconf 85' lang='lat' dir='ltr'><strong>rationale,</strong></span> <span class='ocrx_word' id='word_1_464' title='bbox 3224 2940 3480 3006; x_wconf 89' lang='lat' dir='ltr'><strong>mortale,</strong></span> <span class='ocrx_word' id='word_1_465' title='bbox 3514 2940 3627 2996; x_wconf 66' lang='lat' dir='ltr'><strong>haec</strong></span> 
     </span>
    </p>
   </div>
   <div class='ocr_carea' id='block_1_61' title="bbox 2044 3028 3628 3097">
    <p class='ocr_par' dir='ltr' id='par_1_61' title="bbox 2044 3028 3628 3097">
     <span class='ocr_line' id='line_1_61' title="bbox 2044 3028 3628 3097; baseline -0.002 -12"><span class='ocrx_word' id='word_1_466' title='bbox 2044 3030 2187 3085; x_wconf 81' lang='lat' dir='ltr'><strong>enim</strong></span> <span class='ocrx_word' id='word_1_467' title='bbox 2217 3030 2393 3083; x_wconf 88' lang='lat' dir='ltr'><strong>omnia</strong></span> <span class='ocrx_word' id='word_1_468' title='bbox 2426 3030 2591 3083; x_wconf 90' lang='lat' dir='ltr'><strong>multa</strong></span> <span class='ocrx_word' id='word_1_469' title='bbox 2637 3030 2971 3097; x_wconf 88' lang='lat' dir='ltr'><strong>signiﬁcant;</strong></span> <span class='ocrx_word' id='word_1_470' title='bbox 3015 3028 3162 3083; x_wconf 89' lang='lat' dir='ltr'><strong>aliud</strong></span> <span class='ocrx_word' id='word_1_471' title='bbox 3206 3039 3290 3083; x_wconf 89' lang='lat' dir='ltr'><strong>est</strong></span> <span class='ocrx_word' id='word_1_472' title='bbox 3329 3028 3471 3084; x_wconf 90' lang='lat' dir='ltr'><strong>enim</strong></span> <span class='ocrx_word' id='word_1_473' title='bbox 3517 3030 3628 3083; x_wconf 77' lang='lat' dir='ltr'><strong>ani-</strong></span> 
     </span>
    </p>
   </div>
   <div class='ocr_carea' id='block_1_62' title="bbox 360 3118 3629 3195">
    <p class='ocr_par' dir='ltr' id='par_1_62' title="bbox 360 3118 3629 3195">
     <span class='ocr_line' id='line_1_62' title="bbox 360 3118 3629 3195; baseline -0.002 -15"><span class='ocrx_word' id='word_1_474' title='bbox 360 3141 423 3180; x_wconf 76' lang='lat' dir='ltr'><strong>ex</strong></span> <span class='ocrx_word' id='word_1_475' title='bbox 466 3126 705 3181; x_wconf 87' lang='lat' dir='ltr'><strong>terminis</strong></span> <span class='ocrx_word' id='word_1_476' title='bbox 751 3125 964 3195; x_wconf 89' lang='lat' dir='ltr'><strong>quidem</strong></span> <span class='ocrx_word' id='word_1_477' title='bbox 1015 3126 1344 3191; x_wconf 90' lang='lat' dir='ltr'><strong>composita,</strong></span> <span class='ocrx_word' id='word_1_478' title='bbox 1397 3129 1454 3174; x_wconf 91' lang='lat' dir='ltr'><strong>ut</strong></span> <span class='ocrx_word' id='word_1_479' title='bbox 1498 3118 1542 3173; x_wconf 91' lang='lat' dir='ltr'><strong>si</strong></span> <span class='ocrx_word' id='word_1_480' title='bbox 1595 3119 1713 3188; x_wconf 91' lang='lat' dir='ltr'><strong>quis</strong></span> <span class='ocrx_word' id='word_1_481' title='bbox 1759 3119 1935 3173; x_wconf 90' lang='lat' dir='ltr'><strong>dicat:</strong></span> <span class='ocrx_word' id='word_1_482' title='bbox 1969 3131 2014 3193; x_wconf 69' lang='grc' dir='ltr'><strong>ρ</strong></span> <span class='ocrx_word' id='word_1_483' title='bbox 2046 3124 2182 3186; x_wconf 82' lang='lat' dir='ltr'><strong>mal,</strong></span> <span class='ocrx_word' id='word_1_484' title='bbox 2214 3122 2359 3176; x_wconf 88' lang='lat' dir='ltr'><strong>aliud</strong></span> <span class='ocrx_word' id='word_1_485' title='bbox 2399 3121 2694 3189; x_wconf 87' lang='lat' dir='ltr'><strong>rationale,</strong></span> <span class='ocrx_word' id='word_1_486' title='bbox 2727 3122 2867 3175; x_wconf 86' lang='lat' dir='ltr'><strong>aliud</strong></span> <span class='ocrx_word' id='word_1_487' title='bbox 2921 3121 3189 3187; x_wconf 89' lang='lat' dir='ltr'><strong>mortale,</strong></span> <span class='ocrx_word' id='word_1_488' title='bbox 3220 3120 3315 3175; x_wconf 87' lang='lat' dir='ltr'><strong>sed</strong></span> <span class='ocrx_word' id='word_1_489' title='bbox 3361 3130 3527 3194; x_wconf 89' lang='lat' dir='ltr'><strong>totum</strong></span> <span class='ocrx_word' id='word_1_490' title='bbox 3558 3122 3629 3176; x_wconf 78' lang='lat' dir='ltr'><strong>si-</strong></span> 
     </span>
    </p>
   </div>
   <div class='ocr_carea' id='block_1_63' title="bbox 366 3209 1943 3285">
    <p class='ocr_par' dir='ltr' id='par_1_63' title="bbox 366 3209 1943 3285">
     <span class='ocr_line' id='line_1_63' title="bbox 366 3209 1943 3285; baseline -0.004 -17"><span class='ocrx_word' id='word_1_491' title='bbox 366 3217 566 3284; x_wconf 88' lang='lat' dir='ltr'><strong>Jupiter</strong></span> <span class='ocrx_word' id='word_1_492' title='bbox 596 3224 651 3269; x_wconf 93' lang='lat' dir='ltr'><strong>et</strong></span> <span class='ocrx_word' id='word_1_493' title='bbox 676 3215 865 3285; x_wconf 87' lang='lat' dir='ltr'><strong>Apollo</strong></span> <span class='ocrx_word' id='word_1_494' title='bbox 888 3224 1011 3268; x_wconf 90' lang='lat' dir='ltr'><strong>sunt</strong></span> <span class='ocrx_word' id='word_1_495' title='bbox 1056 3213 1149 3268; x_wconf 91' lang='lat' dir='ltr'><strong>dii.</strong></span> <span class='ocrx_word' id='word_1_496' title='bbox 1186 3212 1261 3266; x_wconf 84' lang='lat' dir='ltr'><strong>Ex</strong></span> <span class='ocrx_word' id='word_1_497' title='bbox 1290 3209 1742 3281; x_wconf 85' lang='lat' dir='ltr'><strong>prepositionibus</strong></span> <span class='ocrx_word' id='word_1_498' title='bbox 1766 3217 1943 3264; x_wconf 88' lang='lat' dir='ltr'><strong>autem</strong></span> 
     </span>
    </p>
   </div>
   <div class='ocr_carea' id='block_1_64' title="bbox 363 3297 1948 3375">
    <p class='ocr_par' dir='ltr' id='par_1_64' title="bbox 363 3297 1948 3375">
     <span class='ocr_line' id='line_1_64' title="bbox 363 3297 1948 3375; baseline -0.004 -15"><span class='ocrx_word' id='word_1_499' title='bbox 363 3306 644 3375; x_wconf 72' lang='lat' dir='ltr'><strong>conjuncta</strong></span> <span class='ocrx_word' id='word_1_500' title='bbox 672 3306 833 3360; x_wconf 91' lang='lat' dir='ltr'><strong>multa</strong></span> <span class='ocrx_word' id='word_1_501' title='bbox 864 3304 1171 3374; x_wconf 89' lang='lat' dir='ltr'><strong>signiﬁcans</strong></span> <span class='ocrx_word' id='word_1_502' title='bbox 1214 3308 1327 3365; x_wconf 91' lang='lat' dir='ltr'><strong>est,</strong></span> <span class='ocrx_word' id='word_1_503' title='bbox 1357 3307 1417 3354; x_wconf 90' lang='lat' dir='ltr'><strong>ut</strong></span> <span class='ocrx_word' id='word_1_504' title='bbox 1444 3297 1493 3355; x_wconf 88' lang='lat' dir='ltr'><strong>si</strong></span> <span class='ocrx_word' id='word_1_505' title='bbox 1534 3300 1654 3368; x_wconf 89' lang='lat' dir='ltr'><strong>quis</strong></span> <span class='ocrx_word' id='word_1_506' title='bbox 1680 3299 1862 3375; x_wconf 84' lang='lat' dir='ltr'><strong>dicat,</strong></span> <span class='ocrx_word' id='word_1_507' title='bbox 1892 3308 1948 3353; x_wconf 90' lang='lat' dir='ltr'><strong>et</strong></span> 
     </span>
    </p>
   </div>
   <div class='ocr_carea' id='block_1_65' title="bbox 367 3374 1948 3466">
    <p class='ocr_par' dir='ltr' id='par_1_65' title="bbox 367 3374 1948 3466">
     <span class='ocr_line' id='line_1_65' title="bbox 367 3374 1948 3466; baseline -0.006 -16"><span class='ocrx_word' id='word_1_508' title='bbox 367 3374 550 3466; x_wconf 86' lang='lat' dir='ltr'><strong>Apollo</strong></span> <span class='ocrx_word' id='word_1_509' title='bbox 582 3405 733 3452; x_wconf 88' lang='lat' dir='ltr'><strong>vates</strong></span> <span class='ocrx_word' id='word_1_510' title='bbox 763 3405 869 3459; x_wconf 89' lang='lat' dir='ltr'><strong>est,</strong></span> <span class='ocrx_word' id='word_1_511' title='bbox 900 3403 950 3449; x_wconf 90' lang='lat' dir='ltr'><strong>et</strong></span> <span class='ocrx_word' id='word_1_512' title='bbox 980 3393 1191 3463; x_wconf 91' lang='lat' dir='ltr'><strong>Jupiter</strong></span> <span class='ocrx_word' id='word_1_513' title='bbox 1235 3399 1403 3445; x_wconf 88' lang='lat' dir='ltr'><strong>tonat.</strong></span> <span class='ocrx_word' id='word_1_514' title='bbox 1460 3386 1555 3443; x_wconf 85' lang='lat' dir='ltr'><strong>Est</strong></span> <span class='ocrx_word' id='word_1_515' title='bbox 1590 3398 1768 3443; x_wconf 93' lang='lat' dir='ltr'><strong>autem</strong></span> <span class='ocrx_word' id='word_1_516' title='bbox 1801 3374 1948 3457; x_wconf 62' lang='grc' dir='ltr'><strong>’βιω-</strong></span> 
     </span>
    </p>
   </div>
   <div class='ocr_carea' id='block_1_66' title="bbox 369 3475 1950 3557">
    <p class='ocr_par' dir='ltr' id='par_1_66' title="bbox 369 3475 1950 3557">
     <span class='ocr_line' id='line_1_66' title="bbox 369 3475 1950 3557; baseline -0.006 -14"><span class='ocrx_word' id='word_1_517' title='bbox 369 3475 568 3545; x_wconf 60' lang='lat' dir='ltr'><strong>tei’has</strong></span> <span class='ocrx_word' id='word_1_518' title='bbox 596 3490 697 3544; x_wconf 84' lang='lat' dir='ltr'><strong>alia</strong></span> <span class='ocrx_word' id='word_1_519' title='bbox 720 3488 1014 3557; x_wconf 91' lang='lat' dir='ltr'><strong>composita</strong></span> <span class='ocrx_word' id='word_1_520' title='bbox 1047 3486 1219 3541; x_wconf 78' lang='lat' dir='ltr'><strong>oratio</strong></span> <span class='ocrx_word' id='word_1_521' title='bbox 1246 3499 1312 3539; x_wconf 81' lang='lat' dir='ltr'><strong>ex</strong></span> <span class='ocrx_word' id='word_1_522' title='bbox 1334 3481 1791 3554; x_wconf 88' lang='lat' dir='ltr'><strong>propositionibus</strong></span> <span class='ocrx_word' id='word_1_523' title='bbox 1820 3496 1950 3536; x_wconf 84' lang='lat' dir='ltr'><strong>con-</strong></span> 
     </span>
    </p>
   </div>
   <div class='ocr_carea' id='block_1_67' title="bbox 366 3576 1948 3650">
    <p class='ocr_par' dir='ltr' id='par_1_67' title="bbox 366 3576 1948 3650">
     <span class='ocr_line' id='line_1_67' title="bbox 366 3576 1948 3650; baseline -0.005 -15"><span class='ocrx_word' id='word_1_524' title='bbox 366 3582 634 3649; x_wconf 81' lang='lat' dir='ltr'><strong>iunctione</strong></span> <span class='ocrx_word' id='word_1_525' title='bbox 662 3580 985 3650; x_wconf 90' lang='lat' dir='ltr'><strong>conjunctis,</strong></span> <span class='ocrx_word' id='word_1_526' title='bbox 1032 3593 1190 3632; x_wconf 83' lang='lat' dir='ltr'><strong>unam</strong></span> <span class='ocrx_word' id='word_1_527' title='bbox 1224 3576 1530 3644; x_wconf 90' lang='lat' dir='ltr'><strong>signiﬁcans</strong></span> <span class='ocrx_word' id='word_1_528' title='bbox 1574 3589 1710 3638; x_wconf 89' lang='lat' dir='ltr'><strong>rem,</strong></span> <span class='ocrx_word' id='word_1_529' title='bbox 1741 3581 1801 3628; x_wconf 90' lang='lat' dir='ltr'><strong>ut</strong></span> <span class='ocrx_word' id='word_1_530' title='bbox 1826 3587 1948 3628; x_wconf 89' lang='lat' dir='ltr'><strong>cum</strong></span> 
     </span>
    </p>
   </div>
   <div class='ocr_carea' id='block_1_68' title="bbox 369 3652 1951 3736">
    <p class='ocr_par' dir='ltr' id='par_1_68' title="bbox 369 3652 1951 3736">
     <span class='ocr_line' id='line_1_68' title="bbox 369 3652 1951 3736; baseline -0.004 -11"><span class='ocrx_word' id='word_1_531' title='bbox 369 3672 519 3727; x_wconf 81' lang='lat' dir='ltr'><strong>:lico:</strong></span> <span class='ocrx_word' id='word_1_532' title='bbox 553 3672 608 3725; x_wconf 87' lang='lat' dir='ltr'><strong>Si</strong></span> <span class='ocrx_word' id='word_1_533' title='bbox 639 3672 754 3726; x_wconf 87' lang='lat' dir='ltr'><strong>dies</strong></span> <span class='ocrx_word' id='word_1_534' title='bbox 799 3679 881 3725; x_wconf 90' lang='lat' dir='ltr'><strong>est</strong></span> <span class='ocrx_word' id='word_1_535' title='bbox 904 3713 918 3735; x_wconf 95' lang='lat'><strong>,</strong></span> <span class='ocrx_word' id='word_1_536' title='bbox 947 3669 1035 3723; x_wconf 82' lang='lat' dir='ltr'><strong>lux</strong></span> <span class='ocrx_word' id='word_1_537' title='bbox 1070 3679 1170 3723; x_wconf 86' lang='lat' dir='ltr'><strong>est.</strong></span> <span class='ocrx_word' id='word_1_538' title='bbox 1220 3652 1343 3721; x_wconf 65' lang='lat' dir='ltr'><strong>Duae</strong></span> <span class='ocrx_word' id='word_1_539' title='bbox 1369 3668 1510 3722; x_wconf 92' lang='lat' dir='ltr'><strong>enim</strong></span> <span class='ocrx_word' id='word_1_540' title='bbox 1556 3667 1951 3736; x_wconf 86' lang='lat' dir='ltr'><strong>propositiones</strong></span> 
     </span>
    </p>
   </div>
   <div class='ocr_carea' id='block_1_69' title="bbox 370 3758 1951 3833">
    <p class='ocr_par' dir='ltr' id='par_1_69' title="bbox 370 3758 1951 3833">
     <span class='ocr_line' id='line_1_69' title="bbox 370 3758 1951 3833; baseline -0.002 -18"><span class='ocrx_word' id='word_1_541' title='bbox 370 3780 486 3833; x_wconf 65' lang='lat' dir='ltr'><strong>qllti!</strong></span> <span class='ocrx_word' id='word_1_542' title='bbox 516 3774 641 3818; x_wconf 90' lang='lat' dir='ltr'><strong>sunt</strong></span> <span class='ocrx_word' id='word_1_543' title='bbox 674 3766 808 3826; x_wconf 69' lang='lat' dir='ltr'><strong>lSItlz,</strong></span> <span class='ocrx_word' id='word_1_544' title='bbox 842 3762 959 3815; x_wconf 90' lang='lat' dir='ltr'><strong>dies</strong></span> <span class='ocrx_word' id='word_1_545' title='bbox 984 3771 1085 3825; x_wconf 89' lang='lat' dir='ltr'><strong>est,</strong></span> <span class='ocrx_word' id='word_1_546' title='bbox 1118 3760 1202 3813; x_wconf 79' lang='lat' dir='ltr'><strong>lux</strong></span> <span class='ocrx_word' id='word_1_547' title='bbox 1236 3769 1338 3823; x_wconf 91' lang='lat' dir='ltr'><strong>est,</strong></span> <span class='ocrx_word' id='word_1_548' title='bbox 1381 3760 1424 3812; x_wconf 83' lang='lat' dir='ltr'><strong>si</strong></span> <span class='ocrx_word' id='word_1_549' title='bbox 1455 3758 1832 3827; x_wconf 86' lang='lat' dir='ltr'><strong>conjunctione</strong></span> <span class='ocrx_word' id='word_1_550' title='bbox 1862 3774 1951 3813; x_wconf 87' lang='lat' dir='ltr'><strong>co-</strong></span> 
     </span>
    </p>
   </div>
   <div class='ocr_carea' id='block_1_70' title="bbox 369 3850 1954 3925">
    <p class='ocr_par' dir='ltr' id='par_1_70' title="bbox 369 3850 1954 3925">
     <span class='ocr_line' id='line_1_70' title="bbox 369 3850 1954 3925; baseline -0.002 -16"><span class='ocrx_word' id='word_1_551' title='bbox 369 3858 649 3925; x_wconf 88' lang='lat' dir='ltr'><strong>pulantur;</strong></span> <span class='ocrx_word' id='word_1_552' title='bbox 684 3856 777 3909; x_wconf 89' lang='lat' dir='ltr'><strong>scd</strong></span> <span class='ocrx_word' id='word_1_553' title='bbox 804 3855 917 3907; x_wconf 83' lang='lat' dir='ltr'><strong>haec</strong></span> <span class='ocrx_word' id='word_1_554' title='bbox 941 3854 1112 3908; x_wconf 89' lang='lat' dir='ltr'><strong>oratio</strong></span> <span class='ocrx_word' id='word_1_555' title='bbox 1134 3867 1239 3907; x_wconf 92' lang='lat' dir='ltr'><strong>non</strong></span> <span class='ocrx_word' id='word_1_556' title='bbox 1272 3851 1532 3921; x_wconf 89' lang='lat' dir='ltr'><strong>signiﬁcat</strong></span> <span class='ocrx_word' id='word_1_557' title='bbox 1573 3850 1759 3913; x_wconf 90' lang='lat' dir='ltr'><strong>multa,</strong></span> <span class='ocrx_word' id='word_1_558' title='bbox 1782 3866 1954 3920; x_wconf 90' lang='lat' dir='ltr'><strong>neque</strong></span> 
     </span>
    </p>
   </div>
   <div class='ocr_carea' id='block_1_71' title="bbox 370 3938 1952 4011">
    <p class='ocr_par' dir='ltr' id='par_1_71' title="bbox 370 3938 1952 4011">
     <span class='ocr_line' id='line_1_71' title="bbox 370 3938 1952 4011; baseline -0.004 -11"><span class='ocrx_word' id='word_1_559' title='bbox 370 3946 514 4000; x_wconf 91' lang='lat' dir='ltr'><strong>enim</strong></span> <span class='ocrx_word' id='word_1_560' title='bbox 536 3944 677 3998; x_wconf 92' lang='lat' dir='ltr'><strong>diem</strong></span> <span class='ocrx_word' id='word_1_561' title='bbox 701 3958 819 3997; x_wconf 89' lang='lat' dir='ltr'><strong>esse</strong></span> <span class='ocrx_word' id='word_1_562' title='bbox 837 3954 888 3997; x_wconf 92' lang='lat' dir='ltr'><strong>et</strong></span> <span class='ocrx_word' id='word_1_563' title='bbox 910 3943 1078 3996; x_wconf 89' lang='lat' dir='ltr'><strong>lucem</strong></span> <span class='ocrx_word' id='word_1_564' title='bbox 1104 3942 1352 4011; x_wconf 90' lang='lat' dir='ltr'><strong>proponit</strong></span> <span class='ocrx_word' id='word_1_565' title='bbox 1378 3955 1521 4007; x_wconf 79' lang='lat' dir='ltr'><strong>esse,</strong></span> <span class='ocrx_word' id='word_1_566' title='bbox 1540 3938 1633 3994; x_wconf 89' lang='lat' dir='ltr'><strong>sed</strong></span> <span class='ocrx_word' id='word_1_567' title='bbox 1646 3940 1688 3994; x_wconf 93' lang='lat' dir='ltr'><strong>si</strong></span> <span class='ocrx_word' id='word_1_568' title='bbox 1717 3941 1832 3995; x_wconf 90' lang='lat' dir='ltr'><strong>dies</strong></span> <span class='ocrx_word' id='word_1_569' title='bbox 1848 3949 1952 4007; x_wconf 90' lang='lat' dir='ltr'><strong>est,</strong></span> 
     </span>
    </p>
   </div>
   <div class='ocr_carea' id='block_1_72' title="bbox 372 4031 1956 4102">
    <p class='ocr_par' dir='ltr' id='par_1_72' title="bbox 372 4031 1956 4102">
     <span class='ocr_line' id='line_1_72' title="bbox 372 4031 1956 4102; baseline -0.004 -12"><span class='ocrx_word' id='word_1_570' title='bbox 372 4037 548 4090; x_wconf 85' lang='lat' dir='ltr'><strong>lucent</strong></span> <span class='ocrx_word' id='word_1_571' title='bbox 575 4050 715 4091; x_wconf 82' lang='lat' dir='ltr'><strong>esse.</strong></span> <span class='ocrx_word' id='word_1_572' title='bbox 741 4033 997 4102; x_wconf 86' lang='lat' dir='ltr'><strong>Quocirca</strong></span> <span class='ocrx_word' id='word_1_573' title='bbox 1026 4032 1285 4101; x_wconf 86' lang='lat' dir='ltr'><strong>signiﬁcat</strong></span> <span class='ocrx_word' id='word_1_574' title='bbox 1310 4031 1743 4100; x_wconf 90' lang='lat' dir='ltr'><strong>consequentiam</strong></span> <span class='ocrx_word' id='word_1_575' title='bbox 1768 4046 1956 4100; x_wconf 90' lang='lat' dir='ltr'><strong>quam-</strong></span> 
     </span>
    </p>
   </div>
   <div class='ocr_carea' id='block_1_73' title="bbox 373 4118 1957 4193">
    <p class='ocr_par' dir='ltr' id='par_1_73' title="bbox 373 4118 1957 4193">
     <span class='ocr_line' id='line_1_73' title="bbox 373 4118 1957 4193; baseline -0.004 -12"><span class='ocrx_word' id='word_1_576' title='bbox 373 4129 515 4193; x_wconf 84' lang='lat' dir='ltr'><strong>dam,</strong></span> <span class='ocrx_word' id='word_1_577' title='bbox 549 4142 653 4181; x_wconf 92' lang='lat' dir='ltr'><strong>non</strong></span> <span class='ocrx_word' id='word_1_578' title='bbox 687 4125 1023 4180; x_wconf 80' lang='lat' dir='ltr'><strong>existentiam</strong></span> <span class='ocrx_word' id='word_1_579' title='bbox 1070 4123 1473 4193; x_wconf 89' lang='lat' dir='ltr'><strong>propositionis,</strong></span> <span class='ocrx_word' id='word_1_580' title='bbox 1508 4139 1612 4177; x_wconf 92' lang='lat' dir='ltr'><strong>non</strong></span> <span class='ocrx_word' id='word_1_581' title='bbox 1651 4118 1957 4176; x_wconf 86' lang='lat' dir='ltr'><strong>enimdicit</strong></span> 
     </span>
    </p>
   </div>
   <div class='ocr_carea' id='block_1_74' title="bbox 373 4204 1955 4282">
    <p class='ocr_par' dir='ltr' id='par_1_74' title="bbox 373 4204 1955 4282">
     <span class='ocr_line' id='line_1_74' title="bbox 373 4204 1955 4282; baseline -0.005 -15"><span class='ocrx_word' id='word_1_582' title='bbox 373 4223 630 4282; x_wconf 87' lang='lat' dir='ltr'><strong>utrasque</strong></span> <span class='ocrx_word' id='word_1_583' title='bbox 678 4223 816 4278; x_wconf 88' lang='lat' dir='ltr'><strong>esse,</strong></span> <span class='ocrx_word' id='word_1_584' title='bbox 850 4209 941 4264; x_wconf 88' lang='lat' dir='ltr'><strong>sed</strong></span> <span class='ocrx_word' id='word_1_585' title='bbox 978 4209 1021 4263; x_wconf 92' lang='lat' dir='ltr'><strong>si</strong></span> <span class='ocrx_word' id='word_1_586' title='bbox 1052 4224 1152 4261; x_wconf 89' lang='lat' dir='ltr'><strong>una</strong></span> <span class='ocrx_word' id='word_1_587' title='bbox 1182 4216 1283 4275; x_wconf 90' lang='lat' dir='ltr'><strong>est,</strong></span> <span class='ocrx_word' id='word_1_588' title='bbox 1315 4208 1472 4261; x_wconf 90' lang='lat' dir='ltr'><strong>aliam</strong></span> <span class='ocrx_word' id='word_1_589' title='bbox 1514 4207 1789 4276; x_wconf 89' lang='lat' dir='ltr'><strong>consequi,</strong></span> <span class='ocrx_word' id='word_1_590' title='bbox 1814 4204 1955 4274; x_wconf 89' lang='lat' dir='ltr'><strong>quod</strong></span> 
     </span>
    </p>
   </div>
   <div class='ocr_carea' id='block_1_75' title="bbox 377 4299 1955 4375">
    <p class='ocr_par' dir='ltr' id='par_1_75' title="bbox 377 4299 1955 4375">
     <span class='ocr_line' id='line_1_75' title="bbox 377 4299 1955 4375; baseline -0.006 -14"><span class='ocrx_word' id='word_1_591' title='bbox 377 4320 663 4375; x_wconf 87' lang='lat' dir='ltr'><strong>utrumque</strong></span> <span class='ocrx_word' id='word_1_592' title='bbox 696 4306 749 4358; x_wconf 93' lang='lat' dir='ltr'><strong>in</strong></span> <span class='ocrx_word' id='word_1_593' title='bbox 781 4319 938 4359; x_wconf 90' lang='lat' dir='ltr'><strong>unam</strong></span> <span class='ocrx_word' id='word_1_594' title='bbox 966 4300 1363 4373; x_wconf 84' lang='lat' dir='ltr'><strong>quodammodo</strong></span> <span class='ocrx_word' id='word_1_595' title='bbox 1394 4299 1801 4369; x_wconf 81' lang='lat' dir='ltr'><strong>intelligentiam</strong></span> <span class='ocrx_word' id='word_1_596' title='bbox 1826 4312 1955 4352; x_wconf 91' lang='lat' dir='ltr'><strong>con-</strong></span> 
     </span>
    </p>
   </div>
   <div class='ocr_carea' id='block_1_76' title="bbox 376 4391 1957 4468">
    <p class='ocr_par' dir='ltr' id='par_1_76' title="bbox 376 4391 1957 4468">
     <span class='ocr_line' id='line_1_76' title="bbox 376 4391 1957 4468; baseline -0.006 -16"><span class='ocrx_word' id='word_1_597' title='bbox 376 4400 540 4468; x_wconf 80' lang='lat' dir='ltr'><strong>gruit.</strong></span> <span class='ocrx_word' id='word_1_598' title='bbox 575 4399 678 4453; x_wconf 87' lang='lat' dir='ltr'><strong>Sed</strong></span> <span class='ocrx_word' id='word_1_599' title='bbox 711 4399 848 4451; x_wconf 88' lang='lat' dir='ltr'><strong>hanc</strong></span> <span class='ocrx_word' id='word_1_600' title='bbox 882 4395 1209 4465; x_wconf 78' lang='lat' dir='ltr'><strong>Porphyrius</strong></span> <span class='ocrx_word' id='word_1_601' title='bbox 1234 4393 1655 4463; x_wconf 86' lang='lat' dir='ltr'><strong>propositionem</strong></span> <span class='ocrx_word' id='word_1_602' title='bbox 1688 4391 1957 4445; x_wconf 82' lang='lat' dir='ltr'><strong>extrinse-</strong></span> 
     </span>
    </p>
   </div>
   <div class='ocr_carea' id='block_1_77' title="bbox 2050 3202 3630 3284">
    <p class='ocr_par' dir='ltr' id='par_1_77' title="bbox 2050 3202 3630 3284">
     <span class='ocr_line' id='line_1_77' title="bbox 2050 3202 3630 3284; baseline -0.001 -15"><span class='ocrx_word' id='word_1_603' title='bbox 2050 3216 2157 3269; x_wconf 91' lang='lat' dir='ltr'><strong>mul</strong></span> <span class='ocrx_word' id='word_1_604' title='bbox 2200 3230 2361 3269; x_wconf 92' lang='lat' dir='ltr'><strong>unum</strong></span> <span class='ocrx_word' id='word_1_605' title='bbox 2413 3223 2529 3279; x_wconf 90' lang='lat' dir='ltr'><strong>est,</strong></span> <span class='ocrx_word' id='word_1_606' title='bbox 2556 3214 2699 3284; x_wconf 90' lang='lat' dir='ltr'><strong>quod</strong></span> <span class='ocrx_word' id='word_1_607' title='bbox 2730 3222 2812 3269; x_wconf 90' lang='lat' dir='ltr'><strong>est</strong></span> <span class='ocrx_word' id='word_1_608' title='bbox 2855 3214 3035 3268; x_wconf 91' lang='lat' dir='ltr'><strong>homo.</strong></span> <span class='ocrx_word' id='word_1_609' title='bbox 3068 3212 3199 3268; x_wconf 89' lang='lat' dir='ltr'><strong>Cum</strong></span> <span class='ocrx_word' id='word_1_610' title='bbox 3241 3221 3415 3267; x_wconf 91' lang='lat' dir='ltr'><strong>autem</strong></span> <span class='ocrx_word' id='word_1_611' title='bbox 3469 3202 3630 3277; x_wconf 72' lang='lat' dir='ltr'><strong>dico.</strong></span> 
     </span>
    </p>
   </div>
   <div class='ocr_carea' id='block_1_78' title="bbox 2049 3305 3631 3376">
    <p class='ocr_par' dir='ltr' id='par_1_78' title="bbox 2049 3305 3631 3376">
     <span class='ocr_line' id='line_1_78' title="bbox 2049 3305 3631 3376; baseline -0.001 -13"><span class='ocrx_word' id='word_1_612' title='bbox 2049 3306 2302 3363; x_wconf 87' lang='lat' dir='ltr'><strong>Socrates</strong></span> <span class='ocrx_word' id='word_1_613' title='bbox 2342 3306 2692 3361; x_wconf 85' lang='lat' dir='ltr'><strong>Atheniensis</strong></span> <span class='ocrx_word' id='word_1_614' title='bbox 2742 3305 3114 3376; x_wconf 84' lang='lat' dir='ltr'><strong>philosophus,</strong></span> <span class='ocrx_word' id='word_1_615' title='bbox 3146 3317 3197 3360; x_wconf 91' lang='lat' dir='ltr'><strong>et</strong></span> <span class='ocrx_word' id='word_1_616' title='bbox 3244 3306 3449 3376; x_wconf 76' lang='lat' dir='ltr'><strong>singula</strong></span> <span class='ocrx_word' id='word_1_617' title='bbox 3484 3307 3631 3375; x_wconf 87' lang='lat' dir='ltr'><strong>plura</strong></span> 
     </span>
    </p>
   </div>
   <div class='ocr_carea' id='block_1_79' title="bbox 2050 3394 3633 3461">
    <p class='ocr_par' dir='ltr' id='par_1_79' title="bbox 2050 3394 3633 3461">
     <span class='ocr_line' id='line_1_79' title="bbox 2050 3394 3633 3461; baseline -0.001 -10"><span class='ocrx_word' id='word_1_618' title='bbox 2050 3406 2196 3459; x_wconf 88' lang='lat' dir='ltr'><strong>sunt,</strong></span> <span class='ocrx_word' id='word_1_619' title='bbox 2244 3404 2299 3451; x_wconf 90' lang='lat' dir='ltr'><strong>et</strong></span> <span class='ocrx_word' id='word_1_620' title='bbox 2341 3395 2518 3450; x_wconf 75' lang='lat' dir='ltr'><strong>omnia</strong></span> <span class='ocrx_word' id='word_1_621' title='bbox 2567 3395 2726 3449; x_wconf 92' lang='lat' dir='ltr'><strong>simul</strong></span> <span class='ocrx_word' id='word_1_622' title='bbox 2758 3395 2903 3461; x_wconf 87' lang='lat' dir='ltr'><strong>plura</strong></span> <span class='ocrx_word' id='word_1_623' title='bbox 2934 3394 3285 3449; x_wconf 91' lang='lat' dir='ltr'><strong>nihilominus</strong></span> <span class='ocrx_word' id='word_1_624' title='bbox 3332 3403 3477 3449; x_wconf 84' lang='lat' dir='ltr'><strong>sunt.</strong></span> <span class='ocrx_word' id='word_1_625' title='bbox 3511 3395 3633 3451; x_wconf 69' lang='lat' dir='ltr'><strong>llaec</strong></span> 
     </span>
    </p>
   </div>
   <div class='ocr_carea' id='block_1_80' title="bbox 2052 3484 3633 3551">
    <p class='ocr_par' dir='ltr' id='par_1_80' title="bbox 2052 3484 3633 3551">
     <span class='ocr_line' id='line_1_80' title="bbox 2052 3484 3633 3551; baseline -0.003 -9"><span class='ocrx_word' id='word_1_626' title='bbox 2052 3488 2194 3543; x_wconf 91' lang='lat' dir='ltr'><strong>enim</strong></span> <span class='ocrx_word' id='word_1_627' title='bbox 2222 3486 2543 3541; x_wconf 76' lang='lat' dir='ltr'><strong>accidentia‘</strong></span> <span class='ocrx_word' id='word_1_628' title='bbox 2565 3495 2709 3551; x_wconf 92' lang='lat' dir='ltr'><strong>sunt,</strong></span> <span class='ocrx_word' id='word_1_629' title='bbox 2743 3496 2797 3539; x_wconf 90' lang='lat' dir='ltr'><strong>et</strong></span> <span class='ocrx_word' id='word_1_630' title='bbox 2843 3484 3043 3538; x_wconf 90' lang='lat' dir='ltr'><strong>nullam</strong></span> <span class='ocrx_word' id='word_1_631' title='bbox 3087 3485 3437 3540; x_wconf 85' lang='lat' dir='ltr'><strong>substantiam</strong></span> <span class='ocrx_word' id='word_1_632' title='bbox 3467 3484 3633 3538; x_wconf 83' lang='lat' dir='ltr'><strong>infor-</strong></span> 
     </span>
    </p>
   </div>
   <div class='ocr_carea' id='block_1_81' title="bbox 2053 3580 3635 3651">
    <p class='ocr_par' dir='ltr' id='par_1_81' title="bbox 2053 3580 3635 3651">
     <span class='ocr_line' id='line_1_81' title="bbox 2053 3580 3635 3651; baseline 0.001 -15"><span class='ocrx_word' id='word_1_633' title='bbox 2053 3591 2239 3649; x_wconf 83' lang='lat' dir='ltr'><strong>mant,</strong></span> <span class='ocrx_word' id='word_1_634' title='bbox 2269 3590 2429 3651; x_wconf 87' lang='lat' dir='ltr'><strong>atque</strong></span> <span class='ocrx_word' id='word_1_635' title='bbox 2469 3580 2573 3637; x_wconf 87' lang='lat' dir='ltr'><strong>hoc</strong></span> <span class='ocrx_word' id='word_1_636' title='bbox 2602 3580 2815 3650; x_wconf 87' lang='lat' dir='ltr'><strong>quidem</strong></span> <span class='ocrx_word' id='word_1_637' title='bbox 2864 3582 2997 3635; x_wconf 73' lang='lat' dir='ltr'><strong>dittit</strong></span> <span class='ocrx_word' id='word_1_638' title='bbox 3040 3584 3106 3636; x_wconf 85' lang='lat' dir='ltr'><strong>tle</strong></span> <span class='ocrx_word' id='word_1_639' title='bbox 3134 3582 3471 3637; x_wconf 85' lang='lat' dir='ltr'><strong>orationibus</strong></span> <span class='ocrx_word' id='word_1_640' title='bbox 3517 3597 3635 3651; x_wconf 71' lang='lat' dir='ltr'><strong>qua!</strong></span> 
     </span>
    </p>
   </div>
   <div class='ocr_carea' id='block_1_82' title="bbox 2053 3675 3635 3743">
    <p class='ocr_par' dir='ltr' id='par_1_82' title="bbox 2053 3675 3635 3743">
     <span class='ocr_line' id='line_1_82' title="bbox 2053 3675 3635 3743; baseline 0.003 -16"><span class='ocrx_word' id='word_1_641' title='bbox 2053 3676 2135 3729; x_wconf 91' lang='lat' dir='ltr'><strong>vel</strong></span> <span class='ocrx_word' id='word_1_642' title='bbox 2181 3675 2556 3743; x_wconf 90' lang='lat' dir='ltr'><strong>conjunctione</strong></span> <span class='ocrx_word' id='word_1_643' title='bbox 2601 3690 2720 3729; x_wconf 78' lang='lat' dir='ltr'><strong>una:</strong></span> <span class='ocrx_word' id='word_1_644' title='bbox 2766 3685 2976 3738; x_wconf 91' lang='lat' dir='ltr'><strong>essent,</strong></span> <span class='ocrx_word' id='word_1_645' title='bbox 3008 3675 3091 3727; x_wconf 88' lang='lat' dir='ltr'><strong>vel</strong></span> <span class='ocrx_word' id='word_1_646' title='bbox 3138 3675 3555 3743; x_wconf 80' lang='lat' dir='ltr'><strong>signiﬁcatione,</strong></span> <span class='ocrx_word' id='word_1_647' title='bbox 3584 3682 3635 3731; x_wconf 82' lang='lat' dir='ltr'><strong>et</strong></span> 
     </span>
    </p>
   </div>
   <div class='ocr_carea' id='block_1_83' title="bbox 2056 3766 3637 3835">
    <p class='ocr_par' dir='ltr' id='par_1_83' title="bbox 2056 3766 3637 3835">
     <span class='ocr_line' id='line_1_83' title="bbox 2056 3766 3637 3835; baseline 0.001 -16"><span class='ocrx_word' id='word_1_648' title='bbox 2056 3779 2241 3819; x_wconf 88' lang='lat' dir='ltr'><strong>rursus</strong></span> <span class='ocrx_word' id='word_1_649' title='bbox 2273 3766 2340 3819; x_wconf 91' lang='lat' dir='ltr'><strong>de</strong></span> <span class='ocrx_word' id='word_1_650' title='bbox 2369 3766 2550 3820; x_wconf 88' lang='lat' dir='ltr'><strong>multis</strong></span> <span class='ocrx_word' id='word_1_651' title='bbox 2573 3782 2693 3835; x_wconf 80' lang='lat' dir='ltr'><strong>qua:</strong></span> <span class='ocrx_word' id='word_1_652' title='bbox 2720 3767 2800 3820; x_wconf 89' lang='lat' dir='ltr'><strong>vel</strong></span> <span class='ocrx_word' id='word_1_653' title='bbox 2832 3773 3024 3834; x_wconf 62' lang='lat' dir='ltr'><strong>pri-ter</strong></span> <span class='ocrx_word' id='word_1_654' title='bbox 3047 3768 3476 3834; x_wconf 87' lang='lat' dir='ltr'><strong>conjunctiouem</strong></span> <span class='ocrx_word' id='word_1_655' title='bbox 3503 3768 3637 3820; x_wconf 84' lang='lat' dir='ltr'><strong>mul-</strong></span> 
     </span>
    </p>
   </div>
   <div class='ocr_carea' id='block_1_84' title="bbox 2056 3857 3637 3927">
    <p class='ocr_par' dir='ltr' id='par_1_84' title="bbox 2056 3857 3637 3927">
     <span class='ocr_line' id='line_1_84' title="bbox 2056 3857 3637 3927; baseline 0.003 -17"><span class='ocrx_word' id='word_1_656' title='bbox 2056 3864 2123 3910; x_wconf 63' lang='lat' dir='ltr'><strong>tte</strong></span> <span class='ocrx_word' id='word_1_657' title='bbox 2160 3866 2365 3922; x_wconf 90' lang='lat' dir='ltr'><strong>essent,</strong></span> <span class='ocrx_word' id='word_1_658' title='bbox 2402 3859 2485 3913; x_wconf 92' lang='lat' dir='ltr'><strong>vel</strong></span> <span class='ocrx_word' id='word_1_659' title='bbox 2514 3857 2902 3927; x_wconf 84' lang='lat' dir='ltr'><strong>signiﬁcatione</strong></span> <span class='ocrx_word' id='word_1_660' title='bbox 2930 3858 3232 3925; x_wconf 87' lang='lat' dir='ltr'><strong>multiplici.</strong></span> <span class='ocrx_word' id='word_1_661' title='bbox 3262 3860 3390 3925; x_wconf 63' lang='lat' dir='ltr'><strong>Quae</strong></span> <span class='ocrx_word' id='word_1_662' title='bbox 3436 3874 3560 3913; x_wconf 89' lang='lat' dir='ltr'><strong>vero</strong></span> <span class='ocrx_word' id='word_1_663' title='bbox 3588 3860 3637 3915; x_wconf 89' lang='lat' dir='ltr'><strong>in</strong></span> 
     </span>
    </p>
   </div>
   <div class='ocr_carea' id='block_1_85' title="bbox 2057 3947 3639 4017">
    <p class='ocr_par' dir='ltr' id='par_1_85' title="bbox 2057 3947 3639 4017">
     <span class='ocr_line' id='line_1_85' title="bbox 2057 3947 3639 4017; baseline 0.003 -16"><span class='ocrx_word' id='word_1_664' title='bbox 2057 3947 2386 4017; x_wconf 87' lang='lat' dir='ltr'><strong>simplicibus</strong></span> <span class='ocrx_word' id='word_1_665' title='bbox 2416 3958 2575 4017; x_wconf 91' lang='lat' dir='ltr'><strong>atque</strong></span> <span class='ocrx_word' id='word_1_666' title='bbox 2612 3949 2926 4015; x_wconf 87' lang='lat' dir='ltr'><strong>compositis</strong></span> <span class='ocrx_word' id='word_1_667' title='bbox 2955 3950 3221 4017; x_wconf 89' lang='lat' dir='ltr'><strong>posterius</strong></span> <span class='ocrx_word' id='word_1_668' title='bbox 3249 3951 3402 4013; x_wconf 83' lang='lat' dir='ltr'><strong>dixit,</strong></span> <span class='ocrx_word' id='word_1_669' title='bbox 3426 3966 3545 4004; x_wconf 92' lang='lat' dir='ltr'><strong>cum</strong></span> <span class='ocrx_word' id='word_1_670' title='bbox 3574 3953 3639 4006; x_wconf 83' lang='lat' dir='ltr'><strong>ad</strong></span> 
     </span>
    </p>
   </div>
   <div class='ocr_carea' id='block_1_86' title="bbox 2059 4035 3639 4104">
    <p class='ocr_par' dir='ltr' id='par_1_86' title="bbox 2059 4035 3639 4104">
     <span class='ocr_line' id='line_1_86' title="bbox 2059 4035 3639 4104; baseline 0 -15"><span class='ocrx_word' id='word_1_671' title='bbox 2059 4035 2111 4089; x_wconf 94' lang='lat' dir='ltr'><strong>id</strong></span> <span class='ocrx_word' id='word_1_672' title='bbox 2134 4036 2246 4089; x_wconf 91' lang='lat' dir='ltr'><strong>loci</strong></span> <span class='ocrx_word' id='word_1_673' title='bbox 2275 4037 2814 4104; x_wconf 33' lang='lat' dir='ltr'><strong>expositioivenerit,</strong></span> <span class='ocrx_word' id='word_1_674' title='bbox 2860 4035 3246 4101; x_wconf 81' lang='lat' dir='ltr'><strong>explicabitur;</strong></span> <span class='ocrx_word' id='word_1_675' title='bbox 3278 4050 3418 4088; x_wconf 91' lang='lat' dir='ltr'><strong>nunc</strong></span> <span class='ocrx_word' id='word_1_676' title='bbox 3464 4036 3639 4090; x_wconf 90' lang='lat' dir='ltr'><strong>autem</strong></span> 
     </span>
    </p>
   </div>
   <div class='ocr_carea' id='block_1_87' title="bbox 2060 4114 3641 4196">
    <p class='ocr_par' dir='ltr' id='par_1_87' title="bbox 2060 4114 3641 4196">
     <span class='ocr_line' id='line_1_87' title="bbox 2060 4114 3641 4196; baseline 0.003 -16"><span class='ocrx_word' id='word_1_677' title='bbox 2060 4118 2391 4180; x_wconf 85' lang='lat' dir='ltr'><strong>revertamur</strong></span> <span class='ocrx_word' id='word_1_678' title='bbox 2408 4126 2475 4179; x_wconf 88' lang='lat' dir='ltr'><strong>ad</strong></span> <span class='ocrx_word' id='word_1_679' title='bbox 2497 4125 2764 4179; x_wconf 85' lang='lat' dir='ltr'><strong>ordinem.</strong></span> <span class='ocrx_word' id='word_1_680' title='bbox 2792 4125 2959 4196; x_wconf 88' lang='lat' dir='ltr'><strong>Igitur</strong></span> <span class='ocrx_word' id='word_1_681' title='bbox 2977 4114 3227 4196; x_wconf 85' lang='lat' dir='ltr'><strong>quoniam</strong></span> <span class='ocrx_word' id='word_1_682' title='bbox 3254 4140 3412 4194; x_wconf 85' lang='lat' dir='ltr'><strong>supra</strong></span> <span class='ocrx_word' id='word_1_683' title='bbox 3436 4126 3641 4184; x_wconf 81' lang='lat' dir='ltr'><strong>dixerat</strong></span> 
     </span>
    </p>
   </div>
   <div class='ocr_carea' id='block_1_88' title="bbox 2061 4218 3641 4296">
    <p class='ocr_par' dir='ltr' id='par_1_88' title="bbox 2061 4218 3641 4296">
     <span class='ocr_line' id='line_1_88' title="bbox 2061 4218 3641 4296; baseline 0.001 -22"><span class='ocrx_word' id='word_1_684' title='bbox 2061 4218 2361 4288; x_wconf 88' lang='lat' dir='ltr'><strong>simplicem</strong></span> <span class='ocrx_word' id='word_1_685' title='bbox 2408 4218 2863 4289; x_wconf 83' lang='lat' dir='ltr'><strong>propositionem,</strong></span> <span class='ocrx_word' id='word_1_686' title='bbox 2895 4235 3050 4290; x_wconf 89' lang='lat' dir='ltr'><strong>quam</strong></span> <span class='ocrx_word' id='word_1_687' title='bbox 3103 4226 3433 4296; x_wconf 67' lang='grc' dir='ltr'><strong>κατηγορικήν</strong></span> <span class='ocrx_word' id='word_1_688' title='bbox 3471 4218 3641 4275; x_wconf 67' lang='grc' dir='ltr'><strong>ϐπερὶ</strong></span> 
     </span>
    </p>
   </div>
   <div class='ocr_carea' id='block_1_89' title="bbox 2064 4310 3642 4389">
    <p class='ocr_par' dir='ltr' id='par_1_89' title="bbox 2064 4310 3642 4389">
     <span class='ocr_line' id='line_1_89' title="bbox 2064 4310 3642 4389; baseline -0.001 -24"><span class='ocrx_word' id='word_1_689' title='bbox 2064 4310 2281 4376; x_wconf 90' lang='lat' dir='ltr'><strong>dicunt,</strong></span> <span class='ocrx_word' id='word_1_690' title='bbox 2335 4326 2435 4366; x_wconf 92' lang='lat' dir='ltr'><strong>nos</strong></span> <span class='ocrx_word' id='word_1_691' title='bbox 2492 4311 2889 4389; x_wconf 75' lang='lat' dir='ltr'><strong>prtedicativam</strong></span> <span class='ocrx_word' id='word_1_692' title='bbox 2940 4314 3279 4381; x_wconf 74' lang='lat' dir='ltr'><strong>interpretari</strong></span> <span class='ocrx_word' id='word_1_693' title='bbox 3330 4326 3642 4382; x_wconf 86' lang='lat' dir='ltr'><strong>possumus,</strong></span> 
     </span>
    </p>
   </div>
   <div class='ocr_carea' id='block_1_90' title="bbox 2065 4402 3643 4473">
    <p class='ocr_par' dir='ltr' id='par_1_90' title="bbox 2065 4402 3643 4473">
     <span class='ocr_line' id='line_1_90' title="bbox 2065 4402 3643 4473; baseline -0.001 -16"><span class='ocrx_word' id='word_1_694' title='bbox 2065 4417 2279 4473; x_wconf 89' lang='lat' dir='ltr'><strong>semper</strong></span> <span class='ocrx_word' id='word_1_695' title='bbox 2303 4402 2449 4457; x_wconf 89' lang='lat' dir='ltr'><strong>verbi</strong></span> <span class='ocrx_word' id='word_1_696' title='bbox 2474 4402 2855 4473; x_wconf 63' lang='lat' dir='ltr'><strong>praedicatione</strong></span> <span class='ocrx_word' id='word_1_697' title='bbox 2877 4405 3149 4469; x_wconf 89' lang='lat' dir='ltr'><strong>constitui,</strong></span> <span class='ocrx_word' id='word_1_698' title='bbox 3178 4420 3281 4458; x_wconf 93' lang='lat' dir='ltr'><strong>non</strong></span> <span class='ocrx_word' id='word_1_699' title='bbox 3305 4413 3481 4457; x_wconf 90' lang='lat' dir='ltr'><strong>autem</strong></span> <span class='ocrx_word' id='word_1_700' title='bbox 3506 4416 3643 4455; x_wconf 86' lang='lat' dir='ltr'><strong>sem-</strong></span> 
     </span>
    </p>
   </div>
   <div class='ocr_carea' id='block_1_91' title="bbox 376 4479 1939 4566">
    <p class='ocr_par' dir='ltr' id='par_1_91' title="bbox 376 4479 1939 4555">
     <span class='ocr_line' id='line_1_91' title="bbox 376 4479 1939 4555; baseline -0.006 -14"><span class='ocrx_word' id='word_1_701' title='bbox 376 4504 473 4541; x_wconf 84' lang='lat' dir='ltr'><strong>cus</strong></span> <span class='ocrx_word' id='word_1_702' title='bbox 501 4488 783 4555; x_wconf 90' lang='lat' dir='ltr'><strong>proponit,</strong></span> <span class='ocrx_word' id='word_1_703' title='bbox 818 4485 1018 4539; x_wconf 90' lang='lat' dir='ltr'><strong>idcirco</strong></span> <span class='ocrx_word' id='word_1_704' title='bbox 1046 4483 1188 4554; x_wconf 87' lang='lat' dir='ltr'><strong>quod</strong></span> <span class='ocrx_word' id='word_1_705' title='bbox 1220 4482 1367 4551; x_wconf 90' lang='lat' dir='ltr'><strong>plura</strong></span> <span class='ocrx_word' id='word_1_706' title='bbox 1400 4481 1700 4550; x_wconf 89' lang='lat' dir='ltr'><strong>signiﬁcare</strong></span> <span class='ocrx_word' id='word_1_707' title='bbox 1746 4479 1939 4534; x_wconf 33' lang='lat' dir='ltr'><strong>videbat</strong></span> 
     </span>
    </p>
   </div>
   <div class='ocr_carea' id='block_1_92' title="bbox 2014 4479 3645 4566">
    <p class='ocr_par' dir='ltr' id='par_1_92' title="bbox 2014 4495 3645 4566">
     <span class='ocr_line' id='line_1_92' title="bbox 2014 4495 3645 4566; baseline -0.001 -16"><span class='ocrx_word' id='word_1_708' title='bbox 2014 4503 2040 4563; x_wconf 84' lang='lat'><strong>)</strong></span> <span class='ocrx_word' id='word_1_709' title='bbox 2066 4511 2163 4565; x_wconf 87' lang='lat' dir='ltr'><strong>per</strong></span> <span class='ocrx_word' id='word_1_710' title='bbox 2190 4496 2407 4550; x_wconf 91' lang='lat' dir='ltr'><strong>nomine</strong></span> <span class='ocrx_word' id='word_1_711' title='bbox 2438 4496 2703 4565; x_wconf 87' lang='lat' dir='ltr'><strong>subjecto,</strong></span> <span class='ocrx_word' id='word_1_712' title='bbox 2738 4498 2878 4564; x_wconf 90' lang='lat' dir='ltr'><strong>quod</strong></span> <span class='ocrx_word' id='word_1_713' title='bbox 2910 4497 3191 4566; x_wconf 84' lang='lat' dir='ltr'><strong>aliquoties</strong></span> <span class='ocrx_word' id='word_1_714' title='bbox 3214 4497 3426 4566; x_wconf 88' lang='lat' dir='ltr'><strong>quidem</strong></span> <span class='ocrx_word' id='word_1_715' title='bbox 3459 4495 3541 4549; x_wconf 87' lang='lat' dir='ltr'><strong>vel</strong></span> <span class='ocrx_word' id='word_1_716' title='bbox 3564 4498 3645 4549; x_wconf 89' lang='lat' dir='ltr'><strong>itt-</strong></span> 
     </span>
    </p>
   </div>
   <div class='ocr_carea' id='block_1_93' title="bbox 377 4569 1957 4644">
    <p class='ocr_par' dir='ltr' id='par_1_93' title="bbox 377 4569 1957 4644">
     <span class='ocr_line' id='line_1_93' title="bbox 377 4569 1957 4644; baseline -0.004 -14"><span class='ocrx_word' id='word_1_717' title='bbox 377 4590 486 4643; x_wconf 89' lang='lat' dir='ltr'><strong>tttr,</strong></span> <span class='ocrx_word' id='word_1_718' title='bbox 510 4579 618 4643; x_wconf 84' lang='lat' dir='ltr'><strong>ipsa</strong></span> <span class='ocrx_word' id='word_1_719' title='bbox 640 4577 780 4631; x_wconf 87' lang='lat' dir='ltr'><strong>enim</strong></span> <span class='ocrx_word' id='word_1_720' title='bbox 810 4575 1239 4644; x_wconf 85' lang='lat' dir='ltr'><strong>pr0positionum</strong></span> <span class='ocrx_word' id='word_1_721' title='bbox 1268 4572 1545 4641; x_wconf 89' lang='lat' dir='ltr'><strong>pluralitas</strong></span> <span class='ocrx_word' id='word_1_722' title='bbox 1568 4569 1957 4625; x_wconf 87' lang='lat' dir='ltr'><strong>multitudinem</strong></span> 
     </span>
    </p>
   </div>
   <div class='ocr_carea' id='block_1_94' title="bbox 377 4664 1962 4739">
    <p class='ocr_par' dir='ltr' id='par_1_94' title="bbox 377 4664 1962 4739">
     <span class='ocr_line' id='line_1_94' title="bbox 377 4664 1962 4739; baseline -0.003 -17"><span class='ocrx_word' id='word_1_723' title='bbox 377 4670 589 4723; x_wconf 86' lang='lat' dir='ltr'><strong>simulat</strong></span> <span class='ocrx_word' id='word_1_724' title='bbox 616 4668 1084 4738; x_wconf 79' lang='lat' dir='ltr'><strong>signiﬁcationum,</strong></span> <span class='ocrx_word' id='word_1_725' title='bbox 1102 4667 1196 4721; x_wconf 91' lang='lat' dir='ltr'><strong>sed</strong></span> <span class='ocrx_word' id='word_1_726' title='bbox 1213 4669 1296 4739; x_wconf 89' lang='lat' dir='ltr'><strong>(ut</strong></span> <span class='ocrx_word' id='word_1_727' title='bbox 1314 4666 1511 4721; x_wconf 91' lang='lat' dir='ltr'><strong>dictum</strong></span> <span class='ocrx_word' id='word_1_728' title='bbox 1535 4667 1638 4735; x_wconf 87' lang='lat' dir='ltr'><strong>est)</strong></span> <span class='ocrx_word' id='word_1_729' title='bbox 1660 4680 1765 4719; x_wconf 91' lang='lat' dir='ltr'><strong>non</strong></span> <span class='ocrx_word' id='word_1_730' title='bbox 1782 4664 1962 4733; x_wconf 87' lang='lat' dir='ltr'><strong>plures</strong></span> 
     </span>
    </p>
   </div>
   <div class='ocr_carea' id='block_1_95' title="bbox 378 4750 1964 4829">
    <p class='ocr_par' dir='ltr' id='par_1_95' title="bbox 378 4750 1964 4829">
     <span class='ocr_line' id='line_1_95' title="bbox 378 4750 1964 4829; baseline -0.004 -16"><span class='ocrx_word' id='word_1_731' title='bbox 378 4758 643 4829; x_wconf 88' lang='lat' dir='ltr'><strong>signiﬁcat</strong></span> <span class='ocrx_word' id='word_1_732' title='bbox 672 4773 780 4823; x_wconf 88' lang='lat' dir='ltr'><strong>res,</strong></span> <span class='ocrx_word' id='word_1_733' title='bbox 806 4758 901 4813; x_wconf 90' lang='lat' dir='ltr'><strong>sed</strong></span> <span class='ocrx_word' id='word_1_734' title='bbox 926 4773 1087 4811; x_wconf 92' lang='lat' dir='ltr'><strong>unam</strong></span> <span class='ocrx_word' id='word_1_735' title='bbox 1129 4750 1585 4825; x_wconf 82' lang='lat' dir='ltr'><strong>consequentiam.</strong></span> <span class='ocrx_word' id='word_1_736' title='bbox 1627 4754 1964 4825; x_wconf 86' lang='lat' dir='ltr'><strong>Composita-</strong></span> 
     </span>
    </p>
   </div>
   <div class='ocr_carea' id='block_1_96' title="bbox 382 4845 1959 4920">
    <p class='ocr_par' dir='ltr' id='par_1_96' title="bbox 382 4845 1959 4920">
     <span class='ocr_line' id='line_1_96' title="bbox 382 4845 1959 4920; baseline -0.005 -12"><span class='ocrx_word' id='word_1_737' title='bbox 382 4868 497 4908; x_wconf 90' lang='lat' dir='ltr'><strong>rum</strong></span> <span class='ocrx_word' id='word_1_738' title='bbox 539 4853 697 4920; x_wconf 89' lang='lat' dir='ltr'><strong>igitur</strong></span> <span class='ocrx_word' id='word_1_739' title='bbox 735 4861 790 4905; x_wconf 91' lang='lat' dir='ltr'><strong>et</strong></span> <span class='ocrx_word' id='word_1_740' title='bbox 830 4866 991 4906; x_wconf 88' lang='lat' dir='ltr'><strong>unam</strong></span> <span class='ocrx_word' id='word_1_741' title='bbox 1024 4867 1134 4906; x_wconf 89' lang='lat' dir='ltr'><strong>rem</strong></span> <span class='ocrx_word' id='word_1_742' title='bbox 1178 4849 1588 4919; x_wconf 89' lang='lat' dir='ltr'><strong>signiﬁcantium</strong></span> <span class='ocrx_word' id='word_1_743' title='bbox 1639 4845 1959 4917; x_wconf 76' lang='lat' dir='ltr'><strong>prepositio-</strong></span> 
     </span>
    </p>
   </div>
   <div class='ocr_carea' id='block_1_97' title="bbox 385 4940 1955 5015">
    <p class='ocr_par' dir='ltr' id='par_1_97' title="bbox 385 4940 1955 5015">
     <span class='ocr_line' id='line_1_97' title="bbox 385 4940 1955 5015; baseline -0.005 -16"><span class='ocrx_word' id='word_1_744' title='bbox 385 4961 511 4999; x_wconf 90' lang='lat' dir='ltr'><strong>num</strong></span> <span class='ocrx_word' id='word_1_745' title='bbox 541 4945 737 5015; x_wconf 89' lang='lat' dir='ltr'><strong>duplex</strong></span> <span class='ocrx_word' id='word_1_746' title='bbox 767 4945 954 4999; x_wconf 90' lang='lat' dir='ltr'><strong>modus</strong></span> <span class='ocrx_word' id='word_1_747' title='bbox 988 4953 1090 4999; x_wconf 89' lang='lat' dir='ltr'><strong>est.</strong></span> <span class='ocrx_word' id='word_1_748' title='bbox 1118 4946 1217 4997; x_wconf 85' lang='lat' dir='ltr'><strong>Aut</strong></span> <span class='ocrx_word' id='word_1_749' title='bbox 1249 4945 1390 4997; x_wconf 89' lang='lat' dir='ltr'><strong>enim</strong></span> <span class='ocrx_word' id='word_1_750' title='bbox 1414 4958 1478 4997; x_wconf 83' lang='lat' dir='ltr'><strong>ex</strong></span> <span class='ocrx_word' id='word_1_751' title='bbox 1509 4941 1748 4995; x_wconf 90' lang='lat' dir='ltr'><strong>terminis</strong></span> <span class='ocrx_word' id='word_1_752' title='bbox 1770 4940 1955 4994; x_wconf 86' lang='lat' dir='ltr'><strong>incon-</strong></span> 
     </span>
    </p>
   </div>
   <div class='ocr_carea' id='block_1_98' title="bbox 379 5032 1963 5106">
    <p class='ocr_par' dir='ltr' id='par_1_98' title="bbox 379 5032 1963 5106">
     <span class='ocr_line' id='line_1_98' title="bbox 379 5032 1963 5106; baseline -0.002 -19"><span class='ocrx_word' id='word_1_753' title='bbox 379 5038 574 5106; x_wconf 85' lang='lat' dir='ltr'><strong>junctis</strong></span> <span class='ocrx_word' id='word_1_754' title='bbox 608 5052 766 5091; x_wconf 93' lang='lat' dir='ltr'><strong>unam</strong></span> <span class='ocrx_word' id='word_1_755' title='bbox 818 5052 930 5092; x_wconf 88' lang='lat' dir='ltr'><strong>rem</strong></span> <span class='ocrx_word' id='word_1_756' title='bbox 984 5034 1288 5104; x_wconf 87' lang='lat' dir='ltr'><strong>signiﬁcans</strong></span> <span class='ocrx_word' id='word_1_757' title='bbox 1337 5032 1629 5103; x_wconf 86' lang='lat' dir='ltr'><strong>composita</strong></span> <span class='ocrx_word' id='word_1_758' title='bbox 1668 5032 1870 5099; x_wconf 90' lang='lat' dir='ltr'><strong>oratio,</strong></span> <span class='ocrx_word' id='word_1_759' title='bbox 1904 5039 1963 5084; x_wconf 91' lang='lat' dir='ltr'><strong>ut</strong></span> 
     </span>
    </p>
   </div>
   <div class='ocr_carea' id='block_1_99' title="bbox 379 5123 1960 5195">
    <p class='ocr_par' dir='ltr' id='par_1_99' title="bbox 379 5123 1960 5195">
     <span class='ocr_line' id='line_1_99' title="bbox 379 5123 1960 5195; baseline -0.001 -16"><span class='ocrx_word' id='word_1_760' title='bbox 379 5128 576 5180; x_wconf 84' lang='lat' dir='ltr'><strong>animal</strong></span> <span class='ocrx_word' id='word_1_761' title='bbox 609 5128 887 5192; x_wconf 82' lang='lat' dir='ltr'><strong>rationale,</strong></span> <span class='ocrx_word' id='word_1_762' title='bbox 911 5127 1137 5181; x_wconf 90' lang='lat' dir='ltr'><strong>mortale</strong></span> <span class='ocrx_word' id='word_1_763' title='bbox 1157 5134 1258 5180; x_wconf 89' lang='lat' dir='ltr'><strong>est.</strong></span> <span class='ocrx_word' id='word_1_764' title='bbox 1290 5127 1393 5179; x_wconf 90' lang='lat' dir='ltr'><strong>Aut</strong></span> <span class='ocrx_word' id='word_1_765' title='bbox 1413 5141 1478 5180; x_wconf 86' lang='lat' dir='ltr'><strong>ex</strong></span> <span class='ocrx_word' id='word_1_766' title='bbox 1506 5123 1960 5195; x_wconf 85' lang='lat' dir='ltr'><strong>prepositionibus</strong></span> 
     </span>
    </p>
   </div>
   <div class='ocr_carea' id='block_1_100' title="bbox 380 5212 1961 5283">
    <p class='ocr_par' dir='ltr' id='par_1_100' title="bbox 380 5212 1961 5283">
     <span class='ocr_line' id='line_1_100' title="bbox 380 5212 1961 5283; baseline -0.003 -15"><span class='ocrx_word' id='word_1_767' title='bbox 380 5216 677 5283; x_wconf 76' lang='lat' dir='ltr'><strong>composita</strong></span> <span class='ocrx_word' id='word_1_768' title='bbox 712 5223 765 5268; x_wconf 85' lang='lat' dir='ltr'><strong>et</strong></span> <span class='ocrx_word' id='word_1_769' title='bbox 794 5215 1173 5283; x_wconf 87' lang='lat' dir='ltr'><strong>conjunctione</strong></span> <span class='ocrx_word' id='word_1_770' title='bbox 1200 5214 1466 5283; x_wconf 86' lang='lat' dir='ltr'><strong>copulata,</strong></span> <span class='ocrx_word' id='word_1_771' title='bbox 1522 5212 1803 5278; x_wconf 83' lang='lat' dir='ltr'><strong>imaginem</strong></span> <span class='ocrx_word' id='word_1_772' title='bbox 1838 5212 1961 5279; x_wconf 84' lang='lat' dir='ltr'><strong>qui-</strong></span> 
     </span>
    </p>
   </div>
   <div class='ocr_carea' id='block_1_101' title="bbox 379 5302 1961 5384">
    <p class='ocr_par' dir='ltr' id='par_1_101' title="bbox 379 5302 1961 5384">
     <span class='ocr_line' id='line_1_101' title="bbox 379 5302 1961 5384; baseline -0.003 -27"><span class='ocrx_word' id='word_1_773' title='bbox 379 5307 798 5384; x_wconf 43' lang='lat' dir='ltr'><strong>demoemittens</strong></span> <span class='ocrx_word' id='word_1_774' title='bbox 851 5306 999 5373; x_wconf 89' lang='lat' dir='ltr'><strong>plura</strong></span> <span class='ocrx_word' id='word_1_775' title='bbox 1050 5302 1419 5372; x_wconf 77' lang='lat' dir='ltr'><strong>signiﬁcandi,</strong></span> <span class='ocrx_word' id='word_1_776' title='bbox 1460 5315 1619 5354; x_wconf 89' lang='lat' dir='ltr'><strong>unam</strong></span> <span class='ocrx_word' id='word_1_777' title='bbox 1671 5314 1799 5353; x_wconf 88' lang='lat' dir='ltr'><strong>vero</strong></span> <span class='ocrx_word' id='word_1_778' title='bbox 1851 5313 1961 5353; x_wconf 89' lang='lat' dir='ltr'><strong>rem</strong></span> 
     </span>
    </p>
   </div>
   <div class='ocr_carea' id='block_1_102' title="bbox 382 5391 1960 5469">
    <p class='ocr_par' dir='ltr' id='par_1_102' title="bbox 382 5391 1960 5469">
     <span class='ocr_line' id='line_1_102' title="bbox 382 5391 1960 5469; baseline -0.006 -17"><span class='ocrx_word' id='word_1_779' title='bbox 382 5399 688 5469; x_wconf 87' lang='lat' dir='ltr'><strong>signiﬁcans</strong></span> <span class='ocrx_word' id='word_1_780' title='bbox 717 5399 918 5466; x_wconf 89' lang='lat' dir='ltr'><strong>oratio,</strong></span> <span class='ocrx_word' id='word_1_781' title='bbox 953 5407 1010 5451; x_wconf 85' lang='grc' dir='ltr'><strong>ιιι</strong></span> <span class='ocrx_word' id='word_1_782' title='bbox 1031 5398 1074 5451; x_wconf 92' lang='lat' dir='ltr'><strong>si</strong></span> <span class='ocrx_word' id='word_1_783' title='bbox 1098 5397 1357 5461; x_wconf 85' lang='lat' dir='ltr'><strong>dicamus,</strong></span> <span class='ocrx_word' id='word_1_784' title='bbox 1388 5396 1432 5448; x_wconf 89' lang='lat' dir='ltr'><strong>si</strong></span> <span class='ocrx_word' id='word_1_785' title='bbox 1462 5394 1574 5447; x_wconf 90' lang='lat' dir='ltr'><strong>dies</strong></span> <span class='ocrx_word' id='word_1_786' title='bbox 1606 5401 1719 5455; x_wconf 90' lang='lat' dir='ltr'><strong>est,</strong></span> <span class='ocrx_word' id='word_1_787' title='bbox 1747 5391 1833 5443; x_wconf 75' lang='lat' dir='ltr'><strong>lux</strong></span> <span class='ocrx_word' id='word_1_788' title='bbox 1859 5398 1960 5443; x_wconf 89' lang='lat' dir='ltr'><strong>est.</strong></span> 
     </span>
    </p>
   </div>
   <div class='ocr_carea' id='block_1_103' title="bbox 383 5480 1968 5557">
    <p class='ocr_par' dir='ltr' id='par_1_103' title="bbox 383 5480 1968 5557">
     <span class='ocr_line' id='line_1_103' title="bbox 383 5480 1968 5557; baseline -0.004 -18"><span class='ocrx_word' id='word_1_789' title='bbox 383 5486 515 5541; x_wconf 85' lang='lat' dir='ltr'><strong>Cum</strong></span> <span class='ocrx_word' id='word_1_790' title='bbox 543 5505 670 5557; x_wconf 82' lang='lat' dir='ltr'><strong>ergo</strong></span> <span class='ocrx_word' id='word_1_791' title='bbox 700 5488 812 5541; x_wconf 64' lang='lat' dir='ltr'><strong>haec</strong></span> <span class='ocrx_word' id='word_1_792' title='bbox 848 5488 917 5541; x_wconf 92' lang='lat' dir='ltr'><strong>sit</strong></span> <span class='ocrx_word' id='word_1_793' title='bbox 944 5486 1252 5541; x_wconf 88' lang='lat' dir='ltr'><strong>distributio</strong></span> <span class='ocrx_word' id='word_1_794' title='bbox 1297 5482 1711 5549; x_wconf 88' lang='lat' dir='ltr'><strong>compositarum</strong></span> <span class='ocrx_word' id='word_1_795' title='bbox 1757 5488 1811 5534; x_wconf 90' lang='lat' dir='ltr'><strong>et</strong></span> <span class='ocrx_word' id='word_1_796' title='bbox 1840 5480 1968 5534; x_wconf 84' lang='lat' dir='ltr'><strong>sitn-</strong></span> 
     </span>
    </p>
   </div>
   <div class='ocr_carea' id='block_1_104' title="bbox 383 5573 1966 5650">
    <p class='ocr_par' dir='ltr' id='par_1_104' title="bbox 383 5573 1966 5650">
     <span class='ocr_line' id='line_1_104' title="bbox 383 5573 1966 5650; baseline -0.008 -17"><span class='ocrx_word' id='word_1_797' title='bbox 383 5580 605 5650; x_wconf 86' lang='lat' dir='ltr'><strong>plicium</strong></span> <span class='ocrx_word' id='word_1_798' title='bbox 636 5577 957 5639; x_wconf 79' lang='lat' dir='ltr'><strong>orationum,</strong></span> <span class='ocrx_word' id='word_1_799' title='bbox 979 5576 1179 5642; x_wconf 85' lang='lat' dir='ltr'><strong>duplici</strong></span> <span class='ocrx_word' id='word_1_800' title='bbox 1205 5575 1363 5628; x_wconf 93' lang='lat' dir='ltr'><strong>modo</strong></span> <span class='ocrx_word' id='word_1_801' title='bbox 1384 5588 1503 5626; x_wconf 74' lang='lat' dir='ltr'><strong>uate</strong></span> <span class='ocrx_word' id='word_1_802' title='bbox 1525 5573 1794 5625; x_wconf 86' lang='lat' dir='ltr'><strong>orationes</strong></span> <span class='ocrx_word' id='word_1_803' title='bbox 1825 5578 1966 5633; x_wconf 91' lang='lat' dir='ltr'><strong>sunt,</strong></span> 
     </span>
    </p>
   </div>
   <div class='ocr_carea' id='block_1_105' title="bbox 385 5661 1971 5741">
    <p class='ocr_par' dir='ltr' id='par_1_105' title="bbox 385 5661 1971 5741">
     <span class='ocr_line' id='line_1_105' title="bbox 385 5661 1971 5741; baseline -0.009 -10"><span class='ocrx_word' id='word_1_804' title='bbox 385 5684 443 5731; x_wconf 90' lang='lat' dir='ltr'><strong>et</strong></span> <span class='ocrx_word' id='word_1_805' title='bbox 472 5671 669 5741; x_wconf 83' lang='lat' dir='ltr'><strong>duplici</strong></span> <span class='ocrx_word' id='word_1_806' title='bbox 704 5669 905 5723; x_wconf 68' lang='lat' dir='ltr'><strong>tttultae.</strong></span> <span class='ocrx_word' id='word_1_807' title='bbox 951 5670 1076 5723; x_wconf 84' lang='lat' dir='ltr'><strong>Sive</strong></span> <span class='ocrx_word' id='word_1_808' title='bbox 1119 5677 1292 5723; x_wconf 89' lang='lat' dir='ltr'><strong>autem</strong></span> <span class='ocrx_word' id='word_1_809' title='bbox 1344 5664 1743 5734; x_wconf 57' lang='lat' dir='ltr'><strong>incomposite,</strong></span> <span class='ocrx_word' id='word_1_810' title='bbox 1780 5670 1835 5716; x_wconf 90' lang='lat' dir='ltr'><strong>et</strong></span> <span class='ocrx_word' id='word_1_811' title='bbox 1861 5661 1971 5717; x_wconf 83' lang='lat' dir='ltr'><strong>sive</strong></span> 
     </span>
    </p>
   </div>
   <div class='ocr_carea' id='block_1_106' title="bbox 390 5752 1971 5836">
    <p class='ocr_par' dir='ltr' id='par_1_106' title="bbox 390 5752 1971 5836">
     <span class='ocr_line' id='line_1_106' title="bbox 390 5752 1971 5836; baseline -0.011 -14"><span class='ocrx_word' id='word_1_812' title='bbox 390 5764 703 5836; x_wconf 81' lang='lat' dir='ltr'><strong>composit-.c</strong></span> <span class='ocrx_word' id='word_1_813' title='bbox 723 5802 737 5827; x_wconf 92' lang='lat'><strong>,</strong></span> <span class='ocrx_word' id='word_1_814' title='bbox 764 5768 818 5815; x_wconf 92' lang='lat' dir='ltr'><strong>et</strong></span> <span class='ocrx_word' id='word_1_815' title='bbox 848 5774 955 5815; x_wconf 91' lang='lat' dir='ltr'><strong>uno</strong></span> <span class='ocrx_word' id='word_1_816' title='bbox 985 5760 1201 5828; x_wconf 88' lang='lat' dir='ltr'><strong>quidem</strong></span> <span class='ocrx_word' id='word_1_817' title='bbox 1246 5760 1404 5816; x_wconf 91' lang='lat' dir='ltr'><strong>modo</strong></span> <span class='ocrx_word' id='word_1_818' title='bbox 1450 5773 1547 5813; x_wconf 86' lang='lat' dir='ltr'><strong>una</strong></span> <span class='ocrx_word' id='word_1_819' title='bbox 1585 5753 1756 5811; x_wconf 89' lang='lat' dir='ltr'><strong>oratio</strong></span> <span class='ocrx_word' id='word_1_820' title='bbox 1780 5752 1971 5831; x_wconf 81' lang='lat' dir='ltr'><strong>dicitur</strong></span> 
     </span>
    </p>
   </div>
   <div class='ocr_carea' id='block_1_107' title="bbox 2014 4585 3646 4654">
    <p class='ocr_par' dir='ltr' id='par_1_107' title="bbox 2014 4585 3646 4654">
     <span class='ocr_line' id='line_1_107' title="bbox 2014 4585 3646 4654; baseline 0.001 -15"><span class='ocrx_word' id='word_1_821' title='bbox 2014 4614 2017 4617; x_wconf 56' lang='grc' dir='ltr'><strong>η</strong></span> <span class='ocrx_word' id='word_1_822' title='bbox 2071 4585 2276 4640; x_wconf 91' lang='lat' dir='ltr'><strong>ﬁnitum</strong></span> <span class='ocrx_word' id='word_1_823' title='bbox 2308 4600 2521 4651; x_wconf 90' lang='lat' dir='ltr'><strong>nomen,</strong></span> <span class='ocrx_word' id='word_1_824' title='bbox 2550 4585 2631 4640; x_wconf 83' lang='lat' dir='ltr'><strong>vel</strong></span> <span class='ocrx_word' id='word_1_825' title='bbox 2650 4600 2806 4640; x_wconf 88' lang='lat' dir='ltr'><strong>casus</strong></span> <span class='ocrx_word' id='word_1_826' title='bbox 2830 4587 3081 4654; x_wconf 77' lang='lat' dir='ltr'><strong>nominis,</strong></span> <span class='ocrx_word' id='word_1_827' title='bbox 3117 4588 3200 4641; x_wconf 91' lang='lat' dir='ltr'><strong>vel</strong></span> <span class='ocrx_word' id='word_1_828' title='bbox 3231 4588 3388 4641; x_wconf 87' lang='lat' dir='ltr'><strong>verha</strong></span> <span class='ocrx_word' id='word_1_829' title='bbox 3414 4587 3646 4654; x_wconf 86' lang='lat' dir='ltr'><strong>subjecta</strong></span> 
     </span>
    </p>
   </div>
   <div class='ocr_carea' id='block_1_108' title="bbox 2069 4673 3661 4745">
    <p class='ocr_par' dir='ltr' id='par_1_108' title="bbox 2069 4673 3661 4745">
     <span class='ocr_line' id='line_1_108' title="bbox 2069 4673 3661 4745; baseline -0.001 -16"><span class='ocrx_word' id='word_1_830' title='bbox 2069 4683 2211 4729; x_wconf 91' lang='lat' dir='ltr'><strong>sunt.</strong></span> <span class='ocrx_word' id='word_1_831' title='bbox 2236 4673 2370 4728; x_wconf 88' lang='lat' dir='ltr'><strong>Cum</strong></span> <span class='ocrx_word' id='word_1_832' title='bbox 2403 4688 2533 4745; x_wconf 87' lang='lat' dir='ltr'><strong>ergo</strong></span> <span class='ocrx_word' id='word_1_833' title='bbox 2561 4674 2889 4728; x_wconf 76' lang='lat' dir='ltr'><strong>dictionibus</strong></span> <span class='ocrx_word' id='word_1_834' title='bbox 2932 4676 3262 4743; x_wconf 83' lang='lat' dir='ltr'><strong>simplicibus</strong></span> <span class='ocrx_word' id='word_1_835' title='bbox 3289 4676 3540 4729; x_wconf 81' lang='lat' dir='ltr'><strong>constitui</strong></span> <span class='ocrx_word' id='word_1_836' title='bbox 3568 4675 3661 4745; x_wconf 22' lang='lat' dir='ltr'><strong>di-g</strong></span> 
     </span>
    </p>
   </div>
   <div class='ocr_carea' id='block_1_109' title="bbox 2069 4749 3649 4836">
    <p class='ocr_par' dir='ltr' id='par_1_109' title="bbox 2069 4749 3649 4836">
     <span class='ocr_line' id='line_1_109' title="bbox 2069 4749 3649 4836; baseline 0 -16"><span class='ocrx_word' id='word_1_837' title='bbox 2069 4749 2217 4820; x_wconf 85' lang='lat' dir='ltr'><strong>ceret</strong></span> <span class='ocrx_word' id='word_1_838' title='bbox 2246 4764 2545 4833; x_wconf 83' lang='lat' dir='ltr'><strong>simplicem</strong></span> <span class='ocrx_word' id='word_1_839' title='bbox 2599 4762 2926 4830; x_wconf 87' lang='lat' dir='ltr'><strong>orationem,</strong></span> <span class='ocrx_word' id='word_1_840' title='bbox 2960 4776 3010 4820; x_wconf 91' lang='lat' dir='ltr'><strong>et</strong></span> <span class='ocrx_word' id='word_1_841' title='bbox 3042 4767 3450 4820; x_wconf 86' lang='lat' dir='ltr'><strong>aliirmationent</strong></span> <span class='ocrx_word' id='word_1_842' title='bbox 3493 4782 3649 4836; x_wconf 64' lang='lat' dir='ltr'><strong>negas</strong></span> 
     </span>
    </p>
   </div>
   <div class='ocr_carea' id='block_1_110' title="bbox 2073 4856 3650 4941">
    <p class='ocr_par' dir='ltr' id='par_1_110' title="bbox 2073 4856 3650 4941">
     <span class='ocr_line' id='line_1_110' title="bbox 2073 4856 3650 4941; baseline 0.003 -31"><span class='ocrx_word' id='word_1_843' title='bbox 2073 4857 2381 4925; x_wconf 92' lang='lat' dir='ltr'><strong>tionemque</strong></span> <span class='ocrx_word' id='word_1_844' title='bbox 2402 4856 2674 4911; x_wconf 89' lang='lat' dir='ltr'><strong>orationes</strong></span> <span class='ocrx_word' id='word_1_845' title='bbox 2697 4870 2817 4911; x_wconf 89' lang='lat' dir='ltr'><strong>esse</strong></span> <span class='ocrx_word' id='word_1_846' title='bbox 2838 4866 3133 4941; x_wconf 75' lang='lat' dir='ltr'><strong>constaret,</strong></span> <span class='ocrx_word' id='word_1_847' title='bbox 3164 4858 3501 4913; x_wconf 81' lang='lat' dir='ltr'><strong>manifestum</strong></span> <span class='ocrx_word' id='word_1_848' title='bbox 3531 4858 3650 4915; x_wconf 81' lang='lat' dir='ltr'><strong>fecit</strong></span> 
     </span>
    </p>
   </div>
   <div class='ocr_carea' id='block_1_111' title="bbox 2074 4948 3651 5020">
    <p class='ocr_par' dir='ltr' id='par_1_111' title="bbox 2074 4948 3651 5020">
     <span class='ocr_line' id='line_1_111' title="bbox 2074 4948 3651 5020; baseline 0.004 -19"><span class='ocrx_word' id='word_1_849' title='bbox 2074 4948 2484 5003; x_wconf 84' lang='lat' dir='ltr'><strong>aiﬁrmationem</strong></span> <span class='ocrx_word' id='word_1_850' title='bbox 2522 4958 2576 5005; x_wconf 92' lang='lat' dir='ltr'><strong>et</strong></span> <span class='ocrx_word' id='word_1_851' title='bbox 2623 4951 2958 5020; x_wconf 85' lang='lat' dir='ltr'><strong>negationem</strong></span> <span class='ocrx_word' id='word_1_852' title='bbox 3012 4952 3247 5007; x_wconf 89' lang='lat' dir='ltr'><strong>dictione</strong></span> <span class='ocrx_word' id='word_1_853' title='bbox 3302 4952 3555 5007; x_wconf 91' lang='lat' dir='ltr'><strong>constitui</strong></span> <span class='ocrx_word' id='word_1_854' title='bbox 3599 4957 3651 5009; x_wconf 86' lang='lat' dir='ltr'><strong>et</strong></span> 
     </span>
    </p>
   </div>
   <div class='ocr_carea' id='block_1_112' title="bbox 2073 5038 3648 5111">
    <p class='ocr_par' dir='ltr' id='par_1_112' title="bbox 2073 5038 3648 5111">
     <span class='ocr_line' id='line_1_112' title="bbox 2073 5038 3648 5111; baseline -0.001 -18"><span class='ocrx_word' id='word_1_855' title='bbox 2073 5038 2315 5103; x_wconf 83' lang='lat' dir='ltr'><strong>formari,</strong></span> <span class='ocrx_word' id='word_1_856' title='bbox 2344 5039 2414 5093; x_wconf 90' lang='lat' dir='ltr'><strong>ita</strong></span> <span class='ocrx_word' id='word_1_857' title='bbox 2446 5040 2656 5109; x_wconf 88' lang='lat' dir='ltr'><strong>quidem</strong></span> <span class='ocrx_word' id='word_1_858' title='bbox 2691 5050 2745 5095; x_wconf 91' lang='lat' dir='ltr'><strong>ut</strong></span> <span class='ocrx_word' id='word_1_859' title='bbox 2774 5042 3189 5097; x_wconf 77' lang='lat' dir='ltr'><strong>afﬁrmationem</strong></span> <span class='ocrx_word' id='word_1_860' title='bbox 3221 5053 3274 5097; x_wconf 89' lang='lat' dir='ltr'><strong>et</strong></span> <span class='ocrx_word' id='word_1_861' title='bbox 3311 5041 3648 5111; x_wconf 82' lang='lat' dir='ltr'><strong>negationem</strong></span> 
     </span>
    </p>
   </div>
   <div class='ocr_carea' id='block_1_113' title="bbox 2071 5130 3652 5201">
    <p class='ocr_par' dir='ltr' id='par_1_113' title="bbox 2071 5130 3652 5201">
     <span class='ocr_line' id='line_1_113' title="bbox 2071 5130 3652 5201; baseline 0.003 -19"><span class='ocrx_word' id='word_1_862' title='bbox 2071 5141 2283 5197; x_wconf 90' lang='lat' dir='ltr'><strong>semper</strong></span> <span class='ocrx_word' id='word_1_863' title='bbox 2339 5130 2451 5185; x_wconf 89' lang='lat' dir='ltr'><strong>sola</strong></span> <span class='ocrx_word' id='word_1_864' title='bbox 2510 5131 2656 5185; x_wconf 90' lang='lat' dir='ltr'><strong>verbi</strong></span> <span class='ocrx_word' id='word_1_865' title='bbox 2721 5131 2885 5186; x_wconf 88' lang='lat' dir='ltr'><strong>dictio</strong></span> <span class='ocrx_word' id='word_1_866' title='bbox 2939 5131 3263 5201; x_wconf 65' lang='lat' dir='ltr'><strong>praedicata,</strong></span> <span class='ocrx_word' id='word_1_867' title='bbox 3319 5145 3424 5184; x_wconf 92' lang='lat' dir='ltr'><strong>non</strong></span> <span class='ocrx_word' id='word_1_868' title='bbox 3475 5137 3652 5186; x_wconf 90' lang='lat' dir='ltr'><strong>autem</strong></span> 
     </span>
    </p>
   </div>
   <div class='ocr_carea' id='block_1_114' title="bbox 2076 5217 3653 5288">
    <p class='ocr_par' dir='ltr' id='par_1_114' title="bbox 2076 5217 3653 5288">
     <span class='ocr_line' id='line_1_114' title="bbox 2076 5217 3653 5288; baseline -0.002 -14"><span class='ocrx_word' id='word_1_869' title='bbox 2076 5233 2291 5286; x_wconf 87' lang='lat' dir='ltr'><strong>semper</strong></span> <span class='ocrx_word' id='word_1_870' title='bbox 2349 5219 2514 5274; x_wconf 91' lang='lat' dir='ltr'><strong>dictio</strong></span> <span class='ocrx_word' id='word_1_871' title='bbox 2572 5221 2808 5275; x_wconf 89' lang='lat' dir='ltr'><strong>nominis</strong></span> <span class='ocrx_word' id='word_1_872' title='bbox 2857 5220 3095 5287; x_wconf 89' lang='lat' dir='ltr'><strong>suhjecta</strong></span> <span class='ocrx_word' id='word_1_873' title='bbox 3156 5219 3453 5288; x_wconf 78' lang='lat' dir='ltr'><strong>perliceret.</strong></span> <span class='ocrx_word' id='word_1_874' title='bbox 3524 5217 3653 5277; x_wconf 86' lang='lat' dir='ltr'><strong>Cum</strong></span> 
     </span>
    </p>
   </div>
   <div class='ocr_carea' id='block_1_115' title="bbox 2077 5305 3652 5378">
    <p class='ocr_par' dir='ltr' id='par_1_115' title="bbox 2077 5305 3652 5378">
     <span class='ocr_line' id='line_1_115' title="bbox 2077 5305 3652 5378; baseline -0.001 -16"><span class='ocrx_word' id='word_1_875' title='bbox 2077 5306 2232 5376; x_wconf 88' lang='lat' dir='ltr'><strong>igitur</strong></span> <span class='ocrx_word' id='word_1_876' title='bbox 2279 5307 2393 5361; x_wconf 67' lang='lat' dir='ltr'><strong>haec</strong></span> <span class='ocrx_word' id='word_1_877' title='bbox 2447 5307 2518 5361; x_wconf 91' lang='lat' dir='ltr'><strong>ita</strong></span> <span class='ocrx_word' id='word_1_878' title='bbox 2563 5308 2967 5378; x_wconf 89' lang='lat' dir='ltr'><strong>proposuisset,</strong></span> <span class='ocrx_word' id='word_1_879' title='bbox 3004 5321 3144 5361; x_wconf 93' lang='lat' dir='ltr'><strong>nunc</strong></span> <span class='ocrx_word' id='word_1_880' title='bbox 3187 5306 3314 5376; x_wconf 90' lang='lat' dir='ltr'><strong>quid</strong></span> <span class='ocrx_word' id='word_1_881' title='bbox 3362 5305 3431 5359; x_wconf 93' lang='lat' dir='ltr'><strong>sit</strong></span> <span class='ocrx_word' id='word_1_882' title='bbox 3456 5305 3652 5373; x_wconf 87' lang='lat' dir='ltr'><strong>dictio,</strong></span> 
     </span>
    </p>
   </div>
   <div class='ocr_carea' id='block_1_116' title="bbox 2077 5395 3655 5468">
    <p class='ocr_par' dir='ltr' id='par_1_116' title="bbox 2077 5395 3655 5468">
     <span class='ocr_line' id='line_1_116' title="bbox 2077 5395 3655 5468; baseline 0.002 -20"><span class='ocrx_word' id='word_1_883' title='bbox 2077 5409 2194 5463; x_wconf 73' lang='lat' dir='ltr'><strong>qua:</strong></span> <span class='ocrx_word' id='word_1_884' title='bbox 2253 5396 2656 5464; x_wconf 68' lang='lat' dir='ltr'><strong>praedicativas,</strong></span> <span class='ocrx_word' id='word_1_885' title='bbox 2718 5396 2769 5468; x_wconf 88' lang='lat' dir='ltr'><strong>id</strong></span> <span class='ocrx_word' id='word_1_886' title='bbox 2816 5405 2896 5451; x_wconf 92' lang='lat' dir='ltr'><strong>est</strong></span> <span class='ocrx_word' id='word_1_887' title='bbox 2947 5396 3217 5464; x_wconf 89' lang='lat' dir='ltr'><strong>simplices</strong></span> <span class='ocrx_word' id='word_1_888' title='bbox 3266 5395 3655 5464; x_wconf 80' lang='lat' dir='ltr'><strong>propositiones</strong></span> 
     </span>
    </p>
   </div>
   <div class='ocr_carea' id='block_1_117' title="bbox 2079 5483 3657 5554">
    <p class='ocr_par' dir='ltr' id='par_1_117' title="bbox 2079 5483 3657 5554">
     <span class='ocr_line' id='line_1_117' title="bbox 2079 5483 3657 5554; baseline 0.003 -18"><span class='ocrx_word' id='word_1_889' title='bbox 2079 5484 2304 5549; x_wconf 73' lang='lat' dir='ltr'><strong>format,</strong></span> <span class='ocrx_word' id='word_1_890' title='bbox 2333 5486 2586 5554; x_wconf 82' lang='lat' dir='ltr'><strong>exponit,</strong></span> <span class='ocrx_word' id='word_1_891' title='bbox 2617 5484 2839 5540; x_wconf 86' lang='lat' dir='ltr'><strong>dicens:</strong></span> <span class='ocrx_word' id='word_1_892' title='bbox 2876 5483 3082 5539; x_wconf 83' lang='lat' dir='ltr'><strong>Nomen</strong></span> <span class='ocrx_word' id='word_1_893' title='bbox 3135 5498 3294 5553; x_wconf 82' lang='lat' dir='ltr'><strong>ergo,</strong></span> <span class='ocrx_word' id='word_1_894' title='bbox 3334 5494 3383 5539; x_wconf 90' lang='lat' dir='ltr'><strong>et</strong></span> <span class='ocrx_word' id='word_1_895' title='bbox 3436 5484 3657 5541; x_wconf 87' lang='lat' dir='ltr'><strong>verbum</strong></span> 
     </span>
    </p>
   </div>
   <div class='ocr_carea' id='block_1_118' title="bbox 2082 5573 3657 5643">
    <p class='ocr_par' dir='ltr' id='par_1_118' title="bbox 2082 5573 3657 5643">
     <span class='ocr_line' id='line_1_118' title="bbox 2082 5573 3657 5643; baseline 0.001 -15"><span class='ocrx_word' id='word_1_896' title='bbox 2082 5575 2243 5629; x_wconf 90' lang='lat' dir='ltr'><strong>dictio</strong></span> <span class='ocrx_word' id='word_1_897' title='bbox 2269 5577 2337 5629; x_wconf 91' lang='lat' dir='ltr'><strong>sit</strong></span> <span class='ocrx_word' id='word_1_898' title='bbox 2368 5576 2516 5641; x_wconf 84' lang='lat' dir='ltr'><strong>sola,</strong></span> <span class='ocrx_word' id='word_1_899' title='bbox 2543 5574 2686 5643; x_wconf 92' lang='lat' dir='ltr'><strong>quod</strong></span> <span class='ocrx_word' id='word_1_900' title='bbox 2724 5574 2843 5630; x_wconf 89' lang='lat' dir='ltr'><strong>ideo</strong></span> <span class='ocrx_word' id='word_1_901' title='bbox 2884 5576 2994 5638; x_wconf 91' lang='lat' dir='ltr'><strong>ait,</strong></span> <span class='ocrx_word' id='word_1_902' title='bbox 3027 5573 3190 5628; x_wconf 92' lang='lat' dir='ltr'><strong>dictio</strong></span> <span class='ocrx_word' id='word_1_903' title='bbox 3227 5575 3296 5627; x_wconf 90' lang='lat' dir='ltr'><strong>sit</strong></span> <span class='ocrx_word' id='word_1_904' title='bbox 3339 5575 3480 5638; x_wconf 84' lang='lat' dir='ltr'><strong>sola,</strong></span> <span class='ocrx_word' id='word_1_905' title='bbox 3516 5574 3657 5643; x_wconf 85' lang='lat' dir='ltr'><strong>quod</strong></span> 
     </span>
    </p>
   </div>
   <div class='ocr_carea' id='block_1_119' title="bbox 2082 5662 3658 5731">
    <p class='ocr_par' dir='ltr' id='par_1_119' title="bbox 2082 5662 3658 5731">
     <span class='ocr_line' id='line_1_119' title="bbox 2082 5662 3658 5731; baseline 0.003 -14"><span class='ocrx_word' id='word_1_906' title='bbox 2082 5673 2207 5717; x_wconf 91' lang='lat' dir='ltr'><strong>sunt</strong></span> <span class='ocrx_word' id='word_1_907' title='bbox 2227 5664 2470 5731; x_wconf 65' lang='lat' dir='ltr'><strong>qutedam</strong></span> <span class='ocrx_word' id='word_1_908' title='bbox 2493 5663 2753 5718; x_wconf 89' lang='lat' dir='ltr'><strong>dictiones</strong></span> <span class='ocrx_word' id='word_1_909' title='bbox 2775 5662 2934 5719; x_wconf 88' lang='lat' dir='ltr'><strong>simul</strong></span> <span class='ocrx_word' id='word_1_910' title='bbox 2960 5664 3122 5719; x_wconf 91' lang='lat' dir='ltr'><strong>etiam</strong></span> <span class='ocrx_word' id='word_1_911' title='bbox 3146 5663 3554 5727; x_wconf 83' lang='lat' dir='ltr'><strong>afﬁrmationes,</strong></span> <span class='ocrx_word' id='word_1_912' title='bbox 3576 5666 3658 5722; x_wconf 90' lang='lat' dir='ltr'><strong>vel</strong></span> 
     </span>
    </p>
   </div>
   <div class='ocr_carea' id='block_1_120' title="bbox 2086 5750 3647 5835">
    <p class='ocr_par' dir='ltr' id='par_1_120' title="bbox 2086 5750 3647 5835">
     <span class='ocr_line' id='line_1_120' title="bbox 2086 5750 3647 5835; baseline 0 -29"><span class='ocrx_word' id='word_1_913' title='bbox 2086 5750 2409 5822; x_wconf 80' lang='lat' dir='ltr'><strong>imperfectae</strong></span> <span class='ocrx_word' id='word_1_914' title='bbox 2453 5753 2762 5835; x_wconf 72' lang='lat' dir='ltr'><strong>orationes,</strong></span> <span class='ocrx_word' id='word_1_915' title='bbox 2784 5755 2927 5823; x_wconf 91' lang='lat' dir='ltr'><strong>quod</strong></span> <span class='ocrx_word' id='word_1_916' title='bbox 2953 5756 3061 5825; x_wconf 89' lang='lat' dir='ltr'><strong>jam</strong></span> <span class='ocrx_word' id='word_1_917' title='bbox 3104 5770 3262 5824; x_wconf 87' lang='lat' dir='ltr'><strong>supra</strong></span> <span class='ocrx_word' id='word_1_918' title='bbox 3306 5754 3508 5811; x_wconf 90' lang='lat' dir='ltr'><strong>dictum</strong></span> <span class='ocrx_word' id='word_1_919' title='bbox 3564 5761 3647 5808; x_wconf 88' lang='lat' dir='ltr'><strong>est</strong></span> 
     </span>
    </p>
   </div>
  </div>
