4270 6266
619 364 711 420 451

1844 340 1954 400 AN.
1999 340 2207 400 MANL.
2249 339 2400 397 SEV.
2444 329 2668 393 BOETll

3775 320 3880 381 452

619 481 725 535 Cur
768 485 943 533 autem
996 482 1192 527 nomen
1235 476 1293 525 et
1332 466 1553 523 verbum
1603 463 1734 519 sola:
1775 462 1883 517 sint
1909 461 2195 515 .diCtiones
2226 456 2496 525 Auliquid
2539 455 2603 509 de
2638 454 2837 523 aliquo,
2872 452 2949 507 vel
2977 450 3172 521 aliquid
3213 451 3276 503 ab
3314 449 3505 518 aliqua.
3557 444 3682 499 Hazc
3714 454 3883 500 autem

622 578 896 627 monstrat.
919 552 1180 632 Quoniam
1210 574 1317 615 non
1346 564 1428 615 est
1448 556 1627 612 dicere
1656 555 1732 611 sic
1762 552 1959 624 aliquid
1992 552 2194 621 signifi-

622 670 826 717 cantem
857 670 989 711 voce
1026 653 1342 716 enuntiare,
1382 650 1468 706 vel
1497 644 2074 718 aliquo'interrorgante
2110 642 2199 699 vel

622 770 747 819 non,
792 751 887 810 sed
938 751 1055 820 ipso
1103 746 1430 819 proferente.
1488 743 1688 799 Sensus
1729 738 2033 810 lmjusmodi
2079 747 2198 792 est:

622 844 957 902 Enuntiativa
988 838 1285 912 propositio
1309 839 1390 892 his
1422 835 1653 891 maxime
1678 832 1886 887 duobus
1918 830 2198 893 formatur,

623 955 717 1009 per
744 938 1010 1008 propriam
1042 944 1287 989 natur-am
1312 941 1470 1001 atque
1493 926 1865 1008 substantiam,
1896 932 1949 979 et
1972 939 2062 995 per
2084 921 2201 993 ejus

624 1046 779 1086 usum
809 1040 969 1099 atque
1008 1034 1316 1090 tractatum,
1342 1035 1394 1079 et
1428 1030 1614 1077 natura
1646 1019 1857 1089 quidem
1888 1017 2058 1087 ipsius
2096 1025 2199 1082 est,

626 1135 683 1180 ut
726 1124 777 1180 in
808 1139 868 1178 ea
895 1122 1089 1177 veritas
1116 1119 1417 1174 inveniatur
1460 1126 1549 1170 aut
1595 1106 1827 1181 falsitas,
1859 1126 1987 1165 usus
2025 1119 2203 1163 autem

626 1232 746 1271 cum
775 1212 975 1283 aliquid
1008 1218 1099 1264 ant
1146 1206 1526 1276 interrogando
1556 1204 1870 1283 proponitur
1901 1206 1955 1255 et
1984 1214 2205 1269 respon-

628 1308 802 1374 detur,
830 1315 885 1360 ut
912 1313 1086 1358 utrum
1110 1300 1286 1355 anima
1320 1296 1635 1353 immortalis
1664 1280 1770 1358 est,
1797 1304 1888 1348 aut
1913 1302 2056 1347 certe
2084 1306 2205 1346 cum

628 1400 820 1469 aliquis
850 1412 943 1467 per
972 1411 1124 1451 suam
1153 1392 1474 1448 sententiam
1508 1390 1751 1444 enuntiat
1782 1398 1941 1458 atque
1983 1382 2204 1456 profert,

629 1502 686 1547 ut
714 1493 757 1546 si
782 1491 896 1560 quis
921 1490 1064 1544 dicat
1089 1487 1189 1541 hoc
1213 1486 1385 1555 ipsum
1409 1501 1472 1538 ex
1503 1484 1713 1553 pmpria
1741 1482 2013 1537 voluntate
2031 1479 2207 1532 anima

634 1582 949 1639 immortalis
979 1588 1082 1648 est,
1116 1578 1255 1632 unde
1306 1576 1547 1631 definitio
1584 1587 1795 1643 quoque
1826 1568 2210 1627 enuntiationis

630 1654 784 1728 unius
806 1671 1019 1741 quidem
1050 1679 1254 1723 natura:
1281 1678 1441 1738 atque
1463 1666 1774 1720 substantia:
1804 1663 1920 1717 talis
1945 1662 2204 1716 redditur.

634 1765 937 1820 Enuntiatio
960 1772 1041 1818 est
1063 1760 1258 1829 oratio,
1287 1761 1336 1814 in
1361 1775 1462 1829 qua
1492 1775 1677 1813 verum
1708 1758 1971 1811 f‘alsumve
2000 1766 2100 1809 est.
2130 1754 2207 1807 Ex

2304 561 2367 604 ex
2395 548 2470 601 his
2493 550 2769 619 conjuncta
2787 586 2801 611 ,
2828 545 2961 599 velut
3000 545 3160 598 oratio
3190 540 3423 612 quadam
3446 540 3558 611 jam
3588 538 3879 606 composita.

2372 642 2633 709 Quoniam
2671 639 2918 709 superius
2948 638 3017 693 de
3060 637 3175 691 unis
3217 632 3545 690 orationibus
3588 634 3747 700 atque
3776 631 3886 699 plu-

2304 736 2456 790 ribus
2483 734 2637 797 dixit,
2664 740 2719 788 et
2751 748 2907 785 unam
2939 730 3153 800 quidem
3184 727 3389 797 posuit,
3419 741 3537 796 quae
3563 724 3888 793 autconjun—

2304 829 2484 884 ctione
2526 843 2627 881 una
2659 837 2803 882 esset
2832 826 3121 901 secundum
3153 824 3503 895 prolationem
3527 865 3540 888 ,
3573 828 3667 876 aut
3693 820 3890 891 signiﬁ-

2306 920 2517 975 catione
2565 918 2856 973 secundum
2903 917 3166 987 propriam
3211 925 3474 969 naturam.
3526 911 3713 967 Plures
3764 925 3892 964 vero

2307 1027 2425 1083 quae
2450 1020 2539 1065 aut
2580 1010 2955 1081 conjunctione
2990 1015 3267 1074 carerent,
3308 1015 3399 1061 aut
3433 1005 3599 1060 multa
3631 1002 3893 1074 signiﬁca-

2308 1102 2455 1158 tione
2474 1117 2567 1158 sua
2585 1103 3087 1171 complecterentur,
3111 1099 3468 1167 quoniamque
3487 1096 3628 1151 aliud
3652 1104 3769 1150 erat
3793 1108 3895 1148 una

2308 1195 2498 1257 oratio,
2534 1194 2673 1248 aliud
2709 1192 2953 1261 simplex,
2989 1190 3130 1244 aliud
3161 1188 3451 1257 composita
3473 1231 3486 1254 ,
3521 1186 3659 1241 aliud
3692 1185 3872 1256 plures

2310 1298 2431 1355 post
2462 1288 2553 1340 illa
2583 1286 2649 1340 ad
2687 1286 2983 1355 simplicem
3015 1283 3469 1350 compositamque
3500 1279 3785 1334 revertitur
3815 1277 3899 1331 di-
3990 1285 4001 1293 '

2313 1392 2442 1433 cens
2490 1378 2783 1447 simpliciem
2840 1392 2960 1430 esse
3004 1374 3300 1429 orationem
3352 1372 3733 1427 enuntiativam
3780 1383 3899 1438 quas

2311 1469 2520 1524 duobus
2543 1469 2784 1522 terminis
2812 1466 3137 1533 continetur,
3164 1479 3389 1534 quorttm
3419 1478 3579 1517 unum
3603 1460 3896 1529 subjectum

2314 1558 2669 1624 est,’alterum
2712 1557 3078 1628 prmdicatum.
3113 1556 3263 1622 Quod
3294 1570 3420 1609 vero
3457 1552 3551 1619 ait,
3585 1552 3777 1607 Harum
3809 1566 3899 1605 au-

2318 1662 2446 1717 tem,
2470 1650 2919 1706 enuntiativarum
2947 1650 3146 1703 scilicet
3178 1648 3499 1711 orationum,
3522 1645 3656 1700 dixit
3676 1659 3897 1715 quarum

2319 1742 2433 1796 hare
2462 1741 2674 1812 quidem
2704 1741 2930 1811 simplex
2976 1749 3056 1795 est
3089 1736 3397 1803 enuntiatio,
3428 1746 3482 1793 et
3517 1753 3635 1807 qua:
3676 1738 3901 1807 simplex

633 1877 729 1914 usu
762 1874 884 1913 vero
912 1858 1027 1927 ejus
1068 1867 1228 1926 atque
1258 1865 1485 1911 tractatu
1513 1854 1841 1910 enuntiativa
1894 1854 2068 1907 oratio
2094 1861 2209 1919 est,
2242 1842 2290 1902 Β
2312 1841 2399 1927 ﬁsi
2431 1833 2759 1927 enuntiat“).
2804 1833 2921 1927 ίρδθ
2951 1832 3238 1927 ιπυῐηοευῑξ
3262 1830 3475 1915 dicens:
3508 1838 3566 1883 ιιι
3595 1829 3795 1927 unid
3835 1829 3903 1883 d0

632 1971 789 2023 quam
817 1953 1204 2020 interrogantes
1228 1950 1596 2021 proponimus,
1624 1958 1680 2003 ut
1708 1963 1886 2002 verum
1910 1947 1995 2001 vel
2018 1944 2210 2001 falsum

634 2044 830 2113 aliquid
860 2030 1272 2097 audiamnstx
1310 2050 1490 2096 nostra
1530 2054 1657 2094 vero
1692 2036 2016 2108 prolatione,
2053 2052 2212 2106 quam

638 2145 997 2206 proponentes
1045 2132 1243 2203 aliquid
1278 2146 1461 2186 verum
1518 2129 1779 2184 falsumve
1828 2138 2207 2182 monstramus.

636 2230 776 2300 Ergo
796 2244 915 2283 cum
960 2227 1136 2282 omnis
1167 2223 1496 2280 enuntiativa
1524 2220 1695 2275 oratio
1718 2228 1809 2273 aut
1833 2217 1886 2273 in
1918 2218 2215 2288 interroga-

634 2320 778 2373 tione
809 2317 984 2391 posita
1013 2317 1102 2377 sit,
1151 2323 1241 2368 aut
1296 2314 1349 2366 in
1390 2321 1681 2381 spontanea
1716 2308 2042 2379 prolatione,
2076 2315 2127 2359 et
2160 2307 2225 2361 in

636 2418 914 2484 utriuSque
944 2407 1327 2467 enuntiationis
1356 2416 1543 2463 natura
1574 2415 1626 2460 et
1652 2402 1954 2459 ‘substantia
1983 2400 2069 2454 illa
2095 2414 2216 2454 ver-

637 2492 805 2572 Setnr,
830 2517 887 2560 ut
910 2492 1020 2559 sive
1048 2505 1097 2558 in
1126 2501 1541 2571 interrogatione
1561 2498 1631 2551 sit
1654 2497 1826 2567 posita
1850 2510 1969 2549 cum
1995 2508 2215 2563 respon-

636 2600 787 2654 sione
840 2597 1161 2663 conjuncta,
1213 2607 1397 2646 verum
1448 2590 1643 2644 habeat
1695 2589 1778 2643 vel
1824 2588 2050 2651 falsum,
2099 2582 2217 2639 sive

640 2702 734 2756 per
764 2702 822 2739 se
846 2684 1049 2756 prolata
1082 2682 1393 2735 utrumlibet
1415 2680 1676 2745 retineat,
1706 2678 1986 2743 dictiones,
2021 2675 2214 2747 inquit,

644 2774 728 2829 vel
768 2775 872 2829 alio
914 2775 1312 2842 interrogante,
1368 2771 1450 2825 vel
1487 2770 1727 2840 quolibet
1769 2768 2107 2840 proferente,
2166 2775 2221 2822 et

637 2876 827 2939 Sponte
878 2865 1089 2920 dicente
1119 2906 1134 2930 ,
1184 2879 1366 2918 verum
1418 2863 1676 2916 falsnmve
1731 2875 1835 2916 non
1890 2860 2214 2915 continetur.

634 2964 691 3021 Si
721 2964 862 3020 enim
896 2964 1014 3033 quis
1043 2962 1181 3015 dicat
1210 2961 1542 3029 interrogans
1566 3003 1579 3026 ,
1606 2948 1923 3011 Socratcsne
1951 2951 2218 3023 disputat?

636 3059 768 3114 alius
792 3056 1142 3128 respondeat,
1178 3055 1441 3123 Disputat,
1474 3054 1573 3107 hoc
1601 3049 1743 3121 quod
1786 3046 2080 3120 respondit,
2110 3045 2220 3103 dis-

637 3161 817 3223 putat,
868 3151 910 3206 si
943 3165 1063 3205 cum
1106 3157 1215 3202 tota
1266 3146 1680 3217 interrogatione
1718 3143 2004 3213 jungatur,
2046 3146 2222 3209 potest

2315 1920 2493 1996 aliquo
2519 1924 2933 1978 subaudiendum
2965 1932 3045 1979 est
3078 1909 3450 1992 prmdicemus,
3484 1930 3540 1973 ut
3566 1920 3637 1973 sit
3665 1920 3751 1974 hic
3778 1930 3903 1975 sen-

2315 2032 2424 2071 sus.
2475 2016 2671 2071 Harum
2722 2027 2895 2070 autem
2957 2013 3405 2070 enuntiativarum
3462 2011 3761 2067 orationum
3820 2019 3903 2066 est

2316 2108 2542 2177 simplex
2579 2108 2900 2174 enuntiatio,
2933 2106 2976 2161 si
3023 2104 3221 2174 aliquid
3262 2119 3423 2158 unum
3467 2102 3535 2157 de
3578 2117 3687 2156 uno
3727 2102 3905 2171 aliquo

2318 2196 2699 2270 prazdicemns,
2753 2201 2880 2253 utsi
2914 2198 3087 2252 dicam
3124 2196 3273 2250 Plato
3315 2196 3578 2265 disputat,
3625 2194 3691 2249 de
3732 2194 3905 2264 aliquo

2317 2290 2536 2345 Platone
2572 2290 2770 2360 aliquid
2792 2333 2804 2356 ,
2850 2290 2899 2344 id
2945 2300 3028 2344 est
3067 2289 3329 2358 disputat,
3364 2286 3669 2357 praedicavi.
3701 2287 3767 2341 Et
3795 2286 3906 2342 haec

2318 2384 2542 2452 simplex
2576 2392 2657 2436 est
2686 2382 3003 2436 enuntiatio.
3041 2381 3243 2435 Idcirco
3271 2380 3523 2450 quoniam
3555 2379 3764 2434 duobus
3803 2388 3906 2435 ter-

2319 2474 2479 2528 minis
2530 2473 2875 2543 partibusque
2913 2471 3274 2541 conjungitur.
3325 2470 3384 2524 Si
3430 2485 3531 2540 qua
3566 2485 3691 2525 vero
3731 2471 3907 2540 plures

2321 2566 2504 2619 habeat
2542 2566 2828 2631 terminos,
2861 2575 2914 2617 et
2941 2565 3055 2633 ejus
3086 2574 3260 2634 partes
3285 2563 3516 2617 duorum
3561 2565 3907 2619 terminorum

2321 2660 2716 2714 multitudinem
2760 2658 3121 2728 egrediantur,
3164 2658 3265 2711 illae
3296 2659 3608 2725 compositae
3638 2657 3909 2717 orationes

2324 2753 2595 2821 dicuntur,
2626 2762 2679 2805 et
2715 2759 2796 2806 est
2825 2751 3120 2805 enumiatio
3148 2751 3447 2819 composita
3477 2747 3783 2820 hujusntodi
3814 2766 3830 2803 :
3864 2750 3910 2805 si

2323 2847 2436 2900 dies
2467 2856 2567 2905 est.
2604 2845 2689 2899 lux
2722 2854 2825 2911 est,
2857 2843 2971 2899 dies
3000 2843 3141 2899 enim
3174 2852 3282 2909 est,
3313 2852 3367 2897 et
3394 2843 3483 2897 lux
3512 2850 3613 2898 est.
3644 2843 3770 2897 Dure
3791 2851 3913 2898 sunt

2325 2938 2596 3015 simplices
2627 2936 3053 3003 enuntiationes,
3085 2950 3204 3005 qua:
3242 2933 3541 3005 conjuncta:
3577 2949 3737 2991 unam
3769 2949 3914 2989 com-

2326 3030 2550 3098 ptsitam
2586 3029 2952 3098 perfecerunt,
2999 3036 3159 3097 atque
3204 3028 3305 3082 hoc
3352 3038 3432 3083 est
3478 3028 3621 3100 quod
3651 3028 3762 3084 ait:
3793 3027 3915 3084 Haec

2327 3134 2528 3188 autem,
2563 3121 2614 3175 id
2648 3132 2726 3177 εει
2755 3120 2856 3175 alia
2887 3121 3077 3189 oratio,
3109 3136 3174 3176 ex
3206 3120 3288 3177 his
3315 3118 3632 3191 conjuncta,
3662 3119 3715 3175 id
3744 3128 3826 3176 est
3851 3135 3915 3175 ex

638 3245 835 3299 habere
862 3244 1191 3298 intellectum
1217 3255 1403 3295 verum
1441 3239 1702 3295 falsumve
1728 3234 2074 3307 signiﬁcantis
2101 3246 2221 3287 ora-

2328 3214 2663 3283 simplicibus
2688 3212 3168 3278 enuntiationibus,
3192 3212 3336 3267 velut
3358 3212 3528 3266 oratio
3545 3211 3789 3282 quaedam
3806 3212 3916 3281 jam

640 3338 819 3391 tionis.
858 3336 954 3390 Sin
982 3350 1109 3389 vero
1138 3348 1235 3403 per
1278 3346 1337 3387 se
1364 3330 1722 3401 intelligatur,
1749 3327 2020 3396 disputat,
2054 3338 2225 3395 quatt-

642 3444 799 3499 quam
833 3426 937 3481 alio
966 3427 1325 3495 interrogante
1356 3421 1711 3493 responderit,
1738 3422 1855 3477 sine
1890 3432 2018 3475 vero
2046 3425 2225 3474 tamen

641 3520 876 3590 falsoque
894 3518 1231 3588 relinquitur.
1255 3516 1514 3572 Similiter
1534 3516 1697 3571 etiam
1722 3516 1768 3571 si
1790 3516 1912 3584 quis
1931 3513 2097 3581 dicat,
2123 3514 2224 3569 So.

639 3621 816 3668 crates
844 3610 927 3667 vel
958 3611 1216 3674 ambulat,
1248 3610 1396 3664 nullo
1426 3609 1809 3677 interrogante,
1838 3605 1931 3661 sed
1963 3607 2077 3675 ipse
2103 3620 2227 3672 pro.

640 3706 837 3769 ferens,
866 3719 962 3759 nec
987 3718 1173 3760 verum
1202 3701 1401 3771 aliquid
1429 3716 1529 3758 nec
1556 3699 1744 3755 falsum
1782 3700 2052 3770 designat.
2084 3698 2225 3766 Ergo

641 3798 801 3853 verba
830 3808 884 3852 et
911 3797 1126 3851 nomina
1169 3796 1433 3850 dictiones
1475 3793 1647 3849 solum
1696 3802 1851 3858 sunt,
1890 3792 2142 3861 quoniam
2174 3802 2227 3845 et

644 3889 913 3961 simplices
943 3898 1087 3944 sunt.
1121 3888 1287 3944 Erant
1312 3888 1456 3943 enim
1477 3886 1598 3941 aliae
1620 3885 1863 3956 quaedam
1888 3884 2148 3938 dictiones
2174 3885 2225 3937 in

647 3982 1004 4051 orationibus,
1022 3982 1325 4037 nominibus
1338 3980 1620 4050 verbisque
1632 3977 1965 4047 compositis,
1980 3974 2074 4031 sed
2094 3988 2229 4029 non-

642 4075 768 4132 dum
822 4075 1070 4145 perfecta:
1118 4076 1435 4140 sententiae,
1478 4072 1729 4141 quoniam
1782 4084 1957 4141 neque
2003 4081 2226 4133 verum,

642 4183 816 4239 neque
869 4167 1098 4236 falsum,
1134 4168 1219 4224 vel
1268 4168 1370 4221 alio
1414 4166 1805 4236 interrogante,
1859 4161 1946 4217 vel
1994 4157 2231 4229 quolibet

643 4269 833 4331 sponte
861 4260 1176 4331 proferente
1196 4258 1515 4329 signiﬁcant.
1545 4256 1715 4312 Erunt
1742 4254 1885 4311 enim
1932 4253 2052 4308 alia:
2083 4265 2231 4322 qum-

644 4353 765 4410 dam
819 4352 1081 4409 dictiones
1134 4368 1252 4423 qua:
1307 4352 1413 4406 alio
1466 4351 1828 4419 interrogante
1877 4355 1933 4402 et
1988 4345 2231 4415 quolibet

645 4458 837 4519 sponte
864 4447 1174 4518 proferente
1215 4462 1398 4501 verum
1426 4429 1691 4499 falsumve
1718 4440 2033 4503 retinerent,
2065 4438 2115 4493 in
2148 4437 2231 4492 his

648 4541 852 4595 scilicet
878 4540 999 4595 dum
1028 4546 1184 4595 erant
1207 4536 1595 4592 afﬁrmationes
1617 4541 1711 4588 aut
1735 4532 2064 4601 negationes.
2088 4530 2232 4596 Quo-

646 4631 785 4686 circa
817 4646 1006 4687 sensus
1054 4628 1355 4700 hujusmodi

646 4722 723 4778 sic
756 4736 813 4776 se
844 4720 1039 4776 habet:
1077 4720 1279 4775 Nomen
1311 4732 1445 4788 ergo
1474 4724 1528 4771 et
1559 4714 1782 4772 verbum
1809 4712 1969 4769 dictio
1995 4712 2062 4767 sit
2092 4711 2226 4779 sola,

628 4802 903 4884 -quouiam
934 4829 1039 4867 non
1075 4828 1360 4883 possumus
1389 4810 1571 4867 dicere
1595 4807 1987 4879 signiﬁcantem
2029 4805 2231 4876 aliquid

644 4908 719 4961 sic
746 4920 899 4969 voce,
926 4905 977 4958 id
1001 4914 1083 4958 est
1110 4907 1275 4959 verbo
1292 4905 1373 4959 vel
1396 4904 1611 4958 nomine
1628 4904 1929 4957 enuntiare.
1952 4899 2064 4954 Non
2087 4899 2230 4954 enim

644 5012 928 5070 possumus
958 4996 1139 5052 dicere
1171 4995 1423 5065 quoniam
1447 4994 1686 5064 quisquis
1707 4993 1877 5049 verbo
1903 4992 1985 5047 vel
2015 4992 2233 5045 nomine

644 5088 905 5159 significat
944 5085 1142 5155 aliquid
1166 5127 1180 5151 ,
1234 5085 1321 5139 ille
1368 5084 1645 5145 enuntiat,
1673 5084 1754 5136 vel
1786 5082 1964 5150 aliquo
2005 5083 2231 5134 interro-

644 5190 823 5251 gante,
853 5179 936 5235 vel
968 5194 1095 5243 non,
1129 5177 1221 5232 sed
1274 5177 1387 5246 ipso
1422 5174 1725 5243 proferente
1748 5218 1761 5241 ,
1797 5182 2045 5242 tanquam
2075 5172 2120 5225 si
2150 5175 2229 5227 sic

647 5272 872 5336 diceret,
912 5269 1072 5329 verba
1110 5268 1222 5339 ipsa
1261 5279 1313 5321 ct
1345 5265 1556 5321 nomina
1587 5263 1849 5319 dictiones
1890 5264 2023 5318 solae
2058 5273 2185 5319 sunt
2209 5305 2223 5332 ,

647 5363 895 5433 quoniam
918 5363 1095 5418 verbis
1123 5372 1175 5415 et
1199 5360 1502 5414 nominibus
1532 5356 1920 5427 significantem
1957 5356 2227 5412 hominem

647 5455 841 5523 aliquid
873 5470 977 5510 non
1002 5469 1286 5524 possumus
1309 5454 1506 5516 dicere,
1535 5450 1787 5520 quoniam
1810 5451 2052 5505 enuntiat
2074 5448 2229 5520 quid-

647 5561 806 5615 quam
838 5548 950 5601 sive
977 5562 1096 5601 cum
1127 5548 1316 5615 aliquis
1362 5546 1686 5613 interroget,
1721 5543 1831 5597 sive
1880 5544 1996 5614 ipse
2040 5551 2230 5611 sponte

651 5638 886 5705 proferat
912 5640 1207 5708 simplicem
1246 5639 1553 5693 dictionem.
1607 5636 1899 5691 Enuntiare
1943 5644 2120 5690 autem
2150 5644 2233 5687 est

650 5730 940 5783 orationem
964 5729 1142 5783 dicere
1170 5745 1284 5797 qum
1316 5745 1499 5783 verum
1533 5728 1793 5781 f'alsnmve
1820 5728 2083 5797 designat.

723 5813 920 5871 [larum
949 5826 1136 5884 autem,
1169 5820 1272 5872 1ιαί·
1294 5821 1333 5873 si
1363 5841 1367 5850 ·
1393 5821 1509 5888 pira:
1533 5820 1737 5889 quidem
1760 5828 1831 5874 est
1853 5818 2149 5886 enuntiatio,
2178 5822 2232 5870 tt!

2329 3307 2622 3377 composita
2668 3316 2784 3374 est,
2829 3306 2941 3360 hate
2986 3303 3130 3361 enim
3174 3319 3285 3360 non
3329 3303 3559 3375 simplex
3603 3314 3687 3359 est
3724 3304 3915 3360 oratio.

2329 3400 2568 3471 Simplex
2613 3400 2754 3456 enim
2803 3398 2976 3455 oratio
3002 3398 3146 3453 solas
3192 3398 3453 3453 dictiones
3496 3397 3626 3453 duas
3665 3397 3826 3453 habet
3862 3397 3918 3452 in

2330 3481 2601 3559 pontibus,
2630 3490 2930 3560 composita
2962 3503 3091 3544 vero
3119 3489 3281 3544 etiam
3306 3488 3579 3544 orationes
3596 3527 3613 3554 ,
3638 3487 3775 3543 sicut
3803 3488 3920 3543 hinc

2331 3596 2490 3651 quam
2520 3597 2682 3652 supra
2712 3581 2886 3650 posui.
2918 3580 3014 3637 Est
3044 3595 3173 3651 ergo
3200 3580 3286 3635 hic
3315 3579 3448 3635 ordo
3471 3594 3629 3650 quem
3650 3579 3768 3649 ipse
3793 3592 3921 3637 con-

2331 3672 2502 3738 fudit,
2541 3672 2689 3741 prius
2729 3672 2871 3726 enim
2912 3672 2978 3725 de
3006 3670 3366 3727 affirmatione
3391 3682 3444 3727 et
3475 3672 3775 3742 negatione,
3803 3684 3921 3741 quae

2334 3764 2500 3833 prima
2542 3775 2719 3830 esset,
2762 3780 2879 3833 qua:
2938 3763 3224 3835 posterior,
3272 3762 3571 3831 expedivit.
3610 3764 3810 3819 Dehinc
3853 3764 3921 3820 de

2333 3858 2454 3911 nnis
2484 3855 2845 3921 orationibus,
2887 3868 2943 3911 et
2979 3855 3046 3910 de
3086 3854 3327 3925 pluribus
3354 3855 3519 3919 dixit,
3560 3865 3829 3925 postremo
3853 3856 3922 3913 de

2334 3948 2670 4018 simplicibus
2707 3955 2870 4017 atque
2896 3946 3225 4016 compositis.
3263 3945 3370 4003 Sed
3401 3948 3651 4016 quoniam
3681 3948 3923 4017 quaedam

2337 4039 2389 4094 in
2437 4039 2615 4094 medio
2651 4038 2994 4108 permiscuit,
3042 4052 3106 4093 ea
3145 4037 3415 4108 paululum
3446 4038 3755 4096 differentes
3782 4040 3923 4095 dire-

2335 4138 2474 4184 ctam
2509 4127 2790 4183 sententia:
2828 4126 3024 4181 seriem
3067 4124 3526 4193 continuavimus,
3559 4126 3771 4196 longum
3804 4127 3923 4181 Ari-

2335 4221 2549 4278 st0Ielis
2576 4220 2911 4291 hyperbaton
2938 4219 3168 4288 partium
3195 4217 3569 4288 conjunctione
3598 4218 3918 4283 recidentes,

2341 4327 2515 4382 neque
2544 4312 2685 4366 enim
2729 4310 2907 4365 simile
2934 4310 3144 4366 videtur
3181 4307 3324 4379 quod
3352 4311 3445 4362 ait.
3489 4308 3581 4379 Est
3607 4316 3786 4363 autem
3818 4324 3924 4364 una

2340 4408 2508 4475 prima
2550 4406 2722 4458 oratio
2752 4403 3079 4458 enuntiativa
3107 4401 3419 4467 afﬁrmatio,
3451 4402 3643 4456 deinde
3677 4402 3921 4470 negatio,

2340 4498 2456 4552 alim
2491 4513 2620 4551 vero
2651 4496 3030 4567 conjunctione
3076 4511 3231 4563 unae,
3277 4509 3332 4552 et
3373 4509 3562 4550 rursus
3602 4509 3723 4549 cum
3751 4493 3923 4549 dicit:

1405 4587 1683 4683 έέίςδηιο
1724 4587 1902 4679 “(em
1951 4587 2233 4676 verbowmm
2258 4601 2312 4662 D
2344 4594 2437 4649 Est
2466 4609 2568 4648 una
2595 4594 2769 4648 oratio
2796 4591 3125 4648 enuntiativa
3165 4606 3285 4661 qua:
3318 4606 3481 4646 unum
3520 4589 3811 4660 significat,
3844 4587 3927 4642 vel

2339 4682 2721 4755 conjunctione
2762 4698 2886 4738 una.
2933 4682 3121 4737 Plures
3156 4689 3335 4737 autem
3374 4698 3493 4751 quae
3524 4680 3707 4751 plura,
3738 4689 3794 4735 et
3823 4694 3928 4734 non

2342 4791 2526 4841 unum,
2552 4775 2633 4829 vel
2659 4774 3039 4843 inconjunettr,
3065 4774 3149 4829 vel
3172 4788 3292 4827 cum
3322 4786 3507 4828 rursus
3531 4772 3697 4832 addit.
3730 4772 3928 4827 Harum

2340 4875 2520 4923 autem
2552 4866 2667 4920 haec
2696 4866 2923 4935 simplex
2951 4863 3167 4935 quidem
3188 4870 3274 4919 est
3296 4861 3619 4927 enuntiatio,
3647 4870 3702 4916 ut
3730 4861 3931 4930 aliquid

2341 4959 2407 5012 de
2445 4957 2659 5025 aliquo,
2689 4956 2772 5010 vel
2807 4956 3005 5025 aliquid
3040 4954 3110 5009 ab
3148 4954 3349 5023 aliquo.
3383 4954 3508 5009 Haec
3535 4962 3713 5010 autem
3752 4969 3819 5008 ex
3850 4953 3931 5008 his

2342 5048 2627 5117 conjuncta
2659 5046 2803 5100 velut
2839 5046 3011 5101 oratio
3041 5046 3286 5116 quaadam
3320 5045 3429 5114 jam
3473 5044 3789 5113 composita.
3825 5041 3932 5098 Sed

2343 5137 2470 5194 illud
2501 5136 2716 5205 quidem
2747 5138 2887 5205 quod
2919 5137 3066 5205 prius
3093 5135 3260 5201 dixit,
3289 5145 3374 5190 est
3401 5143 3577 5189 autem
3619 5148 3722 5186 una
3765 5134 3932 5199 prima

2345 5227 2518 5282 oratio
2545 5225 2870 5281 enuntiativa
2904 5227 3216 5292 affirmatio,
3250 5225 3444 5281 deinde
3474 5226 3706 5295 negatio,
3735 5224 3803 5279 ad
3836 5225 3934 5278 hoc

2345 5320 2561 5386 retulit,
2591 5328 2647 5374 nt
2689 5320 2923 5390 priorem
2966 5318 3376 5375 afﬁrmationem
3425 5334 3547 5375 esse
3577 5327 3931 5383 monstraret,

2346 5420 2697 5489 posteriorem
2728 5434 2855 5475 vero
2885 5419 3251 5490 negationem;
3283 5418 3357 5473 ait
3381 5417 3524 5473 enim
3555 5417 3751 5473 deinde
3779 5431 3935 5487 nega-

2348 5521 2444 5587 tio,
2474 5521 2613 5577 unde
2634 5521 2773 5592 quod
2796 5522 2870 5575 ait
2896 5523 3063 5591 prima
3092 5523 3155 5577 ad
3185 5522 3597 5578 affirmationem
3631 5519 3935 5589 ponendum

2344 5630 2448 5689 est,
2481 5624 2624 5693 quod
2655 5638 2781 5678 vero
2806 5634 3022 5679 secutus
3046 5633 3127 5680 est
3154 5625 3316 5695 paulo
3338 5632 3479 5695 post.
3510 5624 3601 5677 Est
3628 5628 3803 5676 autem
3833 5631 3935 5673 una

2346 5724 2519 5779 oratio
2548 5725 2874 5780 enuntiativa
2898 5724 3026 5793 ’qure
3058 5742 3218 5780 unum
3254 5726 3549 5796 significat,
3590 5724 3672 5778 vel
3704 5719 3935 5790 eonjun-

2340 5821 2527 5876 ctione
2558 5835 2679 5877 uua.
2713 5820 2904 5881 Plures
2941 5832 3151 5894 autem,
3184 5839 3303 5896 quae
3333 5824 3519 5895 plura,
3554 5828 3608 5882 et
3641 5834 3741 5881 non
3772 5831 3936 5877 unum
