4270 6266
371 340 475 397 455

368 456 449 512 vel
481 451 860 521 inconjunctae,
887 446 953 501 ad
979 445 1081 500 hoc
1100 444 1303 509 retulit,
1334 448 1392 495 ut
1420 438 1633 493 doceret
1664 443 1795 501 quas
1824 436 1954 479 unas
1979 418 2033 480 Δ

367 561 490 603 esse
519 543 791 597 orationes
830 537 1007 608 putari
1041 540 1341 604 Oporteret,
1381 525 1673 598 expediens
1715 530 1808 576 aut
1834 533 1953 589 quae
2036 574 2052 587 ο

370 654 534 694 unum
564 633 950 704 signiﬁcarent,
979 635 1070 681 aut
1096 637 1227 697 quas
1248 618 1550 691 conjunCtio
1572 630 1707 671 unas
1734 615 1950 668 faceret.

367 731 437 786 Et
466 742 597 798 quas
628 726 837 794 plures,
869 728 961 774 aut
986 733 1103 789 qua:
1132 717 1295 770 multa
1325 714 1377 768 in
1404 709 1789 782 signiﬁcatione
1816 704 1950 760 reti-

369 830 561 878 nerent
580 861 595 883 ,
623 826 715 871 aut
742 827 963 885 quarum
995 823 1187 880 corpus
1226 807 1369 862 nulla
1399 811 1544 860 esset
1575 798 1953 872 conjunctione

370 916 745 983 compositum.
793 904 941 973 Quod
975 917 1104 959 vero
1154 912 1423 972 postremo
1471 895 1708 963 addidit,
1757 893 1953 948 iiarum

369 1015 569 1069 autem,
602 1004 715 1057 haec
739 998 951 1069 quidem
973 996 1200 1064 simplex
1226 1002 1306 1048 est
1330 989 1649 1054 enuntiatio,
1675 996 1732 1041 ut
1758 983 1953 1055 aliquid

370 1098 437 1153 de
464 1096 671 1167 aliquo,
706 1090 789 1146 vel
832 1088 1030 1158 aliquid
1060 1087 1127 1140 ab
1155 1085 1355 1155 aliquo.
1395 1083 1519 1137 llmc
1560 1089 1737 1135 autem
1777 1093 1839 1132 ex
1876 1076 1956 1131 his

370 1166 686 1255 conjuncta,
726 1184 872 1236 velut
908 1178 1081 1234 oratio
1108 1176 1351 1247 quaedam
1382 1173 1489 1243 jam
1529 1172 1819 1239 composita
1841 1210 1856 1231 ,
1889 1166 1954 1220 ad

369 1278 642 1348 simplices
671 1274 942 1329 orationes
979 1268 1194 1333 retulit,
1236 1274 1395 1335 atque
1425 1263 1768 1332 compositas.
1816 1260 1959 1314 Sim-

370 1372 533 1442 plices
560 1370 745 1423 dicens
775 1364 985 1421 duobus
1010 1362 1138 1417 solis
1165 1360 1404 1415 terminis
1430 1358 1661 1427 iunctas,
1693 1352 1959 1421 composi—

371 1472 474 1529 tas,
506 1476 625 1531 qua:
652 1475 719 1515 ex
745 1455 1080 1527 simplicibus
1108 1452 1439 1507 orationibus
1466 1446 1809 1504 enuntiativis
1834 1460 1959 1499 con-

373 1554 743 1625 iungerentur,
782 1556 845 1604 ut
873 1550 942 1602 sit
979 1556 1126 1601 totus
1160 1544 1292 1599 ordo
1321 1543 1419 1597 hoc
1452 1540 1630 1595 modo.
1667 1540 1756 1593 Est
1785 1546 1958 1591 autem

376 1660 478 1704 una
508 1646 678 1717 prima
710 1643 881 1699 oratio
902 1636 1231 1696 enuntiativa
1252 1634 1557 1700 aflirmatio,
1583 1632 1775 1688 deinde
1801 1644 1959 1699 nega-

377 1743 483 1808 tio,
516 1750 571 1796 et
596 1752 782 1794 rursus
815 1732 1133 1789 intermissis
1163 1746 1281 1800 quae
1318 1735 1627 1797 sequuntur,
1660 1725 1758 1778 hoc
1788 1722 1956 1793 subji-

378 1834 567 1889 ciatur.
596 1831 688 1884 Est
716 1837 893 1881 autem
929 1836 1030 1879 una
1058 1823 1230 1879 oratio
1262 1819 1583 1875 enuntiativa
1604 1858 1619 1883 ,
1650 1832 1768 1887 qua:
1796 1830 1957 1869 unum
1992 1815 2038 1876 Β

379 1926 669 1997 signiﬁcat,
704 1925 783 1975 vel
813 1919 1191 1991 conjunctione
1218 1931 1343 1969 una.
1386 1913 1572 1967 Plures
1600 1921 1773 1965 autem
1797 1952 1811 1974 ,
1842 1926 1961 1978 qua:

382 2019 552 2091 plura,
588 2026 640 2071 et
671 2032 773 2070 non
804 2028 986 2075 unum,
1018 2011 1102 2064 vel
1133 2007 1510 2076 inconjunctte,
1542 2014 1595 2057 et
1620 2012 1738 2071 post
1761 2002 1859 2056 hoc
1884 2002 1963 2055 in-

384 2109 647 2164 termiSsis
676 2118 885 2176 quoque
913 2100 1290 2172 sequentibus,
1342 2100 1442 2152 hoc
1469 2105 1740 2165 sequatur.
1776 2094 1961 2147 harum

386 2212 562 2255 autem
596 2199 711 2252 haec
740 2196 1058 2266 quidem'est
1085 2191 1307 2260 simplex
1340 2187 1655 2252 enuntiatio,
1682 2196 1743 2245 ut
1766 2185 1964 2255 aliquid

386 2294 453 2349 de
481 2292 662 2361 aliquo
692 2288 774 2344 vel
813 2286 1011 2356 aliquid
1054 2285 1122 2340 ab
1162 2282 1369 2353 aliquo,
1417 2284 1531 2336 haec
1568 2289 1745 2334 autem
1776 2294 1840 2334 ex
1884 2277 1967 2333 his

388 2383 703 2453 conjuncta,
758 2380 902 2434 velut
950 2378 1122 2432 oratio
1181 2375 1421 2445 quietiam
1466 2372 1576 2444 jam
1637 2371 1964 2442 composita,

388 2486 635 2545 tanquam
664 2473 708 2527 si
743 2471 820 2526 sic
848 2471 1055 2525 diceret
1075 2485 1089 2523 :
1108 2468 1283 2522 Prima
1315 2465 1531 2538 quidem
1560 2464 1700 2520 inter
1724 2464 1970 2520 enuntia-

391 2571 563 2625 tiones
585 2566 784 2635 oratio,
830 2564 1147 2619 aflirmativa
1193 2571 1308 2625 est,
1358 2564 1590 2616 secunda
1638 2576 1767 2614 vero
1812 2574 1971 2628 nega.

392 2662 487 2729 tio‘,
517 2659 933 2715 afﬁrmationum
965 2665 1140 2710 autem
1169 2664 1223 2711 et
1251 2653 1626 2723 negationem,
1671 2668 1770 2707 una
1800 2652 1971 2707 oratio

393 2760 500 2818 est,
529 2756 650 2820 quae
680 2763 842 2803 unum
868 2745 1167 2817 signiﬁcat,
1204 2744 1288 2799 vel
1318 2760 1435 2814 quae
1464 2743 1843 2813 conjunctione
1870 2757 1971 2797 una

394 2854 492 2902 est.
525 2843 798 2913 Multiplex
842 2852 1017 2897 autem
1053 2840 1138 2895 vel
1178 2839 1331 2911 cujus
1372 2846 1553 2909 partes
1598 2836 1974 2909 conjunctione

398 2936 727 3006 copulantur,
760 2948 877 3004 quae
919 2932 1083 2986 multa
1130 2928 1423 3000 signiﬁcat,
1472 2930 1553 2985 vel
1591 2945 1711 3000 qua:
1752 2928 1974 3000 conjun-

398 3025 574 3087 ctione
602 3045 706 3085 non
731 3028 989 3099 jungitur.
1022 3026 1219 3081 ilarum
1245 3040 1455 3097 quoque
1486 3024 1714 3094 simplex
1732 3035 1835 3092 est,
1858 3039 1977 3096 qua:

399 3124 604 3179 duobus
626 3122 870 3179 terminis
896 3129 1127 3186 constat,
1157 3128 1213 3173 ut
1236 3116 1431 3189 aliquid
1459 3116 1525 3171 de
1547 3116 1746 3188 aliquo,
1777 3117 1856 3171 vel
1881 3117 1979 3172 ali-

404 3219 529 3289 quid
551 3218 620 3272 ab
646 3218 849 3287 aliquo;
881 3215 981 3269 alia
1016 3228 1146 3268 vero
1170 3211 1464 3282 composita
1489 3252 1502 3275 ,
1533 3227 1651 3281 quae
1678 3226 1741 3265 ex
1774 3209 1981 3279 simpli-

407 3312 555 3366 cibus
580 3308 1018 3364 afﬁrmationibus
1043 3304 1299 3376 jungitur.
1329 3301 1480 3370 Quod
1512 3310 1691 3355 autem
1722 3300 1850 3354 dicit
1879 3299 1978 3353 alio

405 3402 529 3472 quid
560 3402 625 3455 de
654 3401 849 3469 aliquo,
884 3396 971 3451 vel
1012 3394 1213 3463 aliquid
1242 3393 1308 3447 ab
1337 3392 1547 3462 aliquo,
1582 3390 1685 3445 tale
1721 3400 1802 3445 est
1828 3407 1842 3445 :
1872 3389 1982 3443 Ali-

406 3491 529 3562 quid
555 3490 695 3546 enim
725 3489 793 3544 de
822 3488 998 3556 aliquo
1026 3485 1437 3540 afﬁrmationem
1468 3482 1750 3551 signiﬁcat,
1786 3491 1840 3537 ut
1862 3498 1984 3538 cum

405 3583 544 3648 dico,
568 3583 818 3636 Socrates
849 3579 1104 3648 disputat,
1131 3575 1196 3629 de
1226 3575 1403 3644 aliq.:o
1431 3573 1653 3629 Socrate
1679 3572 1899 3643 aliquid,
1935 3571 1986 3626 id

406 3682 487 3727 est
514 3672 783 3741 disputat,
825 3669 1141 3739 praedicavi,
1181 3679 1231 3722 et
1273 3665 1328 3719 ﬁt
1359 3666 1664 3721 alﬁrtnatio.
1709 3664 1764 3719 Si
1809 3677 1988 3719 autem

409 3766 546 3831 dico,
573 3766 823 3819 Socrates
853 3777 957 3814 non
986 3760 1239 3827 disputat,
1268 3774 1294 3810 a
1327 3757 1548 3811 Socrate
1574 3755 1989 3825 disputationem

411 3857 640 3926 sejunxi,
663 3867 718 3911 et
741 3855 806 3909 ab
828 3870 890 3908 eo
915 3851 1129 3915 abstuli,
1152 3848 1318 3904 ethoc
1344 3859 1427 3903 est
1451 3847 1679 3917 negatio.
1697 3846 1993 3900 Allirmatio

416 3950 556 4004 enim
588 3948 653 4001 de
684 3946 785 3999 alia
817 3960 873 3998 re
912 3945 1066 3997 aliam
1112 3956 1225 3996 rem
1270 3939 1521 4010 praedicat
1570 3938 1725 4008 eique
1772 3935 1996 4007 conjun-

419 4042 513 4110 git.
546 4039 766 4109 Negatio
798 4051 923 4091 vero
948 4051 976 4090 a
1000 4034 1229 4107 qualibet
1260 4048 1319 4089 re
1344 4030 1639 4103 quamlibet
1665 4043 1776 4084 rem
1806 4023 1998 4097 praedi-

419 4134 592 4189 cando
625 4131 778 4195 tollit,
810 4143 935 4199 ergo
956 4126 1058 4182 hoc
1088 4125 1226 4197 quod
1258 4126 1348 4190 ait,
1382 4122 1579 4194 aliquid
1602 4122 1669 4177 de
1700 4134 1826 4190 quo,
1856 4118 1999 4173 afﬁr-

421 4224 712 4279 mationem
744 4220 1038 4289 simplicem
1085 4215 1430 4287 signiﬁcavit,
1467 4214 1607 4286 quod
1645 4213 1773 4268 dicit
1801 4209 1999 4280 aliquid

421 4316 489 4371 ab
518 4316 715 4389 aliquo,
752 4312 1045 4383 simplicem
1073 4310 1437 4380 negationem.

494 4406 586 4461 Est
614 4415 781 4459 autem
811 4404 1024 4474 simplex
1051 4402 1332 4457 enuntiatio
1358 4415 1459 4452 vox
1485 4388 1819 4471 signiﬁcation
1848 4393 1909 4447 de
1945 4409 2003 4446 eo

427 4500 556 4569 quod
587 4508 657 4553 est
692 4498 887 4569 aliquid
908 4538 923 4563 ,
956 4498 1029 4550 vel
1070 4511 1171 4548 non
1199 4502 1290 4560 est,
1322 4490 1745 4563 quemadmodum
1777 4498 2003 4559 tempora

430 4593 588 4646 divisa
626 4601 763 4645 sunt.
804 4589 1084 4659 A/jirmatio
1111 4604 1228 4643 vero
1270 4595 1342 4641 est
1386 4586 1668 4641 enuntiatio
1698 4582 1915 4654 alicujus
1944 4580 2006 4635 de

432 4685 615 4753 aliqua.
652 4682 873 4754 Negatio
893 4697 1009 4736 vero
1034 4690 1105 4735 est
1130 4679 1406 4733 enuntiatio
1434 4679 1653 4751 alicujus
1680 4678 1742 4730 ab
1766 4660 1955 4744 aliqua.

499 4773 784 4845 Postquam
807 4772 872 4827 de
896 4772 1076 4826 multis
1098 4779 1257 4841 atque
1284 4770 1401 4824 unis
1424 4784 1519 4824 nec
1546 4784 1650 4823 non
1681 4764 2009 4838 simplicibus

436 4868 845 4938 compositisque
876 4864 1328 4921 enuntiationibus
1364 4862 1662 4932 expedivit,
1695 4859 2012 4916 enuntiatio-

438 4982 560 5021 nem
586 4965 885 5035 simplicem
930 4968 1150 5027 tractat,
1178 4970 1231 5016 et
1257 4974 1372 5015 eam
1402 4957 1718 5012 difﬁnitione
1744 4952 2016 5010 concludit

438 5058 650 5123 dicens,
686 5071 874 5113 vocem
912 5070 1030 5111 eam
1062 5067 1183 5108 esse
1219 5050 1606 5121 signiﬁcantem
1651 5044 1852 5118 aliquid
1893 5058 2014 5100 esse

436 5153 517 5207 vel
548 5168 654 5207 non
681 5165 819 5206 esse.
853 5147 1002 5217 Quod
1032 5160 1160 5217 ergo
1188 5147 1263 5199 ait
1294 5159 1477 5199 vocem
1511 5157 1628 5196 eam
1654 5155 1804 5207 esse,
1833 5137 1896 5191 ad
1925 5150 2017 5207 ge-

439 5260 535 5299 nus
562 5242 765 5310 retulit,
789 5240 929 5311 quod
952 5237 1357 5309 signiﬁcativam
1389 5234 1453 5288 ad
1477 5232 1644 5302 ipsius
1663 5228 2017 5285 diﬁcrentiam

442 5339 604 5394 vocis.
636 5336 787 5405 Quod
818 5334 885 5388 de
912 5348 976 5388 eo
1008 5331 1149 5400 quod
1181 5338 1324 5386 esset
1352 5336 1443 5382 aut
1476 5341 1582 5381 non
1623 5331 1764 5378 esset
1789 5319 2017 5391 aliquid,

440 5431 505 5487 ad
547 5430 961 5502 signiﬁcatarum
991 5442 1171 5482 rerum
1210 5438 1396 5479 rursus
1437 5417 1791 5475 differentiam
1820 5416 2019 5482 retulit,

446 5533 605 5588 liabet
631 5532 773 5586 enim
800 5543 980 5583 secum
1011 5528 1179 5597 ipsam
1213 5540 1394 5581 vocem
1427 5537 1527 5593 qua
1554 5521 1838 5590 profertur,
1872 5525 1928 5574 ut
1953 5516 2024 5573 si-

446 5639 663 5708 gniﬁcet
705 5633 982 5704 quiddam.
1031 5632 1168 5699 Quid
1207 5641 1384 5685 autem
1424 5627 1715 5698 signiﬁcet,
1760 5634 1850 5680 aut
1890 5624 2027 5681 circa

448 5736 575 5809 quid
602 5736 1021 5803 designationem
1045 5732 1340 5787 enuntiatio
1364 5737 1563 5795 teneat,
1590 5725 1655 5782 ad
1676 5723 2028 5780 differentiam

447 5835 920 5908 Iignilicatiwrun
947 5833 1177 5901 pertinet
1207 5844 1417 5894 vacum,
1444 5828 1514 5885 ita
1536 5826 1678 5885 enim
1699 5826 1900 5882 dictum
1926 5836 2031 5887 est,

1103 325 1168 383 IN
1206 321 1459 381 LIBRUM
1498 322 1586 378 DE
1625 290 2274 371 INTEBPRETATIONE
2316 283 2543 343 EDITIO
2582 276 2918 338 SECUNDA.

3534 258 3640 317 454

2061 418 2312 477 tanquam
2340 400 2387 455 si
2416 399 2701 457 diceretur,
2749 406 2855 445 non
2884 384 3064 442 omnia
3102 376 3401 437 enuntiatio
3442 374 3642 443 signia.

2055 469 2290 565 can-sed
2320 506 2441 549 esse
2466 486 2663 557 aliquid
2694 493 2784 537 aut
2812 496 2920 536 non
2948 492 3089 533 esse.
3124 474 3217 529 Est
3244 484 3372 540 ergo
3400 469 3643 523 enuntia-

2057 597 2133 651 tio
2152 562 2383 662 simplex
2412 601 2515 640 vox
2554 578 2902 651 signiﬁcativa
2936 576 3002 628 de
3030 588 3096 628 eo
3125 569 3266 640 quod
3291 577 3373 621 est
3399 579 3520 620 esse
3547 562 3645 614 alia

2059 689 2211 761 quid,
2246 685 2327 741 vel
2354 696 2459 737 non
2488 691 2629 742 esse,
2659 675 2709 727 id
2732 677 2815 727 est
2840 669 3013 724 omnis
3036 662 3350 727 enuntiatio,
3382 667 3473 713 aut
3500 656 3645 713 aflir.

2058 784 2254 847 matio,
2304 785 2395 832 aut
2433 772 2645 843 negatio
2675 778 2785 831 est,
2818 778 2939 819 esse
2966 761 3106 817 enim
3148 760 3296 829 ponit
3336 754 3644 816 afﬁrmatio,

2058 890 2165 930 non
2191 886 2310 927 esse
2341 866 2583 938 negatio;
2617 860 2711 917 sed
2741 866 2938 927 quanta
2967 852 3343 907 dimnitionem
3383 847 3647 903 brevitate

2059 937 2657 1028 constrinxit,quidam
2691 964 2797 1006 non
2833 946 3075 1001 videntes
3116 942 3168 996 in
3216 956 3453 996 errorem
3498 937 3645 992 stoli-

2059 1057 2184 1113 dum
2226 1051 2469 1109 falsitatis
2510 1043 2724 1102 abducti
2756 1046 2911 1095 sunt:
2944 1034 3275 1091 contendunt
3316 1032 3473 1100 igitur
3503 1030 3644 1083 afﬁr-

2062 1147 2313 1203 mationis
2337 1154 2390 1199 et
2415 1136 2715 1209 negationis
2740 1147 2846 1187 non
2866 1144 2987 1185 esse
3011 1122 3431 1182 enuntiationem
3456 1134 3642 1189 genus.

2060 1243 2192 1297 Nam
2224 1241 2271 1295 si
2296 1239 2431 1303 hare,
2458 1232 2651 1302 inquit,
2674 1226 2919 1284 difﬁnitio
2944 1231 3025 1277 est
3050 1215 3451 1279 enuntiationis,
3473 1213 3647 1268 omnis

2062 1342 2150 1387 aut
2176 1328 2386 1399 generis
2416 1322 2666 1380 difﬁnitio
2695 1318 2926 1390 propriis
2946 1311 3227 1383 speciebus
3252 1304 3649 1363 accommodari

2065 1397 2243 1492 pOIest
2282 1420 2462 1491 (omne
2494 1416 2638 1471 enim
2670 1424 2837 1483 genus
2866 1407 3089 1462 univoce
3117 1403 3183 1458 de
3212 1397 3497 1471 speciebus
3526 1409 3652 1464 pro-

2062 1515 2193 1585 priis
2226 1506 2565 1583 pimdicatur)
2589 1548 2602 1573 ,
2630 1504 2851 1560 dubium
2882 1515 2985 1555 non
3016 1505 3097 1551 est
3137 1494 3263 1565 quin
3298 1494 3411 1545 haec
3438 1499 3652 1559 quoque

2062 1577 2315 1659 difﬁnitio
2342 1577 2751 1659 enuntiationis,
2785 1593 2827 1646 si
2858 1586 3153 1646 enuntiatio
3181 1596 3346 1654 genus
3374 1587 3473 1646 est,
3507 1577 3653 1632 allie-

2064 1695 2280 1750 mationi
2311 1688 2687 1761 negationique
2714 1678 3079 1747 conveniat,si
3104 1687 3280 1731 tamen
3306 1673 3421 1743 ejus
3446 1670 3652 1741 species

2063 1788 2179 1841 lucc
2206 1793 2363 1847 sunt;
2396 1780 2489 1836 sed
2518 1780 2637 1849 quis
2667 1789 2896 1846 unquam
2932 1771 3127 1827 dixerit
3156 1764 3491 1821 alﬁrmationi
3519 1776 3651 1817 con-

2064 1880 2246 1937 venire
2283 1878 2421 1930 hanc
2461 1871 2836 1928 difﬁnitionem
2882 1881 3000 1936 qua:
3046 1871 3130 1917 eat
3156 1874 3262 1914 vox
3300 1854 3651 1927 signiﬁcativa

2066 1973 2131 2027 de
2165 1987 2229 2026 eo
2268 1967 2410 2039 quod
2452 1975 2555 2031 est,
2600 1962 2795 2032 aliquid
2835 1973 2983 2023 esse,
3022 1955 3103 2009 vel
3144 1967 3249 2008 non
3290 1951 3443 2007 esse?
3472 1949 3653 2019 Neque

2065 2065 2205 2120 enim
2240 2038 2354 2116 fieri
2392 2066 2566 2129 potest
2616 2063 2673 2108 ut
2710 2050 2994 2107 affirmatio
3028 2052 3128 2101 'vox
3177 2042 3522 2115 significativa
3552 2038 3652 2102 sit,

2067 2159 2133 2215 de
2163 2173 2225 2212 eo
2261 2153 2401 2227 quod
2431 2161 2516 2208 est
2542 2165 2662 2207 esse
2682 2189 2695 2213 ,
2727 2146 2809 2201 vel
2839 2160 2945 2200 non
2974 2157 3124 2206 esse,
3154 2139 3245 2195 sed
3277 2144 3477 2191 tantum
3500 2135 3566 2189 de
3589 2146 3654 2188 eo

2068 2249 2208 2323 quod
2232 2259 2312 2307 est
2336 2261 2477 2310 esse,
2502 2243 2715 2314 negatio
2738 2252 2922 2294 rursus
2946 2251 3050 2291 non
3075 2235 3141 2289 de
3157 2246 3221 2287 eo
3243 2230 3383 2301 quod
3408 2236 3489 2284 est
3511 2239 3652 2294 esse,

2072 2355 2125 2399 et
2154 2344 2221 2398 de
2249 2357 2313 2397 eo
2343 2339 2483 2412 quod
2510 2346 2593 2393 est
2624 2350 2728 2390 non
2757 2348 2898 2400 esse,
2932 2330 3024 2385 sed
3051 2336 3251 2382 tantum
3282 2323 3349 2378 de
3377 2336 3484 2377 non
3512 2333 3651 2384 esse,

2074 2452 2341 2505 nunquam
2372 2434 2531 2488 etiam
2571 2431 2636 2485 de
2670 2442 2808 2484 esse.
2854 2423 3114 2479 lntcrimit
3146 2422 3287 2474 enim
3318 2429 3528 2484 semper
3557 2427 3653 2467 ne-

2072 2533 2235 2599 gatio,
2263 2526 2437 2599 jungit
2464 2535 2623 2595 atque
2651 2519 2929 2576 constituit
2950 2513 3253 2569 affirmatio.
3279 2508 3455 2577 Quare
3476 2508 3519 2561 si
3544 2506 3657 2560 hare

2074 2620 2322 2677 difﬁnitio
2346 2614 2728 2673 enuntiationis
2760 2611 2821 2664 ad
2852 2604 3262 2663 afﬁrmationem
3300 2599 3657 2667 negationem~

2077 2728 2180 2784 que
2212 2727 2317 2766 non
2343 2716 2517 2781 potest
2543 2701 2845 2777 praedicari,
2874 2696 3158 2753 affirmatio
3181 2703 3233 2748 et
3262 2694 3473 2760 negat’o
3495 2702 3660 2743 enun-

2082 2805 2315 2859 tiationis
2347 2780 2553 2864 Species
2585 2812 2688 2852 non
2718 2802 2863 2859 sunt,
2895 2789 2983 2861 qui
3012 2786 3142 2842 mihi
3172 2784 3392 2839 nimium
3419 2780 3663 2834 videntur.

2080 2910 2281 2961 errare,
2314 2892 2469 2963 quasi
2496 2904 2627 2945 vero
2661 2885 2947 2957 quidquam
2981 2887 3122 2933 vetet
3151 2886 3405 2943 utrasque
3430 2869 3663 2923 alllrma-

2084 2991 2285 3044 tionom
2313 2995 2367 3042 et
2403 2984 2735 3054 negationem
2778 2975 2936 3031 simul
2971 2972 3157 3025 eadem
3194 2964 3514 3022 dililnitione
3537 2975 3664 3015 con-

2082 3078 2321 3136 cludere.
2364 3052 2593 3130 Posstim
2629 3071 2769 3123 enim
2796 3068 2973 3119 dieere
3010 3080 3022 3114 :
3052 3055 3337 3115 afﬁrmatio
3376 3063 3429 3109 et
3457 3052 3667 3121 negatio

2088 3452 2153 3493 eo
2183 3409 2325 3505 quod
2352 3440 2437 3488 est
2462 3446 2563 3484 non
2592 3441 2732 3491 esse,
2765 3424 2931 3479 solius
2963 3420 3034 3475 sit
3060 3415 3377 3503 negationis.
3410 3412 3515 3469 Sed
3544 3409 3673 3465 nihil

2092 3496 2260 3599 potuit
2298 3524 2415 3579 fieri
2458 3521 2701 3585 brevius,
2738 3518 2835 3571 nisi
2882 3524 2939 3569 ut
2970 3516 3021 3569 in
3062 3496 3253 3569 eadem.
3280 3508 3595 3564 difﬁnitione
3623 3512 3674 3561 et

2092 3618 2474 3676 enuntiationis
2517 3623 2759 3668 naturam
2790 3610 3174 3672 constitueret.
3208 3615 3261 3659 et
3288 3604 3453 3674 ipsius
3481 3601 3675 3656 faceret

2092 3710 2430 3770 divisionem,
2465 3713 2713 3772 tanquam
2742 3701 2884 3755 enim
2917 3700 2959 3753 si
2990 3698 3059 3752 ita
3082 3695 3304 3750 dixisset
3330 3710 3341 3745 :
3374 3691 3676 3748 Enuntiatio

2094 3810 2177 3856 est
2202 3814 2300 3853 vox
2335 3795 2710 3866 signiticativa,
2744 3793 2797 3845 in
2839 3803 2939 3858 qua
2985 3801 3169 3843 verum
3204 3784 3501 3852 falsumque
3536 3776 3676 3834 desi-

2096 3900 2345 3962 gnantur,
2391 3887 2546 3955 hujus
2580 3894 2757 3937 autem
2808 3894 2910 3933 una
2958 3878 3166 3947 species
3194 3875 3525 3929 ‘afllrmativa
3563 3879 3680 3935 est,

2099 3985 2199 4038 alia
2233 3982 2501 4052 negativa,
2535 3978 2604 4031 ita
2632 3975 2723 4028 ait.
2760 3970 3067 4026 Enuntiatio
3096 3978 3179 4022 est
3212 3981 3310 4020 vox
3334 3963 3681 4034 significativa

2098 4077 2166 4131 de
2206 4090 2270 4130 eo
2298 4072 2438 4143 quod
2474 4077 2556 4123 est
2596 4064 2828 4135 aliquid,
2862 4062 2945 4116 vel
2983 4075 3088 4114 non
3129 4068 3229 4111 est.
3266 4054 3683 4125 Namquedixit,

2101 4170 2261 4224 de~eo
2292 4164 2431 4237 quod
2462 4171 2545 4217 est
2569 4157 2767 4229 aliquid
2796 4154 2881 4210 vel
2910 4168 3015 4207 non
3052 4160 3160 4206 est:
3195 4148 3299 4203 tale
3325 4155 3406 4202 est
3437 4161 3497 4199 ac
3528 4146 3572 4199 si
3598 4144 3682 4199 di-

2103 4269 2251 4317 ceret
2274 4235 2392 4330 qnaz-
2420 4268 2605 4310 verum
2636 4252 2931 4317 falsumque
2958 4246 3312 4301 demonstrat.
3344 4239 3511 4293 Omne
3540 4235 3682 4290 enim

2104 4355 2245 4427 quod
2275 4366 2393 4409 esse
2423 4350 2568 4420 ponit
2599 4343 2816 4417 aliquid,
2843 4350 2901 4398 ut
2930 4340 2974 4397 si
3000 4342 3173 4396 dicam
3202 4337 3315 4392 dies
3340 4344 3440 4399 est,
3469 4330 3551 4387 vel
3579 4344 3685 4386 non

2105 4462 2254 4510 esse.
2290 4454 2346 4499 ut
2376 4444 2418 4499 si
2451 4442 2622 4497 dicam
2651 4437 2767 4493 dies
2798 4450 2901 4490 non
2932 4440 3049 4497 est,
3084 4442 3265 4485 verum
3308 4426 3567 4479 falsumve
3596 4420 3686 4476 de-

2108 4542 2389 4593 monstrat.
2430 4532 2485 4586 Si
2512 4545 2639 4599 ergo
2668 4524 2861 4594 aliquid
2896 4531 3124 4592 ponatur
3153 4531 3271 4573 esse
3300 4514 3381 4568 vel
3408 4528 3513 4567 non
3542 4524 3686 4576 esse,

2110 4629 2162 4683 in
2194 4640 2259 4681 eo
2288 4624 2485 4678 veritas
2533 4630 2587 4673 et
2619 4618 2822 4671 falsitas
2866 4612 3152 4674 invenitur,
3182 4616 3263 4663 est
3303 4607 3460 4676 igitur
3507 4605 3558 4656 in
3591 4602 3690 4655 hoc

2111 4717 2251 4788 quod
2283 4716 2356 4769 ait
2392 4725 2576 4766 vocem
2622 4702 3023 4775 signiﬁcativam
3073 4713 3192 4754 esse
3232 4697 3297 4751 de
3332 4711 3397 4751 eo
3431 4693 3569 4765 quod
3611 4697 3692 4745 est

2114 4787 2334 4880 aliquid,
2359 4806 2444 4862 vel
2470 4820 2573 4857 non
2601 4815 2700 4866 ρει,
2727 4809 2974 4867 tanquam
3001 4795 3047 4850 si
3071 4794 3305 4847 diceret:
3326 4791 3424 4846 Est
3452 4787 3694 4843 enuntia-

2118 4903 2192 4957 tio
2208 4878 2315 4952 ivox
2345 4893 2693 4967 signiﬁcativa
2720 4903 2901 4945 verum
2932 4885 3234 4953 falsumque
3264 4881 3589 4952 signiﬁcans.
3613 4878 3668 4931 Si

2120 4988 2392 5063 gniﬁcatio
2432 4996 2666 5053 namque
2696 4980 2764 5035 de
2792 4993 2857 5034 eo
2893 4975 3033 5046 quod
3064 4983 3144 5031 est
3181 4988 3302 5029 esse
3347 4969 3540 5038 aliquid
3569 5009 3581 5032 ,
3612 4966 3697 5021 vel

2123 5072 2227 5141 non
2257 5096 2406 5147 esse,
2440 5078 2547 5133 veri
2579 5075 2801 5145 falsique
2837 5068 3221 5126 demonstratio
3249 5072 3360 5127 est,
3393 5061 3485 5116 sed
3527 5059 3578 5113 in
3606 5074 3698 5113 ea-

2124 5178 2246 5234 dem
2271 5174 2589 5229 dillinitione
2624 5168 2833 5237 species
2859 5161 3154 5218 admirabili
3185 5158 3441 5213 brevitate
3478 5151 3700 5222 partitus

2126 5282 2241 5336 est,
2274 5279 2522 5336 tanquam
2564 5264 2707 5335 enim
2749 5261 2791 5315 si
2833 5258 3071 5319 diceret,
3114 5268 3212 5307 vox
3250 5247 3595 5319 signiﬁcativa
3624 5254 3702 5297 est

2127 5360 2454 5423 enuntiatio,
2486 5357 2539 5410 in
2583 5369 2683 5423 qua
2726 5364 2909 5404 verum
2952 5346 3245 5411 falsumque
3282 5339 3701 5393 demonsmtlur.

2130 5452 2235 5511 Sed
2266 5466 2367 5506 una
2403 5447 2519 5519 ejus
2548 5459 2670 5514 pars
2695 5438 3009 5497 alﬂrmativa
3040 5444 3151 5495 est,
3192 5432 3294 5485 alia
3334 5429 3600 5497 negativa,
3636 5430 3704 5482 ita

2133 5546 2237 5611 ait,
2272 5544 2342 5600 de
2369 5517 2444 5595 eo
2461 5536 2601 5608 quod
2635 5544 2717 5590 est
2756 5529 2950 5597 aliquid
2992 5527 3072 5579 vel
3102 5539 3205 5577 non
3234 5533 3333 5577 est.
3382 5517 3707 5589 Signiﬁcatio

2134 5638 2274 5693 enim
2322 5634 2390 5687 de
2417 5646 2487 5686 eo
2515 5626 2657 5694 quod
2704 5634 2783 5677 est
2830 5619 3060 5687 aliquid,
3090 5615 3375 5668 afﬁrmatio
3405 5621 3513 5675 est,
3546 5611 3613 5665 dc
3647 5624 3709 5664 ca

2135 5745 2263 5785 vero
2294 5725 2431 5796 quod
2465 5740 2569 5777 non
2602 5727 2714 5781 est,
2746 5714 2976 5781 negatio.
3014 5712 3082 5765 Ita
3118 5709 3166 5762 id
3198 5706 3336 5777 quod
3366 5706 3439 5760 ait
3466 5705 3709 5769 desiguth

2114 5824 2297 5876 'tivam
2329 5833 2447 5868 esse
2481 5828 2662 5867 vocem
2704 5804 3122 5862 enuntiationem
3151 5799 3220 5854 de
3249 5812 3315 5855 eo
3343 5796 3485 5866 quod
3516 5809 3593 5850 est
3619 5795 3707 5848 ali.
