4270 6266
570 368 687 433 7453

1844 367 1955 423 ΛΝ.
1996 366 2204 422 ΜΑΝΙ...
2245 361 2397 421 SEV.
2442 363 2666 421 ΒΟΕΤΙΙ

3774 352 3799 410 -ί
3807 355 3874 414 56

580 479 730 550 quid,
756 488 847 533 aut
872 485 1106 543 nonest,
1131 484 1415 544 utrumque
1438 492 1540 530 uua
1568 476 1773 547 colligit
1798 477 2169 547 intelligentia.
2200 478 2251 536 Α
2281 476 2565 545 applicuit,
2610 475 2703 531 sed
2745 484 2853 529 tota
2886 474 3186 544 hujusmodi
3226 471 3604 543 propositionis
3629 474 3711 528 vis
3750 490 3809 528 es
3842 518 3857 538 ,

587 574 698 628 Hoc
726 573 867 627 enim
898 568 1038 638 quod
1069 567 1204 621 dixit
1230 568 1298 622 de
1327 582 1393 622 eo
1418 568 1557 637 quod
1591 578 1670 622 est
1697 567 1918 636 aliquid,
1951 576 2044 622 aut
2063 583 2170 623 non

584 672 687 727 est,
718 673 1000 728 utrumque
1029 658 1326 727 significat,
1355 668 1409 711 et
1434 659 1545 712 veri
1579 658 1803 727 falsique
1829 658 2171 713 demonstra-

584 754 820 818 tionem,
865 760 918 805 et
964 748 1340 804 afﬁrmationis
1384 749 1789 819 negationisque
1824 749 2167 805 divisionem.

582 846 686 903 Sed
718 844 1016 900 Alexander
1046 852 1099 898 et
1126 842 1340 911 propria
1371 842 1634 896 sententia
1667 858 1773 895 non
1796 842 2026 905 desistit,
2071 856 2171 896 nec

581 940 684 992 alio
716 952 871 1005 quam
917 934 1097 990 caueri
1130 944 1341 988 tenetur
1377 948 1584 987 errore.
1627 933 1714 987 Ait
1750 934 1890 987 enim
1922 934 2005 987 hic
2034 949 2172 1003 quo-

581 1048 685 1099 que
717 1042 980 1099 apparere
1011 1042 1116 1081 non
1156 1040 1278 1080 esse
1306 1040 1476 1093 genus
1514 1025 1886 1080 alﬁrmatiouis
1926 1035 1981 1080 et
2010 1040 2171 1096 nega-

585 1123 743 1177 tionis
792 1128 959 1175 enunt
980 1118 1250 1184 ationem,
1306 1118 1557 1186 quoniam
1615 1116 1684 1169 ita
1748 1118 1799 1169 in
1848 1115 2171 1170 difﬁnitione

583 1213 967 1269 enuntiationis
992 1210 1346 1265 allirmatione
1384 1218 1441 1263 et
1487 1210 1803 1279 negatione,
1847 1218 1905 1262 ut
1934 1209 2170 1276 partibus

586 1320 710 1360 usus
734 1314 835 1359 est.
867 1304 1038 1358 Omne
1066 1309 1242 1355 autem
1265 1301 1622 1369 compositum
1649 1308 1807 1368 atque
1827 1313 1988 1352 omne
2007 1298 2174 1367 tequi—

584 1412 772 1451 vocum
803 1395 886 1452 vel
913 1393 1024 1448 suis
1053 1392 1321 1462 partibus,
1355 1382 1436 1445 vel
1479 1386 1591 1445 suis
1621 1388 1933 1459 signiﬁcatis
1962 1388 2171 1443 deliniri

586 1497 781 1557 potest,
811 1495 870 1541 ut
895 1488 938 1540 si
966 1484 1086 1555 quis
1107 1483 1396 1537 ternarium
1425 1496 1709 1535 numerum
1739 1479 1963 1535 deﬁnire
1986 1480 2174 1533 volens

584 1583 725 1638 dicat
752 1599 763 1632 :
791 1577 1083 1633 Ternarius
1110 1590 1365 1630 numerus
1396 1582 1480 1627 est
1508 1574 1597 1641 qui
1631 1587 1697 1625 ex
1724 1587 1828 1625 uno
1858 1571 2175 1639 duobusque

585 1673 901 1743 coujunctus
938 1679 1047 1734 est;
1080 1668 1165 1721 vel
1194 1667 1238 1720 si
1279 1666 1397 1735 quis
1428 1665 1699 1719 hominem
1728 1664 1955 1719 deﬁnire
1984 1662 2174 1716 volens

587 1768 729 1822 dicat
757 1782 771 1819 :
806 1765 975 1818 Homo
1004 1772 1117 1827 est,
1150 1771 1239 1814 aut
1264 1757 1461 1813 animal
1493 1757 1749 1811 rationale
1786 1756 2037 1821 mortale,
2081 1762 2197 1808 aut.

2275 567 2475 635 aliquid
2508 582 2628 621 esse
2669 567 2949 621 declarare
2986 584 2998 617 :
3030 580 3215 621 rursus
3252 579 3370 619 cum
3412 565 3561 628 dico,
3605 564 3721 618 dies
3760 578 3865 615 non

2275 668 2387 726 est,
2422 659 2618 727 aliquid
2661 660 2818 713 alicui
2866 674 2971 713 non
3001 673 3124 713 esse
3166 657 3472 727 pronuntio,
3518 656 3613 711 sed
3644 665 3750 710 tota
3786 656 3865 710 vis

2276 750 2436 818 hujus
2468 757 2551 804 est
2579 766 2686 804 non
2713 766 2834 804 esse
2870 750 3076 815 dicere;
3111 765 3275 818 quare
3304 748 3644 803 manifestum
3676 758 3757 803 est
3782 763 3864 803 se-

2276 842 2508 896 cundum
2538 840 2893 911 Porphyrium
2916 856 2980 895 ex
3013 849 3121 895 tota
3152 842 3201 893 vi
3233 838 3602 893 afﬁrmationis
3627 847 3682 892 et
3709 854 3867 907 nega-

2279 934 2439 987 tionis
2471 934 2890 989 enuntiationem
2922 948 3044 989 esse
3092 934 3444 1003 descriptam,
3489 948 3552 986 ex
3586 933 3696 986 suis
3739 948 3869 986 vero

2279 1023 2521 1078 terminis
2571 1025 2738 1094 ipsam
2782 1024 3198 1095 afﬁrmationetn
3262 1033 3315 1077 et
3362 1023 3722 1091 negationem.
3783 1021 3869 1075 Ait

2277 1118 2447 1183 enim,
2473 1117 2757 1172 affirmatio
2772 1133 2901 1172 vero
2925 1126 3006 1175 est
3024 1117 3319 1172 euuntiatio
3332 1114 3557 1184 alicujus
3577 1114 3642 1169 de
3663 1116 3866 1183 aliquo,

2278 1209 2331 1261 in
2361 1209 2733 1263 afﬁrmationis
2761 1209 3081 1264 difﬁnitione
3105 1224 3274 1279 genus
3300 1223 3539 1271 sumens;
3570 1210 3869 1261 enuntiatio

2277 1303 2420 1354 enim
2455 1303 2538 1371 (ut
2562 1302 2763 1356 dictum
2794 1304 2897 1371 est)
2924 1317 3092 1371 genus
3118 1312 3201 1357 est
3226 1301 3597 1355 afﬁrmationis
3624 1310 3677 1353 et
3700 1314 3866 1370 nega-

2281 1391 2463 1454 tionis,
2494 1392 2633 1461 quod
2666 1394 2779 1460 ipse
2807 1394 3123 1447 Aristoteles
3150 1394 3346 1447 clarius
3382 1392 3744 1454 demonstrat,
3776 1394 3864 1460 qui

2280 1480 2333 1533 in
2397 1492 2744 1552 utrorumque
2814 1483 3133 1538 difﬁnitione
3212 1483 3592 1538 enuntiationis
3671 1497 3863 1537 nomen

2279 1576 2529 1644 ascripsit
2554 1576 2738 1631 dicens
2764 1595 2776 1627 :
2814 1576 3114 1630 Afﬁrmatio
3141 1591 3270 1630 vero
3294 1585 3375 1630 est
3405 1574 3721 1629 enuntiatio.
3755 1574 3863 1628 Hoc

2280 1666 2424 1719 enim
2454 1666 2641 1721 retulit
2669 1665 2736 1720 ad
2766 1681 2959 1735 genus,
2992 1666 3134 1736 quod
3164 1682 3290 1720 vero
3318 1664 3525 1719 addidit
3549 1662 3774 1733 alicujus
3799 1664 3865 1719 dc

2251 1759 2464 1834 :aliquo
2507 1758 2722 1813 reduxit
2751 1758 2815 1811 ad
2850 1758 3129 1823 terminos,
3166 1758 3218 1810 in
3268 1756 3498 1823 simplici
3548 1757 3689 1809 enim
3720 1756 3866 1809 afﬁr-

589 1856 890 1927 hujusmodi
912 1853 1214 1915 coloribus,
1248 1851 1331 1905 vel
1363 1848 1584 1905 metallo
1610 1847 1749 1923 facta
1777 1846 2067 1910 simulatio,
2102 1844 2175 1899 ita
2206 1846 2254 1905 B
2282 1851 2519 1905 matione
2548 1849 2747 1917 aliquid
2793 1850 2859 1903 de
2910 1850 3088 1919 aliquo
3135 1848 3469 1903 enuntiando
3518 1848 3862 1916 prmdicatur,

588 1966 781 2007 nomen
820 1948 1149 2018 mquivocum
1184 1958 1247 1998 ex
1286 1941 1370 1996 his
1404 1956 1521 2010 quae
1563 1939 1734 2007 ipsum
1777 1952 1971 1991 nomen
2010 1936 2176 2005 aequi-

589 2055 779 2098 vocum
825 2038 1170 2108 designabat,
1219 2044 1492 2088 ostensum
1537 2039 1646 2091 est,
1692 2028 1777 2083 hic
1817 2044 1946 2098 ergo
1985 2027 2178 2082 eodem

589 2137 748 2192 modo
774 2154 786 2188 :
816 2131 1147 2199 Enuntiatio,
1181 2129 1373 2199 inquit,
1402 2136 1484 2181 est
1508 2141 1610 2180 vox
1638 2123 1991 2193 signiﬁcativa
2020 2122 2085 2176 de
2114 2136 2179 2176 eo

591 2228 730 2299 quod
760 2210 841 2280 εει
880 2222 1112 2294 aliquid,
1147 2221 1229 2275 vel
1271 2234 1376 2273 non
1409 2226 1519 2282 est,
1560 2226 1808 2284 tanquam
1840 2214 1885 2268 si
1926 2212 2133 2267 diceret
2162 2228 2174 2265 :

592 2317 899 2376 Enuntiatio
930 2324 1013 2372 est
1043 2328 1144 2368 vox
1176 2321 1265 2366 aut
1294 2310 1643 2371 afﬁrmativa,
1693 2316 1781 2360 aut
1810 2306 2055 2375 negativa
2076 2345 2090 2368 ,
2123 2304 2179 2358 in

594 2412 839 2469 eumdem
862 2406 1071 2463 scilicet
1092 2420 1331 2460 errorem
1358 2401 1565 2465 labens,
1595 2415 1693 2454 nec
1716 2398 1903 2453 videns
1924 2396 2183 2466 quemad-

600 2505 815 2561 modum
848 2516 949 2557 una
978 2499 1319 2562 difﬁnitione,
1351 2504 1406 2550 et
1431 2494 1748 2548 divisionem
1780 2493 1984 2557 fecerit,
2011 2502 2065 2546 et
2089 2506 2183 2545 na-

597 2608 768 2651 turam
800 2588 1183 2648 enuntiationis
1211 2586 1539 2649 ostenderit,
1584 2584 1678 2639 sed
1710 2584 1848 2638 hanc
1892 2584 2187 2652 expositio-

597 2704 721 2744 nem
757 2683 933 2755 (quod
982 2681 1158 2736 adhuc
1184 2680 1381 2748 sciam)
1409 2692 1581 2746 neque
1614 2661 1965 2746 Porphyrius,
2013 2691 2186 2746 neque

600 2778 745 2832 ullus
790 2776 929 2829 alius
978 2781 1460 2827 commentatorum
1507 2766 1657 2821 vidit.
1710 2768 1962 2835 ASpasius
2022 2769 2186 2822 etiam

597 2869 863 2927 consentit
900 2865 1207 2924 Alexandro
1236 2882 1249 2917 :
1282 2861 1413 2917 dicit
1458 2862 1602 2916 enim
1652 2861 1955 2917 Alexander
1994 2861 2188 2915 eodem

599 2962 761 3019 modo
787 2961 872 3015 hic
896 2957 1159 3015 difﬁuisse
1183 2953 1529 3011 Aristotelem
1556 2951 1983 3008 enuntiationem
2005 2996 2018 3018 ,
2050 2953 2190 3007 sicut

598 3053 723 3109 alibi
754 3065 999 3122 quoque,
1043 3048 1096 3102 id
1126 3056 1239 3112 est,
1275 3048 1326 3101 in
1373 3043 1712 3100 resolutoriis
1748 3061 1760 3095 :
1797 3043 1902 3098 illic
1940 3045 2083 3099 enim
2115 3045 2189 3097 ita

600 3144 1020 3217 propositionem
1040 3183 1055 3209 ,
1086 3156 1203 3211 quae
1233 3148 1317 3195 est
1344 3137 1672 3203 enuntiatio,
1702 3136 2022 3191 diflinitionc
2059 3151 2189 3189 con-

600 3210 764 3294 clusit
799 3237 985 3291 dicens
1018 3251 1032 3289 :
1065 3210 1364 3301 Propositio
1392 3246 1521 3301 ergo
1556 3240 1640 3285 est
1671 3232 1843 3284 oratio
1870 3229 2189 3283 afﬁriuativa
2219 3210 2265 3272 (ἶ

603 3330 684 3385 vel
717 3328 957 3398 negativa
987 3326 1215 3393 alicujus
1252 3322 1318 3378 de
1347 3322 1557 3391 aliquo,
1588 3321 1675 3377 vel
1712 3319 1937 3389 alicujus
1982 3321 2050 3373 ab
2092 3320 2190 3373 ali-

604 3433 730 3489 quo.
763 3417 907 3471 Idem
933 3428 1144 3483 quoque
1174 3412 1434 3480 Aspasius
1458 3411 1715 3481 sequitur.
1748 3409 2077 3479 Porphyrius
2096 3425 2192 3465 au-

606 3524 710 3569 tem
737 3511 815 3566 sic
841 3510 971 3563 dicit
1003 3527 1016 3559 :
1046 3506 1430 3561 Admirabilem
1472 3520 1592 3561 esse
1622 3504 1967 3559 subtilitatem
1996 3504 2193 3559 difﬁni-

608 3602 803 3664 tionis,
837 3615 903 3653 ex
942 3613 1035 3652 sua
1078 3597 1220 3651 enim
1260 3597 1310 3651 vi
1345 3595 1720 3650 afﬁrmationis
1759 3604 1813 3649 et
1858 3594 2189 3665 negationis,

605 3692 899 3750 enuntiatio
926 3689 1153 3744 difﬁnita
1183 3697 1284 3743 est.
1330 3688 1406 3742 Ex
1440 3689 1683 3742 terminis
1706 3703 1855 3751 vero,
1899 3688 2011 3756 ipsa
2047 3686 2196 3741 alﬁr-

608 3785 773 3841 matio
794 3822 808 3846 ,
850 3792 1011 3853 atque
1054 3781 1287 3851 negatio,
1318 3780 1602 3835 afﬁrmatio
1634 3796 1863 3850 namque
1902 3780 1954 3833 in
1984 3777 2194 3831 duobus

608 3879 852 3935 terminis
897 3888 1175 3941 constans,
1224 3877 1422 3946 aliquid
1469 3877 1625 3931 alicui
1678 3876 1856 3932 inesse
1910 3874 2190 3944 signiﬁcat.

608 3973 739 4028 Teta
779 3982 953 4027 autem
990 3971 1069 4025 vis
1107 3970 1271 4036 ipsius
1307 3979 1390 4025 est
1431 3968 1632 4038 aliquid
1672 3966 2194 4037 annuere,negatio

609 4078 817 4134 quoque
846 4060 1045 4132 aliquid
1074 4061 1234 4116 alicui
1269 4076 1375 4114 non
1417 4060 1593 4115 inesse
1632 4058 1925 4127 signiﬁcat,
1959 4056 2051 4112 sed
2085 4066 2195 4111 tota

609 4156 687 4209 vis
723 4154 891 4223 ipsius
922 4162 1005 4206 est
1046 4151 1245 4221 aliquid
1288 4151 1523 4205 abnuere
1554 4160 1712 4219 atque
1745 4148 2083 4218 disjuugere,
2113 4150 2195 4204 vel

609 4262 795 4301 rursus
825 4245 1111 4299 affirmatio
1140 4242 1335 4310 aliquid
1382 4241 1538 4294 alicui
1586 4242 1762 4295 inesse
1793 4242 2068 4309 designat,
2102 4239 2197 4293 sed

610 4344 689 4397 vis
718 4341 883 4411 ipsius
912 4348 1020 4391 tota
1065 4350 1263 4404 ponere
1302 4334 1499 4403 aliquid
1528 4342 1631 4387 est.
1664 4333 1797 4387 Cum
1824 4334 1966 4386 enim
1996 4330 2197 4398 aliquid

612 4434 770 4488 alicui
806 4432 982 4487 inesse
1005 4427 1360 4490 demonstrat,
1395 4423 1544 4493 ponit
1566 4422 1764 4491 aliquid
1786 4439 1799 4486 ;
1820 4436 2007 4476 rursus
2032 4436 2198 4490 nega-

610 4525 682 4579 tio
721 4524 933 4593 quidem
966 4518 1165 4589 aliquid
1203 4518 1357 4573 alicui
1408 4532 1511 4570 non
1566 4516 1743 4569 inesse
1783 4513 2051 4579 declarat,
2102 4515 2196 4569 sed

613 4624 721 4669 tota
740 4589 831 4667 ‘vis
860 4613 975 4682 ejus
996 4610 1208 4666 auferre
1230 4619 1338 4665 est.
1371 4608 1512 4679 Ergo
1540 4622 1698 4674 nunc,
1734 4607 1925 4677 inquit,
1953 4607 2197 4662 enuntia-
2227 4589 2280 4649 D

609 4709 811 4761 tionem
844 4719 909 4759 ex
938 4712 1045 4758 tota
1074 4703 1123 4757 vi
1154 4701 1525 4757 aftirmatiouis
1555 4700 1964 4769 negationisque
2004 4699 2200 4755 difﬁnit
2244 4726 2249 4729 Α

611 4800 837 4855 dicens:
871 4795 1180 4851 Enuntiatio
1209 4804 1294 4851 est
1321 4811 1423 4849 vox
1453 4793 1806 4864 signiﬁcativa
1845 4792 1913 4848 de
1956 4808 2019 4847 eo
2057 4793 2199 4849 quod

610 4893 807 4963 aliquid
833 4901 917 4947 est
941 4893 1026 4947 vel
1058 4908 1164 4947 non
1184 4901 1289 4947 est.
1320 4892 1433 4945 Hoc
1457 4901 1635 4946 autem
1664 4890 1729 4944 ad
1759 4890 2059 4958 negationis
2081 4904 2200 4958 per-

608 4990 744 5039 tiuet
771 4982 1248 5052 afﬁrmatiouisque
1275 4981 1401 5049 vim,
1436 4990 1685 5050 tauquam
1707 4982 1753 5034 si
1777 4982 2001 5047 diceret,
2032 4996 2202 5034 enun-

610 5076 762 5131 tiatio
801 5082 885 5130 est
924 5088 1029 5130 vox
1071 5072 1419 5142 signiﬁcativa
1467 5071 1781 5140 quaeponit
1821 5069 2058 5139 aliquid,
2105 5078 2197 5123 aut

610 5168 781 5233 tollit,
816 5184 936 5238 quze
968 5165 1183 5236 proprie
1208 5165 1431 5219 virtutes
1462 5173 1584 5219 sunt
1623 5162 1995 5217 afﬁrmationis
2022 5170 2077 5217 et
2101 5176 2194 5216 ne-

610 5261 858 5330 gationis.
889 5260 946 5315 Si
984 5257 1129 5313 enim
1173 5258 1245 5312 ita
1282 5256 1536 5321 dixisset,
1581 5255 1881 5311 enuntiatio
1909 5263 1992 5309 est
2034 5255 2101 5310 de
2130 5268 2197 5309 eo

610 5352 756 5421 quod
784 5362 869 5408 est
889 5350 1087 5421 aliquid
1115 5349 1275 5406 alicui
1306 5350 1389 5404 vel
1416 5364 1520 5403 non
1552 5356 1663 5413 est,
1698 5354 1826 5402 tunc
1853 5362 1917 5402 ex
1951 5348 2197 5403 terminis

610 5443 981 5499 afﬁrmationis
1014 5443 1096 5498 vel
1133 5441 1433 5512 negationis
1476 5439 1899 5496 enuntiationem
1942 5438 2199 5494 difﬁnisse

612 5535 907 5598 videretur;
938 5550 1061 5589 eum
1084 5544 1263 5589 autem
1289 5532 1416 5588 dicit
1437 5531 1505 5587 de
1531 5546 1597 5587 eo
1624 5530 1765 5601 quod
1791 5540 1874 5585 est
1898 5528 2095 5600 aliquid
2117 5528 2201 5586 vel

614 5638 721 5678 non
753 5634 862 5687 est,
912 5624 979 5679 de
1010 5634 1121 5679 tota
1162 5636 1509 5693 utrorumque
1546 5622 1598 5677 vi
1636 5621 1979 5677 determinat.
2015 5619 2069 5674 lu
2105 5620 2203 5673 hac

617 5716 758 5769 enim
790 5718 1143 5773 afﬁrmatione
1176 5733 1297 5788 qua:
1335 5718 1465 5773 dicit
1489 5716 1607 5771 dies
1640 5724 1756 5781 est,
1800 5712 2003 5785 aliquid
2044 5711 2200 5765 alicui

617 5806 909 5862 secundum
935 5810 1187 5867 terminos
1214 5809 1406 5865 adesse
1434 5807 1778 5869 monstravit.
1811 5812 1897 5861 est
1922 5803 2067 5860 enim
2094 5800 2201 5857 diei

2286 1952 2343 1996 ut
2360 1942 2415 1995 in
2434 1956 2500 1995 eo
2526 1942 2665 2008 quod
2694 1950 2797 2005 est,
2823 1940 2937 1995 dies
2960 1950 3061 2002 est,
3086 1954 3206 1994 esse
3228 1940 3392 1995 diem.
3414 1938 3631 2008 Negat'o
3652 1954 3866 2007 quoque

2283 2032 2356 2086 ita
2386 2032 2609 2087 difﬁnita
2660 2043 2741 2088 est
2772 2051 2784 2086 :
2819 2033 3034 2103 negatio
3073 2043 3157 2087 est
3199 2032 3497 2086 enuntiatio
3544 2033 3770 2099 alicujus
3800 2034 3868 2087 ab

2285 2128 2486 2196 aliquo,
2529 2137 2787 2193 quantum
2820 2126 2883 2179 ad
2916 2125 3339 2182 enuntiationem
3377 2140 3559 2179 rursus
3585 2140 3611 2176 a
3643 2140 3863 2193 genere,

2283 2231 2540 2290 quantum
2570 2220 2800 2288 alicujus
2841 2219 2909 2273 ab
2948 2220 3152 2289 aliquo,
3200 2233 3386 2273 rursus
3415 2218 3481 2272 ad
3508 2218 3786 2273 terminos.
3814 2218 3867 2273 lu

2283 2314 2387 2366 hac
2412 2314 2555 2366 enim
2585 2314 2869 2380 negatione
2896 2326 3015 2379 quae
3044 2319 3147 2377 est,
3170 2311 3287 2365 dies
3316 2326 3421 2365 non
3444 2321 3548 2378 est,
3575 2326 3699 2366 esse
3726 2328 3754 2365 a
3784 2312 3869 2365 die

2286 2402 2614 2458 enuntianda
2657 2402 2927 2466 tollimus;
2985 2402 3078 2456 sed
3132 2411 3188 2456 ut
3220 2418 3322 2456 non
3378 2402 3549 2456 solum
3596 2405 3872 2471 praesentis

2288 2494 2546 2563 temporis
2590 2494 3014 2548 enuntiationem
3063 2494 3323 2550 difﬁnisse
3371 2496 3667 2559 videretur,
3719 2496 3870 2551 addi-

2290 2587 2369 2641 dit
2396 2587 2778 2641 emmtiationis
2810 2586 3182 2641 difﬁnitionem
3231 2588 3300 2642 de
3347 2588 3467 2641 aliis
3496 2603 3709 2657 quoque
3738 2599 3869 2643 tem-

2297 2679 2516 2746 poribus
2539 2678 2796 2749 intelligi;
2825 2678 2899 2732 ait
2924 2680 3095 2733 enim:
3121 2679 3413 2734 enuntiatio
3430 2691 3511 2734 est
3539 2696 3640 2734 vox
3672 2681 3871 2749 signiﬁ~
3950 2716 3959 2721 -

2292 2772 2463 2829 cativa
2492 2770 2560 2826 de
2590 2786 2654 2825 eo
2684 2770 2824 2840 quod
2855 2779 2939 2825 est
2966 2770 3162 2840 aliquid
3189 2771 3271 2825 vel
3301 2787 3405 2826 non
3434 2780 3517 2826 est
3536 2812 3551 2835 ,
3580 2772 3876 2841 adjecitque

2294 2862 2745 2932 quemadmodum
2764 2871 3004 2931 tempora
3026 2863 3195 2919 divisa
3216 2874 3355 2919 sunt.
3387 2865 3563 2920 Divisa
3585 2866 3729 2919 enim
3755 2874 3878 2921 sunt

2297 2962 2539 3024 tempora
2586 2956 2635 3008 in
2678 2954 2871 3022 tribus,
2902 2970 3063 3010 omne
3090 2956 3233 3009 enim
3282 2966 3489 3025 tempus
3519 2966 3610 3010 aut
3643 2956 3875 3010 futurum

2295 3060 2400 3117 est,
2429 3060 2521 3105 aut
2546 3066 2805 3120 prresens,
2828 3062 2920 3106 aut
2942 3054 3289 3121 prteteritum,
3323 3062 3414 3106 aut
3438 3068 3501 3106 ex
3528 3052 3609 3106 his
3638 3053 3877 3107 mistum.

2300 3143 2615 3197 Euuutiatio
2642 3152 2724 3197 est
2752 3159 2881 3211 ergo
2915 3159 3017 3198 vox
3046 3144 3420 3214 signiticativa,
3444 3146 3753 3214 signiﬁcans
3785 3152 3881 3200 aut

2293 3235 2417 3294 esse
2460 3238 2660 3306 aliquid
2686 3278 2702 3303 ,
2746 3248 2836 3293 aut
2866 3254 2973 3293 non
3003 3253 3145 3293 esse.
3180 3239 3284 3293 Sed
3330 3240 3581 3309 quoniam
3613 3240 3716 3295 hoc
3748 3250 3883 3294 tem-

2298 3346 2397 3397 pus
2428 3345 2666 3399 praesens
2695 3330 2980 3398 designat,
3012 3345 3119 3385 non
3163 3332 3335 3385 solum
3381 3332 3447 3386 de
3479 3332 3761 3400 praesenti,
3792 3332 3880 3385 in-

2297 3422 2432 3490 quit,
2466 3420 2752 3488 loquimur,
2778 3421 2872 3474 sed
2904 3422 3065 3475 etiam
3097 3421 3164 3475 de
3187 3420 3271 3476 his
3298 3422 3628 3490 temporibus
3658 3437 3777 3493 quae
3800 3423 3882 3477 di-

2297 3513 2571 3578 viduntur,
2617 3521 2675 3566 ut
2717 3512 2817 3568 hoc
2866 3528 3009 3581 esse,
3063 3523 3119 3569 et
3160 3529 3268 3569 non
3296 3530 3436 3583 esse,
3469 3524 3523 3570 et
3560 3515 3613 3571 in
3645 3515 3882 3570 futurum

2299 3603 2478 3678 veniat.
2506 3613 2560 3657 et
2588 3603 2639 3657 in
2666 3604 3021 3671 praeteritum,
3047 3615 3103 3658 ut
3128 3605 3411 3674 aliquoties
3435 3607 3513 3661 sic
3539 3621 3680 3673 esse,
3704 3616 3760 3662 et
3780 3622 3885 3661 non

2299 3706 2419 3745 esse
2449 3690 2737 3761 signiﬁcet,
2795 3692 2847 3746 id
2901 3702 2983 3747 est
3036 3695 3113 3747 sic
3174 3706 3337 3763 ponat
3383 3705 3545 3765 atque
3576 3696 3652 3750 sic
3681 3698 3885 3756 auferat

2302 3782 2693 3846 cnuntiatio,ut
2715 3795 2766 3837 et
2790 3800 3029 3853 prmsens
3052 3793 3261 3853 tempus
3288 3798 3468 3855 pona',
3502 3797 3555 3842 et
3579 3790 3805 3854 auferat,
3832 3801 3883 3846 ut

2301 3885 2405 3945 est,
2428 3876 2676 3931 Socrates
2699 3888 2799 3943 est,
2825 3879 3074 3932 Socrates
3091 3893 3195 3933 non
3232 3888 3334 3946 est,
3359 3890 3425 3934 et
3442 3882 3765 3949 praeteritum
3794 3898 3883 3950 po-

2300 3974 2415 4030 ηε,
2448 3976 2500 4021 et
2529 3967 2757 4033 auferat,
2795 3977 2851 4022 ut
2892 3968 3143 4023 Socrates
3190 3968 3311 4038 fuit,
3348 3970 3599 4027 Socrates
3625 3990 3732 4028 non
3767 3974 3889 4039 fuit,

2302 4058 2493 4113 eodem
2526 4073 2737 4129 quoque
2772 4059 2933 4113 modo
2957 4058 3216 4123 futurum,
3251 4061 3502 4117 Socrates
3528 4056 3651 4129 erit,
3696 4065 3889 4120 Socra-

2307 4159 2387 4205 tes
2418 4164 2525 4205 non
2552 4152 2677 4206 erit.
2707 4153 2847 4223 Ergo
2878 4152 2929 4206 in
2955 4152 3037 4207 his
3066 4154 3317 4210 omnibus
3345 4157 3674 4226 temporibus
3695 4172 3887 4211 secun-

2305 4242 2431 4295 dum
2464 4257 2585 4296 esse
2611 4243 2809 4311 aliquid
2846 4244 2929 4298 vel
2966 4260 3070 4300 non
3100 4260 3219 4301 esse
3248 4246 3467 4317 aliquid,
3501 4248 3554 4301 id
3581 4257 3665 4302 est
3692 4261 3886 4303 secun-

2305 4331 2428 4385 dum
2473 4348 2691 4401 ponere,
2738 4344 2792 4389 et
2837 4334 3049 4392 auferre
3099 4346 3207 4394 tota
3248 4338 3627 4395 enuntiationis
3653 4341 3735 4395 vis
3764 4350 3887 4407 est;

2305 4422 2409 4477 hoc
2436 4439 2564 4493 ergo
2592 4434 2675 4480 est
2702 4426 2843 4495 quod
2872 4428 2966 4493 ait,
2998 4427 3067 4484 de
3118 4445 3183 4485 eo
3232 4429 3372 4500 quod
3423 4442 3507 4488 εει
3550 4431 3773 4502 aliquid,
3806 4434 3888 4489 vel

2306 4533 2415 4571 non
2447 4527 2550 4586 est,
2586 4520 3035 4589 quemadmodum
3083 4531 3323 4593 tempora
3372 4524 3543 4579 divisa
3572 4533 3717 4591 sunt,
3774 4534 3888 4581 tan-

2304 4624 2464 4678 quam
2492 4609 2539 4663 si
2561 4610 2786 4675 diceret,
2813 4612 2881 4666 de
2911 4627 2975 4667 eo
3006 4614 3146 4681 quod
3177 4626 3258 4670 est
3288 4616 3508 4685 aliquid,
3538 4616 3623 4671 vel
3652 4631 3758 4671 non
3787 4626 3888 4678 est,

2306 4720 2410 4757 vox
2443 4706 2769 4760 enuntiativa
2796 4706 3083 4777 signiﬁcat,
3116 4709 3198 4763 vel
3233 4710 3284 4763 in
3315 4725 3571 4777 prznsens,
3587 4710 3671 4765 vel
3691 4710 3742 4764 in
3760 4726 3889 4780 prae~

2306 4796 2545 4861 teritum,
2575 4796 2657 4851 vel
2685 4796 2736 4850 in
2764 4795 3023 4864 futurum,
3044 4799 3494 4868 quemadmodum
3519 4802 3631 4871 ipsa
3654 4810 3890 4871 tempora

2305 4891 2637 4946 dividuntur.
2670 4891 2779 4948 Cur
2808 4902 2986 4948 autem
3018 4895 3138 4949 talis
3167 4894 3305 4950 ordo
3343 4895 3682 4950 difﬁnitionis
3711 4894 3892 4960 fuerit,

2288 4984 2491 5063 paucis
2536 4984 2833 5038 absolvam.
2885 4984 3042 5039 Prius
3079 4986 3223 5040 enim
3274 4986 3343 5041 de
3373 4986 3625 5048 nomine,
3680 4994 3801 5055 post
3828 4986 3892 5043 de

2307 5081 2492 5133 veroo,
2520 5071 2644 5125 hinc
2669 5071 2736 5127 de
2765 5072 3030 5139 oratione,
3063 5090 3250 5130 rursus
3289 5075 3357 5131 de
3386 5075 3775 5143 enuntiatione,
3806 5075 3895 5131 de-

2310 5162 2435 5216 hinc
2477 5161 2546 5216 de
2591 5161 2981 5229 afﬁrmatione,
3017 5176 3291 5235 postremo
3316 5168 3382 5221 de
3413 5167 3695 5234 negatione
3721 5165 3896 5221 disse-

2310 5253 2435 5305 ruit.
2468 5255 2638 5306 Umne
2680 5254 3036 5321 compositum
3070 5256 3182 5309 suis
3213 5255 3452 5325 partibus
3500 5254 3765 5323 posterius
3795 5266 3895 5317 est,

2311 5360 2471 5399 omne
2499 5361 2666 5415 genus
2696 5346 2805 5400 suis
2836 5348 3073 5415 partibus
3102 5350 3248 5417 prius
3289 5367 3299 5399 :
3336 5363 3462 5417 ergo
3504 5349 3556 5401 in
3588 5347 3896 5417 compositis

2313 5448 2496 5509 partes
2526 5448 2636 5493 toto
2669 5440 2877 5508 priores
2904 5449 3052 5505 sunt,
3087 5442 3139 5494 in
3184 5441 3473 5509 generibus
3523 5450 3575 5496 et
3620 5441 3897 5509 speciebus

2308 5540 2491 5599 partes
2523 5539 2633 5583 toto
2666 5531 3018 5598 posteriores.
3069 5530 3276 5585 Rursus
3305 5534 3356 5585 in
3391 5531 3701 5601 compositis
3729 5541 3893 5584 totum

2308 5620 2553 5688 partibus
2588 5621 2871 5689 posterius,
2916 5622 2971 5676 in
3001 5622 3281 5691 speciebus
3313 5632 3364 5677 et
3407 5622 3694 5692 generibus
3726 5631 3889 5685 totum

2310 5716 2549 5783 partibus
2586 5714 2735 5783 prius
2761 5725 2878 5779 est;
2910 5731 3042 5787 ergo
3087 5718 3341 5787 quoniam
3376 5716 3541 5771 verba
3570 5726 3626 5771 et
3656 5718 3888 5776 nomina,

2310 5817 2486 5865 neque
2510 5802 2882 5859 afﬁrmationis
2951 5820 3123 5872 neque
3149 5806 3488 5874 negationis,
3520 5810 3696 5875 neque
3723 5817 3887 5861 enun-
