4270 6266
392 286 492 341 457

388 485 580 542 borum
628 493 863 546 omnium
897 504 1072 562 partes
1095 498 1288 567 quibus
1332 500 1445 555 lure
1473 506 1648 557 omnia
1677 503 1976 575 jungcrcn-

385 587 493 645 tur,
551 582 725 637 oratio
775 594 951 670 autem
1008 605 1174 657 genus
1220 595 1623 664 ennutiationis,
1673 601 1973 672 enuntiatio

385 671 761 733 afﬁrmationis
791 690 841 734 et
870 682 1167 751 negatiOnis
1190 726 1204 749 ,
1232 687 1521 742 affirmatio
1553 692 1696 758 prior
1730 675 1971 764 negatio-

386 779 477 829 ne,
507 768 707 822 scilicet
742 772 1032 828 secundum
1065 768 1457 843 prolationem,
1489 784 1631 837 sicut
1659 784 1774 853 ipse
1804 796 1969 840 testa-

386 870 471 917 tus
491 872 591 918 est.
626 865 762 934 Ergo
783 869 1029 937 quoniam
1057 872 1170 926 luec
1190 875 1394 938 omnia,
1420 885 1473 931 et
1497 878 1694 945 oratio,
1718 891 1773 934 et
1796 896 1967 937 enun-

385 954 565 1021 tiatio,
595 967 648 1011 et
669 959 960 1016 affirmatio
983 1004 997 1029 ,
1030 972 1083 1018 et
1118 968 1331 1035 negatio
1347 968 1545 1026 .verbis
1576 980 1632 1025 et
1657 974 1967 1029 nominibus

380 1046 775 1117 conjunguntur
799 1089 815 1116 ,
847 1052 931 1108 liis
975 1056 1227 1113 omnibus
1265 1060 1482 1115 nomina
1510 1072 1563 1118 et
1593 1066 1753 1119 verba
1786 1067 1965 1136 priora

381 1147 522 1193 sunt.
550 1139 781 1200 Nomine
805 1156 983 1201 autem
1026 1162 1115 1204 res
1159 1158 1251 1205 aut
1293 1167 1389 1221 per
1436 1168 1494 1208 se
1526 1154 1844 1222 subsistens,
1875 1170 1968 1215 aut

379 1241 626 1302 tanquam
660 1251 758 1304 per
783 1252 845 1294 se
887 1238 1184 1297 subsistens
1210 1243 1564 1314 significatur,
1596 1249 1760 1304 verbo
1785 1260 1962 1307 autem

378 1323 625 1380 accidens
662 1326 995 1398 designatur,
1028 1343 1084 1388 et
1121 1335 1265 1391 velut
1292 1337 1383 1392 alii
1412 1340 1682 1412 accidens,
1718 1344 1858 1414 quod
1899 1362 1964 1402 ex

378 1417 699 1482 supradictis
751 1421 969 1488 planum
1000 1434 1102 1491 est,
1132 1428 1277 1497 quod
1304 1440 1483 1486 autem
1512 1447 1608 1502 per
1632 1447 1692 1490 se
1718 1439 1965 1495 consistit

378 1508 527 1576 prius
574 1519 678 1565 est.
710 1511 852 1582 Ergo
891 1514 946 1569 id
972 1517 1113 1586 quod
1146 1533 1341 1575 nomen
1373 1522 1637 1591 significat
1689 1529 1836 1596 prius
1883 1540 1965 1584 est

376 1616 536 1671 quam
563 1602 614 1658 id
635 1605 780 1673 quod
804 1608 1024 1664 verbum
1044 1650 1058 1675 ,
1089 1626 1256 1679 quare
1281 1613 1445 1670 verbo
1467 1618 1615 1684 prius
1633 1627 1717 1674 est
1739 1616 1979 1677 nomen.‘

379 1690 528 1763 Ergo
572 1695 823 1765 quoniam
853 1712 1049 1755 nomen
1079 1714 1133 1759 et
1162 1704 1384 1759 verbum
1414 1708 1678 1776 oratione,
1717 1716 1960 1770 enuntia-

375 1786 536 1853 tione,
585 1789 944 1850 afﬁrmatione
970 1805 1025 1851 et
1048 1800 1335 1870 negatione
1378 1803 1557 1872 priora
1596 1818 1744 1876 sunt,
1780 1819 1957 1881 partes

372 1878 512 1933 enim
556 1881 763 1951 priores
796 1896 925 1941 sunt
964 1886 1052 1943 his
1079 1904 1201 1959 quae
1229 1905 1645 1965 componuntur,
1673 1878 1797 1971 jure
1841 1904 1958 1961 haec

371 1980 494 2027 ante
550 1975 731 2030 omnia
781 1976 1001 2035 deﬁnita
1055 1989 1203 2038 sunt.
1253 1984 1519 2053 Quoniam
1569 2006 1699 2049 vero
1758 2010 1955 2053 nomen

370 2060 520 2130 prius
542 2072 628 2118 est
657 2066 840 2134 verbo,
869 2069 1013 2138 prius
1042 2086 1262 2143 nomen,
1291 2086 1483 2146 postea
1512 2095 1642 2137 vero
1667 2083 1954 2144 difﬁnitum

369 2162 450 2209 est
497 2156 740 2212 verbum.
784 2157 891 2215 Sed
940 2164 1193 2231 quoniam
1237 2181 1398 2225 omne
1446 2186 1615 2242 genus
1671 2178 1955 2247 speciebus

288 2234 291 2239 ’
366 2247 475 2303 suis
508 2248 653 2317 prius
681 2260 786 2319 est,
828 2264 949 2323 post
981 2256 1115 2325 hac,
1165 2260 1219 2316 id
1259 2273 1344 2319 est
1392 2280 1589 2324 nomen
1618 2279 1672 2326 et
1706 2274 1949 2343 verbum,

366 2341 659 2399 orationem
688 2343 1009 2406 diffinitione
1051 2350 1357 2423 descripsit,
1406 2372 1530 2428 qua:
1559 2369 1616 2417 et
1642 2341 1948 2431 proximum

366 2433 744 2493 enuntiationis
774 2453 945 2509 genus
995 2452 1160 2511 esset,
1202 2453 1257 2501 et
1293 2450 1543 2519 superius
1571 2453 1949 2514 afﬁrmationis

363 2536 417 2581 et
450 2530 786 2599 negationis;
838 2543 960 2602 post
984 2537 1284 2595 orationem
1337 2557 1464 2598 vero
1492 2548 1945 2618 enuntiationem,

365 2634 478 2689 quae
514 2634 635 2676 cum
670 2624 736 2677 sit
776 2630 986 2694 species
1024 2631 1305 2700 orationis,
1349 2633 1724 2695 affirmationis
1767 2650 1946 2698 tamen

366 2717 414 2763 et
444 2712 737 2781 negationis
785 2724 931 2772 esset
968 2733 1157 2788 genus.
1200 2722 1328 2778 Post
1359 2728 1783 2787 enuntiationem
1815 2749 1945 2791 vero

362 2802 812 2875 afﬁrmationem,
868 2826 987 2880 qua:
1048 2830 1349 2886 quanquam
1400 2822 1670 2890 negationi
1710 2838 1944 2897 aequaeva

361 2898 565 2965 species
614 2911 761 2956 esset
814 2904 1110 2961 secundum
1159 2922 1330 2977 genus
1385 2914 1695 2983 proprium,
1756 2917 1807 2973 id
1860 2930 1943 2977 est

361 2990 804 3061 enuntiationem,
835 2994 887 3048 in
922 2996 1225 3065 prolatione
1248 3011 1425 3057 tamen
1447 3005 1597 3073 prior
1618 3016 1720 3075 est,
1745 3019 1801 3064 ut
1826 3010 1941 3082 ipse

362 3094 520 3150 supra
546 3082 655 3152 jam
684 3085 865 3141 docuit
891 3089 1075 3146 dicens
1110 3108 1126 3146 :
1156 3092 1254 3148 Est
1274 3103 1452 3152 autem
1487 3114 1589 3154 una
1625 3100 1793 3170 prima
1818 3120 1940 3161 ora-

1122 296 1188 350 IN
1226 298 1472 355 LIBRUM
1518 301 1603 360 DE
1646 299 2290 362 INTEIII’RETATIONE
2334 306 2559 368 EDITIO
2597 312 2935 376 SECUNDA.

389 397 646 462 tiationis,
679 416 851 469 neque
876 403 1130 460 orationis
1159 408 1366 475 species
1393 421 1568 479 erant,
1602 415 1695 467 sed
1727 415 1972 484 quaedam
2002 417 2050 476 Α
2083 419 2331 485 quoniatn
2383 424 2633 480 novimus
2681 429 2810 483 alias

2075 782 2213 850 qttod
2240 796 2317 838 est
2347 786 2484 843 dicat
2518 807 2623 845 non
2656 808 2798 861 esse,
2830 809 2879 850 ut
2926 800 2971 853 si
3010 806 3221 861 vacnte
3247 810 3468 872 Socrate
3496 817 3661 883 dicat,

2072 869 2319 929 Sacratcs
2359 892 2461 932 non
2504 879 2651 942 vivit,
2692 885 2831 953 quod
2872 899 2953 943 cst
2994 906 3173 962 negat,
3215 907 3267 951 ct
3308 903 3409 957 erit
3450 910 3661 978 negatio

3065 956 3087 962 ν
3157 956 3162 958 -
3452 956 3655 978 "'D"‘"'

2073 956 2233 1026 falsa;
2264 980 2448 1021 rursus
2478 970 2521 1022 si
2558 974 2679 1038 quis
2712 975 2759 1027 id
2791 978 2929 1045 quod
2962 997 3064 1037 non
3095 995 3177 1039 est
3205 1004 3324 1045 esse
3351 1001 3655 1067 confirmet,

2072 1058 2127 1103 ut
2165 1051 2209 1104 si
2248 1069 2354 1108 non
2417 1058 2627 1116 vivente
2688 1065 2911 1125 Socrate
2976 1074 3136 1141 dicat,
3199 1080 3656 1161 Socmteswivit,

2072 1140 2178 1161 ,Μ
2508 1153 2555 1161 Μ
2707 1158 2715 1161 _
2836 1160 2843 1161 ,

2070 1140 2184 1198 lttec
2243 1161 2431 1205 rursus
2469 1153 2754 1212 affirmatio
2828 1160 2957 1218 falsa
3001 1180 3082 1221 cst
3112 1186 3124 1234 ;
3154 1170 3198 1225 si
3230 1176 3347 1241 quis
3390 1180 3549 1237 etiam
3600 1140 3652 1239 id

2068 1237 2210 1304 quod
2239 1250 2321 1294 est
2379 1258 2498 1299 esse
2546 1254 2913 1312 enuntiatione
2940 1263 3265 1332 constituat,
3308 1281 3363 1323 ut
3392 1273 3438 1326 si
3473 1276 3654 1332 viven-

2069 1336 2120 1382 te
2147 1330 2369 1389 Socrate
2396 1335 2561 1404 dicat,
2590 1341 2719 1399 vivit
2743 1344 3016 1417 Socrates,
3045 1368 3171 1411 vera
3202 1361 3305 1413 erit
3331 1363 3638 1425 afﬁrmatio.

2067 1416 2160 1474 Sin
2203 1437 2329 1479 vero
2361 1429 2501 1496 quod
2538 1446 2642 1487 non
2674 1445 2758 1490 est
2808 1454 2927 1495 esse
2983 1450 3277 1517 negaverit,
3327 1465 3407 1508 est
3439 1464 3651 1528 negatio

2068 1525 2210 1580 vera,
2247 1518 2371 1572 utsi
2400 1521 2520 1589 quis
2550 1540 2655 1580 non
2686 1527 2899 1586 vivente
2950 1534 3173 1594 Socrate
3209 1543 3371 1611 dicat,
3400 1546 3650 1609 Socrates

2069 1617 2172 1657 non
2205 1606 2355 1661 vivit.
2384 1610 2463 1665 Ex
2490 1611 2573 1669 bis
2597 1615 2754 1687 igitur
2778 1661 2792 1687 ,
2839 1623 2890 1677 id
2914 1634 2997 1680 est
3041 1644 3107 1683 ex
3136 1606 3493 1697 affirmatione
3526 1659 3648 1700 vera

2066 1708 2117 1754 et
2147 1704 2429 1771 negatione
2474 1710 2624 1776 falsa,
2685 1724 2739 1768 et
2768 1732 2953 1775 rursus
2983 1738 3045 1777 ex
3093 1728 3376 1797 negatione
3424 1751 3547 1791 vera
3595 1752 3655 1796 et

1986 1787 2035 1851 B
2066 1787 2426 1852 affirmatione
2481 1798 2638 1869 falsa,
2690 1816 2919 1874 quatuor
2964 1787 3191 1881 quidem
3231 1831 3358 1876 sunt
3404 1829 3653 1884 enuntia-

2063 1878 2254 1950 tiones,
2300 1885 2392 1940 sed
2424 1886 2474 1941 in
2506 1890 2715 1949 duabus
2740 1878 3055 1968 afﬁrmatio,
3089 1905 3142 1958 in
3182 1908 3391 1968 duabus
3431 1921 3651 1987 negatio

2057 1975 2381 2032 continetur.
2406 1980 2876 2045 Contradictiones
2907 2008 3034 2050 vero
3059 1996 3198 2063 duce,
3234 2003 3334 2059 ltoc
3373 2017 3454 2062 est
3499 2014 3647 2067 enim

2056 2065 2196 2133 quod
2226 2067 2299 2121 ait
2332 2087 2343 2121 :
2373 2069 2635 2139 Quoniam
2668 2087 2847 2135 autem
2877 2094 2959 2138 est
2986 2092 3270 2146 enuntiare
3300 2104 3355 2148 et
3395 2099 3534 2168 quod
3562 2114 3647 2159 est

2058 2169 2162 2209 non
2191 2172 2330 2224 esse,
2365 2160 2552 2218 falsam
2584 2169 3007 2229 enuntiationem
3044 2183 3343 2249 negationis
3369 2191 3647 2258 ostendit;

2056 2248 2302 2319 quodque
2336 2252 2559 2321 addidit,
2590 2269 2643 2313 et
2666 2263 2810 2329 quod
2837 2280 2943 2320 non
2975 2281 3056 2323 εει
3084 2248 3230 2339 esse,
3267 2274 3455 2334 falsam
3497 2248 3647 2338 afﬁr;

2056 2340 2344 2398 mationcm
2399 2347 2448 2400 in
2487 2353 2857 2412 enuntiatione
2904 2363 3205 2431 proposuit.
3268 2367 3401 2423 Illud
3433 2386 3643 2444 quoque

2053 2433 2193 2501 quod
2225 2434 2384 2507 dixit,
2434 2451 2487 2496 et
2533 2444 2673 2514 quod
2712 2457 2958 2517 estesse,
2987 2456 3412 2517 enuntiationem
3450 2433 3639 2523 'veram

2052 2523 2317 2595 designat,
2343 2532 2465 2601 quia
2493 2533 2541 2587 id
2599 2539 2738 2606 quod
2797 2550 2878 2595 est
2926 2558 3047 2602 esse
3100 2563 3225 2604 vera
3280 2552 3644 2616 affirmatione

2052 2617 2356 2689 profertur;
2397 2627 2630 2696 amplius
2658 2634 2798 2702 quod
2844 2636 2957 2704 ait,
2987 2648 3040 2694 et
3079 2644 3217 2713 quod
3248 2662 3352 2701 non
3405 2660 3487 2707 est
3532 2670 3645 2711 non

2049 2723 2189 2777 esse,
2231 2729 2372 2771 verte
2418 2723 2720 2791 negationis
2772 2729 3008 2796 speciem
3057 2733 3227 2791 dedit.
3271 2741 3448 2808 Quare
3492 2754 3547 2801 et
3591 2748 3642 2803 si

2048 2803 2189 2871 quod
2219 2813 2303 2859 est
2333 2823 2459 2863 vere
2492 2822 2671 2880 potest
2698 2814 2801 2871 dici
2838 2833 2978 2888 esse,
3011 2833 3066 2877 et
3108 2824 3157 2879 id
3208 2803 3350 2897 quod
3391 2843 3474 2889 est
3502 2833 3640 2892 falso

2050 2900 2228 2959 potest
2256 2896 2535 2964 praedicari
2565 2917 2671 2958 non
2698 2919 2842 2972 esse,
2891 2917 2945 2963 et
2990 2909 3045 2966 id
3073 2896 3351 2983 quodnon
3397 2932 3479 2977 est
3510 2939 3639 2981 vere

2047 2992 2223 3050 potest
2241 2988 2508 3043 enuntiari
2540 3008 2646 3047 non
2675 3009 2817 3063 esse,
2851 3007 2906 3052 et
2935 2999 2986 3076 id
3036 3002 3179 3071 quod
3227 3022 3331 3061 non
3376 3020 3458 3066 est
3502 3013 3638 3069 falso

2046 3084 2167 3128 esse
2199 3077 2396 3144 poterit
2426 3080 2709 3150 affirmari,
2735 3088 3076 3147 manifestum
3116 3107 3199 3150 est
3226 3112 3441 3157 omnem
3493 3104 3635 3160 affir-

362 3173 440 3227 lio
467 3175 789 3233 wuutialiva
834 3179 1139 3249 afﬁrmatio,
1170 3184 1366 3241 deinde
1407 3167 1639 3259 negatio;
1672 3193 1779 3250 Sed
1808 3213 1939 3266 quo-
1966 3174 2016 3241 ο
2048 3167 2347 3269 orationem.
2363 3169 2561 3230 habere
2600 3176 2831 3248 aliquam
2886 3187 3365 3248 contradictionem
3397 3200 3634 3269 negatio-

358 3269 500 3323 niam
530 3283 559 3323 a
584 3270 736 3327 nobis
763 3276 1012 3345 superius
1051 3276 1253 3334 dictum
1286 3289 1368 3336 est
1400 3282 1496 3338 bas
1534 3299 1658 3341 eum
1704 3289 1940 3360 quinque

358 3374 444 3416 res
472 3362 701 3419 diffinire
746 3366 907 3435 velle,
955 3370 1082 3439 quid
1129 3374 1199 3426 sit
1222 3371 1406 3442 dictio,
1448 3378 1575 3446 quid
1619 3383 1935 3450 enuntiatio,

357 3452 477 3518 quid
526 3454 820 3513 afﬁrmatio
849 3500 863 3523 ,
917 3458 1044 3529 quid
1097 3465 1336 3534 negatio,
1387 3466 1516 3536 quid
1556 3474 1933 3530 contradictio.

357 3542 648 3603 Dielionem
680 3550 804 3618 quid
838 3551 908 3606 sit
938 3553 1176 3610 ostendit
1202 3571 1297 3626 per
1326 3557 1377 3612 id
1400 3560 1540 3628 quod
1573 3562 1649 3616 ait
1684 3582 1699 3620 :
1728 3564 1935 3625 Nomen

355 3648 481 3707 ergo
493 3640 780 3695 etverbum
806 3640 971 3699 dictio
992 3644 1185 3701 sitsola
1202 3688 1217 3712 ,
1243 3651 1665 3710 enuntiationem
1693 3671 1819 3714 vero
1842 3675 1939 3730 per

356 3730 408 3788 id
434 3736 572 3805 quod
593 3738 669 3792 ait
696 3757 707 3791 :
740 3739 836 3795 Est
864 3751 1041 3798 autem
1071 3745 1299 3817 simplex
1328 3751 1625 3810 enuntiatio
1654 3771 1756 3812 vox
1777 3759 1937 3830 signi-

351 3826 567 3883 ficativa
607 3829 677 3885 de
698 3847 765 3887 eo
791 3834 933 3902 quod
964 3839 1267 3910 estaliquid
1294 3843 1379 3899 vel
1414 3860 1519 3901 non
1543 3857 1646 3915 est,
1677 3826 1933 3921 quemad-

350 3922 572 3977 modum
606 3933 846 3996 tempora
874 3927 1036 3984 divisa
1070 3944 1193 3988 sunt
1218 3976 1231 3999 ,
1254 3936 1664 3998 afﬁrmationem
1690 3961 1816 4001 vero
1841 3964 1936 4018 per

347 4012 405 4066 id
436 4013 577 4083 quod
613 4014 689 4070 ait
722 4034 734 4070 :
769 4016 865 4073 Est
891 4027 1067 4076 autem
1097 4024 1383 4083 afﬁrmatio
1430 4033 1730 4090 enuntiatio
1768 4012 1935 4093 alicu-

349 4106 436 4177 jus
461 4108 530 4166 de
557 4110 770 4181 aliquo;
799 4116 1135 4185 negationem
1163 4138 1376 4194 quoque
1418 4125 1669 4184 difﬁnivit
1708 4130 1891 4187 dicens
1917 4150 1931 4187 :

348 4200 573 4272 Negatio
629 4220 757 4264 vero
804 4209 1027 4282 alicujus
1074 4217 1372 4274 enuntiatio
1396 4221 1464 4276 ab
1515 4222 1716 4295 aliquo.
1752 4226 1934 4283 liestat

347 4308 476 4365 ergo
499 4296 569 4351 de
593 4300 1015 4361 contradictione
1044 4306 1336 4365 disserere.
1368 4311 1507 4380 Quid
1537 4315 1607 4370 sit
1636 4332 1765 4390 ergo
1794 4335 1930 4376 con-

348 4385 594 4442 tradictio
624 4389 743 4458 ipse
770 4396 1112 4466 prosequitur
1134 4400 1360 4458 dicens:
1702 4385 1722 4390 ἡ
1747 4404 1755 4410 ’

420 4478 671 4542 Quoniam
706 4494 876 4539 autent
904 4498 977 4543 est
1015 4494 1279 4547 enuntiare
1315 4505 1361 4549 et
1389 4498 1525 4567 quod
1549 4508 1625 4554 est
1662 4516 1762 4557 non
1802 4520 1908 4558 esse

2046 3256 2130 3312 nis
2160 3260 2483 3331 oppositam,
2508 3275 2561 3321 et
2599 3283 2814 3326 omnem
2862 3289 3048 3332 rursus
3093 3284 3433 3353 negationem
3484 3292 3637 3349 afﬁr-

2044 3348 2293 3404 nationis
2321 3356 2659 3423 oppositione
2683 3360 2863 3419 facere
2887 3348 3394 3435 contradiciionem.
3418 3380 3641 3447 Etenim

2044 3434 2089 3488 si
2111 3451 2272 3494 omne
2297 3445 2440 3510 quod
2491 3448 2607 3513 quis
2643 3448 2877 3506 affirmat
2922 3460 3105 3527 negari
3132 3465 3348 3535 poterit,
3390 3480 3441 3524 ct
3489 3474 3636 3543 quod

2043 3526 2159 3594 quis
2191 3540 2349 3600 negat
2375 3533 2651 3601 afﬁrmari,
2685 3540 2804 3608 quis
2835 3526 3157 3606 dubitaverit
3193 3571 3289 3610 nec
3317 3526 3635 3619 afﬁrmatio-

2044 3632 2165 3673 nem
2212 3635 2370 3691 posse
2418 3628 2672 3683 constitui
2722 3634 2804 3685 cui
2858 3639 3071 3706 negatio
3125 3659 3228 3697 non
3275 3652 3628 3721 contradicat,

2043 3724 2141 3767 nec
2201 3716 2538 3783 negationem
2594 3723 2747 3789 cujus
2796 3728 2939 3781 nulla
2968 3732 3253 3791 affirmatio
3285 3741 3451 3796 taleat
3482 3743 3633 3802 inve-

2044 3807 2165 3862 niri.
2197 3808 2384 3865 Omnis
2407 3813 2568 3885 igitur
2607 3816 2895 3873 affirmatio
2927 3828 3281 3893 negationem,
3317 3845 3368 3887 ct
3414 3838 3631 3907 negatio

2043 3896 2205 3953 habet
2233 3904 2535 3969 oppositam
2579 3907 3010 3975 afﬁrmationan
3066 3925 3147 3969 est
3201 3920 3357 3988 igitur
3410 3926 3632 3982 contra«

2039 3988 2208 4045 dictio
2251 3993 2538 4050 affirmatio
2582 4010 2633 4051 et
2664 4002 2876 4069 negatio
2927 4008 3206 4072 oppositre.
3252 4013 3387 4079 Quid
3443 4030 3631 4078 autem

2038 4079 2107 4133 sit
2135 4083 2399 4151 Oppositio
2454 4088 2718 4153 posterius
2772 4090 3056 4149 dicendum
3089 4107 3204 4161 est,
3253 4112 3343 4155 aut
3391 4106 3515 4173 quid
3554 4112 3626 4163 sit

2037 4175 2389 4231 contradiCtio
2423 4188 2540 4248 post
2596 4181 3004 4254 diligentissima
3051 4192 3255 4249 ratione
3286 4203 3623 4257 monstrabo.
3651 4183 3655 4213 ⁷

2035 4262 2187 4332 Quod
2213 4276 2388 4323 autem
2420 4271 2514 4337 ait,
2547 4282 2601 4329 ct
2633 4275 2772 4331 circa
2807 4294 2867 4333 ea
2891 4297 3011 4348 qum
3048 4296 3170 4340 sunt
3199 4298 3347 4342 extra
3382 4306 3655 4361 prmseus

2039 4369 2298 4431 tempora,
2333 4368 2435 4421 ta'c
2465 4377 2546 4423 cst
2572 4377 2821 4441 twnquam
2851 4375 2895 4429 si
2927 4378 3129 4435 diceret
3160 4400 3169 4432 :
3206 4383 3353 4438 S'cut
3380 4386 3655 4457 affirmas

2036 4452 2110 4506 tio
2136 4464 2188 4508 et
2209 4458 2419 4525 negatio
2451 4459 2500 4512 in
2558 4465 2805 4529 praesenti
2855 4475 3097 4538 tempore
3148 4474 3261 4527 ﬁeri
3308 4488 3502 4546 potest,
3549 4483 3627 4540 ita

1913 4550 2010 4645 in
2035 4550 2194 4603 etiam
2228 4553 2309 4604 vel
2354 4551 2406 4606 in
2436 4557 2705 4622 praeterito
2744 4560 2827 4612 vel
2861 4561 3109 4619 infnturo
3147 4585 3157 4618 :
3197 4584 3318 4623 natn
3356 4574 3495 4628 sient
3528 4593 3627 4645 po-

342 4576 390 4619 et
420 4571 557 4637 quod
586 4587 687 4627 non
716 4584 791 4629 est
816 4593 942 4644 esse,
970 4592 1017 4634 et
1046 4584 1183 4650 quod
1212 4593 1285 4639 est
1324 4603 1453 4655 esse,
1486 4599 1535 4644 et
1562 4593 1698 4660 quod
1729 4611 1827 4648 non
1858 4571 1929 4651 est

342 4672 447 4711 non
492 4675 619 4726 esse,
665 4674 711 4717 et
740 4666 876 4720 circa
904 4682 962 4720 ea
990 4685 1104 4737 qua:
1130 4682 1247 4727 sunt
1273 4681 1417 4730 extra
1448 4695 1676 4746 prwsens'
1698 4692 1929 4754 (corpora

341 4747 575 4804 similiter
648 4770 794 4810 omne
849 4758 1097 4829 contingit
1203 4765 1341 4833 quod
1412 4770 1526 4837 quis
1606 4747 1928 4842 a/j‘irmaiterit

339 4855 549 4914 negare,
576 4856 623 4901 et
645 4848 779 4917 quod
802 4852 1057 4921 negaverit
1108 4854 1398 4924 animare;
1421 4877 1578 4930 quare
1603 4866 1926 4935 manifestum

336 4941 415 4986 at
453 4936 693 5003 quoniam
743 4940 882 4996 omni
928 4941 1258 5013 aﬂirmationi
1305 4954 1504 5023 negatio
1547 4965 1619 5009 est
1663 4961 1921 5029 opposita,

335 5030 388 5076 et
426 5026 565 5080 omni
602 5032 862 5101 negationi
896 5034 1203 5107 afﬁrmatio,
1244 5054 1291 5094 et
1329 5042 1395 5096 sit
1433 5043 1528 5098 hoc
1567 5026 1923 5117 contradictio,

334 5117 607 5190 inﬁrmatio
644 5134 693 5178 et
732 5128 934 5195 negatio
971 5134 1237 5202 oppositae.

429 5212 703 5283 Expeditis
744 5220 996 5278 omnibus
1040 5237 1161 5293 qua:
1205 5238 1327 5283 sese
1373 5227 1759 5298 explicaturum
1803 5248 1927 5291 esse

334 5306 677 5376 promiserat,
712 5326 854 5367 nunc
892 5312 959 5367 ad
1002 5313 1263 5386 reliquam
1306 5317 1514 5375 scilicet
1547 5322 1926 5379 contradictio-

331 5413 458 5455 nem
487 5400 676 5457 ordine
704 5403 873 5468 venit,
915 5420 1144 5475 eamque
1179 5407 1249 5461 ab
1285 5407 1732 5469 alﬁrmationibus
1762 5431 1926 5487 nega-

332 5488 678 5561 tionibusque
707 5492 911 5562 reperit
966 5494 1152 5551 dicens
1191 5498 1439 5556 omnibus
1483 5501 1927 5565 affirmationibus

333 5595 497 5649 posse
527 5582 771 5652 promi-as
800 5586 1110 5656 negationes
1142 5591 1364 5660 opponi,
1396 5602 1451 5647 et
1484 5593 1733 5651 omnibus
1763 5614 1924 5669 nega-

334 5674 569 5730 tionibus
620 5675 865 5745 proprias
915 5692 1128 5748 quoque
1168 5696 1354 5738 rursus
1392 5698 1459 5739 ex
1500 5683 1731 5743 adverso
1775 5689 1922 5745 afﬁr-

330 5767 596 5829 tnationes
637 5780 794 5833 posse
832 5769 1112 5835 constitui;
1156 5772 1261 5852 ltoc
1290 5783 1466 5835 autem
1510 5777 1633 5836 hinc
1670 5780 1919 5840 sumitur.

627 5882 890 5945 I‘trnoc.
944 5885 1156 5951 LXIV.

2044 4649 2146 4695 test
2186 4641 2236 4695 id
2274 4644 2414 4711 quod
2459 4656 2541 4699 est
2580 4662 2701 4702 csse
2743 4652 3027 4717 constitui,
3060 4655 3130 4710 ita
3172 4666 3345 4727 potest
3389 4663 3439 4718 id
3478 4641 3627 4733 quod

2039 4732 2135 4787 fuit
2162 4731 2325 4789 fuisse
2357 4738 2603 4805 preponi,
2636 4747 2691 4794 et
2724 4740 2774 4794 id
2818 4743 2956 4811 quod
3008 4745 3243 4804 futurum
3277 4762 3361 4809 est
3408 4756 3460 4812 in
3491 4731 3625 4829 spei

2036 4825 2169 4879 ciem
2201 4826 2357 4880 futuri
2411 4831 2669 4898 temporis
2693 4831 2972 4900 affirmari,
3003 4845 3059 4892 ut
3109 4855 3228 4896 cum
3258 4843 3485 4903 dicimus
3522 4838 3649 4906 So;

2034 4926 2208 4972 crates
2238 4917 2357 4986 fuit,
2388 4919 2465 4974 sol
2495 4929 2682 4978 testate
2718 4923 2769 4978 in
2797 4923 3006 4983 Cancro
3037 4929 3241 4990 futurus
3271 4946 3371 4993 est.
3412 4938 3622 4998 Eodem

2036 5011 2196 5068 modo
2224 5027 2353 5082 ergo
2380 5023 2433 5069 et
2463 5014 2531 5070 de
2562 5016 2740 5074 futuro
2760 5027 2812 5074 et
2842 5019 2910 5077 de
2941 5026 3213 5092 praeterito
3252 5028 3538 5087 afﬁrmatio
3568 5041 3629 5091 et

2034 5104 2246 5175 negatio
2274 5105 2708 5178 constituuntur,
2738 5113 3187 5182 quemadmodum
3226 5121 3295 5176 de
3334 5125 3631 5191 prmsenti:

2034 5196 2268 5253 futurum
2318 5208 2495 5256 autem
2542 5212 2599 5259 et
2642 5207 2972 5272 praeteritum
3027 5213 3361 5271 extrinsecus
3411 5228 3516 5287 est,
3566 5228 3645 5295 at,

2034 5296 2229 5361 praeter
2256 5307 2499 5362 praesens
2526 5303 2756 5366 tempus.
2793 5296 2926 5355 Illud
2951 5302 3094 5357 enim
3131 5307 3325 5373 veniet,
3356 5308 3484 5366 illud
3533 5325 3641 5383 re-q

2035 5382 2217 5438 cessit.
2260 5382 2426 5441 Recte
2453 5385 2614 5457 igitur
2642 5396 2697 5442 et
2722 5389 2866 5445 circa
2894 5405 2953 5445 ea
2982 5408 3103 5463 qua!
3132 5404 3256 5450 sunt
3282 5406 3431 5455 extra
3472 5415 3636 5472 prim.~
3722 5446 3730 5467 ς,

2034 5490 2160 5533 εεηε
2211 5486 2451 5549 tempora
2498 5480 2802 5551 bujusmodi
2832 5496 2990 5553 posse
3033 5486 3417 5547 at‘ﬁrmationes
3456 5509 3639 5571 nega-p

2031 5578 2309 5651 tionesque
2336 5579 2470 5635 dixit
2510 5582 2762 5646 evenire;
2792 5582 2935 5641 circa
2988 5587 3131 5644 enim
3185 5594 3514 5661 pra-teritum
3561 5604 3624 5660 et

2027 5678 2283 5745 futurum,
2311 5680 2449 5750 quod
2498 5690 2581 5737 est
2623 5682 2966 5745 extrinsecus
2992 5704 3022 5745 a
3066 5697 3317 5760 praesenti
3348 5706 3625 5774 tempore.

2026 5781 2275 5841 similiter
2302 5798 2464 5843 omne
2490 5786 2752 5859 contingit
2781 5790 2855 5863 (ut
2890 5793 3002 5874 ipse
3024 5795 3119 5868 ait)
3147 5798 3306 5882 quod‘
3325 5801 3446 5885 quis
3469 5805 3624 5875 afﬁrj

3177 5912 3251 5974 σε
3548 5917 3642 6005 ,1

3566 320 3676 397 45s

2860 447 2946 488 res
2992 450 3141 501 esse,
3188 440 3320 498 alias
3373 460 3478 502 non
3524 464 3669 521 esse,

2082 518 2132 561 et
2170 512 2422 577 quoniam
2456 530 2553 569 nos
2586 517 2683 585 ipsi
2717 521 2894 578 dicere
2924 530 3189 595 possimus
3220 545 3274 590 ct
3303 542 3506 597 sentire
3536 543 3670 600 alias

2083 614 2167 655 res
2196 616 2338 668 esse,
2372 604 2505 658 alias
2535 622 2637 661 non
2680 626 2818 665 esse.
2870 614 2947 669 Ex
2982 618 3062 674 IIIS
3092 634 3317 692 quatuor
3346 632 3670 689 enuntiatio-

2079 688 2235 745 nibus
2265 691 2395 746 fiunt
2420 699 2648 764 gemina:
2693 688 3141 767 contradictiones
3176 735 3188 768 :
3217 719 3259 772 si
3291 723 3409 791 quis
3437 725 3576 780 enim
3610 730 3665 784 id
3723 766 3735 773 ς

3681 5058 3711 5179 ’ξ

3700 5220 3712 5247 ι
