4270 6266
608 392 717 459 ⁸59

1892 384 1998 459 ΔΝ.
2043 402 2246 458 usus.
2288 402 2441 460 sev.
2482 396 2707 463 eum.

3785 390 3891 466 eo

612 518 838 571 moverit
863 528 1082 583 negare,
1129 524 1185 570 et
1243 513 1392 583 quod,
1434 518 1554 584 quis
1585 512 1860 586 negaverit
1903 516 2200 585 affirmare;
2231 517 2288 580 Α
2311 518 2540 587 negatio,
2575 520 2716 589 quod
2751 520 3028 575 constituit
3055 518 3365 575 afﬁrmatio.
3396 517 3698 575 Afﬂrmatio
3748 522 3889 578 enim

613 608 757 661 unde
780 608 836 659 lit
864 619 917 657 ιιι
940 606 991 659 in
1020 605 1269 659 omnibus
1300 608 1632 675 temporibus
1662 610 1791 663 illud
1822 618 2051 677 cottstet,
2084 625 2201 663 out-

613 701 669 754 ni
699 698 1037 751 affrrmatioui
1072 712 1229 766 posse
1280 699 1477 768 oppoui
1526 701 1891 768 negationem,
1945 702 2199 769 omnique

614 791 881 860 nrgationi
936 792 1235 860 oppositam
1290 791 1699 848 alllrmationeut
1737 809 1895 865 posse
1924 796 2199 850 constitui.

611 881 766 938 Nunc
792 892 969 936 autent
1002 884 1174 950 qualis
1200 883 1395 938 debeat
1446 886 1584 939 sumi
1613 886 1903 954 oppositio,
1949 888 2000 941 in
2055 885 2203 940 aflir—

614 975 929 1036 mationeet
958 975 1242 1044 negatione
1268 975 1301 1029 d
1340 987 1624 1045 monstrat,
1657 978 1758 1033 ltoc
1786 979 1927 1034 enim
1959 989 2041 1034 est
2067 995 2202 1034 con-

615 1067 887 1130 tradictio,
917 1066 1207 1121 afﬁrmatio
1234 1078 1288 1123 et
1317 1073 1529 1138 negatio
1558 1071 1839 1139 ttppOsilm.
1865 1070 2015 1138 Quod
2045 1072 2089 1125 si
2122 1071 2204 1125 lue

615 1159 877 1227 oppositrc
899 1160 1232 1213 constituunt
1281 1158 1789 1227 contradictionem,
1823 1162 1996 1231 qualis
2034 1162 2085 1215 in
2120 1162 2206 1218 his

613 1250 809 1307 debeat
830 1267 947 1307 esse
970 1254 1236 1321 oppositio
1256 1267 1375 1323 quae
1395 1252 1871 1309 contradictionem
1928 1253 2209 1310 constituit

614 1352 761 1398 recte
792 1354 1152 1411 prosequitur.

690 1435 817 1489 Dico
841 1445 1009 1488 autem
1038 1435 1230 1503 opponi
1251 1436 1478 1507 ejusdem
1525 1437 1588 1490 de
1638 1437 1833 1502 eodem,
1891 1454 1991 1491 non
2036 1448 2209 1491 autem

614 1528 898 1595 tequivoce,
929 1537 974 1581 et
995 1544 1310 1598 quacunque
1329 1539 1509 1583 cwtera
1550 1528 1729 1584 talium
1767 1531 2209 1584 determinavt'mus

614 1631 793 1673 contra
822 1622 1125 1691 sapitislicas
1169 1622 1598 1692 importunitates.

686 1709 817 1765 Cum
846 1712 1055 1766 duobus
1089 1712 1333 1767 terminis
1364 1714 1591 1781 simplex
1624 1710 1924 1781 propositio
1972 1717 2203 1779 constet,

615 1813 670 1859 et
699 1819 835 1858 unus
863 1804 1139 1874 subjectus
1162 1808 1250 1867 sit,
1273 1814 1328 1860 et
1358 1805 1495 1859 alius
1522 1806 1840 1874 prtedicetur
1875 1820 1890 1869 ;
1931 1803 2207 1873 subjectus

614 1910 791 1953 autent
826 1903 896 1954 sit
931 1898 1021 1969 qui
1052 1900 1254 1969 primus
1301 1898 1517 1963 dicitur,
1575 1898 1895 1969 prtedicatus
1940 1914 2071 1953 vero
2115 1900 2206 1970 qui
2237 1876 2286 1944 Β

616 1994 916 2063 posterius;
969 1995 1098 2049 dicit
1152 1996 1239 2049 illa
1293 1994 1633 2065 oppositione
1684 1994 2096 2051 aflirruationem
2153 2005 2207 2051 et

613 2083 954 2155 negationem
1004 2087 1268 2158 integrant
1324 2089 1653 2142 constituere
1701 2088 2203 2159 contradictionem,

613 2190 732 2245 qua:
760 2178 901 2234 idem
932 2179 1229 2250 subjectum
1262 2181 1522 2246 habeant,
1558 2181 1698 2237 idem
1727 2181 1888 2236 etiam
1949 2182 2205 2251 praedica-

616 2279 751 2333 tum,
786 2282 843 2326 ut
883 2287 1056 2343 neque
1102 2272 1402 2343 subjectum
1437 2290 1609 2343 neque
1656 2273 2000 2343 prredicatum
2052 2275 2206 2343 plura

614 2362 901 2432 signiticet,
936 2364 1133 2435 alioqui
1180 2382 1283 2420 non
1343 2368 1445 2420 er't
1500 2366 1853 2421 contradictio
1901 2380 2000 2421 nec
2028 2366 2206 2434 aliqua

613 2461 883 2527 oppositio
910 2478 924 2490 ο
955 2469 1011 2514 ιιι
1034 2477 1153 2514 cum
1184 2462 1325 2527 dico,
1356 2462 1606 2517 Socrates
1628 2461 1779 2517 albus
1825 2471 1908 2517 est
1929 2501 1945 2526 ,
1987 2469 2042 2516 et
2070 2461 2207 2514 altus

613 2547 765 2611 dicit,
807 2549 1056 2618 JEthiops
1084 2552 1236 2605 albus
1266 2568 1372 2605 non
1405 2562 1509 2617 est,
1560 2554 1676 2608 haec
1706 2552 1999 2607 afﬁrmatio
2050 2563 2208 2621 atque

615 2640 830 2710 negatio
906 2660 1010 2696 non
1086 2654 1211 2698 sunt
1282 2647 1571 2715 oppositas,
1656 2648 1861 2702 idcirco
1926 2647 2050 2716 quia
2125 2655 2209 2701 est

612 2732 755 2785 aliud
787 2735 1079 2802 subjectum
1103 2734 1319 2792 etidem
1351 2738 1724 2808 praedicatum.
1752 2740 1811 2794 ltt
1839 2739 2208 2793 affirmatione

611 2827 753 2880 enim
784 2828 1036 2883 Socrates
1067 2828 1343 2900 subjectus
1373 2830 1486 2897 fuit,
1539 2832 1591 2885 in
1620 2832 1902 2901 negatione
1931 2829 2205 2899 Ᾱίιιιῑορε.

612 2914 816 2973 Rursus
845 2935 964 2974 cum
991 2920 1134 2983 dico,
1168 2921 1422 2979 Socrates
1462 2923 1615 2978 albus
1660 2934 1763 2989 est,
1793 2933 1849 2978 et
1872 2923 2011 2977 alius
2054 2922 2206 2988 dicit,

612 3008 865 3065 Socrates
892 3011 1247 3080 pliiloSOpltus
1291 3030 1396 3068 non
1424 3022 1530 3079 est,
1564 3029 1661 3068 nec
1690 3013 1806 3067 hzec
1834 3026 2018 3066 rursus
2051 3027 2209 3080 nega-

611 3103 686 3156 tio
715 3114 901 3158 contra
934 3104 1352 3161 aflirmationem
1385 3108 1581 3162 retinet
1631 3107 2052 3176 Oppositiouem.
2078 3105 2205 3160 ideo

611 3197 735 3266 quia
779 3197 923 3251 aliud
971 3200 1316 3268 praedicatum
1371 3200 1426 3255 in
1478 3198 1717 3269 utrisque
1761 3199 2095 3270 proponitur,
2152 3198 2209 3252 in
2249 3256 2261 3270 λ

612 3287 970 3345 amrtnatone
1011 3290 1151 3345 enim
1202 3291 1389 3346 album
1442 3293 1763 3363 prmdicatur
1807 3292 1871 3343 ad
1903 3291 2203 3357 Socratem,

609 3380 665 3440 In
697 3385 981 3454 negatione
1013 3384 1385 3454 philosophus.
1424 3385 1577 3454 Quod
1618 3387 1662 3439 si
1701 3394 1928 3454 utraque
1971 3392 2097 3438 sunt
2125 3382 2208 3437 di-

610 3488 790 3538 versa,
825 3475 993 3527 multo
1019 3476 1188 3547 magis
1213 3476 1357 3530 nulla
1391 3479 1449 3530 ﬁt
1496 3478 1786 3545 oppositio,
1832 3486 1891 3531 ut
1917 3474 2208 3530 cum'dico

609 3566 864 3627 Socrates
896 3568 1244 3637 ιιὶιίιοεομιιιιε
1273 3580 1377 3635 εει,
1402 3570 1448 3625 si
1477 3570 1805 3639 respondeat
1843 3570 2004 3634 alius,
2054 3568 2209 3623 Plato

610 3648 888 3721 Romanus
920 3678 1023 3717 non
1077 3672 1180 3728 est,
1210 3662 1301 3718 hic
1344 3680 1516 3732 neque
1563 3665 1702 3718 idem
1755 3664 2053 3733 subjectum
2100 3670 2206 3729 est,

610 3772 785 3828 neque
806 3757 944 3810 idem
973 3756 1339 3826 praedicatum,
1370 3764 1424 3811 et
1447 3757 1562 3825 plus
1586 3757 1703 3811 ista:
1723 3756 1950 3811 diversae
1981 3763 2123 3817 sunt,
2153 3761 2213 3810 et

611 3848 759 3929 nulla
791 3860 975 3904 eontra
1021 3866 1079 3903 se
1104 3850 1441 3919 oppositione
1495 3849 1827 3920 compositae,
1871 3856 2030 3917 atque
2086 3847 2213 3902 ideo

610 3950 838 4012 possunt
892 3950 1132 4011 utra-que
1178 3942 1337 3996 simul
1369 3957 1489 3997 esse
1540 3958 1704 4007 verte,
1746 3940 1849 3995 ειεί
1894 3942 1963 3994 ita
1995 3937 2210 3995 contine

610 4034 687 4111 git
711 4046 950 4106 utraeque
977 4036 1137 4092 simul
1171 4051 1292 4091 es~e
1343 4036 1513 4100 falsm,
1566 4051 1665 4091 nec
1717 4050 1819 4090 nou
1876 4032 2037 4089 etiam
2101 4045 2209 4086 una

610 4138 759 4191 Vera,
787 4128 951 4183 altera
977 4128 1128 4183 falsa.
1155 4129 1284 4194 Quae
1312 4130 1453 4181 enim
1486 4144 1545 4181 se
1576 4144 1679 4182 non
1735 4127 2040 4196 perimunt,
2074 4124 2210 4179 nihil

612 4234 705 4275 eas
733 4219 954 4288 impedit
983 4228 1075 4272 aut.
1103 4229 1361 4285 utraSque
1390 4218 1571 4280 falsas,
1597 4229 1687 4270 aut
1718 4228 1973 4286 utrasque
2021 4231 2205 4280 veras,
2244 4267 2250 4273 ,

612 4298 704 4366 aut
729 4325 886 4363 unam
912 4323 1115 4371 veram,
1152 4309 1335 4361 fals:.m
1356 4309 1578 4362 alteram
1600 4309 1824 4375 reperiri
1850 4326 1862 4362 :
1892 4323 2061 4375 quare
2083 4321 2214 4374 quo-

612 4415 731 4457 rum
760 4400 841 4454 vel
874 4399 1019 4454 aliud
1051 4400 1347 4466 subjeCtum
1395 4409 1499 4463 εει,
1532 4400 1615 4452 vel
1645 4398 1786 4450 aliud
1836 4399 2207 4466 praedicatum,

612 4475 704 4548 illa
735 4491 984 4561 opposita
1025 4506 1145 4547 esse
1174 4506 1276 4545 non
1309 4490 1576 4555 dicimus;
1612 4489 1752 4544 unde
1783 4490 1840 4542 fit
1883 4498 1941 4542 ut
1994 4504 2090 4542 nec
2116 4488 2208 4541 illa

613 4601 827 4658 quoque
850 4602 969 4657 quae
1000 4588 1150 4655 plura
1177 4584 1505 4654 significant,
1551 4584 1594 4639 si
1654 4582 1896 4651 subjecta
1949 4590 2041 4635 aut
2073 4596 2212 4648 pro:-

614 4680 791 4737 dicata
823 4680 949 4743 sint,
981 4679 1451 4735 coiitradictoriam
1502 4678 1845 4748 negationem
1874 4676 2089 4731 valeant
2112 4690 2212 4730 cu-

615 4770 839 4827 Strrrlire.
866 4772 919 4826 Si
954 4774 1073 4841 quis
1100 4770 1243 4825 enim
1295 4784 1489 4824 nomen
1540 4768 1874 4839 oiquivocum
1924 4766 2209 4835 subjiciat,

616 4873 669 4917 et
700 4863 840 4916 aliuzl
870 4863 1143 4931 prrcdicet,
1189 4870 1246 4915 ttt
1273 4863 1315 4915 si
1360 4861 1475 4930 quis
1502 4869 1686 4914 contra
1719 4858 2023 4928 hujusmodi
2065 4858 2213 4911 aflir-

616 4956 907 5010 motionem
936 4956 1223 5008 constituat
1258 4955 1620 5021 negationem,
1670 4969 1775 5005 nou
1835 4950 1996 5004 faciet
2045 4964 2209 5017 Oppo-

617 5036 867 5105 sitittnem
901 5055 1143 5100 :utcuru
1187 5044 1328 5109 dico,
1361 5044 1496 5098 Ca:o
1542 5058 1601 5096 se
1644 5042 1811 5097 Utica:
1858 5040 2088 5103 occidit,
2120 5054 2215 5092 no-

621 5158 745 5202 men
774 5144 879 5197 boc
900 5140 1039 5211 quod
1064 5138 1260 5194 dicitur
1302 5138 1434 5193 Cato
1489 5137 1824 5205 mquivocum
1872 5143 1973 5190 est.
2023 5135 2211 5190 Potest

618 5239 765 5297 enim
794 5247 848 5293 et
876 5235 1069 5291 Orator
1097 5232 1344 5303 intelligi,
1378 5240 1428 5286 et
1457 5232 1544 5286 hic
1575 5232 1662 5301 qui
1710 5229 2009 5285 exercitum
2055 5227 2210 5284 duxit

620 5331 678 5388 in
709 5331 963 5385 Africam.
993 5329 1046 5383 Si
1077 5327 1199 5399 quis
1228 5326 1386 5396 igitur
1416 5324 1582 5391 dicat,
1613 5323 1745 5377 Cato
1777 5338 1835 5377 se
1860 5320 2026 5376 Utica:
2067 5324 2214 5377 occi-

616 5426 717 5495 dit,
747 5433 922 5494 potest
962 5422 1187 5477 fortasse
1236 5420 1457 5489 intelligi
1502 5418 1569 5474 de
1614 5417 1817 5472 Catone
1871 5416 2100 5472 Marciae.
2152 5415 2211 5472 Si

616 5520 738 5595 quis
766 5516 1107 5584 reSpoudeat,
1132 5513 1263 5569 Cato
1281 5528 1340 5568 se
1366 5511 1532 5567 Uticze
1562 5498 1664 5564 non
1689 5507 1908 5573 occidit,
1937 5516 2113 5575 potest
2138 5507 2208 5562 de

618 5610 824 5663 Catone
853 5606 1111 5661 Ceuswrio
1133 5605 1474 5659 constituisse
1512 5603 1871 5673 negationem.
1914 5598 2017 5656 Sed
2076 5614 2208 5669 quo-

619 5701 764 5754 niam
794 5696 1039 5751 tliversus
1068 5706 1151 5751 est
1178 5695 1309 5750 Cato
1332 5694 1620 5749 Censorius
1648 5708 1675 5744 a
1718 5693 1921 5745 Catone
1973 5688 2206 5754 Marciae,

617 5794 678 5851 bl
708 5806 901 5847 nomen
925 5793 1096 5858 ipsum
1138 5786 1358 5853 Catonis
1405 5785 1616 5839 diversa
1646 5784 1942 5853 signiﬁcat,
1975 5781 2206 5836 diversae

620 5884 653 5943 ἰ
681 5900 739 5943 se
768 5878 1055 5938 afﬁrmatio
1078 5885 1130 5933 et
1153 5876 1381 5943 negtio.
1420 5875 1483 5927 Et
1511 5874 1563 5929 id
1591 5887 1701 5928 non
1730 5873 1951 5929 omnino
1993 5871 2210 5943 perimit

1028 5980 1049 6007 δ
1272 5974 1291 5983 -

2305 611 2579 667 constituit
2606 612 2812 669 Marcia:
2843 616 3101 670 Catonem
3130 628 3194 671 se
3225 612 3393 670 Uticae
3446 612 3760 684 peremisse.
3791 615 3894 671 Ne-

2305 705 2446 774 gatio
2477 721 2606 761 vero
2631 707 2760 762 dicit
2787 708 3069 775 Catonem,
3110 707 3156 763 si
3186 708 3257 763 ita
3302 707 3585 777 contingit,
3614 707 3893 764 Oratorem

2307 809 2413 849 non
2439 809 2499 850 se
2530 795 2694 852 Utica:
2725 800 3035 867 peremisse.
3058 800 3237 867 Quare
3274 812 3380 852 nou
3426 797 3760 853 constituunt
3792 812 3884 853 ve-

2311 901 2426 941 rum
2454 887 2591 943 inter
2620 902 2678 944 se
2703 889 3025 961 falsumque,
3078 890 3279 946 idcirco
3308 890 3448 959 quod
3478 904 3509 943 a
3559 904 3621 946 se
3669 890 3897 947 diversre

2307 987 2451 1034 sunt.
2484 978 2613 1033 Nam
2644 990 2931 1052 utrumque
2978 994 3164 1038 verum
3220 990 3324 1046 est,
3353 989 3409 1035 et
3462 980 3604 1051 quod
3638 996 3723 1037 ‘se
3766 980 3899 1035 Cato

2308 1071 2475 1128 Uticae
2496 1073 2715 1138 occidit,
2740 1071 2945 1128 scilicet
2978 1070 3209 1136 Mart-ias,
3244 1080 3300 1126 et
3319 1070 3461 1141 quod
3488 1085 3548 1125 se
3572 1070 3709 1126 Cato
3733 1070 3901 1127 Utica

2309 1177 2417 1217 nou
2462 1164 2676 1227 occidit,
2722 1164 2930 1218 scilicet
2982 1163 3195 1228 Orator,
3224 1170 3388 1232 atque
3436 1163 3525 1217 hic
3564 1165 3901 1230 :equivoeum

2307 1256 2606 1326 subjectum
2637 1257 2781 1322 fecit,
2815 1265 2875 1309 ut
2902 1255 3014 1309 haec
3042 1254 3334 1309 affirmatio
3386 1260 3444 1309 et
3487 1253 3699 1323 negatio
3726 1268 3901 1321 oppo-

2309 1346 2563 1401 sitionem
2594 1347 2742 1400 nullo
2766 1345 2926 1399 modo
2954 1348 3364 1400 constituerent.
3420 1344 3571 1410 Quod
3614 1344 3660 1398 si
3701 1342 3885 1413 praedi.

2310 1448 2487 1492 catum
2517 1435 2678 1491 fuerit
2701 1437 3062 1505 tequivocum,
3095 1435 3283 1489 codem
3329 1434 3499 1487 modo
3545 1433 3903 1488 contradictio

2311 1545 2419 1583 non
2453 1530 2532 1584 fit.
2559 1528 2709 1583 Dicat
2730 1528 2874 1583 enim
2903 1530 3206 1598 quisquam,
3258 1527 3390 1581 Cato
3420 1526 3574 1581 fortis
3599 1535 3705 1591 est,
3757 1535 3809 1581 et
3834 1526 3902 1583 ds

2309 1618 2515 1673 Catone
2545 1618 2795 1687 praedicet
2817 1616 3185 1671 fortitudinem
3232 1616 3463 1682 mentis,
3515 1613 3755 1685 aliusque
3786 1626 3903 1670 res.

2312 1712 2565 1780 pondeat,
2598 1712 2732 1765 (Lato
2762 1710 2915 1765 furtis
2942 1724 3049 1763 non
3080 1715 3183 1774 est,
3214 1711 3280 1762 ad
3328 1706 3755 1763 imbecillitatem
3786 1723 3903 1763 cor-

2311 1806 2460 1874 poris
2512 1812 2787 1873 spectans,
2836 1804 2907 1858 ita
2962 1802 3125 1871 igitur
3172 1801 3537 1871 aquivocatio
3574 1801 3905 1856 fortitudinis

2312 1896 2714 1966 ambiguitatem
2748 1895 2897 1961 fecit,
2945 1907 3064 1963 quas
3092 1894 3488 1963 oppositionem
3517 1892 3659 1947 nulla
3691 1896 3903 1949 ratione

2311 1995 2700 2055 componeret:
2746 1993 2802 2039 et
2850 1988 2897 2039 sl
2948 1992 3173 2052 uterque
3214 1982 3476 2037 terminus
3523 1984 3793 2049 subjectus
3849 1990 3904 2040 et

2312 2078 2638 2149 praedicatus
2660 2076 2924 2146 mquiwoci
2956 2074 3172 2143 fuerint,
3196 2074 3364 2129 multo
3403 2075 3575 2143 magis
3600 2074 3829 2129 diversa:
3875 2084 3905 2129 a‘
3964 2116 3967 2117 γ

2312 2188 2373 2230 se
2402 2182 2562 2230 erunt
2584 2171 2984 2242 propositiones
3013 2178 3065 2225 et
3093 2178 3199 2223 non
3224 2169 3489 2237 opposita:
3514 2209 3530 2234 ,
3560 2182 3659 2222 nec
3686 2166 3829 2223 inter
3847 2172 3907 2223 se

2312 2282 2500 2323 verum
2555 2266 2855 2335 falsumque
2910 2262 3221 2319 dividentes
3246 2303 3263 2328 ,
3289 2262 3385 2317 sed
3435 2266 3689 2333 utrasque
3726 2269 3905 2327 veras,

2315 2358 2585 2413 interdum
2661 2366 2913 2425 utrasque
2976 2354 3141 2408 falsas
3197 2366 3319 2408 esse
3383 2352 3670 2422 contingit.
3730 2352 3907 2419 Quare

2315 2464 2478 2505 unum
2503 2458 2717 2517 oportet
2742 2458 2863 2502 esse
2883 2444 3208 2515 subjectum,
3234 2452 3508 2512 unumque
3532 2442 3905 2511 pra-dicatum,

2317 2552 2374 2597 ut
2404 2543 2455 2596 id
2488 2542 2631 2612 quod
2658 2541 2953 2596 afﬁrmatio
2976 2539 3284 2609 praedicavit
3310 2546 3364 2593 et
3389 2539 3593 2608 junxit,
3625 2538 3767 2591 idem
3815 2552 3907 2593 nec

2314 2633 2461 2702 gatio
2488 2631 2689 2686 dividat
2712 2641 2767 2685 ot
2794 2630 3071 2702 abjungat,
3101 2640 3155 2684 et
3184 2629 3237 2683 id
3264 2630 3406 2700 quod
3454 2630 3522 2685 de
3550 2628 3799 2700 subjecto
3834 2628 3905 2682 afs

2318 2723 2553 2779 llrmatio
2602 2722 2912 2793 praedicavit
2963 2723 3031 2776 de
3066 2721 3257 2778 eodem
3296 2722 3511 2792 negatio
3565 2731 3743 2791 neget.
3775 2720 3904 2779 Nam

2316 2817 2360 2870 si
2392 2817 2460 2870 sit
2488 2826 2713 2885 uterque
2741 2815 3051 2884 aquivocus
3079 2813 3344 2869 terminus
3372 2821 3467 2867 aut
3487 2813 3716 2884 quilibet
3766 2826 3904 2869 unus

2317 2923 2527 2971 eorum.
2561 2910 2675 2963 fieri
2706 2917 2881 2977 potest
2909 2917 2966 2961 ut
3011 2906 3155 2962 aliud
3188 2906 3340 2960 tollat
3368 2906 3587 2977 negatio
3625 2920 3786 2976 quam
3831 2905 3904 2960 af-

2317 3001 2551 3054 ﬁrmatio
2581 3000 2780 3069 posuit.
2809 2999 2994 3069 Itaque
3021 2999 3169 3053 nulla
3194 3000 3251 3051 ιιι
3280 2998 3569 3067 oppositio.
3600 2997 3780 3065 Quare
3803 3011 3904 3055 non

2319 3092 2390 3147 ita
2415 3091 2723 3147 faciendum
2753 3101 2865 3158 est,
2895 3092 2991 3146 sed
3025 3093 3166 3147 idem
3194 3091 3493 3160 subiectura
3547 3100 3601 3147 et
3645 3092 3907 3162 praedica-

2317 3193 2431 3238 tum
2464 3200 2514 3237 tu
2544 3183 2902 3238 afﬁrmatione
2929 3197 3054 3239 esse
3083 3182 3264 3248 debet,
3297 3182 3438 3237 idem
3490 3183 3545 3236 in
3571 3176 3898 3253 negatione;

2320 3285 2481 3347 atque
2512 3276 2612 3330 hoc
2637 3285 2721 3331 est
2761 3276 2905 3346 quod
2929 3276 3005 3329 ait
3030 3293 3042 3327 :
3077 3275 3209 3330 Dico
3235 3284 3416 3330 autem
3446 3276 3646 3344 opponi
3668 3275 3905 3345 ejusdem

2316 3370 2385 3424 de
2405 3367 2617 3431 eodem,
2644 3383 2751 3422 non
2775 3379 2969 3421 autem
2987 3367 3283 3435 aequivoce.
3306 3366 3459 3434 Quod
3483 3364 3627 3421 enim
3669 3365 3742 3420 ait
3766 3366 3907 3434 ejus.

2315 3461 2465 3523 dem,
2496 3460 2563 3514 ad
2596 3460 2943 3529 prmdicatum
2971 3461 3179 3525 retulit,
3204 3460 3347 3529 quod
3370 3459 3436 3514 de
3463 3459 3653 3514 eodem
3682 3458 3749 3513 ad
3779 3450 3907 3514 sub-

2312 3554 2539 3626 jectum,
2564 3562 2618 3608 et
2646 3553 3081 3609 subaudiendum
3108 3561 3211 3621 est,
3240 3554 3361 3608 dico
3391 3562 3569 3608 autem
3596 3552 3795 3623 opponi
3823 3567 3909 3608 ne-

2317 3647 2590 3717 gationem
2619 3642 2864 3715 ejusdem
2893 3644 3169 3715 pradicati
3192 3645 3261 3699 de
3284 3646 3478 3700 eodem
3521 3644 3790 3714 subjecto,
3815 3642 3906 3700 sed
4006 3646 4011 3651 ’

2318 3752 2427 3792 nou
2456 3738 2565 3792 sint
2585 3740 2884 3803 mnivoca,
2909 3752 3086 3808 neque
3131 3737 3457 3806 subjectum,
3506 3752 3685 3808 neque
3716 3735 3907 3805 pradio

2318 3841 2520 3895 catum,
2547 3841 2602 3886 et
2631 3833 2800 3887 multo
2847 3834 3019 3898 magis
3058 3839 3304 3900 utraque,
3358 3832 3453 3885 sed
3501 3846 3665 3886 unum
3709 3830 3907 3899 aliquid

2318 3925 2647 3996 significent.
2676 3925 2828 3991 Quod
2859 3940 2955 3994 per
2985 3924 3085 3979 hoc
3111 3925 3246 3979 dixit
3295 3924 3441 3994 quod
3469 3926 3562 3991 ait,
3595 3939 3702 3979 nou
3732 3933 3904 3979 autem

2317 4020 2612 4091 tequivoce,
2637 4035 2738 4075 nec
2766 4021 2879 4075 sola
2904 4020 3077 4074 sinon
3110 4018 3181 4073 sit
3207 4021 3584 4092 acquivocatio,
3607 4025 3746 4077 ratio
3763 4022 3909 4076 firma

2330 4119 2417 4167 est
2462 4110 2530 4166 ad
2580 4110 3010 4165 constituendam
3071 4112 3488 4179 oppositionem.
3557 4111 3718 4167 Multa
3766 4112 3912 4167 enim

2259 4208 2266 4216 '
2318 4213 2445 4259 sunt
2501 4219 2621 4274 qua:
2664 4205 2716 4258 in
2751 4202 3064 4273 suphisticis
3082 4202 3327 4258 elenchis
3352 4213 3539 4258 contra
3562 4216 3656 4258 eos
3685 4203 3774 4272 qui
3821 4218 3913 4258 ar-

2321 4297 2595 4366 gumentis
2646 4296 2924 4352 fallacibus
2991 4312 3133 4353 verae
3182 4296 3405 4352 rationis
3452 4297 3591 4351 viam
3646 4305 3943 4367 conantur,

2320 4395 2572 4442 evertere
2629 4387 3044 4455 determinavit,
3112 4387 3561 4458 quemadmodum
3648 4387 3911 4444 faciendas

2319 4475 2501 4535 essent
2531 4482 2967 4552 propositiones,
3009 4493 3065 4540 ct
3090 4482 3543 4555 quemadmodum
3584 4482 3909 4540 invenienda

2319 4583 2468 4629 esset
2494 4585 2932 4645 argumentorum
2963 4575 3196 4644 fallacia,
3226 4576 3367 4642 quod
3400 4577 3484 4631 hic
3509 4577 3586 4630 ait
3613 4576 3721 4631 :Et
3765 4592 3912 4647 qua--

2321 4680 2534 4734 cunque
2557 4674 2755 4721 caetera
2818 4666 3004 4723 talium
3050 4668 3119 4723 de
3142 4669 3471 4724 ermiuarnus
3515 4680 3703 4725 contra
3730 4669 3912 4740 sopiti.

2321 4757 2485 4812 sticas
2513 4758 2959 4828 intportuuitates,
2985 4769 3238 4829 tanquam
3260 4760 3304 4816 si
3329 4761 3573 4818 diceret:
3611 4762 3741 4817 Dico
3789 4763 3909 4831 qui-

2322 4846 2447 4902 dem
2478 4849 2674 4918 opponi
2702 4848 3114 4906 afﬁrruationem
3147 4854 3415 4924 ncgationi
3445 4852 3689 4923 ejusdem
3716 4853 3911 4923 praedis

2322 4943 2427 4996 cati
2477 4942 2546 4996 de
2597 4944 2787 4998 eodem
2839 4944 3085 5010 subjecto
3113 4987 3128 5011 ,
3183 4947 3285 5001 hoc
3330 4956 3387 5003 et
3432 4956 3765 5017 quaecunque
3804 4947 3909 5004 alii

2324 5042 2468 5099 sunt,
2502 5048 2624 5101 qua:
2647 5034 2699 5087 in
2745 5035 3052 5105 s0phisticls
3090 5036 3330 5093 eleuehis
3380 5037 3732 5093 determinata
3787 5042 3913 5095 sum

2319 5130 2508 5176 contra
2534 5134 2972 5192 argumenton
2996 5126 3447 5197 itnportuttilates.
3478 5130 3545 5183 Et
3574 5129 3662 5184 hic
3690 5128 3912 5199 quidem

2320 5214 2573 5282 quoniam
2604 5215 2749 5271 aliud
2802 5220 3071 5290 negotium
3100 5232 3237 5287 erae,
3291 5221 3733 5278 cummodissime
3788 5224 3912 5280 ιιτει

2319 5307 2565 5375 viterquo
2596 5310 2928 5378 perstrinxit.
2957 5313 3066 5369 Nos
3094 5323 3275 5371 autem
3324 5316 3450 5387 quid
3502 5316 3557 5371 in
3595 5315 3915 5387 sophisticis

2318 5400 2563 5458 elencbis
2587 5402 3030 5461 determinaverit
3048 5406 3115 5462 ad
3145 5402 3582 5464 constituendam
3613 5410 3912 5481 oppositi!!-
3958 5390 3967 5405 ί

2323 5498 2413 5555 nis
2435 5500 2936 5567 contradictionem,
2967 5512 3227 5573 quantum
3276 5504 3517 5562 brevitas
3550 5506 3770 5576 patitur,
3800 5514 3909 5559 non

2320 5606 2611 5663 gravantur
2636 5606 2931 5664 apponere.
2964 5595 3079 5652 Non
3109 5598 3253 5653 enint
3284 5597 3461 5654 solum
3483 5598 3527 5654 si
3558 5594 3911 5668 acquirendo

2319 5688 2377 5742 in
2410 5688 2865 5759 propositionibus
2885 5690 3184 5747 collocetur
3224 5692 3370 5747 nulla
3416 5691 3477 5746 fit
3504 5688 3905 5757 'cont‘radictio,

2318 5795 2507 5837 verum
2557 5783 2720 5838 etiam
2765 5782 2809 5839 si
2867 5784 3173 5840 ttnivocatio
3233 5786 3288 5841 in
3339 5785 3621 5856 negatione
3672 5782 3908 5855 ponitur,

2320 5872 2413 5927 illa
2465 5875 2736 5941 oppositio
2764 5876 3245 5932 contradictionem
3276 5879 3493 5947 penitus
3513 5892 3619 5934 non
3649 5873 3865 5934 habebit
3889 5890 3903 5903 ’

2552 6026 2593 6036 ..κ
2604 6011 2763 6033 ’.αμα
