4270 6266
387 366 491 431 ΛΜ

1118 372 1181 426 fN
1223 368 1476 426 LIBRUM
1518 367 1604 421 ne
1647 342 2297 421 INTERPRETATIONE
2339 358 2565 415 EDITIO
2604 350 2935 419 secunba.

3549 362 3654 423 862

382 498 464 544 est
494 484 640 541 enim
684 486 955 557 oppositio
997 487 1199 542 habens
1228 483 1731 548 contradictionem,
1762 482 1817 534 in
1863 493 1965 548 qua
1997 478 2051 538 Α
2074 474 2209 529 nihil
2232 474 2429 544 poterit
2452 476 2700 540 inveniri,
2727 477 3015 531 affirmatio
3057 486 3233 533 autem
3268 479 3415 549 ponit
3454 479 3651 552 aliquid

382 581 676 639 affirmatio
700 581 744 636 si
777 595 903 636 vera
933 588 1036 649 est,
1081 582 1291 651 negatio
1346 580 1477 635 falsa
1523 579 1615 641 sit,
1668 577 1712 629 si
1759 576 1970 645 negatio

383 688 514 730 vera
545 683 651 742 est,
677 674 833 730 fallax
880 672 1166 729 afﬁrmatio
1192 673 1453 727 videatur.
1500 669 1698 725 Positis
1731 683 1858 737 ergo
1885 681 1971 721 se-

385 768 625 824 cundum
661 766 1084 822 onivocationem
1109 765 1347 821 terminis
1369 804 1386 831 ,
1417 774 1672 833 utrasque
1724 757 1886 813 simul
1918 766 1971 813 et

387 859 799 921 afﬁrmationem
828 868 881 915 et
908 859 1245 929 negationem
1275 873 1432 913 veras
1452 871 1575 913 esse
1596 852 1882 922 contingit,
1910 860 1971 906 nt

384 953 431 1008 si
459 953 580 1024 quis
598 952 741 1007 dicat
774 968 789 1005 :
844 950 1017 1005 ilomo
1054 950 1315 1017 ambulat,
1359 949 1523 1004 homo
1551 964 1658 1002 non
1697 944 1966 1012 ambulat,

383 1045 667 1101 afﬁrmatio
697 1043 767 1100 de
806 1043 1036 1112 quodam
1068 1043 1285 1100 homine
1329 1056 1457 1098 vera
1508 1050 1609 1103 est,
1642 1040 1857 1109 negatio
1904 1037 1970 1091 de

382 1137 601 1209 speciali
626 1151 752 1193 vera
777 1148 880 1202 est,
911 1137 1006 1191 sed
1037 1136 1290 1207 specialis
1333 1135 1494 1189 homo
1525 1144 1580 1189 et
1630 1130 1971 1201 particularis

381 1230 607 1284 univoca
637 1238 785 1286 sunt.
808 1228 1070 1295 Quocirca
1092 1228 1321 1297 sumptis
1348 1226 1591 1282 univocis
1613 1222 1970 1280 eotttradictio

383 1334 490 1374 non
530 1319 592 1374 ﬁt
626 1336 642 1374 :
672 1329 727 1373 at
758 1334 889 1375 vero
919 1333 1018 1375 nec
1039 1318 1084 1373 si
1111 1319 1178 1373 ad
1204 1319 1361 1371 aliam
1389 1326 1443 1371 et
1472 1317 1631 1371 aliain
1649 1327 1852 1385 partem
1896 1312 1974 1367 af—

385 1411 620 1467 ﬁrmatio
664 1412 991 1480 negatioque
1033 1421 1283 1481 ponatur,
1339 1409 1398 1462 fit
1427 1408 1479 1461 in
1532 1406 1662 1476 ipsis
1716 1406 1818 1460 ulla
1865 1403 1976 1458 veri

388 1502 615 1573 falsique
669 1502 885 1566 divisio,
916 1503 1009 1557 sed
1041 1514 1297 1569 ntraSque
1338 1506 1496 1555 veras
1523 1514 1644 1554 esse
1696 1497 1973 1566 contingit,

389 1605 446 1650 nt
483 1610 603 1649 cum
637 1595 762 1648 dico
790 1594 980 1650 oculus
1003 1595 1154 1647 albus
1180 1603 1281 1649 est.
1311 1594 1498 1646 oculus
1546 1592 1700 1644 albus
1734 1606 1839 1642 non
1871 1598 1978 1644 est.

390 1685 444 1737 ιε.
480 1691 525 1720 ιιι
552 1704 575 1720 σι
613 1688 752 1729 συξη.
788 1698 933 1730 πιαινσι»
977 1688 1119 1726 "im;
1156 1698 1225 1725 (ιε’
1282 1688 1328 1727 in
1356 1686 1452 1718 ειν-ι
1510 1685 1657 1723 -ιῚι-κ
1708 1701 1736 1725 σι
1768 1702 1806 1717 ν’·
1850 1693 1923 1715 ίνθ
1960 1700 1972 1711 ⁹

374 1766 547 1857 atque
568 1786 637 1841 ita
669 1795 721 1841 et
752 1786 966 1853 negatio
990 1800 1113 1840 vera
1145 1795 1249 1849 est,
1277 1790 1331 1839 et
1362 1782 1667 1844 affirmatio,
1704 1796 1802 1834 nec
1838 1779 1881 1834 si
1910 1777 1976 1832 ad

2075 582 2217 632 esse,
2243 567 2493 637 idemque
2514 566 2690 622 aufert
2721 569 2952 637 negatio,
2981 579 3034 624 et
3055 583 3137 626 ρει
3174 571 3528 627 contradictio
3573 568 3654 635 at"-

2074 660 2307 717 ﬁrmatio
2329 673 2381 717 et
2401 662 2613 729 negatio
2630 664 2912 733 oppositae,
2940 665 3058 718 ta‘is
3085 666 3356 736 oppositio
3394 670 3654 737 integram

2075 752 2203 809 facit
2230 755 2730 823 contradictionem,
2765 755 2817 810 in
2866 772 2968 825 qua
3024 757 3311 813 afﬁrmatio
3338 768 3393 813 et
3445 762 3660 828 negatio

2073 858 2319 918 utrmque
2361 864 2501 905 verte
2551 848 2711 903 simul
2736 854 2859 904 esse
2885 865 2990 904 non
3027 858 3272 919 possunt.
3332 851 3659 907 Affirmatio-

2074 941 2160 995 nis
2183 949 2361 994 autem
2390 941 2795 1011 negationisqne
2821 951 3012 995 natura
3031 942 3097 995 ad
3123 944 3433 1012 qualitatem
3466 960 3658 1013 quam-
3735 975 3738 979 ~

2075 1032 2197 1088 dam
2228 1032 2479 1088 ref-nor.
2513 1035 2753 1101 Qualitas
2782 1033 2925 1091 enim
2968 1035 3213 1106 quaedam
3266 1045 3350 1091 est
3374 1038 3660 1096 affirmatio
3732 1088 3738 1101 ι

2076 1134 2237 1194 atque
2284 1126 2538 1194 negatio,
2597 1136 2792 1196 praeter
2838 1127 2976 1183 hanc
3037 1141 3166 1181 vero
3217 1126 3528 1198 qualitatem
3578 1143 3661 1186 est

2077 1218 2241 1272 etiam
2286 1221 2554 1289 quantitas
2611 1222 3070 1292 pr0posilionum,
3118 1222 3187 1276 de
3241 1224 3343 1290 qua
3394 1222 3663 1292 posterius

2079 1307 2238 1378 paulo
2269 1309 2556 1364 dicendum
2613 1319 2715 1366 est.
2775 1310 2881 1367 Sed
2940 1312 3125 1367 volens
3180 1314 3495 1368 Aristoteles
3534 1314 3662 1385 quid

2080 1409 2223 1453 esset
2252 1402 2608 1456 contradictio
2634 1418 2732 1457 nos
2757 1403 2975 1470 docere,
3011 1406 3155 1472 prius
3187 1407 3272 1459 uhi
3305 1414 3450 1461 esset
3481 1418 3663 1462 osten-

2080 1489 2179 1545 dit.
2212 1492 2265 1545 lu
2323 1497 2664 1563 oppositimie
2719 1512 2861 1552 enm
2914 1500 3394 1553 contradictionem
3446 1518 3663 1557 omnem

2081 1598 2303 1639 necesse
2329 1596 2410 1640 est
2434 1601 2577 1642 esse.
2604 1588 2781 1653 Quare
2829 1592 3082 1659 q-zoniam
3111 1593 3463 1647 contradictio
3494 1595 3542 1646 in
3579 1610 3668 1664 0p-

2084 1678 2348 1743 positiotc
2378 1693 2453 1733 est
2484 1721 2498 1743 ,
2531 1682 2702 1749 qualis
2751 1693 2929 1737 autem
2971 1702 3088 1753 opp'
3113 1686 3233 1737 sitio
3284 1687 3314 1737 lt
3336 1702 3419 1737 mc
3453 1699 3668 1741 contra-

387 1879 528 1935 siiud
559 1887 720 1949 atque
742 1878 885 1933 aliud
910 1878 1153 1934 referens
1197 1877 1359 1940 dicat,
1393 1875 1536 1929 nulla
1592 1873 1719 1929 inde
1759 1883 1967 1927 contra-
2005 1864 2052 1925 Β
2083 1876 2276 1944 pcsitio
2303 1888 2393 1932 aut
2420 1878 2471 1935 in
2501 1878 2760 1950 qualitate
2813 1885 3233 1955 oppasitionnm,
3262 1897 3347 1943 aut
3401 1890 3451 1943 in
3503 1905 3670 1960 quan-

390 1969 552 2026 dictio
577 1979 909 2040 procreatur,
956 1980 1015 2025 ut
1057 1986 1177 2025 cum
1236 1970 1378 2036 dico,
1420 1971 1606 2024 decem
1636 1968 1783 2037 dupli
1826 1976 1971 2034 sunt,

391 2062 579 2117 decem
606 2062 753 2132 dupli
778 2077 881 2118 non
904 2073 1049 2119 sunt.
1071 2062 1202 2118 Nam
1229 2063 1273 2117 si
1296 2062 1361 2117 ad
1385 2062 1689 2131 quinarium
1720 2060 1973 2125 referam,

392 2168 518 2209 vera
540 2162 621 2208 est
645 2154 949 2219 afﬁrmatio,
978 2154 1022 2209 si
1053 2152 1119 2208 ad
1150 2154 1419 2208 senarium
1454 2168 1578 2207 vera
1608 2153 1844 2221 negatio,
1878 2165 1977 2205 nec

392 2245 437 2297 si
465 2243 733 2299 diversum
766 2253 973 2312 tempus
999 2243 1052 2297 in
1076 2243 1437 2298 afﬁrmatione
1462 2257 1526 2297 ac
1574 2242 1861 2311 negatione
1887 2255 1979 2294 su-

391 2344 587 2403 matur,
617 2344 677 2390 ut
701 2349 823 2391 cum
852 2335 991 2401 dico,
1042 2337 1292 2391 Socrates
1348 2336 1519 2404 sedet,
1568 2335 1821 2390 Socrates
1870 2348 1976 2387 non

392 2426 705 2485 sedet.Alio
733 2430 878 2484 enim
938 2438 1179 2499 tempore
1230 2440 1500 2500 sumptmn
1547 2430 1739 2485 sedere
1801 2442 1976 2481 veram

395 2520 518 2577 facit
547 2522 983 2587 afﬁrmationem,
1015 2523 1124 2577 aiio
1157 2533 1396 2592 tempore
1421 2538 1527 2576 non
1556 2523 1747 2577 sedere
1794 2536 1976 2576 veram

396 2612 520 2667 facit
549 2613 909 2684 negationem.
942 2614 1178 2684 itmplins
1210 2630 1423 2685 quoque
1469 2614 1516 2669 si
1571 2615 1788 2668 diverso
1820 2613 1979 2669 modo

394 2704 514 2775 quis
536 2706 678 2761 dicat
702 2708 751 2761 itt
782 2708 1065 2776 negatione
1090 2707 1228 2777 quod
1252 2707 1361 2777 jam
1393 2708 1443 2760 in
1476 2707 1829 2761 affirmatione
1860 2720 1981 2775 pro-

399 2798 594 2868 posuit,
625 2799 729 2853 vim
762 2801 1203 2855 contradictionis
1260 2801 1554 2868 intercipit.
1595 2800 1651 2854 Si
1683 2803 1802 2869 quis
1832 2801 1976 2856 enim

397 2890 537 2945 dicat
567 2891 978 2947 afﬁrmationem
1004 2900 1285 2962 potestate,
1316 2893 1649 2962 negationem
1683 2907 1814 2945 vero
1832 2903 1976 2956 actu,

398 2994 623 3053 possunt
668 2984 955 3039 affirmatio
1002 2994 1057 3040 et
1104 2987 1317 3055 negatio
1393 3000 1499 3039 uno
1555 2993 1796 3054 tempore
1852 2999 1980 3038 con-

397 3085 622 3145 gruente
635 3077 854 3132 veritate
870 3077 1152 3143 constitui;
1177 3078 1288 3131 utsi
1304 3078 1422 3144 quis
1436 3078 1576 3131 dicat
1590 3078 1798 3131 catulus
1811 3076 1975 3145 videt,

404 3166 610 3221 catulus
640 3182 743 3223 non
781 3169 944 3235 videt,
976 3179 1243 3240 potestate
1274 3169 1417 3224 enim
1463 3170 1627 3233 videt,
1676 3181 1799 3225 actu
1849 3186 1979 3224 vero

2084 1968 2257 2035 titate,
2292 1979 2383 2025 aut
2412 1970 2465 2025 in
2497 1982 2745 2045 utroque,
2777 1986 2837 2031 et
2866 1976 2931 2031 de
2963 1980 3222 2049 qualitate
3246 1984 3666 2052 propositionum

2081 2076 2202 2131 qua:
2231 2062 2286 2115 in
2316 2062 2674 2121 afﬁrmatione
2720 2076 2775 2123 et
2828 2073 3111 2139 negatione
3154 2077 3422 2140 consistit,
3464 2076 3666 2134 dictum

2082 2163 2182 2209 est.
2236 2153 2386 2210 Nunc
2412 2156 2478 2211 de
2504 2160 2802 2229 quantitate
2828 2164 3055 2230 dicetur,
3082 2174 3137 2219 ιιι
3166 2182 3225 2221 ea
3251 2182 3461 2238 quoque
3487 2172 3668 2241 cogni-

2082 2257 2133 2302 ta
2166 2248 2524 2319 perapiciatur
2568 2268 2635 2309 an
2667 2254 2717 2309 in
2748 2258 3024 2326 qualitate,
3060 2275 3126 2313 an
3152 2260 3203 2313 in
3234 2263 3568 2331 quantitate,
3599 2279 3667 2319 an

2084 2342 2137 2397 in
2170 2354 2399 2414 utroque
2423 2348 2851 2417 propositionum
2879 2354 3234 2409 contradictio
3265 2356 3357 2413 sit.

2203 2453 2271 2492 DE
2309 2453 2580 2519 SUBJECTIS
2621 2458 2688 2497 ΒΤ
2728 2459 3052 2501 Ριιευιο.ιτις
3091 2431 3539 2507 ΕΝυΝτΙΑῖῘΙΟΝυΙ.

2136 2527 2392 2595 Quoniam
2406 2539 2574 2586 autent
2589 2545 2704 2587 sunt
2715 2537 2824 2589 [nec
2838 2538 3041 2607 quidem
3054 2556 3221 2593 rerum
3240 2559 3308 2595 un
3320 2532 3564 2611 ‘versalia,
3578 2545 3672 2600 illa

2083 2634 2200 2672 vero
2227 2622 2537 2692 singularia.
2564 2622 2692 2679 Dico
2708 2638 2878 2680 autem
2905 2632 3190 2686 universale
3201 2633 3336 2699 quod
3350 2634 3410 2688 de
3442 2635 3672 2704 pluribus

2083 2721 2257 2765 natum
2278 2721 2351 2768 est
2378 2717 2672 2786 praedicari,
2692 2718 2959 2788 singulare
2980 2738 3114 2788 vero,
3140 2725 3275 2793 quod
3296 2741 3420 2791 non,
3437 2737 3491 2779 ut
3521 2729 3673 2783 homo

2081 2804 2285 2874 quidem
2311 2807 2591 2863 universale
2612 2820 2706 2864 est.
2736 2809 2888 2865 Plato
2910 2829 3025 2867 vero
3053 2831 3227 2868 eorum
3256 2834 3367 2885 quia
3386 2819 3675 2890 singularia

2081 2906 2218 2951 sunt.
2246 2895 2463 2952 Necesse
2481 2911 2553 2954 est
2577 2913 2748 2955 autem
2769 2905 3037 2958 enuntiare
3063 2910 3299 2989 quoniqvu
3323 2910 3453 2964 inest
3474 2912 3672 2983 aliquid

2082 2998 2170 3040 aut
2194 3004 2315 3053 non,
2336 2990 2607 3061 aliquoties
2629 2995 2831 3061 quidem
2854 3011 3027 3049 eorum
3056 2998 3213 3051 alicui
3233 3016 3348 3068 qua:
3366 3001 3672 3055 universalia

2082 3090 2221 3145 sunt,
2245 3084 2515 3152 aliquoties
2534 3098 2704 3140 autent
2723 3088 2879 3141 alicui
2905 3105 3077 3142 eorum
3102 3107 3216 3162 qute
3227 3102 3345 3145 sunt
3365 3092 3667 3165 singularia.

2153 3172 2340 3230 Omnis
2372 3178 2665 3246 propositio
2695 3179 3105 3249 significationis
3147 3200 3258 3237 sua:
3293 3185 3671 3255 proprietatem

406 3274 509 3314 non
545 3260 705 3315 videt.
730 3262 988 3330 Quocirca
1021 3272 1235 3331 oportet
1262 3262 1373 3318 ﬁeri
1397 3263 1442 3316 si
1470 3262 1711 3318 facienda
1744 3271 1826 3318 est
1848 3279 1985 3319 con-
2008 3257 2057 3324 C
2086 3279 2151 3319 ex
2182 3267 2441 3335 subjectis
2468 3269 2826 3327 intellectibus
2855 3273 3018 3343 capit.
3040 3274 3144 3329 Sed
3174 3278 3427 3344 quoniam
3452 3293 3675 3334 necese

403 3354 651 3409 tradictio
670 3354 910 3425 ejusdem
961 3358 1043 3427 (ut
1076 3358 1189 3426 ipse
1235 3357 1331 3427 ait)
1375 3356 1647 3426 prmdicati
1682 3357 1750 3411 de
1797 3358 1985 3413 eodem

402 3446 666 3518 subjecto,
714 3465 817 3504 non
849 3450 1146 3519 mquivoce,
1195 3450 1289 3505 sed
1332 3450 1588 3519 univoce,
1645 3449 1710 3505 ad
1742 3452 1986 3507 eamdem

404 3545 709 3615 partcm,et
732 3543 799 3599 ad
833 3545 972 3599 idem
998 3544 1249 3607 relatum,
1282 3544 1348 3598 ad
1376 3545 1621 3615 idemque
1654 3553 1887 3613 tempus,
1936 3554 1989 3599 et

405 3638 592 3691 eodem
626 3634 787 3691 modo
831 3638 1107 3691 constitui.
1160 3637 1292 3705 Qum
1351 3637 1529 3690 omnia
1574 3636 1627 3691 in
1678 3637 1989 3707 sophisticis

403 3726 643 3783 elenchis
670 3728 1079 3799 diligentissime
1126 3711 1439 3798 prosecutus
1464 3737 1565 3782 est.
1616 3727 1769 3784 Nunc
1824 3744 1989 3798 pauca

405 3830 834 3872 commemorans
860 3818 1064 3872 distulit
1089 3820 1139 3872 in
1172 3819 1278 3872 illis
1328 3818 1477 3874 libris
1522 3814 1782 3891 integram
1809 3821 1992 3890 dispu-

406 3909 689 3963 tationem.
722 3908 819 3963 Est
847 3920 1021 3965 autem
1052 3912 1348 3966 enuntiatio
1372 3912 1439 3965 de
1471 3926 1536 3967 eo
1564 3913 1706 3983 quod
1758 3922 1840 3969 est
1890 3914 1993 3967 ali-

411 4000 537 4069 quid
569 4016 707 4064 esse,
741 4003 825 4057 vel
879 4018 982 4057 non
1023 4018 1178 4069 esse;
1223 4003 1517 4058 affirmatio
1563 4006 1776 4076 quidem
1817 4005 1885 4061 de
1925 4020 1990 4061 eo

408 4091 553 4163 quod
576 4102 660 4147 est
686 4106 823 4157 esse,
848 4102 905 4147 ut
932 4093 1081 4148 Plato
1104 4095 1448 4163 philosophus
1471 4106 1549 4151 est
1575 4113 1589 4160 ;
1619 4096 1833 4165 negatio
1863 4110 1991 4150 vero

406 4184 477 4242 de
507 4200 573 4241 eo
595 4187 736 4257 quod
768 4197 849 4243 est
881 4206 988 4244 non
1019 4204 1159 4255 esse,
1209 4202 1263 4243 ut
1315 4191 1468 4246 Plato
1500 4190 1852 4259 liiiiiﬂSOlthus
1885 4206 1989 4246 non

405 4287 510 4336 cst.
547 4279 669 4335 [hcc
697 4291 919 4350 utraque
973 4283 1271 4338 enuntiatio
1311 4284 1459 4338 l’lato
1489 4283 1836 4353 philoSophus
1884 4292 1989 4351 est,

405 4370 557 4430 Plato
580 4372 927 4443 philosophus
954 4390 1057 4430 non
1081 4386 1184 4437 est,
1211 4391 1333 4430 sese
1360 4376 1677 4445 perimentia
1709 4384 1765 4430 et
1796 4376 1846 4429 in
1871 4390 1991 4430 con-

405 4466 627 4519 trarium
658 4466 807 4534 quasi
830 4465 1063 4535 quodam
1107 4467 1283 4521 locata
1326 4466 1494 4536 litigio
1539 4465 1740 4521 faciunt
1777 4476 1993 4520 contra-

406 4553 721 4612 dictionem.
756 4558 1122 4614 Coutradictio
1146 4574 1276 4614 vero
1310 4569 1392 4612 est
1442 4560 1710 4629 oppositio
1753 4559 1991 4612 afﬁrma-

2090 3369 2171 3414 est
2209 3360 2514 3418 intellectus
2545 3379 2723 3419 rerum
2769 3381 2891 3421 esse
2931 3367 3325 3430 similitudines,
3361 3370 3442 3425 vis
3477 3385 3673 3441 propo-

2091 3452 2343 3509 sitionum
2387 3471 2480 3522 per
2512 3457 2817 3513 intellectus
2847 3458 2913 3511 ad
2955 3475 3040 3513 res
3071 3475 3284 3531 quoque
3309 3463 3674 3523 continuatur.

2094 3545 2266 3615 Atque
2310 3547 2431 3603 ideo
2466 3564 2589 3603 cum
2645 3550 2844 3619 aliquid
2890 3552 2973 3605 vel
3017 3551 3286 3607 affirmare
3315 3555 3563 3624 cupimus
3590 3556 3673 3610 vel

2091 3654 2310 3709 negare,
2343 3640 2446 3695 hoc
2472 3642 2538 3695 ad
2564 3640 2866 3697 intellectus
2887 3653 2938 3699 et
2962 3646 3329 3715 conceptioiiis
3356 3647 3518 3701 animi
3546 3663 3677 3719 qua-

2091 3731 2293 3787 litatem
2326 3732 2575 3788 refertur.
2593 3733 2744 3800 Quod
2791 3736 2933 3788 enim
2978 3735 3115 3805 imag
3139 3736 3355 3791 natione
3382 3737 3679 3792 intellectu-

2091 3838 2195 3892 que
2224 3823 2579 3894 concipimus,
2631 3823 2681 3878 id
2714 3826 2765 3877 in
2796 3823 3153 3879 affirmatione
3177 3835 3269 3880 aut
3308 3826 3362 3882 in
3394 3829 3679 3899 negatione

2095 3929 2376 3983 ponentes,
2422 3916 2753 3969 affirmantes
2780 3916 2985 3969 scilicet
3016 3917 3097 3968 vel
3132 3931 3412 3985 negamus,
3442 3930 3495 3973 et
3533 3918 3681 3989 priu-

2092 4005 2339 4072 cipaiiter
2386 4005 2713 4075 quidem_ab
2755 3996 3097 4073 intelligentia
3140 4009 3531 4073 propositiones
3574 4009 3679 4062 vim

2093 4098 2310 4161 capiunt
2339 4106 2392 4149 et
2426 4096 2829 4164 proprietatem,
2880 4096 3115 4150 secundo
3156 4111 3287 4150 vero
3320 4100 3436 4151 loco
3479 4116 3545 4153 ex
3596 4115 3682 4155 re-

2096 4189 2193 4243 bus
2223 4195 2444 4241 sumuut
2482 4203 2546 4241 ex
2579 4186 2771 4257 quibus
2804 4187 2947 4257 ipsos
2978 4187 3280 4244 intellectus
3309 4200 3556 4244 constare
3588 4206 3682 4245 ne-

2097 4298 2251 4338 cesse
2275 4293 2376 4337 est.
2412 4280 2567 4338 Unde
2598 4281 2655 4336 ﬁt
2679 4296 2729 4336 ut
2758 4294 2809 4336 et
2838 4283 3131 4353 quantitate
3156 4283 3451 4353 propositio
3481 4298 3528 4339 et
3555 4299 3684 4354 qua-

2097 4375 2250 4429 litate
2282 4375 2565 4444 partietpet
2596 4393 2609 4429 :
2639 4375 2894 4446 qualitate
2935 4376 3146 4445 quidem
3200 4377 3249 4429 in
3299 4378 3410 4446 ipsa
3443 4378 3679 4431 affirmav

2098 4468 2257 4522 tionis
2283 4476 2337 4522 et
2366 4467 2661 4536 negationis
2686 4468 3002 4537 prolatione,
3034 4483 3192 4537 quam
3224 4484 3289 4521 ex
3323 4471 3537 4538 proprio
3565 4469 3686 4538 quis

2094 4540 2297 4625 judicio
2323 4559 2516 4611 emit.it
2547 4574 2608 4612 ac
2656 4558 2887 4627 profert;
2921 4564 3213 4629 quantitate
3241 4575 3367 4613 vero
3396 4578 3460 4615 ex
3504 4561 3687 4628 subje-

404 4645 573 4700 tionis
601 4656 656 4702 ct
678 4650 998 4719 negationis,
1030 4649 1082 4704 in
1112 4664 1212 4721 qua
1248 4666 1423 4720 neque
1462 4650 1647 4704 ambas
1674 4650 1833 4704 falsas
1854 4690 1868 4714 ,
1902 4667 1997 4704 ne-
2021 4653 2077 4717 Β
2101 4651 2201 4705 eis
2222 4653 2382 4705 rebus
2407 4665 2539 4718 quas
2575 4652 2790 4719 capiunt
2819 4652 3143 4704 intellectus.
3176 4651 3428 4707 Videmus
3458 4667 3688 4722 namque

404 4752 512 4807 que
534 4739 721 4793 ambas
749 4755 901 4795 veras
948 4756 1068 4796 esse
1098 4742 1381 4813 contingit,
1422 4741 1516 4797 sed
1574 4756 1735 4796 unam
1777 4756 1994 4810 semper

404 4842 613 4895 veram,
643 4831 864 4885 alteram
892 4846 1021 4886 vero
1049 4826 1261 4887 falsam.
1297 4832 1351 4890 Si
1376 4849 1475 4903 qua
1508 4843 1685 4887 autem
1738 4843 1863 4887 sunt
1893 4832 1994 4886 hu-

404 4916 661 4990 iusmodi,
695 4922 746 4976 itt
777 4922 971 4992 quibus
998 4937 1182 4979 verum
1216 4924 1518 4994 falsumque
1557 4923 1849 4979 affirmatio
1901 4938 1995 4978 ne-

406 5012 658 5084 gatioque
692 5030 801 5070 non
856 5014 1090 5083 dividat,
1141 5018 1192 5071 in
1227 5018 1333 5073 illis
1359 5016 1557 5089 aliquid
1599 5006 1894 5087 diversum,
1942 5020 1996 5072 et

405 5107 607 5162 nonad
653 5110 1045 5180 oppositioncm
1081 5110 1348 5183 integrum
1400 5113 1692 5183 reperitur.
1730 5112 1866 5168 Dicit
1900 5127 1997 5165 au—

408 5206 513 5255 tem
543 5199 875 5273 Porphyrius
897 5212 1276 5274 argumentum
1304 5220 1427 5260 esse
1474 5204 1541 5259 ad
1571 5204 1623 5259 id
1670 5204 1810 5275 quod
1865 5204 2000 5259 dici-

405 5306 525 5347 mus
553 5292 965 5350 afﬁrmationem
994 5296 1267 5367 negationi
1286 5295 1360 5351 ita
1391 5304 1646 5367 oportere
1678 5297 1898 5367 opponi,
1941 5305 1997 5351 ut

405 5399 512 5439 una
533 5400 655 5441 vera
689 5388 934 5457 Opposita
966 5388 1020 5444 in
1075 5390 1301 5443 alteram
1358 5402 1485 5442 mox
1542 5387 1746 5440 falsitas
1796 5388 1998 5457 veniat,

405 5492 747 5533 communem
796 5480 937 5534 inter
988 5496 1088 5535 nos
1140 5479 1592 5535 consuetudinem
1639 5478 1997 5546 colloquendi.

403 5571 635 5639 Quando
656 5570 798 5625 enim
821 5573 944 5640 quis
974 5570 1182 5641 aliquid
1214 5586 1335 5627 esse
1377 5560 1581 5625 dixerit
1606 5576 1662 5625 et
1682 5568 1823 5625 idem
1868 5566 2003 5627 alius

406 5663 709 5733 negaverit,
766 5678 930 5719 unum
989 5664 1235 5735 ipsorum
1268 5666 1453 5719 verum
1515 5663 1735 5731 dicere,
1790 5665 2004 5720 mentiri

408 5758 574 5814 alium
603 5758 965 5830 suspicamur.
990 5759 1235 5829 Amplius
1264 5775 1501 5833 quoque.
1555 5750 1611 5818 Si
1663 5757 1859 5831 aliquid
1913 5769 2005 5813 aut

415 5870 519 5922 est.
563 5872 651 5915 aut
684 5877 789 5915 non
814 5871 920 5929 est,
952 5860 1293 5934 mediumque
1347 5862 1485 5921 inter
1510 5879 1629 5922 esse
1657 5870 1711 5922 et
1749 5878 1854 5921 non
1884 5876 2005 5919 esse

1587 6010 1737 6025 ,Μω-

2100 4744 2230 4797 alias
2250 4757 2372 4796 esse
2396 4743 2449 4797 in
2478 4741 2637 4796 rebus
2663 4740 2751 4811 huj
2792 4741 2962 4795 sntodi
2984 4742 3290 4811 qualitates,
3310 4761 3427 4814 qum
3451 4745 3501 4798 itt
3530 4746 3687 4800 aliam

2103 4836 2391 4890 convenire
2438 4849 2545 4890 non
2595 4842 2839 4905 pOSsant,
2885 4834 2983 4888 nisi
3024 4835 3075 4888 in
3107 4851 3267 4890 unam
3313 4851 3690 4908 quamcunque

2104 4927 2479 5001 particularcm
2529 4926 2964 4997 singularemque
3010 4927 3360 4982 suhStantiatn
3404 4944 3419 4981 :
3457 4928 3557 4979 alia
3609 4935 3692 4981 cst

2101 5021 2244 5077 enim
2299 5020 2522 5090 qualitas
2577 5018 2885 5090 singularis,
2928 5028 2984 5073 ut
3028 5017 3266 5073 Platoiiis
3314 5017 3399 5073 vel
3429 5017 3697 5080 Socratis,

2103 5117 2205 5170 alia
2260 5125 2342 5169 est
2381 5130 2499 5186 qua:
2548 5116 2938 5169 communicata
2982 5129 3103 5168 cum
3152 5112 3389 5182 pluribus
3431 5122 3595 5165 totam
3634 5116 3694 5167 so

2106 5209 2329 5281 singulis
2356 5219 2409 5265 et
2444 5208 2693 5263 omnibus
2726 5207 2946 5277 przcbet,
2980 5217 3035 5260 ut
3080 5217 3162 5259 est
3208 5208 3318 5276 ipsa
3365 5205 3687 5260 humanitas.
3739 5268 3747 5285 ι

2108 5303 2204 5359 Est
2233 5304 2376 5358 enim
2406 5302 2651 5373 quadam
2676 5300 2978 5371 hujusmodi
3001 5297 3251 5370 qualitas,
3273 5302 3391 5367 qua:
3416 5308 3466 5352 et
3500 5299 3551 5351 in
3582 5298 3693 5353 sin-

2106 5398 2241 5469 gulis
2285 5405 2392 5451 tota
2444 5396 2535 5457 sit,
2579 5405 2630 5449 ιιι
2687 5398 2738 5448 in
2790 5392 3037 5447 omnibus
3087 5396 3217 5447 tota.
3258 5384 3695 5461 Quotiescunque
3746 5388 3753 5463 ί

2110 5492 2253 5547 enim
2287 5490 2485 5560 aliquid
2522 5489 2630 5544 tale
2656 5488 2836 5542 animo
2866 5487 3224 5556 speculamur,
3255 5501 3359 5541 non
3391 5485 3444 5541 in
3467 5485 3696 5556 quandi-

2111 5582 2201 5639 bet
2227 5596 2383 5637 unam
2418 5588 2697 5650 personam
2723 5594 2817 5647 per
2840 5591 3035 5633 nomen
3066 5578 3167 5631 hoc
3197 5579 3390 5632 mentis
3414 5578 3697 5647 cogitatio-

2113 5692 2234 5733 nem
2268 5673 2605 5735 deducimur,
2640 5671 2731 5725 sed
2761 5672 2811 5726 in
2840 5686 3030 5727 omnes
3055 5685 3149 5725 eos
3178 5670 3483 5742 quicunque
3508 5672 3699 5728 huma-

2114 5769 2295 5823 nitatis
2322 5765 2641 5820 diffinitione
2669 5765 3015 5834 participant.
3049 5762 3202 5822 Unde
3246 5764 3302 5820 ﬁt
3344 5774 3403 5819 ut
3437 5765 3552 5822 hac
3580 5765 3699 5836 qui-

2113 5859 2234 5915 dem
2277 5860 2343 5913 sit
2375 5859 2676 5912 communis
2708 5861 2977 5921 omnibus.
3013 5861 3101 5914 illa
3133 5873 3265 5915 vero
3292 5862 3443 5927 prior
3496 5844 3712 5929 incertis,
