4270 6266
572 356 697 464 ἡισι

1808 401 1916 458 AN.
1961 401 2165 458 SlA-NL.
2206 401 2360 460 ξεν.
2402 402 2622 459 ΒΟΕΤΙΙ

3758 382 3863 472 itu

585 520 924 582 municahilis
949 517 1161 588 quidem
1187 517 1417 582 cunctis,
1453 515 1541 569 uni
1574 522 1748 570 tamen
1780 517 2012 585 propria.
2040 515 2172 572 Nam
2203 521 2249 578 Α
2282 517 2462 571 venire
2492 515 2542 570 in
2567 515 2727 569 alium
2757 527 2862 569 non
2895 516 3086 584 potest.
3109 515 3338 583 Quidam
3365 515 3527 572 homo
3553 532 3696 582 vero,
3723 523 3859 587 quo-,1

585 616 631 672 si
663 628 857 671 nomen
886 610 1087 679 tingere
1120 607 1324 672 liceret,
1364 607 1508 661 illam
1539 608 1863 678 singularem
1888 611 2172 665 ouamdam

585 708 893 778 qualitatem
917 711 971 759 et
998 700 1556 758 incommunicabilem
1583 701 1738 757 alicui
1763 703 1850 758 alii
1877 703 2172 760 subsisten-

586 805 677 858 tiae
711 813 810 855 suo
853 798 974 853 [icto
1023 799 1238 852 notninc
1288 811 1675 866 nuncuparent,
1710 790 1766 852 ut
1793 797 2170 854 clariorlieret

583 892 754 948 forma
789 890 1070 962 propositi.
1103 890 1214 961 Age
1242 890 1384 944 enim
1421 889 1937 944 incommunicahilis
1983 890 2168 947 Plato-

583 988 666 1042 nis
705 986 798 1042 illa
856 985 1154 1056 proprietas
1191 982 1481 1038 Platonitas
1528 982 1850 1052 appelletur,
1901 998 1967 1038 eo
2022 983 2165 1039 enim

581 1079 743 1136 modo
791 1079 1102 1150 qualitatem
1155 1076 1291 1132 hanc
1333 1076 1702 1131 Platonilatem
1747 1077 1866 1132 licto
1905 1076 2166 1132 vocabulo

579 1185 890 1242 nuncupare
923 1184 1204 1240 possumus
1227 1210 1242 1237 ,
1275 1168 1542 1238 quomodo
1584 1153 1814 1224 hominis
1855 1171 2166 1240 qualitatem

578 1263 809 1319 dicimus
855 1262 1272 1325 humanitatem,
1324 1261 1438 1315 haec
1478 1275 1606 1331 ergo
1649 1259 1944 1316 Platonitas
1994 1262 2164 1317 solius

583 1357 741 1411 unius
773 1364 855 1410 est
887 1353 1137 1418 hominis,
1174 1363 1225 1407 et
1257 1351 1359 1408 hoc
1390 1369 1494 1406 non
1535 1352 1842 1422 cujuslibet,
1873 1351 1965 1408 sed
1997 1353 2164 1408 solius

578 1449 850 1514 Platonis;
884 1447 1187 1503 humanitas
1229 1462 1356 1502 vero
1387 1455 1441 1501 et
1472 1446 1709 1501 Platonis
1741 1455 1794 1502 et
1841 1455 2162 1503 caeterorum

574 1542 874 1613 quicunque
899 1542 998 1595 hoc
1021 1539 1281 1595 vocabulo
1319 1539 1679 1594 continentur.
1712 1537 1859 1593 Unde
1880 1538 1934 1592 fit
1959 1547 2018 1594 ut
2036 1554 2167 1608 quo-

573 1636 716 1690 niam
771 1633 1065 1690 Platonitas
1122 1635 1172 1688 iu
1222 1647 1382 1689 untnn
1435 1633 1682 1688 convenit
1725 1632 2025 1699 Platonem,
2071 1647 2167 1686 au-

579 1727 776 1784 dientis
797 1728 1011 1782 animus
1043 1726 1284 1782 Platonis
1337 1726 1651 1782 vocabulum
1689 1725 1754 1778 ad
1790 1740 1946 1780 unam
1981 1740 2165 1795 perso-

574 1835 696 1875 nam
722 1833 989 1888 unamque
1008 1819 1382 1889 particularem
1408 1818 1757 1873 substantiam
1786 1817 2014 1885 referat;
2038 1833 2160 1872 cum

2280 607 2496 672 dicitur,
2529 605 2922 675 particulariter
2952 606 3167 675 quidem
3203 605 3377 676 ipsum
3409 623 3604 663 nomen
3637 607 3855 664 univcr-

2276 702 2390 758 sale
2438 701 2779 768 determinat,
2837 699 2931 755 sed
2983 700 3027 754 si
3080 701 3294 756 deesset
3334 701 3570 772 quidam,
3621 700 3671 757 id
3718 703 3854 773 quod

2285 793 2516 850 dicimus
2545 793 2705 847 homo
2758 791 3061 848 universale
3091 801 3256 860 esset,
3289 805 3350 848 ac
3405 808 3499 863 per
3544 794 3644 850 hoc
3690 795 3858 849 anthi-

2276 902 2436 957 guum
2491 895 2852 954 permaneret,
2901 886 3042 956 quod
3089 902 3218 943 vero
3258 887 3490 944 dicimus
3518 885 3669 942 Plato
3722 904 3858 943 nun-

2273 994 2429 1048 quam
2460 994 2578 1034 esse
2601 978 2794 1048 poterit
2824 977 3143 1034 universale.
3177 977 3308 1033 Nam
3357 980 3453 1034 etsi
3494 977 3705 1048 quando
3765 993 3856 1032 no~

2273 1087 2396 1128 men
2444 1071 2547 1127 hoc
2577 1070 2727 1126 Plato
2785 1070 3024 1141 pluribus
3056 1071 3381 1140 imponatur,
3415 1086 3517 1125 non
3548 1079 3726 1126 tamen
3755 1069 3857 1125 hoc

2275 1179 2470 1220 nomen
2501 1163 2702 1220 idcirco
2723 1163 2823 1219 erit
2847 1165 3173 1221 universale.
3191 1163 3431 1235 Namque
3455 1163 3756 1220 humanitas
3780 1179 3848 1218 ex

2271 1257 2603 1328 singulorum
2629 1257 2909 1322 hominum
2936 1257 3161 1313 collecta
3190 1258 3395 1313 naturis
3451 1258 3506 1312 in
3530 1273 3688 1312 unam
3721 1273 3856 1326 quo-

2272 1346 2560 1402 dammodo
2606 1347 2868 1420 redigitur
2923 1339 3327 1418 intelligentiam
3375 1357 3532 1418 atque
3581 1359 3850 1403 naturam.

2271 1441 2477 1496 Nomen
2513 1455 2641 1496 vero
2669 1440 2769 1496 hoc
2817 1441 2960 1510 quod
3009 1440 3422 1498 dicimusPlato
3452 1441 3632 1497 multis
3663 1458 3853 1498 secun-

2271 1532 2399 1588 dum
2445 1533 2764 1589 vocabulum
2799 1533 3027 1589 fortasse
3068 1547 3353 1590 commune
3400 1549 3520 1591 esse
3545 1535 3851 1600 videretur;

2269 1627 2400 1682 nulli
2433 1636 2608 1682 tamen
2637 1626 2725 1681 illa
2762 1627 3061 1698 proprietas
3091 1626 3331 1683 Platonis
3359 1629 3668 1686 conveniret
3699 1669 3714 1696 ,
3737 1644 3852 1700 qua)

2267 1728 2384 1774 erat
2407 1720 2756 1788 pr0prietatis
2805 1727 2898 1774 aut
2945 1728 3150 1775 natura:
3186 1721 3302 1790 ejus
3331 1720 3570 1778 Platonis
3615 1725 3704 1794 qui
3757 1721 3851 1778 fuit

2268 1814 2507 1870 Socratis
2540 1812 2775 1877 auditor,
2825 1813 2950 1868 licet
3001 1812 3191 1868 eodem
3233 1813 3488 1868 vocabulo
3513 1829 3849 1885 nuncupare-

575 1922 751 1969 sutem
797 1911 943 1967 audit
971 1909 1269 1975 hominem,
1299 1911 1366 1965 ad
1401 1910 1583 1978 plures
1612 1925 1822 1982 quoque
1849 1909 2047 1966 referat
2077 1911 2159 1965 iu-
2195 1913 2242 1973 B
2269 1912 2374 1961 tur.
2405 1903 2515 1959 Hoc
2545 1919 2674 1960 vero
2695 1905 2814 1960 ideo
2841 1903 3091 1974 quoniam
3123 1904 3426 1960 humanitas
3456 1905 3713 1962 naturalis
3741 1915 3846 1974 est,
3867 1894 3884 1910 ”

572 2004 843 2060 tellectum
879 2018 1227 2075 quoscunque
1259 2003 1643 2057 humanita'em
1677 2005 1951 2058 cont'nere
1970 2003 2153 2057 novit:

572 2106 731 2165 atque
759 2095 878 2151 ideo
901 2097 1152 2166 quoniam
1181 2095 1482 2150 humanitas
1503 2106 1554 2151 et
1583 2094 1832 2149 omnibus
1855 2094 2158 2149 hominibus

571 2190 877 2245 communis
922 2199 1026 2255 est,
1079 2197 1133 2244 et
1181 2189 1231 2243 in
1281 2189 1504 2258 singulis
1538 2187 1842 2242 hominibus
1892 2195 1998 2243 tota
2051 2196 2154 2252 est,

570 2281 905 2352 arqualitater
951 2281 1131 2335 cuncti
1183 2279 1430 2335 homines
1481 2280 1716 2335 retinent
1765 2278 2151 2333 humanitatem

569 2376 705 2430 sicut
729 2389 864 2430 unus
894 2375 1073 2429 homo.
1106 2373 1162 2429 Si
1188 2375 1331 2430 enim
1365 2373 1413 2428 id
1449 2373 1518 2428 ita
1544 2389 1647 2428 nou
1679 2382 1842 2435 esset,
1875 2385 2151 2442 nunquam

569 2466 818 2536 specialis
850 2463 1355 2520 hominisdifﬁnitio
1405 2465 1738 2532 jarticularis
1771 2464 1999 2519 hominis
2029 2465 2157 2518 sub-

569 2558 780 2614 stantia:
821 2556 1155 2612 conveniret.
1201 2557 1466 2624 Quoniam
1526 2557 1684 2627 igitur
1729 2557 1843 2612 haec
1891 2556 1964 2611 ita
2011 2564 2154 2624 sunt,

571 2649 774 2704 idcirco
823 2648 983 2703 homo
1037 2647 1252 2718 quidem
1291 2647 1486 2703 dicitur
1530 2649 1834 2703 universale
1877 2648 2152 2718 quiddam,

567 2741 684 2810 ipsa
715 2753 844 2795 vero
885 2738 1173 2794 Platonitas
1202 2747 1256 2794 et
1287 2737 1436 2792 Plato
1470 2739 1808 2808 particulare.
1855 2739 1950 2795 His
1997 2726 2156 2811 igitur

568 2832 642 2886 ita
700 2830 887 2900 positis
927 2830 1179 2902 quoniam
1236 2831 1557 2886 universalis
1607 2832 1694 2887 illa
1745 2832 1973 2902 qualitas
2002 2842 2058 2889 et
2099 2833 2153 2888 in

565 2924 814 2980 omnibus
843 2932 1017 2995 potest
1067 2933 1123 2980 et
1169 2925 1220 2979 in
1267 2925 1493 2994 singulis
1533 2924 1838 2995 praedicari,
1869 2938 1991 2982 cum
2021 2925 2155 2982 dici-

564 3033 685 3074 mus
741 3017 902 3072 homo
929 3017 1233 3087 ambiguum
1283 3029 1364 3074 cst
1400 3027 1455 3073 et
1491 3018 1720 3074 dubitari
1763 3029 1936 3085 potest
1977 3028 2152 3074 utrum

564 3106 633 3163 de
675 3108 892 3178 speciali
941 3109 1140 3164 dictum
1210 3107 1371 3162 sitan
1405 3109 1473 3164 de
1505 3109 1684 3180 aliquo
1711 3109 2040 3181 particulari,
2075 3110 2154 3164 id-

565 3202 707 3255 eirco
745 3201 885 3271 quod
933 3215 1130 3256 nomen
1164 3199 1394 3256 hominis
1447 3210 1501 3256 et
1539 3200 1608 3257 de
1634 3201 1889 3256 omnibus
1917 3200 2020 3256 dici
2053 3216 2155 3272 po-

2263 2009 2456 2050 nomen
2506 2011 2633 2052 vero
2656 1995 2946 2066 proprium,
2969 1993 3269 2065 positionis.
3299 1996 3408 2051 Nec
3439 2011 3563 2052 vero
3585 1996 3687 2052 hoc
3707 2013 3848 2053 nunc

2261 2088 2455 2144 dicitur
2483 2089 2624 2160 quod
2677 2103 2868 2144 nomen
2902 2089 3140 2145 Platonis
3166 2089 3233 2144 de
3263 2089 3502 2160 phnibus
3535 2105 3641 2144 non
3675 2099 3849 2158 potest

2261 2183 2562 2254 praedicari,
2587 2183 2682 2238 sed
2711 2183 3010 2254 proprietas
3034 2182 3291 2238 Platonis.
3323 2182 3413 2236 llla
3439 2183 3580 2237 enim
3607 2188 3864 2252 proprius

2260 2285 2341 2330 tas
2380 2276 2694 2330 naturaliter
2731 2275 2798 2332 de
2841 2277 3079 2345 pluribus
3111 2292 3214 2331 non
3243 2276 3462 2340 dicitur,
3493 2277 3631 2331 sicut
3674 2275 3846 2332 homi-

2260 2367 2365 2433 nis,
2387 2377 2441 2423 et
2466 2367 2586 2422 ideo
2613 2368 3126 2422 incommuuii-ahilis
3156 2367 3236 2435 (ut
3261 2367 3463 2422 dictum
3487 2367 3590 2434 est)
3618 2367 3844 2438 qualitas

2259 2471 2342 2514 est
2370 2461 2482 2529 ipsa
2512 2460 2824 2527 Platouitas,
2847 2459 3314 2515 communicahilis
3333 2474 3459 2516 vero
3480 2461 3704 2531 qualitas
3726 2461 3842 2515 uni-

2260 2553 2484 2608 versatis
2512 2568 2629 2624 quae
2662 2563 2713 2607 et
2743 2553 2794 2608 in
2828 2553 3064 2624 pluribus
3109 2563 3162 2607 et
3212 2552 3263 2607 in
3304 2553 3532 2623 singulis
3560 2562 3662 2608 est.
3693 2552 3845 2610 Unde

2260 2646 2319 2700 fit
2351 2657 2407 2701 ut
2454 2662 2576 2702 cum
2606 2647 2752 2712 dico,
2783 2647 2959 2702 omnis
2990 2648 3171 2712 homo,
3201 2647 3255 2701 in
3288 2662 3565 2702 nurnerqu
3597 2647 3838 2716 proposi-

2261 2738 2463 2794 tionem
2496 2738 2742 2804 tendam;
2771 2755 2893 2793 cum
2931 2754 3063 2794 vero
3097 2737 3236 2802 diei-0,
3269 2738 3351 2794 So.
3374 2747 3516 2792 rates
3546 2748 3636 2792 aut
3673 2737 3837 2802 Plato,

2259 2847 2369 2888 non
2398 2833 2452 2886 in
2479 2848 2761 2888 numerum
2786 2833 3059 2897 emittam,
3080 2833 3173 2888 sed
3204 2831 3513 2903 qualitatem
3544 2833 3843 2902 j-roprieta-

2259 2934 2476 2996 temque
2501 2925 2657 2981 unius
2686 2927 2738 2980 in
2772 2941 2864 2980 sua
2899 2925 3166 2980 individua
3197 2924 3563 2994 singularique
3590 2924 3839 2979 substan-

2259 3017 2329 3071 tia
2352 3019 2716 3090 constringam
2757 3034 2821 3074 ac
2868 3034 2963 3088 pra
2983 3019 3179 3075 dicem.
3207 3020 3382 3085 Quare
3409 3019 3460 3074 in
3497 3019 3598 3074 hoc
3625 3005 3839 3088 quoque
3904 3055 3906 3057 ›

2258 3109 2496 3166 maxime
2543 3109 2625 3165 hac
2668 3109 2788 3167 dum
2834 3110 3306 3181 particularitates,
3330 3111 3543 3180 quidam
3578 3111 3763 3174 homo,
3789 3120 3843 3168 et

2257 3201 2437 3270 Plato,
2473 3203 2693 3271 distant,
2730 3203 2872 3276 quod
2903 3218 3024 3260 cum
3055 3205 3175 3264 dico
3217 3204 3368 3260 Plato
3384 3220 3540 3273 quem
3572 3203 3604 3259 h
3647 3207 3842 3261 mit-em

564 3301 665 3347 test
722 3301 778 3347 et
825 3292 892 3346 de
938 3292 1161 3362 singulis
1192 3291 1493 3363 quibusque
1539 3293 1629 3363 qui
1677 3293 1777 3348 sub
1806 3293 2149 3350 humanitatis
2177 3292 2225 3358 C
2256 3295 2482 3353 dixerim
2509 3299 2770 3354 vocabulo
2807 3298 3105 3370 designavi,
3139 3297 3374 3370 proprict
3411 3308 3624 3369 temque
3655 3299 3839 3354 unius-

564 3387 741 3455 specie
769 3386 1131 3443 continentur.
1164 3388 1340 3454 Quare
1364 3377 1700 3444 indetinitum
1733 3398 1816 3445 est
1871 3399 2048 3445 utrum
2083 3389 2150 3445 de

499 3518 508 3531 κ
565 3478 817 3535 omnibus
865 3479 1067 3536 dictum
1116 3481 1185 3536 sit
1228 3483 1281 3538 id
1323 3483 1464 3552 quod
1503 3482 1735 3539 diximus
1765 3485 1947 3556 homo,
1977 3501 2042 3539 an
2083 3485 2153 3542 de

563 3587 883 3643 unaquaque
911 3572 1185 3629 individua
1218 3573 1448 3629 hominis
1477 3583 1532 3630 et
1566 3575 1871 3645 particulari
1902 3577 2153 3632 substano

563 3663 655 3717 tia.
675 3663 822 3718 Hanc
838 3665 998 3734 igitur
1011 3665 1321 3735 qualitatem
1347 3666 1693 3723 humanitatis
1723 3667 1769 3722 si
1799 3668 2151 3736 ambiguitate

561 3750 866 3809 intellectus
913 3769 1169 3825 separare
1215 3757 1470 3822 nitamur,
1512 3757 1926 3815 determinanda
1961 3769 2064 3824 est,
2096 3771 2149 3817 et

563 3853 654 3900 aut
683 3845 736 3901 in
761 3847 1119 3916 pluralitatem
1141 3849 1516 3919 distendenda,
1549 3863 1643 3908 aut
1671 3854 1724 3908 in
1756 3854 2013 3911 unitatem
2050 3872 2150 3911 nu-

562 3937 695 3995 meri
747 3940 1070 4011 colligenda.
1121 3943 1254 3999 Nam
1286 3961 1406 4000 cum
1449 3945 1680 4002 dicimus
1709 3946 1870 4003 homo
1898 3947 2148 4006 indeﬁni-

559 4038 677 4088 tum
706 4041 789 4088 est
841 4043 1018 4090 utrum
1061 4050 1252 4093 omnes
1280 4037 1521 4094 dicamus
1561 4053 1630 4095 an
1675 4055 1859 4095 unum.
1894 4040 1987 4098 Sin
2019 4057 2148 4097 vero

559 4125 796 4183 additum
852 4127 1010 4184 fuerit
1091 4131 1308 4196 omnis,
1368 4141 1425 4186 ut
1475 4133 1546 4188 sit
1591 4134 1902 4202 praedicatio
1975 4136 2150 4191 omnis

557 4218 723 4274 homo
770 4218 854 4274 vel
901 4218 1140 4289 quidam,
1175 4230 1303 4276 tunc
1335 4223 1393 4275 fit
1429 4222 1739 4279 di~tributio
1788 4235 1844 4282 et
1889 4225 2147 4281 determi-

559 4312 707 4376 natio
737 4309 1178 4376 uuiversalitatis,
1224 4320 1278 4366 et
1307 4327 1504 4368 nomen
1531 4315 1674 4384 quod
1707 4317 2014 4371 universale
2041 4325 2146 4382 est,

567 4401 621 4457 id
677 4411 761 4458 est
810 4400 1001 4468 homo,
1061 4401 1438 4458 universaliter
1494 4404 1821 4474 proferimus
1873 4405 2143 4473 dicentes,

565 4495 741 4552 onmis
819 4497 980 4551 homo
1008 4537 1024 4563 ,
1081 4505 1170 4552 aut
1212 4495 1610 4568 particulariter
1640 4499 1880 4555 dicentes
1927 4499 2145 4570 quidam

557 4590 742 4656 homo,
774 4589 951 4645 onniis
994 4592 1136 4646 enim
1183 4604 1379 4646 nomen
1422 4592 1845 4650 universalitatis
1873 4593 2145 4664 signiﬁca-

2256 3387 2518 3459 cujusque
2545 3404 2703 3459 quem
2748 3391 2970 3445 nomino
2991 3430 3006 3456 ,
3040 3405 3159 3446 cum
3207 3406 3335 3446 vero
3361 3389 3478 3445 dico
3509 3389 3720 3460 quidam
3747 3390 3839 3443 llu-

2255 3495 2366 3548 mo,
2400 3497 2684 3537 numerum
2711 3491 2916 3539 tantum
2956 3484 3144 3555 rejeci,
3168 3495 3222 3539 ct
3249 3484 3314 3539 ad
3346 3485 3600 3539 unitatem
3642 3500 3839 3556 propo-

2255 3572 2504 3628 sitionem
2535 3574 2742 3646 redegi.
2778 3575 2856 3631 De
2885 3580 2991 3644 quo
3018 3584 3198 3632 autem
3225 3575 3428 3643 dicam,
3465 3576 3582 3632 haec
3612 3577 3842 3648 particu-

2257 3662 2443 3718 laritas
2470 3663 2602 3720 mihi
2625 3681 2734 3720 non
2756 3666 3016 3733 subdidit,
3041 3667 3255 3738 quidam
3279 3668 3424 3723 enim
3457 3668 3618 3725 homo
3670 3675 3842 3737 potest

2255 3771 2374 3814 esse
2406 3769 2456 3814 et
2501 3759 2749 3816 Socrates
2792 3770 2846 3816 et
2900 3761 3053 3816 Plato
3087 3769 3143 3817 et
3183 3762 3369 3818 Cicero
3399 3772 3453 3819 et
3484 3763 3842 3833 unusquisque

2253 3853 2586 3924 singulorum
2614 3870 2838 3925 quorum
2871 3854 3228 3926 proprietates
3265 3871 3294 3910 a
3344 3872 3403 3911 se
3456 3857 3507 3912 in
3552 3847 3839 3927 singulari—

2253 3945 2378 3999 tatis
2409 3946 2617 4000 ratione
2665 3955 2720 4002 et
2762 3955 2950 4002 natura
2983 3946 3212 4002 diversa:
3238 3955 3385 4001 sunt.
3421 3946 3572 4003 Unde
3604 3959 3841 4002 commo-

2253 4034 2476 4092 dissime
2505 4036 2908 4108 Theophrastus
2965 4036 3271 4107 hujusmodi
3322 4038 3674 4106 particul:=res
3723 4052 3843 4108 pra-

2254 4128 2572 4196 positiones,
2596 4129 2782 4200 quales
2804 4137 2930 4184 sunt
2957 4128 3175 4199 quidam
3207 4129 3368 4185 homo
3387 4129 3587 4198 justus,
3609 4131 3842 4199 particu-

2254 4217 2395 4274 lares
2426 4220 2732 4276 indefinitas
2767 4221 2998 4276 vocavit.
3046 4221 3256 4277 Partem
3310 4235 3540 4290 namque
3591 4220 3730 4275 tollit
3771 4237 3839 4277 ex

2255 4308 2473 4364 homine
2498 4310 2640 4381 quod
2670 4320 2752 4366 est
2779 4312 3087 4368 universale
3113 4313 3194 4367 vel
3234 4311 3492 4367 vocabulo
3516 4311 3598 4366 vel
3628 4319 3836 4366 natura.

2253 4404 2384 4475 Quae
2409 4415 2584 4462 tamen
2607 4407 2720 4478 ipsa
2750 4407 2820 4463 sit
2841 4422 2965 4476 pars
2995 4417 3050 4464 et
3080 4425 3182 4478 qua
3211 4407 3534 4479 proprietate
3574 4406 3841 4474 descripta

2255 4515 2362 4556 non
2393 4500 2720 4557 determinat
2756 4516 2856 4557 nec
2881 4500 3089 4557 definit.
3121 4501 3273 4558 Unde
3303 4500 3606 4557 universale
3636 4496 3843 4555 vocavit

2195 4599 2202 4608 ‘
2253 4594 2394 4663 quod
2425 4593 2492 4651 de
2529 4595 2774 4665 pluribus
2805 4595 3121 4651 naturaliter
3161 4611 3257 4667 pra
3275 4595 3508 4666 dicatur,
3553 4604 3609 4651 ut
3648 4593 3841 4657 homo,

557 4671 726 4740 tivum
770 4695 872 4743 cst.
923 4685 1186 4750 Quocirca
1243 4686 1287 4742 si
1341 4687 1519 4744 omnis
1545 4687 1686 4758 quod
1733 4689 2046 4746 universale
2071 4691 2146 4746 si-
2175 4671 2230 4735 D
2260 4704 2365 4745 non
2397 4687 2537 4759 quod
2581 4686 2867 4758 positione,
2897 4687 3348 4758 quemadmodum
3383 4702 3578 4744 nomen
3611 4686 3842 4741 Alexan-

555 4777 786 4846 gniﬁcat,
809 4775 876 4830 ad
939 4776 1212 4834 hominem
1257 4780 1400 4848 quod
1449 4779 1589 4835 idem
1638 4780 1811 4850 ipsum
1855 4781 2152 4843 universale

565 4877 648 4926 est
675 4867 1018 4938 adiungatur,
1048 4885 1137 4923 res
1163 4869 1500 4939 universalis,
1537 4886 1655 4942 qua:
1695 4880 1780 4928 est
1825 4871 2008 4939 homo,
2035 4875 2152 4929 uni-

559 4962 840 5020 versaliter
870 4961 1191 5032 praedicatur
1250 4963 1543 5019 secundum
1575 4963 1630 5018 id
1657 4964 1798 5034 quod
1829 4965 2076 5020 difﬂuitio
2101 4966 2151 5021 ei

557 5055 810 5124 adjicitur
839 5053 1172 5124 quantitatis.
1201 5053 1296 5109 Sin
1331 5069 1458 5110 vero
1489 5055 1688 5110 dictum
1718 5055 1901 5125 fuerit,
1933 5055 2149 5126 quidam

559 5147 743 5214 homo,
778 5156 903 5202 tunc
931 5145 1256 5215 universale,
1283 5146 1426 5217 quod
1448 5156 1531 5202 est
1561 5147 1741 5213 homo,
1777 5148 1954 5203 addita
1984 5148 2149 5220 parti-

559 5242 842 5298 cularitate
867 5257 964 5314 per
986 5240 1037 5297 id
1070 5243 1212 5312 quod
1241 5243 1291 5298 ei
1317 5245 1584 5312 adjectum
1612 5254 1696 5300 est
1721 5245 1959 5314 quidam,
1985 5247 2148 5317 parti-

564 5337 821 5394 culariter
846 5337 1135 5408 profertur,
1169 5343 1224 5392 et
1253 5336 1448 5392 dicitur
1473 5352 1562 5393 res
1591 5337 1919 5393 universalis
1942 5341 2146 5410 prolata

547 5414 979 5500 particulariter.
1009 5429 1116 5486 Sed
1147 5431 1399 5500 quoniam
1441 5431 1787 5500 particularis
1834 5440 1918 5488 est
1957 5432 2148 5503 praedi-

555 5524 722 5589 catio,
754 5525 968 5595 quidam
1007 5523 1215 5587 homo,‘
1243 5524 1580 5594 particularis
1620 5541 1809 5583 rursus
1840 5526 2147 5598 praedicatio

560 5613 792 5671 Platoris
815 5660 830 5681 ,
891 5616 961 5675 de
988 5633 1094 5673 uno
1133 5619 1274 5674 enim
1306 5619 1504 5676 dicitur
1525 5621 1741 5692 quidam
1773 5621 1958 5688 homo,
1988 5630 2044 5677 et
2081 5621 2152 5676 de

562 5719 670 5758 uno
693 5707 886 5763 dicitur
916 5709 1099 5774 Plato,
1131 5725 1236 5765 non
1279 5711 1468 5768 eodem
1505 5713 1665 5770 modo
1693 5722 1938 5786 utraeque
1981 5711 2145 5783 parti-

558 5795 768 5854 culares
804 5812 926 5854 esse
955 5799 1225 5856 dicuntur.
1261 5800 1410 5858 Plato
1435 5807 1577 5859 enim
1605 5821 1764 5860 uuam
1785 5821 1846 5860 ac
1874 5804 2146 5861 definitam

557 5886 908 5948 sutttrrtiam
955 5890 1441 5964 proprietatemque
1487 5895 1847 5963 demonstrat,
1873 5912 1994 5967 qua:
2020 5912 2150 5954 con-

2258 4783 2340 4840 dri
2364 4783 2430 4838 de
2453 4779 2690 4852 Trojano
2717 4789 2770 4836 et
2792 4780 2860 4837 de
2891 4781 3181 4837 Macedone
3203 4780 3432 4850 Philippi
3467 4781 3575 4836 tilio
3597 4779 3661 4834 dc
3682 4779 3786 4849 plu-
3804 4776 3843 4832 i-

2257 4865 2356 4934 hus
2379 4877 2596 4934 dicitur.
2628 4876 2740 4932 Hoc
2770 4875 2914 4932 cnim
2945 4876 3209 4946 positione
3249 4875 3318 4930 dc
3349 4875 3596 4944 pluribus
3627 4871 3842 4939 dit‘itur,

2257 4970 2388 5026 illud
2419 4979 2626 5024 natura.
2664 4969 2730 5022 Et
2778 4967 3143 5035 persubtiliter
3185 4966 3261 5021 ait
3285 5008 3300 5032 ,
3331 4967 3474 5036 quod
3525 4967 3574 5020 in
3609 4965 3846 5036 pluribus

2261 5075 2446 5119 natum
2478 5073 2561 5119 est
2589 5061 2888 5132 pradicari.
2918 5060 3013 5117 Est
3035 5063 3180 5117 enim
3210 5060 3328 5118 haec
3355 5059 3730 5116 universalitas
3758 5071 3847 5112 na-

2261 5156 2470 5223 turalis,
2501 5155 2646 5211 illam
2677 5170 2806 5211 vero
2843 5157 3078 5211 nominis
3103 5155 3286 5226 reique
3310 5155 3693 5226 preprietatem
3727 5166 3848 5220 qua:

2263 5247 2600 5318 particularis
2645 5255 2730 5304 est
2802 5246 3128 5318 singularem
3172 5245 3383 5300 vocavit
3431 5244 3660 5298 dicens:
3702 5241 3848 5296 Plato

2263 5357 2395 5400 vero
2433 5355 2621 5398 eorum
2645 5356 2764 5413 quae
2793 5349 2920 5396 sunt
2945 5339 3270 5411 singularia;
3314 5336 3455 5409 quod
3491 5346 3669 5391 autem
3698 5348 3851 5418 secu-

2261 5445 2349 5491 tus
2376 5443 2460 5492 est
2489 5435 2722 5490 dicens:
2761 5431 2999 5491 Necesse
3047 5442 3132 5489 est
3171 5441 3346 5487 autem
3399 5430 3683 5487 enuntiare
3725 5441 3852 5499 quos

2261 5529 2405 5586 niam
2438 5529 2577 5584 inest
2605 5525 2806 5595 aliquid
2829 5534 2921 5582 aut
2941 5541 3070 5591 non,
3103 5524 3390 5597 aliquoties
3419 5521 3634 5594 quidem
3665 5534 3851 5577 eorum

2259 5622 2422 5678 alicui
2455 5638 2576 5690 qua:
2607 5629 2731 5676 sunt
2755 5619 3106 5687 universalia,
3137 5617 3423 5690 aliquoties
3451 5625 3630 5677 autem
3665 5627 3852 5670 eorum

2265 5730 2386 5784 qua:
2411 5723 2536 5770 sunt
2565 5713 2878 5786 singularia,
2907 5710 3214 5783 hujusmodi
3235 5717 3318 5766 est
3349 5718 3597 5780 tanquam
3630 5708 3672 5763 si
3697 5707 3846 5761 dicc-

2257 5820 2338 5864 ret
2372 5827 2384 5861 :
2415 5809 2604 5864 Omnis
2633 5807 2846 5879 quidem
2879 5807 3165 5864 afﬁrmatio
3191 5815 3248 5862 et
3285 5805 3495 5876 negatio
3551 5805 3728 5861 inesse
3761 5809 3850 5860 aut

2255 5915 2365 5961 non
2401 5901 2580 5957 inesse
2627 5899 2978 5957 demonstrat.
3027 5895 3372 5971 thuidquid
3399 5895 3848 5964 enuntiatur,attt
