4270 6266
422 359 523 419 ιϐἒι

1165 356 1230 412 IN
1270 356 1522 414 LIBRUM
1566 358 1651 411 DF.
1694 357 2342 417 lN‘l‘EltPltETA'l‘lONl-J
2389 364 2616 421 murto
2657 370 2997 451 securius.

3601 385 3707 442 ιω

420 477 483 531 de
504 492 571 533 eo
596 475 738 548 quod
764 485 845 532 est
874 492 995 533 esse
1020 477 1355 547 proponitur,
1382 485 1438 530 ut
1472 473 1623 529 Plato
1651 473 2001 544 philosophus
2030 479 2085 537 Α
2113 475 2168 530 in
2192 454 2549 535 afﬁrmatione
2580 489 2635 536 et
2657 487 2942 555 negatione
2972 498 3056 546 est
3078 506 3093 556 ;
3119 502 3211 545 aut
3242 497 3385 549 en‘m
3436 495 3707 553 universa-

421 577 501 623 est
522 608 539 634 ,
564 567 678 623 haec
699 568 841 621 enim
869 568 1162 638 prapositio
1189 564 1394 623 Platoni
1418 565 1806 637 philosophiam
1831 565 2006 622 inesse

421 659 699 718 conStituit
722 702 737 727 ,
767 669 862 715 aut
903 661 970 716 de
1001 677 1065 717 eo
1091 660 1234 731 quod
1266 670 1366 727 est,
1400 676 1506 717 non
1549 661 1746 730 inesse,
1773 670 1831 716 ut
1856 660 2008 716 Plato

421 752 769 824 philosophus
806 767 909 807 non
938 760 1020 808 est
1050 770 1064 806 :
1100 753 1214 808 haec
1246 755 1387 808 enim
1431 768 1463 807 a
1510 752 1734 809 Platone
1767 752 2006 824 philoso-

421 848 601 918 phiam
625 846 886 913 dividens,
917 846 1092 902 eidem
1124 847 1515 920 philosophiam
1540 863 1649 904 non
1674 848 1851 904 inesse
1883 863 2007 920 pro-

423 943 590 1011 ponit.
628 940 764 1010 Ergo
793 941 1042 1011 quoniam
1082 956 1305 998 necesse
1345 952 1450 1008 est,
1490 950 1583 997 aut
1609 942 1808 1013 aiiQnid
1843 942 2003 1002 alicui

421 1036 597 1090 ine=se
643 1035 839 1103 dicere,
873 1045 963 1090 aut
1002 1034 1202 1105 aliquid
1247 1027 1409 1089 alicui
1467 1050 1570 1089 non
1630 1034 1831 1101 inesse,
1878 1032 2004 1089 illud

418 1142 628 1197 quoque
652 1141 873 1183 necesse
901 1136 980 1182 est
1010 1136 1071 1181 ut
1101 1126 1459 1198 intelligamus
1486 1125 1571 1182 cui
1604 1126 1782 1181 inesse
1806 1124 2002 1195 aliquid

416 1220 666 1286 dicimus,
693 1230 783 1277 aut
818 1220 1122 1276 universale
1151 1235 1293 1287 esse,
1328 1229 1384 1275 ut
1422 1234 1544 1276 cum
1572 1218 1798 1275 dicimus
1843 1218 2004 1273 homo

406 1312 569 1389 albus
601 1323 707 1378 est,
757 1312 1065 1368 albedinem
1095 1311 1387 1366 universali
1417 1313 1492 1366 rei
1521 1311 1697 1366 inesse
1739 1317 2004 1365 monstra-

415 1420 558 1473 mus,
578 1404 629 1459 id
652 1413 729 1460 est
758 1403 982 1469 homini.
1000 1410 1092 1458 aut
1112 1410 1259 1459 certe
1283 1404 1603 1473 particulare
1625 1418 1685 1457 ac
1700 1402 1968 1473 singulare
1984 1444 1998 1467 ,

417 1504 477 1550 ut
506 1496 549 1550 si
578 1496 701 1566 quis
730 1493 893 1559 dicat,
919 1492 1171 1551 Socrates
1209 1494 1362 1549 albus
1392 1504 1497 1560 εει,
1525 1493 1829 1550 albedinem
1860 1493 2000 1549 enim

418 1590 627 1665 Socrati
653 1589 913 1660 singulari
938 1588 1249 1643 substantiae
1279 1597 1333 1643 et
1360 1588 1671 1657 proprietati
1706 1587 2001 1643 incommu-

418 1680 634 1736 nicahili
667 1681 845 1735 inesse
868 1681 1220 1751 signiﬁcavit;
1251 1679 1347 1735 sed
1401 1680 1453 1734 in
1495 1680 1857 1750 singularibus
1886 1682 2001 1736 sive

417 1772 715 1827 afﬁrmetur
753 1770 975 1841 aliquid,
1019 1772 1133 1825 sive
1173 1780 1413 1841 negetur,
1463 1784 1597 1824 unus
1645 1771 2000 1841 appositionis

2115 566 2222 623 lem
2249 584 2375 661 rem
2395 573 2769 631 universaliter
2798 580 3051 648 przedicat
3073 582 3411 655 afﬁrmativc,
3446 599 3505 645 ut
3532 595 3706 649 multis

2114 660 2277 717 homo
2305 664 2501 721 animal
2530 669 2633 734 est,
2666 679 2758 723 aut
2786 672 3143 731 nnivcrsalem
3172 694 3287 734 rem
3317 682 3707 752 particulariter

2111 752 2452 823 aiﬁrmative,
2492 768 2551 813 ιιι
2593 761 2809 830 quidam
2843 764 3003 820 homo
3050 769 3247 825 animal
3300 781 3401 837 est,
3452 786 3542 830 aut
3589 778 3706 832 uni-

2111 849 2376 905 versalem
2403 864 2515 906 rem
2548 853 2929 911 universaliter
2958 861 3222 929 negative,
3256 872 3313 919 ut
3341 866 3518 923 nullus
3546 867 3706 925 homo

2118 941 2255 1011 lapis
2283 952 2387 1013 est,
2420 953 2516 998 aut
2546 945 2910 1003 universalem
2935 965 3049 1006 rem
3100 954 3444 1022 particulariti
3466 976 3493 1014 r
3541 976 3704 1033 nega-

2113 1033 2239 1101 tive,
2262 1043 2319 1089 ιιι
2347 1034 2568 1105 quidam
2584 1037 2747 1093 homo
2770 1038 2905 1109 lapis
2936 1055 3043 1096 non
3073 1050 3173 1098 est.
3198 1042 3423 1114 Oportet
3443 1058 3620 1105 autem
3651 1051 3705 1105 in

2112 1125 2195 1181 bis
2234 1142 2355 1197 qua
2406 1130 2699 1185 universali
2746 1131 3197 1192 determinationc
3249 1152 3621 1210 proponuntur
3651 1146 3704 1201 in

2110 1218 2241 1288 ipsis
2260 1219 2802 1279 determinationibus
2831 1225 2945 1281 ﬁeri
2978 1230 3340 1300 negationem,
3368 1242 3426 1288 ut
3448 1236 3698 1304 quoniam

2107 1308 2489 1367 determinatio
2520 1314 2840 1371 universalis
2883 1319 2959 1373 rei
3002 1327 3086 1375 est
3132 1319 3530 1391 universaliter,
3578 1342 3701 1384 cum

2107 1400 2356 1470 dicimus,
2385 1406 2565 1461 omnis
2599 1407 2761 1463 homo
2789 1408 2964 1479 justus
2995 1421 3100 1480 est,
3129 1413 3175 1468 si
3204 1414 3583 1473 universaliter
3610 1430 3703 1476 ne-

2105 1494 2370 1567 gabimus,
2424 1497 2666 1554 dicamus
2717 1501 2892 1557 nullus
2942 1502 3105 1561 homo
3144 1506 3322 1575 justus
3344 1519 3446 1573 est,
3476 1520 3527 1566 et
3558 1512 3701 1583 quod

2105 1588 2190 1643 aio
2213 1588 2390 1645 nullos
2418 1606 2536 1646 eam
2590 1592 3045 1650 universalitatem
3074 1611 3194 1667 qua:
3220 1607 3304 1654 est
3323 1603 3499 1656 omnis
3531 1604 3699 1660 inter-

2104 1682 2253 1753 cipit,
2268 1698 2373 1739 non
2399 1699 2516 1739 eam
2545 1700 2665 1756 qua:
2694 1695 2776 1741 est
2806 1687 2987 1743 homo.
3023 1688 3230 1747 Rursus
3256 1693 3299 1747 si
3327 1692 3466 1749 idem
3486 1696 3661 1766 ipsum
3680 1742 3693 1763 ,

2104 1775 2279 1831 omnis
2311 1775 2473 1832 homo
2498 1778 2677 1847 justus
2708 1788 2813 1844 est,
2854 1793 3052 1850 negare
3084 1783 3482 1852 particulariter
3511 1788 3696 1855 velim,

417 1862 607 1918 modus
657 1871 740 1918 est
767 1902 782 1925 ,
853 1861 992 1931 quod
1067 1861 1170 1915 vim
1242 1861 1683 1916 contradictionis
1740 1862 1998 1918 obtineat.
2033 1867 2079 1931 Β
2106 1865 2281 1922 dicam
2314 1882 2419 1924 non
2450 1871 2626 1923 omnis
2658 1871 2817 1926 homo
2835 1871 3014 1942 justus
3042 1884 3150 1942 est,
3182 1882 3282 1946 per
3311 1879 3694 1947 particularem

416 1958 549 2013 Nam
603 1957 854 2028 quoniam
908 1955 1177 2026 singulare
1238 1965 1397 2026 atque
1462 1955 1793 2011 individuum
1856 1956 1999 2012 nulla

418 2050 657 2105 lectione
705 2046 993 2113 dividitur,
1030 2046 1323 2102 secundum
1382 2047 1554 2117 ipsum
1603 2061 1814 2118 quoque
1863 2046 2002 2102 facta

419 2130 768 2203 contradictio
817 2145 1040 2216 simplex
1087 2144 1211 2198 erit.
1294 2143 1348 2197 In
1403 2141 1484 2197 his
1542 2150 1722 2198 autem
1770 2157 1891 2213 qua:
1947 2142 1999 2198 in

417 2237 816 2296 enixe-salibus
856 2236 1005 2301 ﬁunt,
1046 2249 1151 2289 non
1194 2244 1276 2288 est
1314 2248 1452 2289 unus
1497 2236 1687 2288 modus
1727 2232 2001 2289 contradi-

415 2329 629 2387 ctionis.
661 2328 791 2383 Nam
828 2341 947 2381 cum
985 2325 1127 2393 dico,
1158 2324 1418 2381 Socrates
1433 2324 1593 2380 homo
1623 2334 1724 2391 est,
1749 2324 1999 2381 Socrates

418 2421 579 2476 homo
625 2436 729 2476 non
777 2429 884 2487 est,
934 2419 1046 2474 soia
1094 2418 1396 2489 huiusmodi
1444 2419 1729 2489 oppositio,
1776 2419 1822 2473 si
1858 2408 1995 2474 ‘om-

418 2516 505 2570 nia
536 2514 552 2568 i
577 2518 623 2569 Ia
644 2515 964 2569 conveniant
986 2528 1103 2584 quae
1126 2520 1308 2569 contra
1333 2522 1769 2585 argumentorum
1794 2513 1999 2584 impor-

420 2606 623 2662 tunitat
646 2621 673 2659 ε
696 2622 854 2677 supra
878 2606 988 2677 jam
1019 2606 1157 2661 dicta
1190 2614 1334 2672 sunt,
1360 2605 1427 2660 ad
1460 2605 1758 2662 faciendam
1791 2614 2000 2660 contra-

417 2702 702 2758 dictionem
752 2702 940 2755 itlonea
990 2702 1274 2770 reperitur.
1322 2701 1415 2758 Sin
1468 2716 1599 2758 vero
1649 2702 1756 2757 tale
1798 2701 1996 2772 aliquid

418 2795 711 2865 subjectum
741 2795 809 2848 sit
864 2793 931 2848 de
973 2807 1077 2863 quo
1117 2792 1317 2861 aliquid
1370 2793 1691 2863 prmdicetur
1738 2792 1879 2863 quod
1929 2792 1999 2846 sit

418 2888 738 2954 universale,
762 2899 816 2944 et
842 2889 893 2943 in
919 2890 1157 2958 pluribus
1187 2890 1265 2961 (ιιι
1284 2889 1400 2957 ipse
1430 2888 1526 2958 ait)
1557 2898 1739 2941 natum
1768 2886 1838 2942 sit
1864 2901 1999 2955 prae-

420 2978 607 3043 dicari,
662 2993 766 3031 mn
813 2988 896 3033 est
942 2979 1165 3048 simplex
1218 2976 1488 3048 oppOsitio
1530 2975 1993 3031 contradictionis.

418 3071 549 3127 Sunt
571 3070 714 3125 enim
752 3085 932 3126 earnm
978 3070 1407 3142 propositionum
1454 3085 1575 3139 qua:
1621 3070 1690 3124 de
1719 3067 1999 3125 universa-

421 3162 557 3218 libus
602 3168 758 3218 rebus
801 3165 930 3219 ﬁunt
976 3175 1083 3219 tres
1125 3162 1459 3228 diil'erentim,
1496 3177 1599 3216 una
1642 3178 1760 3230 qua:
1805 3174 1996 3215 omnes

2110 1959 2449 2029 negationem
2509 1962 2928 2020 universalitatis
2970 1965 3076 2020 vim
3124 1967 3455 2025 interimens.
3491 1971 3546 2027 ln
3576 1986 3696 2043 par—

2108 2050 2423 2106 ticularihus
2482 2068 2610 2107 vero
2642 2069 2748 2108 non
2783 2058 2852 2109 ita
2892 2067 2995 2112 est.
3051 2057 3108 2113 Si
3147 2059 3288 2114 enim
3318 2076 3435 2117 eam
3469 2077 3587 2133 quae
3617 2074 3697 2121 est

2109 2144 2449 2215 particularis
2477 2144 2855 2201 determinatio
2886 2148 3208 2205 universalis
3236 2152 3334 2221 rei,
3364 2158 3424 2206 nt
3450 2162 3535 2209 est
3579 2156 3697 2224 qui-

2105 2236 2229 2290 dam
2278 2234 2440 2289 homo
2479 2233 2659 2303 justus
2691 2243 2797 2296 est.
2830 2250 3027 2308 negare
3058 2238 3239 2303 velim,
3298 2240 3696 2309 particulariter

2105 2327 2299 2392 dicam,
2332 2327 2547 2398 quidam
2595 2330 2757 2383 homo
2800 2328 2975 2398 justus
3002 2344 3106 2385 non
3126 2340 3227 2385 est.
3272 2330 3383 2387 Hoc
3409 2342 3585 2389 autem
3616 2335 3696 2390 id-

2103 2421 2250 2477 circo
2292 2421 2370 2486 ﬁt,
2396 2421 2649 2492 quoniam
2682 2420 2845 2476 habet
2861 2422 3142 2492 quamdam
3174 2424 3578 2482 similitudinem
3609 2438 3691 2482 at-

2104 2531 2209 2587 que
2235 2515 2636 2585 ambiguitatem
2690 2522 2867 2570 utrum
2892 2515 3272 2573 universaliter
3314 2533 3380 2572 an
3423 2520 3493 2573 sit
3533 2521 3694 2590 parti-

2078 2624 2079 2627 ‘
2104 2607 2363 2662 cularitcr
2390 2606 2617 2674 dictum,
2642 2606 2686 2660 si
2720 2606 2772 2661 in
2806 2606 3205 2663 universalibus
3235 2610 3694 2680 propositionibus

2106 2700 2367 2771 negativae
2399 2699 2677 2769 particula:
2709 2698 2775 2754 ad
2800 2699 3214 2770 praedicationes
3238 2702 3408 2771 potius
3441 2717 3599 2773 quam
3628 2703 3695 2759 ad

2107 2790 2511 2846 terminationes
2559 2799 2846 2861 ponantur.
2885 2790 2942 2845 Si
2982 2791 3123 2845 enim
3166 2800 3354 2847 contra
3388 2792 3524 2848 hanc
3551 2794 3692 2848 afﬁr-

2106 2885 2390 2940 niationem
2422 2899 2540 2950 qua:
2583 2895 2688 2950 est,
2713 2883 2890 2939 omnis
2930 2884 3091 2939 homo
3132 2885 3308 2954 justus
3352 2895 3473 2952 est,
3500 2901 3693 2957 ponam

2103 2975 2241 3031 hanc
2273 2991 2392 3045 quae
2420 2970 2572 3039 di'cit,
2610 2974 2787 3029 omnis
2830 2972 2992 3028 homo
3040 2974 3216 3044 justus
3266 2988 3371 3030 non
3419 2986 3523 3045 est,
3579 2977 3693 3051 haec

2101 3066 2235 3121 duas
2261 3082 2347 3121 res
2392 3064 2696 3135 signiﬁcare
2748 3064 3034 3130 videbitur,
3058 3065 3275 3136 etquod
3323 3066 3500 3121 nullus
3531 3066 3691 3122 homo

2098 3160 2274 3229 justus
2301 3160 2389 3226 sit,
2422 3174 2636 3214 omnem
2677 3160 2818 3215 enim
2863 3158 3132 3216 hominem
3175 3161 3378 3231 justum
3411 3178 3518 3219 non
3567 3176 3693 3219 esse

421 3258 805 3328 complectitur,
838 3269 891 3311 ut
923 3274 1045 3313 cum
1071 3258 1217 3324 dico,
1246 3260 1425 3311 omnis
1457 3256 1617 3309 homo
1643 3253 1839 3307 animal
1869 3263 1951 3306 est
1977 3268 1992 3317 ;
2024 3255 2073 3321 ο
2103 3251 2400 3322 proposuit,
2424 3259 2480 3305 et
2508 3249 2652 3321 quod
2682 3250 2790 3305 sint
2818 3250 3036 3321 quidam
3094 3251 3340 3307 homines
3387 3266 3493 3308 non
3534 3253 3689 3323 justi,

417 3349 517 3406 alia
562 3365 679 3420 qua:
709 3365 773 3405 ex
820 3349 1090 3404 indeﬁniti
1126 3348 1467 3404 multitudine
1496 3356 1550 3402 et
1576 3346 1854 3401 innumera
1885 3345 1997 3413 plu-

418 3446 628 3501 ralitate
675 3444 740 3498 ad
783 3460 943 3499 unum
1005 3442 1387 3513 propositionis
1426 3443 1532 3495 vim
1582 3438 1786 3509 colligit
1835 3447 1996 3509 atque

418 3538 753 3607 cnnssringit.
787 3536 909 3591 Ηίεε
943 3536 1243 3605 hujusmodi
1275 3545 1357 3591 est
1410 3543 1664 3604 tanquam
1700 3533 1744 3587 si
1772 3532 1891 3602 quis
1913 3531 1996 3586 di-

418 3639 521 3695 cat,
548 3632 635 3699 qui
661 3636 762 3683 :‘am
780 3630 941 3683 homo
961 3630 1157 3683 animal
1175 3637 1279 3683 est.
1295 3627 1412 3682 Alia
1435 3641 1566 3682 vero
1580 3634 1661 3681 est
1690 3640 1809 3695 quae
1823 3638 1995 3695 neque

416 3725 469 3779 in
494 3723 853 3793 pluralitatem
883 3723 1305 3794 prepositionem
1338 3721 1534 3785 tendit,
1562 3736 1737 3791 neque
1775 3720 1829 3774 in
1873 3734 1993 3788 par-

416 3822 788 3877 ticularitatem
816 3822 1027 3891 redigit,
1055 3830 1114 3876 ut
1148 3836 1209 3876 ea
1241 3833 1359 3889 qua:
1389 3817 1505 3873 sine
1537 3817 1640 3870 nlla
1670 3814 1994 3872 determina-

420 3914 566 3969 tione
618 3914 949 3986 proponitur,
981 3922 1037 3967 ut
1084 3926 1186 3977 est,
1236 3913 1396 3967 homo
1447 3911 1643 3991 animal
1695 3920 1799 3976 est,
1832 3909 1992 3963 homo

422 4005 616 4059 animal
646 4020 748 4060 non
779 4015 862 4061 est
888 4023 902 4061 :
934 4005 1053 4061 huic
1096 4004 1235 4060 enim
1268 4018 1367 4060 nec
1386 4000 1784 4073 quidam,quod
1829 3999 1992 4069 partio

419 4096 730 4165 eularitatis,
760 4112 860 4153 nec
882 4099 1084 4166 omnis,
1134 4098 1269 4168 quod
1296 4106 1380 4152 est
1429 4094 1867 4160 universalitatis,
1900 4093 1991 4146 ad-

414 4187 709 4256 iunximus.
746 4187 896 4243 Unde
922 4189 980 4243 ﬁt
1009 4188 1066 4244 ut
1109 4188 1449 4259 singularitas
1494 4185 1809 4255 simpliciter
1856 4197 1993 4254 prte-

413 4281 1216 4360 diceturhuniversalitas,vero
1262 4282 1547 4352 aliquoties
1596 4276 1989 4342 uuivcrsaliter,

414 4385 469 4429 ut
504 4376 680 4430 omnis
724 4377 887 4430 homo
929 4375 1126 4430 animal
1180 4383 1283 4439 εει,
1334 4375 1497 4428 homo
1537 4388 1624 4429 res
1674 4371 1993 4427 universalis

415 4469 781 4523 universaliter
812 4470 1094 4539 praedicata
1125 4477 1226 4523 est.
1252 4466 1384 4522 Nam
1414 4481 1535 4521 cum
1567 4466 1637 4520 sit
1678 4464 1837 4519 homo
1866 4464 1989 4517 uni-

415 4559 654 4627 versalis,
698 4561 838 4632 quod
888 4566 935 4615 ei
984 4559 1251 4631 adjectum
1304 4570 1389 4615 est
1426 4560 1624 4625 omnis,
1676 4557 1991 4612 universali-

2099 3358 2310 3398 omnem
2340 3343 2482 3397 enim
2512 3342 2780 3397 hominem
2815 3343 3028 3414 negavit
3051 3344 3255 3414 justum
3284 3358 3427 3400 esse.
3458 3342 3571 3399 Hoc
3594 3357 3691 3399 au-

2098 3442 2203 3488 tem
2225 3434 2354 3489 nihil
2378 3434 2599 3505 impedit
2618 3444 2674 3489 nt
2689 3435 2881 3506 aliquis
2908 3436 2978 3491 sit
2999 3436 3254 3507 injustas,
3272 3437 3471 3509 aliquis
3487 3437 3687 3506 justus.

2097 3524 2227 3582 Nam
2260 3525 2305 3580 si
2331 3526 2521 3597 aliquis
2549 3535 2635 3581 est
2656 3526 2854 3598 justus,
2888 3541 2993 3582 non
3045 3534 3309 3599 repugnat
3343 3542 3412 3583 ne
3451 3516 3579 3584 vera
3621 3527 3691 3583 sit

2096 3620 2392 3689 propositio
2417 3635 2535 3691 quae
2589 3619 2739 3688 dicit,
2773 3622 2948 3677 omnis
2997 3622 3160 3679 homo
3206 3624 3388 3693 justus
3435 3632 3539 3689 est,
3580 3637 3688 3680 non

2094 3722 2237 3777 enim
2281 3722 2562 3792 estjustus
2597 3724 2773 3778 omnis
2802 3724 2997 3791 homo,
3043 3726 3088 3780 si
3130 3725 3219 3780 alii
3261 3725 3392 3797 justi
3421 3724 3554 3793 sint,
3598 3726 3688 3781 alii

2096 3828 2225 3869 vero
2253 3814 2457 3884 injusui.
2490 3815 2665 3882 Quare
2706 3817 2958 3885 quoniam
3009 3816 3236 3887 duplicis
3285 3817 3689 3888 signiﬁcationis

2096 3918 2199 3975 est,
2232 3910 2432 3965 idcirco
2475 3911 2793 3965 universalis
2820 3910 3122 3979 negationis
3143 3912 3414 3978 difﬁnitio,
3450 3929 3570 3985 quae
3607 3922 3689 3969 est

2097 4003 2297 4070 nullus,
2330 4004 2650 4058 universalis
2678 4003 3051 4058 alﬁrmationis
3102 4000 3240 4059 tollit
3286 4006 3688 4061 determinatio-

2084 4107 2243 4157 τιεηι,
2273 4107 2394 4161 qua:
2444 4102 2527 4148 est
2566 4094 2766 4160 omnis,
2809 4102 2970 4161 atque
3015 4093 3135 4147 ideo
3176 4093 3229 4148 in
3280 4095 3687 4163 particularibus

2097 4181 2469 4251 negationibus
2500 4183 2566 4239 ad
2596 4184 2763 4253 ipsam
2787 4183 3246 4241 universalitatem
3269 4184 3686 4241 alﬁrmationum

2098 4275 2310 4346 negatio
2361 4290 2587 4332 necesse
2640 4284 2725 4332 est
2764 4286 3091 4349 apponatur,
3124 4285 3183 4334 nt
3228 4277 3282 4334 in
3313 4293 3379 4335 eo
3407 4279 3551 4350 quod
3607 4289 3687 4333 est

2094 4368 2271 4425 omnis
2307 4367 2470 4424 homo
2515 4369 2691 4440 justus
2719 4380 2824 4436 est,
2859 4370 2941 4425 illa
2972 4381 3056 4428 est
3093 4373 3141 4428 ei
3186 4373 3429 4444 opposita
3477 4371 3688 4441 negatio
3760 4400 3763 4403 ν

2096 4478 2217 4532 quae
2246 4470 2348 4527 est,
2384 4477 2489 4517 non
2523 4466 2697 4518 omnis
2728 4462 2889 4518 homo
2914 4464 3092 4533 justus
3129 4474 3231 4529 est,
3286 4479 3391 4519 non
3430 4462 3522 4518 illa
3573 4478 3686 4533 qua-

2096 4562 2199 4618 est,
2234 4554 2410 4607 omnis
2433 4554 2593 4608 homo
2623 4554 2795 4624 justus
2838 4568 2945 4609 non
2994 4564 3099 4620 est,
3155 4570 3221 4609 ne
3266 4555 3335 4609 sit
3379 4554 3685 4627 ambiguum

411 4659 571 4705 tatem
618 4651 992 4707 universaliter
1038 4651 1298 4721 appellari
1344 4650 1493 4707 fecit.
1550 4651 1754 4704 Rursus
1794 4657 1877 4704 est
1933 4659 1983 4700 ut
2013 4640 2071 4703 D
2100 4653 2275 4699 utrutn
2307 4645 2687 4700 universaliter
2716 4660 2782 4698 an
2824 4645 3223 4714 particulariter
3253 4655 3430 4716 neget.
3478 4646 3686 4702 Dictum

410 4745 782 4800 universalitas
814 4746 1205 4816 particulariter
1230 4745 1576 4816 pmdicetiir,
1598 4753 1654 4798 nt
1680 4758 1801 4798 cum
1845 4741 1989 4808 dEco,

408 4838 622 4909 quidam
649 4838 811 4907 homo
834 4840 1032 4893 animal
1055 4847 1159 4905 est,
1200 4835 1414 4909 quidam
1444 4837 1763 4909 particulare
1808 4835 1990 4888 deter-

407 4933 592 4998 minat,
641 4930 733 4986 sed
762 4924 1020 5002 junctum
1053 4932 1119 4986 ad
1160 4932 1431 4987 hominem
1464 4930 1822 4985 nniversalem
1866 4926 1994 4981 sub-

404 5026 651 5081 stantiam
699 5026 1096 5096 particnlariter
1125 5026 1404 5097 praedicari
1450 5026 1596 5081 fecit.
1637 5025 1729 5079 Est
1778 5036 1993 5094 quoque

405 5118 710 5175 universale
736 5134 841 5174 non
868 5119 1247 5175 universaliter
1276 5118 1593 5186 praedicare,
1627 5116 1837 5187 quoties
1871 5114 1990 5169 sine

403 5211 704 5283 adjectione
758 5210 1183 5267 universalitatis
1240 5210 1320 5265 vel
1382 5208 1816 5280 particularitatis
1864 5206 1994 5260 sim-

406 5302 614 5373 pliciter
636 5318 832 5357 nomen
851 5302 1155 5358 universale
1189 5301 1429 5372 ponitur,
1465 5308 1521 5354 ut
1549 5306 1654 5364 est,
1681 5296 1842 5351 homo
1880 5295 1995 5350 ani-

404 5395 508 5450 mal
529 5404 630 5450 est.
687 5394 1177 5451 Determinationes
1207 5403 1387 5448 autem
1419 5392 1671 5446 dicuntur
1708 5402 1829 5458 quae
1876 5402 1991 5443 rem

401 5485 762 5541 universalem
791 5487 874 5542 vel
906 5488 958 5542 in
988 5496 1159 5542 totum
1189 5485 1443 5551 fundunt,
1476 5495 1535 5540 ut
1571 5484 1772 5550 omnis,
1802 5485 1883 5539 vel
1938 5487 1990 5539 in

398 5585 612 5649 partem
640 5578 990 5645 contrahunt,
1020 5587 1078 5634 ut
1102 5579 1346 5648 quidam.
1376 5577 1562 5635 Omnis
1602 5591 1732 5631 vero
1759 5576 1841 5632 vel
1878 5578 1993 5648 qui-

398 5671 527 5725 dam
576 5667 929 5739 quantitatem
983 5671 1370 5747 propositionis
1432 5668 1796 5735 determinat,
1880 5684 1998 5738 quae

320 5818 327 5823 .
400 5764 879 5838 quantitasjuncta
907 5781 1030 5823 cum
1076 5767 1338 5838 qualitate
1380 5765 1809 5837 propositionum
1862 5776 1995 5832 qna-

402 5872 521 5924 tuor
550 5858 790 5919 variatur
811 5862 1011 5921 modis.
1056 5860 1312 5951 Qualitas.
1343 5869 1524 5920 autem
1563 5854 1993 5920 propositionum

2099 4746 2181 4791 est
2234 4736 2379 4791 enim
2430 4736 2569 4790 hanc
2615 4735 2951 4805 negationem
2986 4751 3106 4806 qua:
3154 4747 3258 4803 est,
3312 4737 3485 4793 omnis
3530 4739 3687 4790 hnmc'

2093 4828 2272 4897 justus
2314 4842 2420 4882 non
2469 4838 2573 4895 est,
2622 4837 2673 4881 et
2713 4825 3138 4882 universalitatis
3186 4826 3687 4897 interpretatirneno

2101 4920 2386 4992 designare
2431 4928 2485 4976 et
2512 4919 2951 4990 particularitatis
2984 4920 3434 4989 propositionem.
3468 4922 3675 4988 Quotie~

2102 5025 2232 5067 vero
2283 5011 2611 5082 particulare
2639 5008 2842 5079 aliquid
2887 5010 3114 5078 tollitur,
3150 5011 3202 5067 in
3236 5012 3319 5066 his
3363 5028 3466 5067 non
3486 5013 3597 5081 jam
3623 5019 3686 5065 at!

2104 5103 2628 5171 determinationem,
2659 5102 2756 5158 sed
2797 5102 2862 5157 ad
2912 5104 3258 5173 praedicatum
3301 5103 3558 5174 particula
3597 5120 3664 5159 ne

2103 5198 2333 5269 gationis
2359 5198 2665 5269 apponitur,
2697 5207 2754 5251 ut
2786 5197 2837 5251 in
2864 5211 2931 5252 eo
2958 5199 3101 5268 quod
3125 5207 3228 5265 est,
3276 5196 3495 5266 quidam
3529 5198 3687 5251 homo

2100 5290 2277 5359 justus
2306 5298 2408 5358 est,
2452 5291 2628 5345 nullus
2674 5288 2827 5356 dicit,
2892 5302 2997 5342 non
3044 5288 3259 5358 quidam
3310 5287 3472 5343 homo
3516 5288 3686 5357 justn~

2103 5395 2208 5439 εει.
2239 5383 2422 5453 Neque
2467 5384 2608 5439 enim
2663 5382 2750 5437 hic
2794 5379 2860 5434 ad
2908 5380 3411 5436 determinationetn
3452 5382 3659 5452 particu

2106 5477 2291 5542 larem,
2329 5475 2469 5546 quod
2516 5483 2597 5529 est
2649 5473 2885 5544 quidam,
2932 5471 3146 5540 negatio
3192 5472 3431 5541 ponitur,
3481 5471 3575 5528 sed
3612 5471 3687 5526 di-

2102 5571 2277 5626 cimus
2306 5569 2520 5639 quidam
2554 5569 2713 5621 homo
2738 5567 2917 5635 justus
2939 5581 3046 5619 non
3078 5573 3179 5631 est,
3207 5565 3413 5621 scilicet
3442 5566 3511 5619 ad
3557 5581 3663 5637 pra:

2102 5662 2338 5717 dicatum
2369 5659 2510 5730 quod
2542 5668 2626 5713 est
2649 5657 2845 5727 justus.
2874 5656 3028 5713 Unde
3059 5656 3220 5711 etiam
3261 5657 3326 5712 ad
3376 5656 3687 5713 indetcrmi-

2105 5764 2260 5810 natas
2290 5752 2707 5822 propositiones,
2735 5764 2855 5819 qua:
2879 5758 3007 5805 sunt
3033 5748 3150 5803 sine
3164 5750 3361 5815 omnis,
3383 5758 3473 5805 aut
3495 5750 3686 5811 nullus,

2102 5859 2196 5905 aut
2227 5845 2452 5917 alicujus
2476 5844 2949 5917 determinatione,
2981 5842 3046 5901 ad
3075 5840 3424 5919 przedicatom
3470 5855 3682 5913 semper
