4270 6266
585 412 686 471 467

1819 407 1930 465 ΑΝ.
1969 409 2174 466 MANL.
2217 408 2370 465 SEV.
2400 407 2623 465 BOETII

3017 326 3195 369 με-.

3737 403 3845 459 468

585 532 867 603 apponitur
903 528 1163 600 particula
1201 524 2013 613 negativa,utest,bomojnstus
2044 540 2150 579 non
2176 531 2232 592 Α
2256 527 2310 580 ln
2343 540 2408 581 eo
2434 526 2575 596 quod
2626 533 2711 581 est
2739 526 2904 593 ullus,
2935 527 3078 595 quod
3121 533 3204 581 est
3233 514 3607 581 diminutivum
3656 524 3832 581 unius.

584 634 687 678 est.
733 621 896 676 Nemo
925 620 1067 674 enim
1093 620 1220 673 dicit
1250 636 1352 674 non
1380 618 1539 672 homo
1557 618 1733 687 justus
1756 625 1857 680 est,
1877 617 1971 671 sed
1999 618 2157 671 homo

584 715 755 785 justus
796 720 1025 768 nonest.
1058 710 1113 766 in
1137 709 1490 779 singularibus
1506 725 1717 779 quoque
1746 724 1851 763 non
1879 708 2019 775 dico,
2053 724 2158 763 non

587 806 834 858 Socrates
874 803 1048 873 justus
1091 813 1191 867 est,
1222 803 1313 857 sed
1356 800 1603 857 Socrates
1620 802 1799 867 justus
1845 817 1950 857 non
1980 812 2080 870 est,
2106 810 2160 857 et

588 896 684 949 nisi
713 896 995 965 aliquoties
1034 895 1351 964 ambiguitas
1382 894 1671 964 impediret
1714 893 1781 947 ad
1812 892 2159 962 praalicatunt

584 1004 797 1057 semper
828 990 1033 1056 negatio
1086 1000 1395 1058 pelleretur.
1448 987 1554 1043 Sed
1600 986 1780 1041 omnia
1827 1001 2159 1057 ψιιεειιιιιμιε

584 1081 636 1132 in
669 1081 1115 1135 deiertninatione
1157 1089 1444 1147 ponuntur,
1476 1078 1595 1132 talia
1630 1086 1776 1142 sunt,
1806 1064 1923 1148 qua:
1954 1086 2043 1129 aut
2076 1086 2158 1129 to-

585 1182 692 1225 tum
743 1173 990 1241 coiligant
1029 1174 1078 1225 in
1109 1171 1445 1237 alfirmativo,
1468 1181 1523 1226 ut
1543 1178 1629 1227 est.
1650 1172 1845 1235 omnis,
1870 1179 1962 1223 aut
1990 1178 2160 1223 tritum

584 1266 848 1334 perimant
900 1264 951 1318 in
992 1264 1254 1333 negativo,
1314 1274 1367 1317 ut
1413 1273 1497 1317 et
1551 1263 1749 1326 nullus,
1792 1268 1883 1314 aut
1909 1261 2162 1329 colligant

584 1357 637 1410 in
689 1358 1010 1411 atlirtnativo
1066 1370 1291 1425 partem,
1349 1367 1404 1410 ut
1439 1366 1523 1410 est
1575 1354 1827 1424 quidam,
1877 1362 1969 1407 aut
2018 1353 2158 1407 inte-

585 1461 781 1515 ritnant
824 1463 875 1513 in
916 1463 1158 1529 ncgativo
1189 1469 1414 1528 partem,
1444 1467 1499 1512 ut
1525 1458 1740 1529 quidam
1793 1471 1921 1524 non,
1964 1464 2054 1509 aut
2106 1455 2161 1508 itt

583 1560 829 1631 ncgativo
878 1562 1141 1631 perimant
1166 1570 1333 1614 totum
1367 1558 1777 1627 particulariter,
1816 1573 1874 1629 ut
1922 1564 2006 1611 est
2053 1571 2157 1610 non

583 1655 908 1727 omnisgsed
935 1654 1144 1723 quidam
1176 1669 1280 1706 non
1329 1662 1381 1706 ct
1421 1667 1526 1707 non
1591 1653 1765 1703 omnis
1812 1648 2159 1721 particulares

586 1750 894 1818 negationes
923 1757 1065 1805 sunt.
1095 1746 1218 1821 Sive
1242 1748 1383 1800 enim
1410 1748 1529 1814 quis
1555 1760 1650 1815 par
1673 1758 1756 1809 em
1779 1758 1843 1796 ex
1881 1753 1991 1810 toto
2040 1757 2158 1795 sur-

582 1841 763 1910 ripiat.
800 1838 1115 1907 particular-0
1143 1847 1223 1891 est
1272 1836 1415 1906 quod
1462 1837 1696 1907 reliquit,
1739 1834 1860 1903 quia
1913 1848 1942 1886 a
1996 1833 2159 1889 totius

580 1936 908 2001 perfectione
929 1920 1191 1995 discessit.
1213 1928 1337 1999 Sive
1365 1927 1483 1999 quis
1515 1937 1682 1980 totum
1712 1938 1832 1978 esse
1858 1934 2016 1992 neget
2045 1923 2158 1978 sive

581 2037 787 2099 partem
820 2026 1101 2091 relinquat,
1134 2036 1347 2076 rursum
1390 2006 1720 2090 Sparticuiare
1749 2025 1831 2071 est
1858 2013 2001 2086 quod
2033 2015 2158 2068 reli-

580 2133 743 2190 quum
779 2117 853 2170 fit.
889 2116 1017 2170 Nam
1049 2128 1168 2171 cum
1200 2114 1342 2176 dico,
1376 2111 1588 2180 quidam
1633 2110 1791 2173 homo
1835 2108 2011 2175 justus
2052 2121 2159 2159 non

581 2218 686 2272 est,
715 2207 905 2262 abstuli
936 2215 1140 2279 partem
1167 2222 1182 2272 ;
1232 2212 1286 2257 et
1312 2217 1497 2257 rursus
1527 2215 1646 2255 cum
1673 2200 1818 2263 dico,
1847 2213 1952 2252 non
1983 2197 2159 2252 omnis

582 2298 745 2353 homo
765 2297 941 2367 justus
981 2304 1084 2363 est,
1126 2310 1243 2348 cum
1288 2292 1474 2363 negati
1526 2306 1762 2357 onmem,
1815 2289 2042 2359 aliquem
2070 2288 2160 2360 qui

578 2387 757 2459 justus
803 2404 911 2445 non
942 2397 1082 2442 esset
1132 2386 1364 2440 ostendi.
1415 2385 1539 2439 Ηςιιε
1568 2399 1718 2455 ergo,
1746 2398 1850 2436 non
1881 2370 2076 2448 omnis,
2105 2388 2160 2435 et

580 2480 822 2550 quidam,
864 2479 1334 2535 determinationes
1382 2477 1709 2546 planissima:
1741 2482 1887 2543 sunt,
1927 2483 1981 2529 et
2012 2488 2159 2527 com-

580 2572 729 2631 muni
778 2571 1143 2640 intelligentia:
1192 2568 1444 2636 subjecta:
1478 2585 1492 2622 :
1521 2570 1616 2623 llas
1666 2568 1783 2621 dum:
1813 2567 2161 2637 panticulares

580 2662 846 2728 [eripiunt
874 2662 1205 2735 negationes,
1232 2669 1287 2711 ttt
1310 2674 1371 2711 ea
1397 2674 1510 2727 qua:
1532 2667 1616 2711 εει
1660 2659 1872 2731 quidam
1932 2674 2036 2710 non
2065 2657 2159 2711 de-

580 2750 1006 2813 tertninationem
1042 2750 1413 2819 particaiarem
1470 2761 1646 2817 rugat,
1675 2764 1735 2802 ea
1771 2764 1898 2801 vero
1921 2765 2038 2817 qua:
2079 2742 2163 2803 est

580 2858 686 2900 thn
712 2845 887 2911 etnnis
935 2844 1289 2898 universaiem
1321 2852 1480 2913 negat
1502 2840 2029 2903 determinatiouem,
2062 2839 2159 2895 sed

580 2946 818 3008 utrinque
845 2934 1180 3008 negationem
1212 2934 1292 3005 (ut
1314 2935 1513 2988 dictum
1566 2935 1672 3002 est)
1723 2932 1775 2986 in
1826 2930 2164 3000 particularl-

580 3016 753 3095 tatetn'
787 3030 1177 3098 constringunt.
1232 3025 1385 3093 Quod
1413 3034 1590 3079 autem
1650 3024 1900 3090 dicimus,
1959 3025 2160 3087 nullus,

580 3131 857 3201 proprium
906 3128 1174 3201 quoddam
1222 3125 1434 3183 videtur
1486 3140 1611 3185 esse
1657 3125 2001 3188 vocabulum,
2053 3137 2161 3177 non

580 3223 760 3278 omnis
800 3223 943 3291 enim
991 3220 1133 3291 quod
1175 3220 1373 3279 dicitur
1433 3233 1646 3281 omnem
1706 3232 1800 3287 pur
1850 3216 2160 3270 adverbium

578 3315 884 3386 negativnm
936 3312 1080 3384 quod
1128 3322 1208 3375 est
1242 3328 1347 3373 non
1397 3310 1604 3368 adimit.
1653 3309 1856 3375 Rursus
1902 3321 2023 3361 cum
2079 3306 2153 3360 dio

580 3408 751 3473 cintus
801 3405 1017 3476 quidnm
1053 3421 1160 3471 non
1205 3408 1257 3469 in
1311 3420 1376 3459 co
1415 3403 1557 3475 quod
1597 3410 1683 3459 est
1730 3401 1944 3473 quidam
1973 3398 2163 3453 adver-

580 3496 730 3561 bium
755 3495 897 3565 quod
918 3504 1001 3563 est
1032 3511 1137 3555 non
1166 3496 1400 3557 additum
1425 3511 1453 3563 a
1482 3495 1724 3564 subjecto
1769 3494 2000 3547 termino
2041 3505 2162 3562 par-

582 3587 808 3651 ticulare
843 3594 1076 3658 sepazat.
1128 3585 1314 3651 Nullus
1344 3602 1471 3643 vero
1505 3588 1556 3653 in
1590 3585 1849 3644 vocabulo
1876 3588 1992 3655 ipso
2031 3583 2160 3655 quid

581 3687 796 3750 separet
825 3693 927 3741 non
961 3688 1241 3746 monstrat,
1284 3688 1337 3753 ct
1366 3680 1572 3734 videtur
1611 3677 2005 3750 quodammodo
2052 3693 2159 3733 non

583 3770 763 3850 petitis
791 3784 911 3837 esse
938 3770 1149 3845 negatio
1173 3784 1329 3839 quam
1360 3769 1663 3835 affirmatio,
1699 3786 1870 3837 neque
1900 3772 2042 3823 enim
2068 3767 2163 3820 ad-

583 3860 822 3927 verbium
861 3868 963 3926 est,
993 3874 1091 3927 nec
1124 3860 1449 3929 conjunctio,
1482 3861 1791 3915 adverbium
1825 3874 2054 3927 namque
2083 3867 2162 3911 at-

583 3966 688 4023 que
723 3952 1027 4021 coniunctio
1067 3952 1516 4008 declinationibus
1562 3961 1766 4007 carent.
1819 3952 2007 4007 Nullus
2036 3965 2163 4005 vero

584 4030 725 4113 quod
746 4042 975 4101 dicimus
1004 4049 1058 4097 et
1084 4044 1372 4113 generibus
1403 4044 1641 4113 subjaeet
1670 4051 1726 4098 et
1755 4042 2048 4096 inflectitur
2072 4056 2163 4096 ca-

583 4139 755 4204 sibus,
800 4137 922 4209 quid
951 4138 1107 4210 igitur
1132 4137 1257 4201 est?
1283 4153 1347 4190 an
1373 4138 1472 4193 erit
1502 4137 1742 4190 nomen?
1772 4137 1863 4190 sed
1892 4137 2031 4190 nulla
2064 4120 2167 4189 ne?

583 4230 727 4305 [atio
766 4218 958 4295 nomen
981 4243 1101 4295 esse
1144 4237 1490 4281 monstratur.
1523 4226 1658 4292 Quid
1690 4227 1759 4279 sit
1788 4241 1915 4295 ergo
1945 4227 2036 4279 tali
2080 4228 2163 4280 itt-

490 4390 497 4395 .
582 4318 933 4388 vestigatione
972 4317 1315 4385 quterendum
1347 4328 1451 4370 est.
1497 4315 1718 4369 Videtur
1747 4318 1889 4368 enim
1916 4317 2056 4386 quod
2084 4316 2167 4370 di-

584 4408 720 4462 citur
750 4408 927 4462 nullus
951 4406 1052 4460 tale
1078 4420 1198 4459 esse
1226 4414 1474 4472 tanquam
1512 4405 1556 4457 si
1578 4403 1820 4456 dicamus
1853 4418 1952 4457 nec
1995 4420 2164 4468 unus;

583 4515 707 4555 nam
736 4497 824 4570 qui
850 4501 976 4555 dicit
995 4498 1166 4553 nullus
1193 4498 1351 4552 homo
1364 4496 1555 4550 animal
1574 4504 1679 4561 est,
1711 4494 2042 4550 tantumdem
2074 4512 2167 4553 va-

586 4598 661 4651 let
703 4602 955 4666 quantum
989 4608 1086 4648 nec
1114 4606 1251 4648 unus
1299 4590 1459 4647 homo
1486 4589 1681 4645 animal
1704 4600 1806 4645 est.
1856 4588 2006 4657 Quod
2035 4604 2163 4643 vero

584 4684 815 4741 dicimus
854 4684 1019 4751 ullus,
1050 4686 1151 4740 hoc
1193 4684 1260 4739 ab
1305 4698 1371 4738 eo
1399 4682 1778 4738 diminutivum
1807 4681 2054 4751 estquod
2087 4692 2165 4737 εει

585 4792 742 4833 unus.
769 4777 1057 4832 Diminntio
1085 4792 1311 4845 namque
1338 4776 1499 4830 unius
1524 4775 1666 4829 ullus
1691 4784 1774 4829 est
1805 4783 2081 4844 tanquam,
2120 4774 2165 4827 si

586 4867 818 4923 dicerem
849 4869 1062 4932 nullus;
1112 4882 1242 4936 ergo
1268 4866 1384 4936 plus
1414 4873 1571 4934 negat
1606 4864 1846 4934 quisquis
1886 4864 2046 4916 etiam
2085 4862 2164 4915 di-

586 4957 936 5013 minutionem
967 4966 1143 5026 neget,
1190 4956 1312 5019 utsi
1360 4955 1477 5024 quis
1524 4953 1669 5007 dicat
1697 4967 1804 5005 non
1850 4951 2010 5003 modo
2057 4967 2160 5005 non

589 5050 750 5105 habet
803 5061 1068 5123 gemmam
1117 5044 1255 5115 quod
1307 5042 1477 5111 majus
1520 5050 1625 5106 est,
1666 5040 2014 5093 verumctiam
2064 5055 2163 5094 nec

508 5162 513 5169 ν
588 5141 909 5212 gemmulam
940 5137 1081 5209 quod
1112 5145 1195 5193 est
1221 5136 1415 5188 minus.
1442 5132 1530 5187 Sic
1555 5146 1684 5200 ergo
1710 5131 1800 5200 qui
1826 5143 2022 5200 negare
2048 5127 2162 5181 vult

587 5237 752 5291 etiam
799 5250 986 5305 unum,
1032 5234 1151 5302 plus
1190 5239 1345 5300 negat
1372 5227 1414 5281 si
1462 5225 1605 5279 dicat
1654 5238 1751 5278 nec
1779 5224 1951 5291 ipsum
2006 5221 2165 5275 unius

588 5325 965 5383 diminutivum
995 5322 1122 5379 illud
1149 5338 1269 5378 esse
1294 5319 1433 5392 quod
1463 5317 1660 5372 dicitur
1685 5330 1700 5368 :
1722 5324 1789 5392 nt
1814 5314 1860 5367 si
1889 5313 2007 5383 quis
2039 5315 2167 5367 velit

591 5418 771 5472 direre
810 5414 907 5472 n‘ec
932 5431 1094 5470 unum
1116 5429 1236 5471 esse
1263 5391 1528 5466 hominem
1556 5407 1606 5461 in
1637 5391 1865 5468 theatro.
1898 5405 1969 5460 ita
1998 5405 2163 5469 dicat,

592 5523 696 5562 non
731 5509 889 5564 modo
920 5507 1025 5561 illic
1048 5521 1182 5561 unus
1206 5490 1366 5559 itomo
1396 5517 1499 5556 non
1530 5508 1635 5564 est,
1656 5512 1843 5553 verum
1875 5511 1973 5552 nee
2002 5496 2159 5571 uitus.

590 5600 722 5652 Cum
756 5612 882 5668 ergo
910 5596 1140 5652 dicimus
1179 5598 1378 5661 nullus,
1400 5594 1474 5651 ita
1506 5591 1869 5661 praeponimus
1909 5597 2163 5657 tanquam

593 5693 637 5744 ιὶ
665 5691 905 5747 dicamus
934 5704 1035 5745 nec
1064 5690 1223 5744 nllus.
1249 5687 1421 5743 Tenet
1450 5687 1610 5754 igitur
1637 5683 1751 5736 haec
1797 5681 1849 5734 in
1880 5693 1940 5732 se
1978 5678 2161 5731 deter-

594 5784 833 5846 minatio,
858 5798 975 5849 qua:
990 5792 1066 5834 est
1096 5780 1293 5843 nullus,
1312 5782 1481 5832 vicem
1507 5774 1803 5845 negationis
1822 5780 1873 5826 ει
1907 5766 2161 5825 nominis.

596 5869 896 5945 ﬁegationis
926 5870 1139 5937 quidem
1166 5871 1217 5925 in
1258 5884 1321 5923 eo
1350 5867 1491 5937 quod
1513 5878 1594 5921 est
1625 5880 1743 5930 nec,
1778 5861 2165 5939 n_9t§_ligi_l_!9!;9

1903 5927 2059 5936 ...ρ-θ

2193 4632 2247 4709 9

2258 622 2332 676 ita
2362 619 2523 691 igitur
2545 620 2776 674 maxima
2801 620 2859 674 fit
2885 621 3101 688 negatio
3133 619 3208 673 rei
3236 618 3576 687 parvissima
3590 616 3730 687 quod
3756 626 3842 673 est

2260 728 2419 776 unus,
2446 714 2492 766 si
2520 714 2685 779 ipsius
2723 712 3097 781 diminutivum
3128 725 3342 781 quoque
3365 708 3669 775 subtrahat,
3697 707 3841 779 quod

2260 813 2340 858 est
2367 802 2525 856 ullus.
2554 803 2730 868 Quare
2758 813 2813 857 et
2843 817 3057 857 omnem
3105 813 3158 857 et
3188 802 3475 871 quemdam
3517 802 3694 856 statim
3736 802 3841 857 toi-

2262 894 2318 946 lit
2368 892 2599 962 negatio,
2633 906 2751 961 qua:
2796 892 2955 947 unius
3001 906 3217 961 quoque
3243 891 3416 961 ipsius
3462 890 3842 947 diminutivum

2263 986 2639 1055 praedicatione
2668 985 2937 1053 subducit,
2973 994 3029 1040 ut
3062 1000 3123 1040 ea
3151 982 3271 1053 quaé
3317 995 3401 1039 est
3452 985 3630 1040 nullus
3683 979 3845 1040 homo

2258 1075 2435 1144 justus
2460 1085 2559 1130 est.
2596 1075 2704 1130 Iioc
2727 1077 2870 1130 enim
2902 1084 3107 1130 tantum
3149 1085 3252 1142 est,
3290 1085 3539 1143 tanquam
3585 1077 3630 1131 si
3673 1077 3842 1145 dicat,

2264 1168 2367 1220 non
2398 1168 2537 1221 ullus
2570 1167 2729 1221 homo
2754 1168 2930 1235 justus
2958 1176 3059 1231 est,
3110 1166 3210 1219 hoc
3244 1167 3383 1220 idem
3416 1169 3559 1219 valet
3589 1177 3843 1235 tanquam

2265 1258 2307 1311 si
2338 1258 2559 1321 dicatur,
2580 1274 2684 1310 non
2718 1273 2852 1310 unus
2873 1257 3034 1310 homo
3060 1256 3237 1324 justus
3258 1265 3360 1309 est.
3387 1255 3565 1321 Quare
3593 1257 3847 1325 quoniam

2265 1349 2331 1401 de
2365 1348 2445 1403 his
2476 1362 2686 1416 quoque
2717 1348 3046 1401 sufficienter
3072 1347 3271 1400 dictum
3301 1356 3406 1409 est.
3447 1345 3513 1399 ad
3540 1345 3851 1415 Aristotelis

2265 1440 2425 1495 verba
2449 1440 2795 1506 consequemi
2826 1438 3015 1490 ordine
3045 1436 3347 1491 veniamus.

2341 1528 2399 1582 Si
2428 1542 2474 1580 et
2485 1544 2549 1596 go
2578 1525 2930 1579 uniersalitor
2955 1525 3183 1577 enuntiet
3207 1527 3270 1576 de
3290 1522 3580 1587 uniuersali,
3604 1524 3849 1593 quoniam

2264 1626 2337 1673 est
2358 1629 2445 1671 aut
2469 1634 2571 1671 non
2598 1627 2692 1680 est,
2718 1628 2863 1668 erant
2895 1618 2974 1667 Im:
2993 1616 3265 1668 contraria:
3306 1616 3703 1680 enuntiationes,
3732 1615 3851 1669 dico

2263 1722 2433 1764 autem
2458 1711 2508 1763 i;;
2538 1710 2814 1762 universali
2842 1709 3241 1761 enuntiationem
3265 1708 3623 1773 uniuersalem,
3650 1718 3705 1762 ut
3737 1724 3842 1762 om-

2264 1806 2342 1858 nis
2369 1804 2517 1856 ltomo
2544 1803 2692 1855 albus
2713 1811 2805 1867 est,
2838 1802 3009 1853 nullus
3035 1800 3189 1853 Itomo
3209 1802 3354 1853 albus
3380 1808 3472 1854 est.

2188 1899 2237 1961 Β
2338 1896 2648 1950 ῡαειιιυηδιιιει
2658 1908 2715 1946 re
2730 1891 3117 1959 oppositionem
3133 1888 3568 1944 contradictionis
3586 1889 3841 1956 intendit,

2263 1989 2356 2043 sed
2381 1987 2633 2056 quoniam
2654 1986 2790 2037 viam
2815 1981 3114 2051 reperiendi
3135 1980 3487 2048 ordinemque
3510 1982 3841 2049 permiscuit,

2266 2081 2463 2136 ideErco
2494 2094 2590 2134 nos
2621 2090 2832 2146 quoque
2860 2088 3023 2143 pauca
3045 2072 3288 2143 quazdam
3312 2073 3461 2141 prius
3479 2072 3723 2125 ordinata
3752 2089 3848 2128 ex-

2265 2174 2529 2244 positione
2560 2171 2935 2240 praedicemns.
2968 2182 3036 2221 ne
3070 2166 3237 2220 lector
3264 2166 3593 2221 confusionis
3616 2166 3849 2236 caligine

2262 2276 2422 2337 atque
2452 2265 2779 2319 obscuritate
2823 2261 3088 2314 turbetur.
3129 2258 3379 2315 Omnium
3420 2260 3847 2327 propositiOnum

2263 2375 2381 2430 quae
2420 2367 2539 2411 stmt
2572 2355 2874 2421 simplices,
2917 2365 3047 2419 quas
3078 2350 3404 2417 categoricas
3432 2347 3602 2403 Graeci
3633 2362 3846 2417 vocant,

2265 2467 2361 2505 nos
2408 2446 2782 2519 prmdicativas
2808 2444 2988 2498 dicere
3018 2455 3325 2511 possumus,
3357 2451 3586 2510 quatuor
3614 2450 3739 2495 stitit
3765 2440 3848 2495 di-

2266 2542 2565 2597 versitates.
2593 2542 2700 2592 Aut
2737 2536 2879 2588 enim
2911 2533 3197 2586 affirmatio
3225 2541 3348 2598 est,
3389 2541 3444 2589 et
3486 2532 3700 2598 negatio
3730 2532 3850 2595 nni.

2192 2634 2195 2639 ’
2267 2636 2507 2699 versalis,
2543 2640 2599 2685 ut
2635 2641 2718 2683 cst
2743 2628 2916 2681 omnis
2947 2628 3107 2679 homo
3136 2624 3313 2693 justus
3343 2633 3446 2688 est,
3480 2624 3656 2687 nullus
3687 2624 3850 2693 homo

2258 2729 2436 2799 justus
2474 2735 2578 2781 est.
2606 2726 2721 2779 Aut
2745 2719 3030 2775 affirmatio
3068 2727 3124 2773 et
3161 2720 3371 2787 negatio
3402 2716 3757 2785 particulatis,
3789 2724 3848 2786 ut

2266 2830 2349 2877 est
2372 2820 2587 2890 quidam
2635 2818 2796 2871 homo
2839 2816 3015 2884 jnsius
3056 2822 3158 2878 est,
3205 2812 3420 2878 quidam
3468 2809 3629 2867 homo
3670 2808 3849 2881 justus

2268 2925 2374 2963 non
2398 2920 2500 2964 est.
2526 2910 2629 2959 Aut
2650 2904 2934 2958 affirmatio
2959 2914 3012 2957 et
3040 2899 3255 2968 negatio
3277 2896 3572 2962 indefinita,
3600 2908 3657 2951 ut
3685 2901 3850 2969 bomq

2264 3002 2434 3070 justus
2465 3010 2567 3066 est,
2604 2997 2765 3050 homo
2803 2994 2980 3064 justus
3024 3010 3129 3047 non
3170 3001 3273 3047 est.
3321 2992 3429 3044 Aut
3471 2988 3539 3043 de
3592 2987 3848 3059 singulari

2268 3096 2508 3162 subjecto
2561 3080 2854 3145 affirmatio
2898 3097 2953 3142 et
3000 3090 3234 3156 negatio,
3284 3095 3341 3138 ut
3387 3082 3520 3143 Cato
3544 3082 3721 3151 justus
3743 3088 3848 3153 est,

2268 3188 2399 3241 Cato
2424 3186 2736 3254 justus.non
2765 3192 2871 3238 est.
2905 3182 3101 3237 iiarnm
3130 3195 3258 3235 vero
3281 3179 3421 3233 inter
3445 3192 3504 3234 se
3531 3177 3731 3231 veritas
3761 3174 3849 3233 fai-

2188 3268 2239 3333 0
2265 3280 2503 3345 situsque
2530 3293 2634 3331 non
2666 3292 2726 3331 se
2756 3275 2918 3329 liabet
2943 3275 3191 3329 smiliter
3212 3274 3306 3327 sed
3336 3272 3571 3325 diverse.
3601 3270 3670 3335 Et
3699 3270 3850 3338 prius

2265 3372 2333 3425 de
2380 3368 2777 3424 universaltbus
2805 3376 2965 3435 atque
3000 3363 3438 3435 particularibus,
3472 3361 3522 3415 id
3553 3372 3637 3424 est
3664 3361 3730 3413 de
3763 3359 3847 3427 bis

2263 3476 2383 3531 quae
2410 3459 2781 3515 determian
2808 3466 2934 3510 sunt
2958 3455 3241 3510 dicendum
3260 3463 3363 3516 est,
3394 3458 3512 3521 post
3532 3450 3599 3515 de
3625 3448 3845 3517 reliquis

2265 3550 2640 3620 diSput..bitur.
2667 3550 2990 3615 Disponatur
3034 3538 3164 3615 ergo
3211 3542 3497 3611 afﬁrmatio
3528 3538 3846 3611 universalis

2264 3661 2382 3716 qua:
2411 3655 2513 3707 est,
2543 3642 2720 3696 omnis
2749 3642 2911 3695 homo
2935 3639 3111 3708 justus
3138 3646 3242 3701 est,
3275 3645 3330 3691 et
3367 3644 3554 3689 contra
3585 3633 3723 3701 hanc
3751 3646 3847 3693 ne:

2266 3740 2407 3809 gaiio
2439 3734 2777 3797 universalis,
2818 3746 2936 3801 qua:
2985 3738 3090 3794 est.
3139 3728 3319 3784 nullus
3353 3730 3514 3791 homo
3537 3724 3714 3795 justus
3738 3734 3844 3787 est,

2265 3830 2377 3884 Sub
2428 3828 2510 3882 bis
2532 3836 2731 3889 autem,
2757 3823 2859 3880 sub
2902 3821 3259 3893 affirmatione
3284 3818 3501 3887 quidem
3535 3813 3843 3897 universali,

2272 3920 2605 3991 particularis
2632 3914 2918 3970 affirmatio
2944 3926 3064 3982 qua:
3091 3920 3194 3981 est,
3236 3909 3453 3980 quidam
3484 3908 3642 3961 homo
3667 3903 3841 3976 jusms

2267 4021 2391 4076 est;
2424 4009 2524 4063 sub
2569 4005 2858 4065 universali
2909 4003 3195 4071 negatione
3241 3999 3580 4070 pirticularis
3634 3995 3845 4067 negatio

2266 4122 2385 4175 qua:
2423 4113 2526 4168 est,
2559 4103 2773 4171 quidam
2820 4098 2983 4154 homo
3020 4100 3200 4165 justus
3245 4110 3351 4149 non
3392 4101 3497 4163 est.
3532 4092 3642 4159 lloc
3670 4099 3844 4161 autem

2265 4202 2597 4257 demonstrat
2626 4192 2917 4262 descriptio
2951 4188 3193 4259 subjecta
3214 4196 3242 4245 ir

3119 4316 3411 4370 liniversiils
3433 4313 3652 4373 negatio.

3116 4381 3284 4445 Nullus
3306 4382 3406 4429 ιιοιι
3421 4394 3450 4435 υ
3468 4379 3631 4441 ἱμειψξ
3654 4381 3746 4443 εει.

3107 5080 3307 5137 Quidam
3322 5077 3369 5124 ιιι
3385 5088 3463 5123 mo
3477 5074 3634 5137 iustus
3646 5082 3737 5119 non
3750 5074 3846 5127 est,

3113 5136 3180 5190 Pa
3208 5140 3422 5191 ticularls
3441 5136 3655 5197 negatio.

2268 4333 2564 4388 Uuiversalis
2587 4329 2853 4377 affirmatio.

2265 4398 2436 4448 Omnis
2458 4398 2598 4442 homo
2617 4393 2778 4453 justus
2800 4396 2893 4439 est.

2377 4525 3738 4955 ><

2381 4952 2500 4995 /

2266 5093 2465 5203 guidam
2485 5092 2627 5139 homo
2650 5088 2805 5144 iustus
2822 5094 2915 5145 est,

2308 5152 2575 5202 artit‘uiaris
2593 5150 2857 5199 aliirmalio.
2909 5154 2913 5163 '

2308 5152 2575 5202 artit‘uiaris
2593 5150 2857 5199 aliirmalio.
2909 5154 2913 5163 '

2270 5304 2361 5360 lim
2407 5302 2563 5372 igitur
2613 5297 2731 5355 dum
2779 5292 3098 5359 universalis
3128 5286 3412 5343 affirmatio
3438 5290 3491 5337 et
3513 5274 3847 5372 particttia'ris

2269 5370 2549 5451 affirmatio
2562 5389 2807 5453 dicuntur
2826 5386 3167 5453 subalternze.
3188 5381 3391 5434 Rursus
3408 5370 3723 5439 universalis
3749 5383 3845 5422 nes

2268 5487 2432 5555 gatie,
2454 5495 2507 5539 et
2530 5479 2861 5552 particularis
2885 5478 3097 5548 negatio
3117 5473 3368 5541 dicuntur
3384 5466 3741 5555 subaltcrnne,
3760 5457 3845 5511 id-

2268 5550 2675 5641 eirco-quoniam
2695 5568 3085 5642 particularitas
3101 5576 3316 5635 semper
3328 5558 3428 5635 sub
3442 5550 3841 5642 universaiitate

2267 5632 2555 5727 concludit.
2577 5664 2633 5735 in
2654 5632 2843 5733 quibus
2860 5657 2987 5729 illud
3013 5665 3093 5717 est
3119 5632 3565 5725 considerandum
3590 5643 3728 5731 quod
3756 5632 3843 5694 ubi

2269 5766 2353 5821 ιιι
2397 5754 2682 5825 afﬁrmatio
2727 5748 3042 5807 universalis
3092 5759 3248 5816 vera,
3299 5738 3586 5815 affirmatio
3633 5734 3841 5825 quoque

2272 5823 2606 5921 articulari:
2635 5857 2761 5909 Vera
2790 5850 2890 5915 est,
2923 5849 2979 5897 et
3005 5838 3091 5911 ubi
3124 5831 3337 5917 negatio
3368 5823 3686 5886 universalis
3716 5826 3838 5873 vero
