4270 6266
394 395 501 452 469

1122 399 1191 455 IN
1230 396 1485 456 LIBRUM
1527 393 1614 450 DE
1656 384 2306 449 INTERPRETATIONE
2347 390 2574 449 EDITIO
2612 395 2947 453 SECUNDA.

3658 301 3689 313 ο.

3569 376 3668 445 mi

394 516 499 575 est,
528 508 868 579 particularis
896 525 1107 581 quoque
1150 512 1363 581 negatio
1414 523 1539 564 vera
1594 515 1697 563 est.
1752 504 1881 560 Nam
1933 500 1977 556 si
2006 500 2057 562 Α
2088 499 2233 557 Ιηιεςε
2257 508 2376 559 εεεε
2399 506 2639 574 possunt.
2670 508 2740 564 Ut
2768 525 2895 565 vero
2926 525 3027 565 una
3056 524 3183 565 vera
3212 508 3298 573 sit,
3328 507 3492 562 altera
3516 506 3668 573 falsa,

393 615 525 658 vera
565 611 649 658 εει
678 604 854 658 omnis
885 604 1046 659 homo
1084 604 1280 659 animal
1327 612 1436 667 est,
1483 615 1607 655 vera
1654 610 1735 655 est
1765 598 1979 667 quidam

394 694 562 751 homo
583 695 781 751 animal
810 705 913 752 εει.
937 696 1005 751 Et
1030 696 1073 752 si
1097 711 1219 750 vera
1248 706 1327 752 est
1346 696 1594 767 quoniam
1622 693 1797 749 nullus
1820 692 1982 746 homo

395 787 534 857 lapis
562 796 666 857 est,
717 800 843 842 vera
875 798 954 843 est
984 789 1238 859 quoniam
1272 787 1484 858 quidam
1522 786 1684 841 homo
1715 786 1847 853 lapis
1876 799 1979 837 non

335 875 348 885 ’
394 888 501 937 εει.
530 882 603 936 At
630 879 674 935 si
705 878 834 935 falsa
865 881 935 935 sit
962 881 1301 950 particularis
1330 880 1639 946 affirmatio,
1686 888 1742 932 ut
1771 893 1831 932 ea
1862 891 1981 946 quas

330 1229 346 1266 ὁ

394 984 479 1029 εει
505 975 717 1045 quidam
752 976 912 1029 homo
942 974 1077 1045 lapis
1097 986 1199 1042 ρει,
1232 974 1362 1030 falsa
1412 984 1496 1030 est
1542 972 1860 1027 universalis
1901 968 1981 1024 ai-

392 1062 647 1134 firmatio,
678 1067 854 1119 omnis
896 1066 1059 1121 homo
1090 1066 1228 1133 lapis
1258 1076 1359 1121 est.
1398 1067 1540 1120 Idem
1575 1066 1626 1117 in
1673 1064 1977 1130 negatione.

391 1156 448 1211 Si
464 1157 608 1211 enim
634 1160 845 1227 negatio
861 1159 1201 1230 particularis
1225 1158 1353 1212 falsa
1377 1167 1480 1221 est,
1505 1167 1560 1211 ut
1579 1156 1791 1225 quidam
1815 1156 1978 1210 homo

334 1249 350 1331 ξ
390 1250 591 1305 animal
626 1267 730 1306 non
762 1262 876 1319 est,
910 1255 1042 1308 falsa
1089 1262 1174 1307 est
1222 1252 1567 1317 universalis,
1612 1250 1787 1305 nullus
1814 1249 1977 1303 homo

325 1340 333 1348 ’
393 1343 593 1397 animal
623 1354 725 1398 est.
773 1342 849 1399 ita
891 1354 952 1399 ut
994 1344 1305 1413 praecedunt
1352 1342 1681 1398 universales
1729 1343 1784 1396 in
1824 1356 1975 1407 vero,

392 1433 587 1489 eodem
616 1436 777 1489 modo
811 1436 1116 1504 praecedunt
1148 1436 1497 1506 particulares
1527 1436 1578 1490 in
1607 1436 1757 1489 falso.
1788 1432 1982 1490 Dicun-

394 1533 483 1579 tur
514 1540 643 1579 vero
665 1525 955 1581 afﬁrmatio
987 1527 1303 1583 universalis
1330 1536 1383 1581 et
1422 1528 1637 1596 negatio
1664 1523 1980 1579 universalis

395 1617 700 1672 contrariae.
733 1617 843 1673 lloc
867 1627 1042 1673 autem
1069 1618 1287 1683 idcirco,
1313 1618 1561 1688 quoniam
1587 1617 1977 1671 contrariorum

394 1704 701 1777 huiusmodi
733 1720 919 1764 natura
950 1724 1063 1777 εει,
1101 1719 1156 1764 ιιι
1181 1710 1489 1780 longissime
1519 1726 1546 1763 a
1591 1725 1650 1764 se
1676 1709 1893 1771 distent,
1922 1717 1978 1762 et

394 1802 438 1856 si
470 1803 699 1871 aliquam
731 1802 869 1855 inter
893 1817 951 1856 se
977 1802 1207 1856 habeant
1232 1798 1594 1865 medietatem,
1625 1816 1730 1855 non
1761 1814 1978 1867 semper

2085 595 2136 650 id
2190 582 2401 668 quoque
2441 601 2785 668 conceditur;
2842 612 2899 657 ut
2944 614 3183 673 utrmque
3235 604 3339 659 sint
3370 618 3513 661 vera:
3556 604 3671 657 fieri

2084 701 2189 740 non
2224 698 2419 755 potest,
2442 691 2740 746 sicutillud
2767 708 2977 762 quoque
3003 709 3185 749 verum
3244 707 3346 762 est,
3401 695 3671 750 contraria

2083 776 2243 831 simul
2270 793 2389 833 esse
2432 796 2535 834 nou
2583 797 2758 850 posse.
2817 784 3136 840 [lectissime
3166 786 3323 855 igitur
3351 788 3670 842 universalis

2082 872 2389 941 affirmatio,
2444 878 2869 947 unitersalisque
2910 881 3122 947 negatio
3166 884 3449 935 contrariae
3501 882 3669 936 numi-

2083 977 2297 1021 nantur.
2329 967 2674 1024 Particularis
2705 986 2880 1027 autem
2929 973 3211 1028 affirmatio
3258 990 3375 1042 qua:
3404 982 3504 1041 est,
3553 991 3669 1044 qut-

2082 1058 2204 1113 dam
2238 1064 2396 1113 homo
2417 1062 2591 1129 justus
2613 1075 2713 1129 est,
2743 1075 2795 1119 et
2820 1065 3152 1133 particularis
3180 1069 3391 1135 negatio
3421 1083 3541 1135 quae
3561 1076 3664 1133 est,

2082 1150 2295 1218 quidam
2329 1152 2491 1207 homo
2518 1154 2689 1224 justus
2710 1172 2811 1208 non
2842 1165 2945 1222 est,
2975 1156 3362 1211 universalibus
3382 1160 3668 1212 contrariis

2082 1242 2379 1297 contrarias
2410 1249 2763 1315 proprietates
2788 1248 3006 1301 habent.
3042 1248 3147 1302 [the
3178 1249 3319 1301 enim
3343 1246 3503 1302 simul
3527 1262 3669 1319 verte

2082 1342 2203 1389 esse
2235 1346 2339 1390 non
2373 1346 2614 1406 poterant
2646 1355 2661 1404 ;
2693 1351 2746 1394 ut
2773 1355 2900 1395 vero
2926 1354 3106 1395 essent
3136 1340 3293 1394 simul
3321 1340 3493 1407 fabae,
3526 1355 3669 1409 saepe

2082 1426 2254 1496 aliqua
2286 1422 2491 1484 ratione
2503 1433 2913 1487 cunccdehatur.
2935 1432 3161 1487 Particul
3181 1448 3282 1486 ires
3297 1443 3491 1487 verout
3510 1442 3667 1485 ume-

2081 1533 2185 1587 que
2198 1534 2337 1573 verm
2354 1520 2459 1575 sint
2472 1521 2686 1576 evenire
2702 1532 2896 1592 potest,
2922 1532 3230 1591 ututrmque
3258 1524 3406 1578 falsa:
3423 1526 3529 1577 sint
3554 1525 3667 1579 fieri

2084 1628 2189 1667 non
2223 1621 2435 1683 potest:
2469 1627 2522 1670 ut
2559 1619 2609 1671 in
2638 1633 2702 1671 eo
2733 1618 2872 1686 quod
2905 1630 3007 1684 est,
3032 1617 3247 1688 quidam
3288 1617 3449 1672 homo
3491 1617 3669 1687 justus

2080 1718 2185 1771 est,
2217 1724 2399 1762 verum
2423 1720 2527 1775 est;
2580 1710 2793 1780 quidam
2819 1710 3168 1779 homnjnstns
3199 1726 3302 1763 non
3328 1720 3429 1774 est,
3455 1710 3503 1764 id
3536 1726 3668 1780 quo-

2042 1870 2043 1875 ‘
2082 1814 2183 1868 que
2209 1815 2393 1853 verum
2417 1811 2498 1855 est
2528 1818 2542 1866 ;
2582 1810 2641 1855 ut
2669 1813 2906 1871 utrmque
2934 1804 3080 1858 tals-2
3124 1802 3254 1867 sint,
3285 1801 3508 1856 inveniri
3559 1817 3666 1857 non

395 1892 623 1946 alterum
656 1892 891 1961 ipsorum
924 1891 1169 1962 subjecto
1218 1893 1364 1955 insit,
1398 1902 1455 1945 ut
1481 1894 1658 1946 album
1684 1902 1737 1947 et
1764 1894 1972 1963 nigrum
2006 1878 2054 1941 Β
2084 1899 2276 1959 potest,
2310 1903 2363 1946 et
2395 1893 2444 1946 in
2476 1893 2575 1947 hoc
2605 1895 2817 1963 quidem
2851 1904 2977 1948 sunt
3018 1895 3306 1950 dissimiles
3357 1896 3664 1951 contrariis.

396 1996 502 2036 non
536 1997 819 2049 possumus
852 1982 1053 2046 dicere,
1099 1984 1350 2047 quoniam
1381 1998 1541 2037 omne
1565 1996 1761 2052 corpus
1787 1994 1878 2038 aut
1906 1986 1981 2039 al-

395 2073 522 2128 bum
560 2080 652 2127 aut
683 2076 889 2143 nigrum
915 2084 1028 2137 est;
1063 2083 1239 2139 potest
1264 2074 1410 2128 enim
1436 2089 1534 2130 nec
1563 2076 1742 2129 album
1772 2090 1871 2129 nec
1898 2076 1979 2129 n'i-

394 2180 549 2234 grum
581 2174 737 2230 esse,
791 2172 846 2218 et
887 2174 1171 2233 utrumque
1203 2165 1390 2219 falsum
1423 2182 1545 2222 esse
1573 2167 1714 2234 quod
1762 2167 1974 2229 dicitur,

394 2258 598 2317 idcirco
621 2258 871 2327 quoniam
908 2258 1116 2311 medius
1151 2267 1231 2312 est
1260 2260 1430 2315 color.
1460 2260 1613 2326 Quod
1657 2260 1702 2313 si
1745 2274 1849 2314 non
1886 2261 1979 2315 ha.

393 2351 523 2407 bent
567 2351 942 2417 medietatem,
994 2352 1218 2405 alterum
1274 2353 1510 2421 ipsorum
1544 2366 1765 2407 necesse
1794 2355 1980 2407 estin-‘-

398 2445 607 2499 haerere
647 2448 727 2498 sul
746 2442 923 2513 jectis,
948 2448 1008 2498 ut
1035 2460 1156 2499 cum
1198 2444 1430 2499 dicimus
1457 2459 1619 2498 omne
1654 2459 1849 2512 corpus
1886 2454 1978 2500 aut

394 2535 629 2603 quietum
659 2541 758 2595 est,
803 2542 897 2589 aut
922 2544 1182 2595 movetur.
1228 2533 1415 2590 horum
1450 2534 1576 2589 nihil
1608 2546 1688 2590 est
1719 2537 1973 2603 medium,

393 2632 447 2681 et
475 2639 691 2680 necesse
721 2635 800 2681 εει
824 2641 983 2681 omne
1003 2632 1196 2696 corpus
1221 2627 1300 2681 vel
1322 2626 1619 2681 consistere
1642 2627 1729 2682 vel
1750 2628 1972 2681 moveri.

395 2716 462 2773 Ut
488 2724 665 2772 autem
697 2718 749 2772 in
780 2719 967 2773 eodem
988 2720 1146 2773 simul
1166 2718 1369 2788 possint
1395 2733 1518 2773 esse
1544 2720 1830 2782 contraria,
1861 2718 1976 2774 fieri

396 2818 498 2864 non
532 2820 726 2878 potest.
751 2810 932 2881 Neque
958 2811 1103 2864 enim
1127 2810 1385 2879 possibile
1410 2820 1493 2865 est
1521 2818 1581 2865 ut
1611 2811 1750 2865 idem
1792 2811 1974 2868 album

393 2905 707 2973 nigrumque
735 2904 825 2965 sit,
856 2903 996 2973 quod
1040 2903 1095 2958 in
1136 2902 1580 2958 aitirmatiottibus
1607 2912 1664 2958 et
1689 2903 1976 2973 negationi-

390 2995 493 3049 bus
521 2995 908 3051 universalihus
936 3008 1178 3066 apparet.
1205 2995 1457 3066 N:-gativa
1491 2997 1630 3051 enim
1661 3008 1712 3051 et
1741 2997 1975 3052 aﬂirmas

395 3087 501 3143 tiva
528 3089 853 3144 universales
886 3086 1169 3157 plurimum
1211 3092 1422 3160 quidem
1457 3092 1653 3143 distant
1676 3104 1706 3142 a
1735 3105 1814 3144 se.
1842 3092 1971 3145 Nam

396 3182 538 3251 quod
568 3182 654 3236 illa
680 3183 819 3252 ponit
852 3182 1130 3249 omnibus,
1162 3183 1252 3237 illa
1284 3182 1417 3236 tollit
1438 3184 1687 3237 omnibus
1716 3191 1769 3236 et
1802 3192 1970 3237 totum

2081 1980 2299 2043 Similes
2320 1992 2497 2037 autem
2528 1986 2607 2039 eis
2638 1985 2890 2039 videntur
2914 1986 3056 2054 quod
3088 1988 3225 2040 sicut
3250 1988 3535 2040 contraria:
3566 1985 3663 2041 ali-

2042 2118 2049 2125 .
2081 2074 2290 2141 quoties
2321 2090 2502 2128 verum
2534 2074 2834 2145 falsumque
2880 2076 3143 2141 dividunt,
3190 2090 3245 2131 ut
3284 2093 3384 2131 una
3416 2094 3540 2133 vera
3573 2082 3666 2145 sit,

2080 2163 2246 2217 al:era
2282 2166 2410 2218 falsa
2431 2206 2445 2230 ,
2479 2167 2551 2220 ita
2580 2182 2791 2235 quoque
2820 2178 2875 2223 et
2912 2169 3250 2236 particularis
3281 2184 3383 2223 una
3414 2183 3535 2223 vera
3571 2185 3665 2238 po-

2082 2264 2186 2310 test
2224 2272 2364 2323 esso,
2389 2259 2554 2313 altera
2600 2260 2751 2323 Ialsa,
2786 2269 2842 2315 ιιι
2883 2259 3097 2330 quidam
3132 2260 3290 2315 homo
3338 2262 3534 2315 animal
3559 2271 3663 2328 est,

2079 2350 2294 2416 quidam
2338 2349 2497 2404 homo
2527 2351 2723 2404 animal
2756 2367 2860 2405 non
2892 2362 2992 2406 cst.
3032 2353 3264 2408 Scrvant
3294 2364 3469 2408 autem
3501 2354 3665 2409 stabi-

2080 2440 2185 2493 lem
2208 2442 2807 2513 iucominutahilemque
2852 2445 3095 2501 ordinem
3130 2455 3185 2502 et
3214 2447 3583 2503 similitudinis
3612 2457 3667 2505 et

2078 2535 2495 2590 contrarietatis.
2524 2536 2820 2592 Contraria!
2857 2544 2997 2593 enim
3025 2542 3285 2609 quoniam
3303 2551 3664 2612 possuntesse

2080 2636 2318 2695 utrmque
2349 2626 2514 2691 falsze,
2548 2627 2602 2682 in
2636 2630 3041 2699 quibuscunque
3073 2616 3323 2701 utrmque
3350 2633 3497 2686 falsm
3536 2648 3663 2686 con-

2079 2719 2256 2773 traria:
2284 2734 2356 2781 re;
2378 2720 2641 2787 criuntur,
2668 2723 2718 2775 in
2752 2722 2833 2775 his
2858 2723 3242 2777 subcontrariaa
3266 2732 3502 2793 utraeque
3525 2739 3664 2779 verat

2079 2818 2222 2863 sunt.
2256 2810 2361 2864 Sed
2388 2809 2643 2879 quoniam
2675 2823 2914 2881 utraeque
2951 2817 3236 2867 contrariae
3266 2829 3408 2868 verae
3436 2816 3663 2868 inveniri

2078 2916 2183 2955 non
2214 2911 2470 2971 possunt,
2523 2904 2643 2957 ideo
2685 2915 2927 2971 utrmque
2973 2905 3359 2959 subcnntrariae
3392 2905 3537 2959 falsze
3565 2923 3663 2961 ne-

2078 3003 2279 3063 queunt
2309 2995 2554 3063 reperiri,
2587 3006 2646 3049 ut
2669 2996 2720 3049 in
2742 3012 2806 3049 eo
2826 2998 2966 3065 quod
2993 3007 3073 3049 cst
3096 2998 3271 3050 omnis
3300 2996 3464 3050 homo
3486 2995 3662 3067 justus

2079 3093 2180 3149 est,
2210 3086 2386 3138 nullus
2421 3085 2581 3139 homo
2606 3085 2783 3155 justus
2802 3096 2905 3142 est.
2932 3087 3194 3154 Quoniam
3229 3087 3307 3140 lue
3339 3087 3485 3141 fa'sze
3515 3098 3661 3155 sunt,

2082 3175 2165 3228 ha:
2194 3190 2327 3245 quas
2370 3178 2469 3230 sub
2493 3191 2554 3231 se
2583 3176 2891 3241 continent,
2941 3178 3287 3247 particulares
3328 3193 3472 3233 verte
3516 3192 3661 3247 sunt,

395 3282 574 3345 negat.
627 3273 757 3329 Nam
784 3272 904 3345 qua:
934 3275 1065 3330 dicit
1089 3276 1264 3329 omnis
1284 3275 1637 3345 homnjustns
1665 3284 1746 3329 est
1766 3290 1979 3329 omnem
2007 3266 2058 3332 C
2088 3272 2145 3323 ut
2173 3278 2254 3322 est
2281 3269 2494 3338 quidam
2528 3270 2688 3322 homo
2717 3268 3034 3338 justus'est,
3060 3272 3276 3339 quidam
3310 3269 3662 3342 homojustus

393 3368 659 3423 hominem
696 3370 875 3437 ponit,
937 3378 1055 3437 qua:
1099 3367 1229 3422 dicit
1276 3366 1451 3422 nullus
1498 3366 1659 3421 homo
1693 3366 1869 3437 justus
1897 3378 1978 3422 est

392 3459 522 3515 nihil
552 3475 737 3515 eorum
765 3476 883 3529 qua:
912 3460 966 3514 in
997 3460 1340 3514 luimanitatis
1368 3467 1493 3514 sunt
1538 3459 1855 3514 diffinitinne
1892 3460 1978 3527 iu-

392 3563 532 3609 stum
563 3568 684 3609 esse
712 3548 980 3608 concedit.
1015 3551 1085 3607 1ι.ι
1114 3567 1243 3621 ergo
1288 3566 1317 3605 a
1364 3567 1422 3606 se
1444 3550 1751 3620 longissime
1776 3551 1978 3604 discre-

394 3647 540 3714 pant.
568 3645 758 3699 Adhuc
778 3645 823 3698 si
854 3656 916 3700 ea
944 3656 1060 3714 qua:
1082 3644 1384 3714 signilicant
1411 3644 1608 3698 habent
1636 3647 1772 3699 inter
1797 3658 1856 3698 se
1879 3644 1974 3699 ali-

390 3744 549 3808 quam
578 3734 943 3804 medietatem,
987 3752 1145 3792 unam
1193 3752 1396 3801 veram,
1441 3752 1597 3791 unam
1644 3739 1828 3793 falsam
1859 3752 1978 3795 esse

358 3866 365 3867 κ
392 3834 499 3881 non
527 3834 611 3882 est
646 3840 897 3892 necesse,
928 3839 984 3882 ut
1012 3829 1063 3882 in
1094 3843 1160 3884 eo
1189 3828 1327 3899 quod
1358 3839 1441 3884 est
1470 3828 1645 3885 onmis
1690 3831 1861 3885 homo
1891 3832 1977 3899 ju-

393 3926 513 3970 stus
529 3926 632 3982 est,
647 3917 825 3987 nullus
848 3918 1009 3973 homo
1034 3918 1210 3989 justus
1229 3910 1332 3977 est.
1352 3923 1611 3991 Quoniam
1639 3933 1812 3995 potest
1833 3915 1990 3993 quia:

396 4006 522 4062 dam
550 4020 674 4063 esse
721 4009 978 4065 medietas
1002 4050 1018 4073 ,
1048 4018 1104 4065 ut
1135 4027 1231 4067 nec
1271 4016 1447 4069 nullus
1489 4016 1649 4069 homo
1686 4016 1858 4083 justus
1883 4017 1974 4081 sit,

391 4113 516 4156 cum
542 4100 611 4155 sit
632 4100 846 4172 quidam
874 4117 890 4168 ;
914 4116 1015 4158 nec
1040 4104 1211 4158 omnis
1237 4104 1395 4159 hoino
1412 4105 1589 4175 justus
1611 4107 1698 4169 sit,
1721 4122 1839 4159 cum
1867 4120 1974 4161 non

378 4190 465 4255 sit
492 4193 730 4262 quidam.
773 4193 840 4248 Et
884 4205 1107 4264 possunt
1153 4206 1391 4267 utraeque
1433 4197 1580 4251 falsa:
1610 4206 1664 4251 et
1692 4198 1976 4252 afflrmatlo

392 4293 447 4339 ει
499 4287 711 4355 negatio
767 4286 1011 4355 reperiri.
1063 4286 1247 4358 Neque
1297 4288 1441 4341 enim
1504 4292 1688 4342 verum
1745 4297 1826 4342 est
1886 4296 1977 4343 aut

394 4386 608 4429 omnem
636 4374 907 4431 hominem
932 4377 1134 4447 justum
1164 4392 1283 4432 esse
1308 4420 1324 4445 ,
1358 4386 1449 4432 aut
1478 4379 1674 4433 nullum
1707 4380 1974 4433 hominem

393 4462 592 4532 justum
613 4474 757 4521 esse.
813 4468 1073 4536 Quocirca
1102 4479 1273 4539 potest
1297 4469 1408 4523 fieri
1438 4479 1491 4523 ut
1517 4470 1568 4524 in
1602 4470 1684 4525 his
1707 4471 1755 4524 in
1785 4472 1976 4541 quibus

396 4557 571 4625 aliqua
602 4559 861 4615 medietas
921 4562 1189 4617 invenitur
1238 4563 1551 4618 universalis
1600 4563 1885 4617 afrmalio
1923 4572 1977 4619 et

2081 3380 2188 3419 non
2228 3374 2355 3435 est;
2408 3365 2503 3418 SPd
2535 3366 2578 3420 si
2614 3366 2943 3421 universales
2974 3368 3114 3421 inter
3143 3368 3202 3421 se
3229 3381 3411 3421 verum
3446 3368 3663 3419 falsums

2081 3472 2185 3527 que
2211 3457 2477 3523 dividunt,
2507 3467 2562 3512 et
2586 3474 2687 3512 una
2721 3474 2845 3513 vera
2887 3466 2990 3527 est,
3033 3469 3084 3514 et
3113 3460 3276 3515 altera
3306 3461 3456 3525 falsa,
3492 3458 3664 3528 parti-

2079 3552 2287 3603 culares
2330 3565 2540 3619 quoque
2572 3550 2711 3605 idem
2755 3549 2979 3618 faciunt,
3027 3560 3084 3605 ιιι
3140 3554 3193 3606 in
3242 3566 3308 3607 eo
3354 3552 3501 3622 quod
3558 3563 3663 3619 est,

2080 3640 2255 3694 omnis
2281 3639 2444 3694 homo
2495 3642 2691 3695 animal
2742 3652 2846 3708 εει,
2897 3643 3073 3697 nullus
3124 3645 3283 3696 homo
3333 3641 3663 3707 animalest,

2080 3730 2399 3786 universalis
2446 3731 2735 3786 amrmatio
2783 3746 2907 3787 vera
2959 3744 3063 3799 est,
3110 3734 3241 3799 falsa
3290 3734 3522 3802 negatio.
3554 3732 3661 3789 Sed

2077 3838 2199 3878 cum
2245 3826 2365 3878 dico
2406 3824 2619 3891 quidam
2655 3826 2814 3878 homo
2856 3827 3049 3878 animal
3106 3837 3206 3889 εει,
3257 3827 3469 3895 quidam
3502 3827 3664 3879 homo

2077 3915 2273 3970 animal
2305 3930 2408 3969 non
2437 3928 2539 3980 εει,
2576 3916 2906 3983 prticularis
2932 3916 3218 3969 affirmatio
3245 3930 3368 3971 vera
3399 3928 3503 3982 est,
3530 3917 3661 3973 falsa

2079 4008 2292 4075 negatio
2322 4005 2675 4071 particularis.
2712 4006 2802 4058 llas
2854 4003 3010 4072 igitur
3055 4005 3303 4057 dicuntur
3343 4004 3663 4061 subruntra-

2077 4098 2195 4162 riae,
2227 4098 2310 4152 vel
2357 4096 2499 4165 quod
2531 4097 2630 4149 sub
2669 4094 2952 4150 contrariis
3000 4096 3185 4164 posilm
3233 4103 3377 4159 sunt,
3407 4097 3491 4149 vel
3518 4098 3660 4163 quod

2078 4192 2207 4260 ipsa:
2250 4190 2616 4259 superioribus
2664 4189 2765 4243 sub
2811 4188 3006 4257 quibus
3048 4196 3172 4242 sunt
3215 4187 3299 4260 (ut
3327 4187 3526 4241 dictum
3557 4187 3662 4258 est)

2077 4283 2373 4340 contrarias
2387 4282 2736 4349 proprietates
2752 4278 2966 4334 habent.
2985 4279 3038 4333 In
3054 4280 3151 4332 hac
3169 4281 3324 4349 igitur
3339 4286 3481 4332 recta
3498 4292 3663 4347 oppo-

2077 4377 2275 4431 sitione
2297 4372 2687 4429 contrariarum
2735 4383 2790 4429 et
2818 4374 3307 4427 subcoutrariarum
3340 4373 3391 4426 in
3422 4371 3664 4439 superio-

2077 4469 2224 4523 ribus
2253 4468 2495 4535 utrisque
2525 4464 2732 4519 falsitas
2759 4479 2879 4519 esse
2907 4473 3102 4531 potest,
3128 4479 3397 4532 nunquam
3429 4464 3659 4529 veritas;

2077 4561 2133 4613 in
2174 4559 2513 4613 inferioribus
2544 4572 2673 4610 vero
2717 4556 2958 4623 utrisque
3003 4556 3228 4621 quidem
3255 4554 3453 4607 veritas
3486 4554 3663 4607 inesse

394 4651 712 4709 universalis
751 4655 963 4726 negatio
993 4660 1272 4712 veritatem
1316 4657 1705 4728 ialsiiatemque
1752 4668 1857 4713 non
1890 4659 1972 4713 dl-

2079 4660 2271 4722 putest,
2306 4663 2574 4717 nunquam
2606 4646 2831 4701 falsitas.
2874 4644 2967 4699 Sin
3000 4658 3128 4698 vero
3149 4645 3269 4711 quis
3294 4642 3548 4708 respiciat
3574 4658 3665 4699 alii

393 4742 595 4811 vidant,
619 4746 713 4800 sed
739 4758 976 4817 utraeque
997 4748 1106 4802 sint
1130 4748 1275 4804 falsa:
1302 4753 1367 4803 ad
1422 4751 1723 4818 exemplum
1772 4751 1979 4805 scilicet

393 4838 806 4904 contrariorum,
856 4854 974 4909 qua:
1024 4841 1256 4908 aliquam
1307 4843 1444 4896 inter
1473 4854 1531 4897 se
1561 4844 1838 4897 continent
1866 4856 1977 4896 me—

392 4924 666 4983 dietatetn.
703 4929 884 4985 Potest
904 4933 1048 4984 enim
1078 4932 1133 4986 in
1154 4932 1255 4986 illis
1280 4933 1392 4988 ﬁeri
1427 4943 1484 4988 ut
1524 4942 1744 5005 utraque
1761 4941 1976 4989 contra-

395 5020 473 5075 ria
500 5021 705 5091 possint
720 5036 825 5077 non
851 5024 1027 5080 inesse
1043 5024 1309 5095 subjecto,
1332 5028 1467 5082 sicut
1492 5038 1651 5097 supra
1676 5029 1976 5084 docuimus.

396 5112 451 5166 In
480 5115 562 5169 his
588 5127 717 5169 vero
745 5128 863 5186 qua
890 5118 1180 5171 medietate
1205 5128 1409 5185 carent,
1436 5133 1655 5191 necesse
1679 5130 1761 5175 est
1788 5127 1846 5173 ut
1876 5132 1978 5174 una

394 5216 517 5259 vi-ra
546 5207 615 5261 sit
650 5210 1096 5277 semperhaltera
1128 5220 1343 5280 semper
1375 5210 1525 5265 falsa.
1552 5211 1615 5267 Ut
1644 5213 1701 5265 in
1747 5226 1813 5267 eo
1838 5210 1977 5280 quod

392 5305 495 5365 est,
528 5298 704 5353 omnis
734 5298 897 5355 homo
918 5301 1112 5357 animal
1135 5308 1237 5366 εει,
1266 5303 1443 5358 nullus
1472 5304 1631 5357 homo
1656 5306 1851 5356 animal
1875 5308 1975 5368 est,

394 5396 474 5447 hic
504 5395 897 5466 propositiones
928 5398 1237 5470 huiusmodi
1265 5411 1408 5464 sunt,
1448 5410 1501 5454 ut
1536 5416 1637 5454 una
1672 5414 1797 5453 vera
1830 5399 1895 5453 sit
1925 5409 1980 5455 et

392 5502 495 5539 una
529 5487 682 5551 fal-a,
739 5490 940 5543 idcirco
961 5493 1216 5561 quoniam
1247 5494 1386 5547 inter
1413 5492 1607 5546 animal
1632 5506 1750 5546 esse
1778 5500 1831 5545 et
1872 5504 1978 5547 non

391 5586 514 5630 esse
557 5577 690 5632 nihil
740 5578 963 5635 interest
991 5582 1059 5635 ad
1110 5590 1295 5637 eorum
1328 5582 1534 5637 scilicet
1590 5581 1979 5637 contrariorum

394 5670 800 5728 sitnillludinetn
845 5686 965 5744 quae
1014 5676 1303 5733 medietate
1347 5686 1551 5733 carent.
1607 5678 1665 5733 In
1704 5676 1809 5733 illis
1840 5678 1981 5734 enim

396 5779 510 5819 nec:
533 5772 618 5821 sse
640 5776 758 5820 erat
786 5766 1014 5823 alterum
1062 5769 1238 5825 inesse
1282 5769 1545 5839 subjecto.
1576 5771 1663 5827 Sic
1695 5785 1819 5841 ergo
1867 5771 1982 5825 uni-

397 5861 620 5919 versatis
667 5855 957 5929 afﬁrmatio
1011 5870 1067 5930 et
1118 5863 1433 5925 universalis
1478 5865 1694 5933 negatio
1742 5873 1984 5929 intrantis

2081 4745 2333 4816 gulares,
2380 4750 2434 4796 et
2483 4739 2844 4793 ttniversnlem
2885 4735 3300 4790 allit‘lltztiiout'm
3356 4734 3665 4803 particulari

2081 4846 2313 4910 opponat
2337 4834 2638 4905 negatioui,
2672 4831 3141 4899 universaletnque
3172 4830 3510 4900 negationem
3546 4844 3665 4895 par-

2081 4929 2293 4987 ticufari
2349 4934 2624 4997 comparet
2671 4923 3031 4983 afllrmationi.
3087 4938 3192 4977 una
3248 4936 3373 4977 vera
3425 4934 3662 4989 semper,

2084 5022 2215 5078 falsa
2247 5022 2412 5076 altera
2454 5019 2772 5089 reperietur.
2820 5016 2929 5072 Nec
2975 5030 3209 5085 unquam
3260 5013 3372 5068 fieri
3406 5020 3581 5081 potest
3608 5022 3666 5065 ιιι

2085 5115 2441 5172 afﬁrmatione
2464 5113 2750 5167 universali
2778 5126 2926 5173 vcra,
2948 5109 3291 5181 partienlaris
3318 5105 3530 5174 negatio
3558 5118 3664 5157 non

2082 5211 2213 5265 falsa
2243 5208 2331 5275 sit,
2381 5206 2464 5261 vel
2511 5204 2610 5259 hnc
2663 5212 2787 5257 vera
2841 5215 2949 5255 non
3001 5200 3148 5254 illam
3180 5200 3434 5252 continuo
3462 5193 3665 5247 falsitas

2086 5301 2466 5370 subsequatur.
2504 5296 2706 5351 Rursus
2730 5296 2773 5347 si
2807 5292 3017 5361 uegatio
3047 5287 3363 5344 universalis
3394 5300 3518 5339 vera
3555 5293 3663 5350 est.
3720 5322 3733 5339 .

2082 5395 2210 5450 falsa
2267 5391 2603 5462 particulatis
2655 5386 2967 5445 affirmatio;
3027 5383 3073 5437 si
3126 5378 3461 5450 particularis
3504 5375 3658 5432 afflr-
3724 5374 3727 5377 ’

2084 5489 2250 5540 matio
2281 5499 2401 5539 vera
2419 5493 2521 5547 est,
2541 5480 2670 5535 falsa
2695 5475 3009 5531 universalis
3030 5472 3241 5544 negatio
3262 5480 3365 5529 est.
3390 5470 3541 5526 Licet
3565 5483 3666 5523 au-

2088 5589 2192 5635 tem
2217 5578 2317 5632 hoc
2345 5586 2399 5630 et
2426 5577 2480 5629 in
2510 5572 2745 5639 Sttltjrcm
2775 5566 3138 5635 descriptione
3165 5564 3361 5627 metiri,
3390 5574 3444 5619 ει
3468 5564 3522 5617 in
3547 5561 3667 5617 aliis

2086 5680 2299 5741 quoque
2329 5662 2573 5720 terminis
2596 5673 2943 5730 quoscunque
2971 5655 3075 5711 sibi
3100 5666 3253 5709 mens
3276 5652 3670 5707 considerantis
3722 5690 3731 5713 ί

2084 5757 2376 5825 aftinxerit,
2408 5757 2547 5813 idem
2590 5752 2811 5819 videbit,
2843 5766 2967 5807 nam
3011 5751 3065 5803 in
3095 5763 3160 5802 eo
3186 5745 3331 5817 quod
3356 5752 3463 5810 εει,
3492 5742 3669 5800 utnnis

2088 5858 2251 5915 homo
2279 5854 2452 5927 justus
2490 5860 2594 5926 est,
2650 5850 2903 5921 quoniam
2951 5845 3069 5915 lucc
3095 5840 3226 5909 falsa
3255 5850 3356 5909 est,
3387 5852 3515 5895 vera
3562 5841 3667 5905 eat.
