4270 6266
636 392 698 445 τι
1830 398 1939 451 ΑΝ.
1980 398 2187 454 MANL.

2250 399 2381 455 BEV.
2420 402 2639 457 ΒΟΕΤΙΙ

3756 407 3864 464 472

595 508 809 579 quidam
855 507 1010 561 homo
1055 506 1233 575 justus
1275 521 1379 563 non
1410 517 1511 565 est.
1551 510 1614 565 Et
1658 523 1843 567 rursus
1872 512 1923 566 in
1950 526 2015 567 eo
2041 513 2182 582 quod
2214 513 2257 573 Α
2288 522 2447 579 atque
2504 514 2623 570 ideo
2679 515 2760 569 hre
2845 526 3028 572 contra
3087 518 3417 573 universales
3494 522 3861 577 universaliter

595 612 697 669 est,
730 602 902 655 nullus
935 600 1292 669 hoinojustus
1340 612 1443 667 est,
1492 603 1742 673 quoniam
1795 604 1921 659 falsa
1964 606 2173 674 negatio

595 705 697 759 est,
728 710 853 749 vera
877 702 959 747 est
980 693 1285 760 afﬁrmatio,
1304 696 1522 767 quidam
1549 699 1708 753 homo
1725 698 1903 767 justus
1922 708 2026 754 est.
2052 699 2175 754 llaec

594 794 773 840 autem
802 786 1120 840 universalis
1149 786 1437 841 afﬁrmatio
1483 796 1537 843 et
1590 789 1923 858 particularis
1965 790 2174 860 negatio

594 895 715 947 quae
747 888 871 934 sunt
901 881 1202 951 angulares,
1235 890 1287 936 et
1314 881 1634 938 universalis
1661 883 1893 953 negatio,
1934 892 1987 938 et
2013 884 2174 954 parti-

594 972 794 1026 cularis
823 972 1071 1027 aftirtnati
1097 996 1137 1038 ι,
1168 989 1285 1042 qua:
1320 975 1445 1042 ipsa;
1474 990 1684 1047 quoque
1705 984 1828 1030 sunt
1868 976 2170 1044 angulares,

594 1065 1026 1120 contradictori-ac
1073 1066 1433 1122 nominantur.
1494 1069 1558 1121 Et
1587 1066 1703 1123 lucc
1750 1068 1835 1122 illa
1892 1077 1974 1123 est
2015 1083 2171 1138 quam

595 1159 788 1229 qurcrit
827 1159 1181 1215 contradictio
1224 1160 1274 1214 in
1304 1175 1407 1231 qua
1432 1175 1531 1216 una
1563 1175 1780 1232 semper
1808 1177 1952 1231 vera,
2005 1162 2174 1218 altera

596 1268 808 1323 semper
835 1253 963 1309 falsa
996 1254 1083 1307 sit.
1117 1253 1422 1323 Superioris
1443 1265 1618 1311 autem
1642 1256 2011 1325 disputationis
2039 1255 2175 1309 inte-

597 1360 747 1416 grum
778 1346 1152 1413 descriptionis
1201 1346 1530 1403 subdidimus
1580 1350 1871 1419 exemplar,
1914 1358 2178 1419 quatenus

595 1439 738 1505 quod
812 1438 991 1492 animo
1048 1439 1477 1511 cogitationeque
1524 1452 1844 1513 conceptum
1897 1452 1978 1498 est
2009 1442 2178 1500 oculis

596 1530 895 1599 expositum
921 1533 1190 1587 memoria:
1224 1535 1460 1591 tenacius
1482 1536 1746 1605 inﬁgatur.

658 1620 925 1675 Afﬁrmatio
942 1623 1250 1677 universalis.
1564 1628 1772 1691 Negatio
1802 1630 2110 1682 universalis.

828 1888 1281 2257 (ω
1332 2004 1407 2055 γε.
1613 2004 1696 2045 mo
1718 1971 1885 2083 tuitus
1939 2098 1944 2107 Ι

824 2079 1001 2287 \‘(fi
1224 2113 1551 2285 cur
1617 2079 1940 2240 “1/

831 2403 837 2417 .
977 2286 1117 2414 se
1254 2274 1350 2372 ⁰⁴δ
1383 2272 1490 2375 s"
1671 2307 1788 2429 ἓξ

774 2478 779 2483 ,
976 2265 1855 2538 iris-“evil

776 2757 781 2763 -
922 2696 1191 2793 “uultus
1300 2727 1460 2781 tranat
1619 2730 1697 2768 πιο
1726 2704 1899 2801 ill-{hu

660 3082 923 3135 Amrmatio
948 3080 1261 3144 particularis.
1566 3079 1772 3139 Negatio
1798 3080 2115 3143 particularts.

599 3196 694 3256 His
722 3212 849 3267 ergo
881 3198 948 3251 ita
978 3210 1099 3251 sese
1136 3192 1478 3262 habentibus,
1512 3192 1815 3249 indeﬁnitas
1850 3192 2178 3261 propositio-

2278 607 2595 688 prazdiratas
2636 608 2836 663 faciunt
2882 609 3386 665 contradictionem.
3414 609 3546 665 Nam
3595 611 3639 666 si
3677 624 3865 668 contra

2276 701 2422 756 illam
2470 716 2586 772 quae
2617 712 2698 755 est
2724 703 2900 757 omnis
2946 703 3108 758 homo
3153 704 3331 773 jusms
3366 714 3450 759 est
3493 718 3555 758 ea
3613 720 3739 775 qua:
3786 717 3869 762 est

2278 793 2437 848 homo
2479 793 2656 863 justus
2697 809 2802 849 non
2853 803 2956 863 est,
3016 795 3066 849 in
3098 796 3441 864 oppositione
3488 797 3866 863 constituatur,

2279 901 2379 940 una
2408 900 2623 955 semper
2649 900 2775 940 vera
2799 894 2901 949 est,
2942 886 3110 940 altera
3143 885 3297 941 falsa.
3333 885 3399 939 Et
3430 885 3473 940 si
3520 897 3709 943 contra
3750 904 3868 944 eam

2277 990 2396 1046 qua:
2424 986 2506 1031 est
2560 976 2732 1031 nullus
2757 976 2916 1031 homo
2942 977 3117 1046 justus
3164 985 3247 1032 est
3304 976 3577 1032 indeﬁnita
3626 972 3869 1048 proposi-

2279 1072 2352 1128 tio
2373 1088 2489 1143 qum
2515 1082 2618 1134 est,
2645 1074 2805 1127 homo
2823 1072 2997 1140 justus
3020 1081 3104 1127 est
3147 1082 3472 1142 opponatur,
3501 1087 3687 1129 verum
3724 1075 3866 1130 inter

2278 1180 2336 1221 se
2364 1166 2755 1235 propositiones
2780 1165 3081 1235 falsumque
3103 1164 3449 1230 distribuunt,
3472 1165 3610 1220 sicut
3632 1166 3870 1221 deﬁnita!

2280 1271 2490 1327 quoque
2514 1256 2895 1310 universalium
2928 1255 3343 1324 propositiones,
3375 1256 3665 1311 secundum
3700 1259 3873 1326 parti-

2281 1348 2493 1403 culares
2517 1356 2677 1418 atque
2710 1348 3045 1402 universales
3070 1349 3330 1418 opposita!
3358 1350 3699 1415 quantitates,
3745 1364 3872 1405 con-

2296 1444 2634 1500 tradictorias
2668 1443 2867 1497 faciunt
2909 1442 3295 1511 oppositiones.
3341 1442 3519 1508 Quare
3547 1451 3756 1498 constat
3781 1458 3872 1500 ea!

2281 1552 2400 1607 qua:
2430 1534 2728 1590 universale
2751 1550 2856 1588 non
2889 1535 3265 1589 universaliter
3289 1534 3586 1604 proferunt,
3650 1546 3703 1590 et
3742 1549 3865 1592 sunt
3914 1594 3923 1602 ,

2283 1629 2591 1690 indeﬁnite},
2618 1642 2788 1698 neque
2806 1627 3128 1696 particulare
3155 1642 3328 1697 neque
3353 1627 3652 1681 universale
3678 1629 3853 1697 profe-

2284 1731 2484 1781 rrntes.
2520 1722 2660 1789 ipsas
2688 1718 2903 1787 quidem
2933 1734 3037 1771 non
3071 1732 3284 1786 semper
3315 1717 3453 1770 inter
3481 1733 3541 1772 se
3568 1734 3749 1772 verum
3779 1718 3872 1772 fal-

2285 1826 2512 1882 sumque
2540 1810 2809 1874 dividere,
2840 1809 3255 1881 particularibus
3293 1818 3470 1864 tamen
3500 1810 3734 1865 deﬁn'tis
3756 1826 3872 1868 esse

2206 1894 2254 1954 Β
2280 1907 2607 1963 consimiles.
2634 1904 2939 1975 Singulares
2964 1919 3091 1958 vero
3120 1919 3237 1974 quae
3265 1915 3388 1959 sunt
3428 1920 3591 1958 unum
3652 1906 3871 1974 opposi-

2283 2001 2444 2054 tionis
2472 1999 2685 2054 modum
2714 2001 2852 2054 inter
2880 2013 2939 2053 se
2969 2007 3150 2053 tenent
3182 2015 3196 2049 :
3231 1997 3325 2052 has
3351 1999 3394 2052 si
3426 1998 3490 2051 ad
3516 1997 3658 2052 idem
3695 1997 3872 2069 subje-

2285 2104 2454 2158 ctum,
2485 2092 2553 2147 ad
2583 2092 2723 2148 idem
2768 2092 3133 2161 prtedicatum,
3177 2091 3242 2169 ad
3273 2090 3516 2145 eamdem
3546 2100 3773 2160 partem,
3807 2093 3873 2146 ad

2283 2186 2423 2240 idem
2453 2194 2778 2254 tcmpus,au
2815 2182 3058 2239 eamdem
3102 2182 3437 2247 relationem,
3483 2184 3675 2238 eodem
3716 2184 3874 2239 modo

2284 2277 2647 2346 proposueris,
2681 2277 2821 2331 inter
2840 2292 2899 2331 se
2929 2291 3114 2331 verum
3140 2276 3407 2331 falsumve
3438 2276 3782 2342 distribuunt,
3812 2286 3869 2330 ut

2284 2380 2369 2425 est
2392 2370 2645 2426 Socrates
2672 2369 2852 2439 justus
2880 2378 2983 2434 est,
3008 2369 3259 2425 Socrates
3284 2370 3462 2438 justus
3482 2383 3585 2424 non
3614 2380 3715 2424 est.
3738 2368 3873 2424 Sunt

2285 2464 2444 2533 igitur
2468 2462 2588 2518 date
2620 2460 3097 2526 contradictiones,
3131 2475 3232 2515 una
3266 2476 3385 2531 quas
3415 2460 3472 2515 ﬁt
3512 2462 3562 2515 in
3594 2460 3873 2515 universa-

2285 2555 2424 2610 libus
2458 2554 2785 2625 angulariter
2815 2553 3220 2623 particularibus
3251 2562 3434 2607 contra
3469 2551 3676 2622 positis,
3708 2552 3875 2606 altera

2285 2662 2403 2717 quae
2433 2646 2491 2701 ﬁt
2524 2648 2577 2701 in
2606 2645 2965 2716 singularibus
2989 2659 3111 2699 cum
3144 2643 3396 2699 omnibus
3425 2644 3508 2698 his
3539 2658 3671 2711 quas
3704 2642 3755 2697 in
3784 2658 3873 2697 so-

2287 2737 2534 2808 phisticis
2565 2736 2807 2793 elenchis
2838 2736 3086 2805 exposuit
3129 2734 3667 2789 dcterminationibus
3713 2748 3873 2804 oppo-

2285 2832 2425 2887 sitis.
2459 2831 2641 2898 Quare
2672 2830 2923 2901 quoniam
2957 2828 3409 2898 quemadmodum
3439 2844 3496 2883 se
3529 2828 3728 2885 habent
3758 2844 3875 2899 pro-

2288 2924 2600 2993 positiones,
2629 2936 2839 2993 quoque
2878 2921 3038 2976 modo
3069 2921 3264 2985 faciant
3296 2921 3743 2976 contradictorias
3776 2936 3871 2991 op-

2289 3014 2583 3086 positiones
2630 3012 3001 3079 ostendimus,
3058 3012 3124 3066 ad
3182 3012 3294 3082 ipsa
3353 3012 3662 3069 Aristotelis
3717 3013 3875 3068 verba

2289 3105 2590 3169 veniamus,
2620 3104 2671 3158 in
2702 3102 2895 3173 quibus
2933 3118 3024 3172 per
3054 3103 3169 3157 haec
3200 3112 3321 3158 ante
3344 3102 3553 3172 cognita
3582 3102 3754 3158 facilis
3788 3118 3875 3173 po-

2292 3197 2417 3252 terit
2443 3197 2660 3252 evenire
2690 3195 2949 3266 cognitio:
2978 3195 3281 3265 Superioris
3314 3194 3692 3264 descriptionis
3716 3196 3875 3251 intel-

598 3304 698 3344 nes
723 3288 1129 3358 singularesque
1164 3286 1457 3351 videamus,
1508 3294 1563 3341 et
1602 3284 1830 3353 primum
1857 3282 1924 3337 de
1962 3282 2186 3338 inﬁnitis
2210 3275 2259 3338 C
2294 3289 2566 3358 ligentiam
2603 3287 2812 3357 plenius
2838 3294 3006 3342 notat.
3033 3287 3122 3340 Ait
3141 3288 3285 3341 enim
3313 3288 3527 3355 quando
3554 3302 3639 3343 res
3664 3288 3875 3343 univer.

599 3381 979 3450 disputandum
1007 3390 1108 3437 est.
1144 3380 1438 3436 indeﬁnite
1469 3378 1629 3448 igitur
1656 3392 1754 3448 per
1794 3392 1853 3430 se
1900 3377 2185 3431 veritatem

602 3475 998 3545 falsitatemque
1026 3488 1132 3528 non
1160 3472 1440 3536 dividunt;
1470 3469 1670 3526 etenim
1697 3484 1817 3524 cum
1842 3468 1986 3535 dico,
2022 3466 2183 3523 homo

600 3570 775 3639 iustus
799 3577 903 3632 est:
934 3568 1091 3621 homo
1109 3566 1281 3635 justus
1310 3578 1415 3620 non
1443 3572 1545 3627 est,
1594 3572 1847 3631 utrasque
1877 3574 2029 3615 veras
2057 3575 2187 3615 con-

604 3660 759 3731 tingit
786 3674 905 3716 esse
933 3658 1260 3713 indeﬁnitas.
1290 3655 1547 3725 Quocirca
1581 3667 1674 3709 eas
1700 3668 1731 3706 a
1758 3652 2186 3708 contradictione

606 3766 914 3821 separamus
958 3749 1356 3826 :contradictio
1409 3761 1639 3816 namque
1696 3744 2041 3800 constituitur
2095 3744 2188 3815 (nt

608 3858 750 3915 stupe
775 3842 979 3897 dictum
1016 3843 1121 3911 est)
1143 3856 1209 3897 eo
1248 3840 1390 3911 quod
1441 3853 1711 3909 nunquam
1768 3845 2007 3905 utraeque
2042 3850 2185 3892 vera:

609 3946 701 3990 aut
732 3946 969 4006 utrasque
997 3933 1143 3990 falsae
1196 3933 1417 4003 reperiri
1454 3940 1672 4001 queant,
1704 3930 1799 3986 sed
1826 3938 1928 3984 tina
1973 3942 2187 3996 semper

611 4027 782 4082 verita
810 4026 878 4092 is,
923 4026 1091 4081 altera
1137 4023 1386 4078 falsitatis
1416 4037 1584 4092 capax
1619 4030 1720 4077 est.
1752 4019 1858 4075 Sed
1900 4034 2021 4089 qua:
2064 4017 2186 4071 uni-

611 4121 975 4179 vcrsalitatcm
1002 4118 1280 4191 proferunt
1308 4117 1660 4183 indeﬁnitam,
1700 4116 1802 4169 illa:
1849 4113 2186 4168 deﬁnitarum

608 4215 1011 4285 particularium
1039 4213 1145 4267 vim
1177 4220 1382 4267 tenent.
1415 4209 1547 4265 Tale
1586 4209 1728 4264 enim
1755 4215 1839 4263 est
1868 4205 2011 4275 quod
2042 4205 2185 4265 dico.

608 4309 771 4363 homo
814 4307 995 4377 justus
1025 4311 1127 4368 est,
1162 4312 1412 4371 tanquam
1458 4301 1501 4354 si
1546 4301 1741 4365 dicam,
1770 4299 1985 4365 quidam
2028 4297 2189 4351 homo

610 4403 783 4470 justus
802 4408 916 4463 est;
940 4406 995 4454 et
1030 4409 1219 4473 rursus,
1240 4394 1343 4449 tale
1365 4404 1444 4449 est
1473 4393 1614 4464 quod
1638 4392 1779 4455 dico,
1823 4390 1984 4445 homo
2018 4390 2191 4458 justus

605 4508 721 4548 non
750 4503 853 4557 est,
885 4502 1133 4561 tanquam
1164 4488 1205 4543 si
1235 4485 1431 4550 dicam,
1460 4484 1676 4555 quidam
1704 4483 1864 4537 homo
1883 4482 2058 4551 justus
2084 4495 2189 4534 non

612 4595 715 4641 est.
750 4585 860 4640 Hoc
892 4585 977 4639 illa
1029 4598 1115 4639 res
1142 4580 1422 4653 approbat,
1454 4578 1593 4649 quod
1622 4573 2072 4649 quemadmodum
2096 4574 2190 4629 de-

2293 3383 2421 3436 salis
2454 3380 2826 3435 universaliter
2854 3380 3187 3449 designatur,
3223 3387 3278 3435 et
3306 3394 3423 3434 eam
3453 3381 3571 3450 quis
3596 3380 3874 3436 universa—

2295 3475 2416 3528 liter
2462 3473 2713 3535 aftlrniat,
2763 3471 2805 3526 si
2848 3471 3091 3527 eamdem
3122 3471 3260 3526 alius
3292 3472 3664 3527 universaliter
3688 3482 3874 3543 neget,

2295 3567 2364 3620 ita
2396 3564 2612 3620 sibimet
2642 3572 2981 3633 comparatas
3004 3565 3398 3631 propositiones
3414 3580 3535 3621 esse
3557 3568 3878 3621 contrarias.

2293 3664 2471 3728 Atque
2499 3659 2552 3712 in
2579 3658 2680 3712 hoc
2704 3671 2855 3711 suam
2894 3659 3214 3712 sententiam
3253 3658 3588 3714 manifestius
3617 3661 3872 3717 ostendit.

2297 3750 2386 3805 Ait
2411 3750 2578 3812 cnim,
2603 3748 2724 3801 dico
2749 3755 2927 3801 autem
2956 3748 3315 3803 universalem
3358 3749 3782 3806 enuntiationem
3821 3751 3873 3805 in

2297 3840 2602 3895 universali.
2636 3846 2694 3893 ut
2719 3838 2894 3893 omnis
2928 3840 3088 3892 homo
3118 3838 3269 3893 albus
3301 3849 3403 3894 est.
3442 3838 3571 3894 Nam
3607 3854 3727 3895 cum
3758 3840 3877 3896 uni-

2265 3931 2519 3987 ‘versalis
2542 3931 2611 3985 sit
2655 3930 2840 3994 homo,
2884 3930 2935 3983 in
2976 3930 3263 3985 universali
3308 3932 3524 3988 homine
3556 3933 3877 3989 universalis

2293 4035 2379 4082 est
2417 4024 2735 4091 enuntiatio,
2783 4038 2878 4093 per
2906 4038 3064 4093 quam
3108 4023 3305 4078 dicitur
3335 4026 3510 4081 omnis
3542 4025 3720 4084 homo.
3776 4026 3880 4081 Res

2295 4134 2426 4187 ergo
2455 4116 2790 4180 universalis,
2822 4115 2872 4170 id
2903 4126 2987 4170 est
3018 4116 3200 4181 homo,
3226 4131 3320 4184 per
3337 4118 3512 4171 omnis
3534 4132 3654 4187 quae
3685 4127 3767 4172 est
3785 4120 3879 4172 de-

2297 4211 2603 4267 terminatio
2630 4209 3001 4265 universaliter
3040 4209 3323 4279 praedicata
3354 4221 3454 4272 est,
3488 4221 3543 4265 et
3590 4210 3692 4265 hoc
3725 4211 3873 4265 afﬁr-

2295 4302 2509 4357 mative.
2536 4301 2786 4371 Negative
2809 4316 2937 4358 vero
2960 4303 3331 4359 universaliter
3352 4303 3421 4357 ita
3443 4305 3674 4369 dicetur,
3698 4304 3876 4359 nullus

2296 4392 2457 4445 homo
2482 4391 2635 4447 albus
2662 4402 2767 4456 est,
2795 4392 2973 4447 nullus
3006 4394 3148 4448 enim
3198 4393 3566 4448 universalitas
3595 4395 3875 4450 universa-

2298 4482 2431 4538 litati
2460 4498 2577 4552 quae
2605 4491 2690 4538 est
2712 4484 2873 4539 homo
2894 4484 3103 4553 adjecta
3128 4496 3209 4541 est
3235 4502 3248 4549 ;
3282 4486 3383 4541 hoc
3404 4487 3564 4543 modo
3583 4486 3741 4556 igitur
3764 4488 3879 4541 uni-

2299 4575 2507 4631 versale
2537 4575 2917 4631 universaliter
2942 4582 3285 4632 enuntiantes
3311 4578 3599 4634 afﬁrmatio
3626 4588 3681 4635 et
3712 4595 3877 4650 nega-

611 4681 776 4735 ﬁnitae
828 4689 883 4734 et
930 4678 1280 4748 particulares
1329 4676 1381 4730 in
1426 4673 1692 4745 aliquibus
1719 4687 1861 4728 vera:
1901 4685 2021 4727 esse
2059 4682 2185 4740 pos-
2216 4658 2272 4721 D
2298 4669 2371 4723 tio
2398 4667 2683 4735 contraria:
2713 4676 2858 4732 sunt,
2889 4668 3027 4722 sicut
3053 4678 3107 4722 et
3150 4670 3263 4739 ipse
3290 4678 3533 4735 testatur,
3567 4679 3624 4725 et
3665 4686 3765 4727 nos
3793 4685 3880 4724 su-

612 4786 757 4839 sunt,
792 4776 842 4829 in
876 4773 1139 4843 aliquibus
1175 4785 1361 4826 verum
1402 4768 1696 4837 falsumque
1742 4764 2008 4828 dividunt,
2056 4778 2189 4817 nun-

610 4878 772 4931 quam
802 4878 930 4917 vero
954 4874 1207 4932 utrasque
1238 4861 1400 4915 falsas
1418 4875 1540 4925 esse
1566 4857 1849 4926 contingit.
1880 4857 1953 4911 Ita
1977 4870 2190 4926 quoque

611 4958 667 5011 in
700 4954 993 5011 indeﬁnitis
1024 4954 1323 5009 universale
1353 4951 1799 5022 signiﬁcantibus,
1830 4959 2085 5018 utrasque
2118 4950 2192 5003 si—

614 5050 720 5103 mul
752 5064 905 5104 veras
948 5061 1068 5102 esse
1105 5046 1386 5113 contingit,
1429 5052 1485 5096 ut
1541 5044 1593 5096 in
1635 5058 1703 5097 eo
1745 5042 1885 5110 quod
1936 5040 2186 5101 dicimus.

525 5190 530 5194 .
613 5146 774 5199 homo
796 5144 969 5212 justus
996 5148 1100 5204 est,
1135 5134 1496 5209 homojustus
1541 5150 1645 5187 non
1676 5139 1781 5195 est,
1808 5138 2061 5198 utrasque
2094 5129 2191 5183 fal-
2224 5136 2227 5137 '

544 5246 547 5247 '
612 5252 701 5289 sas
731 5232 968 5302 proferre
1008 5224 1336 5298 impossibile
1358 5234 1460 5289 est,
1494 5223 1588 5279 sed
1618 5236 1776 5277 unam
1810 5236 2012 5285 veram,
2061 5221 2191 5275 alte-

556 5344 559 5349 ‘
610 5343 726 5382 ram
747 5326 932 5380 falsam
963 5325 1016 5378 in
1049 5322 1130 5375 his
1156 5319 1405 5375 facillime
1431 5317 1748 5388 reperimus,
1784 5318 1833 5370 in
1867 5315 1950 5369 bis
1990 5315 2194 5371 scilicet

610 5421 859 5476 terminis
885 5421 977 5490 qui
1023 5416 1337 5472 naturaliter
1369 5423 1425 5469 et
1452 5412 1759 5470 necessario
1788 5411 2043 5482 subjectis
2070 5412 2193 5465 sub-

611 5512 824 5567 stantiis
855 5511 1236 5574 inluerescunt,
1269 5508 1352 5563 vel
1379 5507 1432 5562 in
1469 5507 1549 5561 his
1574 5507 1664 5577 qni
1711 5505 1887 5562 inesse
1926 5520 2032 5561 non
2073 5520 2197 5576 pos-

612 5614 735 5658 sunt
771 5623 783 5655 :
816 5603 1139 5671 utquoniam
1177 5603 1372 5656 animal
1414 5599 1614 5655 homini
1646 5613 1711 5655 ex
1744 5598 2060 5655 necessitate
2110 5601 2193 5654 in-

614 5708 719 5758 est,
752 5700 793 5750 si
826 5699 943 5765 quis
971 5696 1136 5759 dicat,
1174 5696 1334 5752 homo
1375 5696 1573 5750 animal
1597 5705 1702 5760 est,
1744 5694 1903 5765 idque
1949 5703 2189 5763 negetur,

615 5787 777 5840 homo
805 5788 997 5840 animal
1045 5802 1148 5839 non
1175 5798 1277 5850 est,
1307 5787 1391 5840 vel
1425 5787 1584 5841 homo
1612 5788 1744 5855 lapis
1782 5795 1885 5852 est,
1921 5786 2079 5840 homo
2118 5783 2196 5837 la-

617 5882 699 5961 ρίς
720 5893 826 5938 non
856 5886 953 5944 est,
990 5892 1091 5934 una
1122 5892 1267 5934 vera,
1300 5879 1479 5931 statim
1527 5878 1659 5936 falsa
1699 5878 1863 5936 altera
1907 5878 2188 5952 reperitur,

2279 4765 2504 4834 ,periori
2536 4763 2871 4833 expositione
2898 4764 3242 4834 digessimus.

2372 4858 2589 4923 Quando
2636 4868 2803 4911 autem
2849 4860 2912 4912 de
2948 4858 3315 4913 unioersalibus
3361 4877 3459 4915 non
3509 4862 3903 4925 universaliter,_

2299 4968 2401 5004 non
2429 4960 2543 5003 sunt
2564 4948 2646 5004 hat
2665 4952 2957 5016 contrarie,
2986 4968 3098 5016 qua:
3117 4963 3288 5006 autem
3311 4953 3667 5023 signiﬁcantur
3686 4963 3759 5009 eat
3779 4971 3883 5010 esse

2299 5045 2577 5113 aliquando
2626 5047 2905 5101 contraria.
2959 5046 3088 5101 Dico
3142 5058 3312 5103 autem
3367 5066 3467 5102 non
3536 5050 3883 5105 universaliter

2300 5136 2564 5190 enuntiare
2602 5136 2665 5187 de
2705 5133 2786 5188 Itis
2830 5153 2939 5205 quae
2981 5150 3095 5189 sunt
3146 5140 3477 5204 universalia,
3526 5150 3579 5191 ut
3624 5151 3698 5195 est
3737 5142 3881 5194 albus

2302 5228 2475 5295 homo,
2516 5242 2613 5279 non
2651 5235 2722 5280 est
2768 5226 2913 5279 albus
2960 5230 3145 5293 homo;
3191 5245 3305 5282 cum
3349 5229 3481 5283 enim
3512 5231 3794 5285 universale
3819 5233 3883 5284 sit

2304 5318 2478 5383 homo,
2536 5332 2635 5370 non
2685 5315 3035 5372 universaliter
3082 5326 3238 5371 utitur
3293 5320 3661 5374 enuntiatione.
3708 5320 3884 5374 Omnis

2305 5426 2521 5479 namque
2542 5425 2643 5464 non
2668 5409 2953 5465 universale
2992 5410 3267 5481 signiﬁcat,
3299 5412 3385 5464 sed
3415 5410 3654 5480 quoniam
3683 5411 3885 5465 univer-

2304 5505 2499 5559 saliter.
3126 5550 3131 5551 ν

2374 5599 2582 5653 Valenti
2636 5597 2966 5653 indeﬁnitani
3021 5598 3441 5667 propositionem
3514 5597 3687 5665 qualis
3742 5606 3884 5652 esset

2300 5692 2607 5762 ostendere,
2640 5707 2743 5746 non
2789 5691 2947 5745 modo
2994 5691 3284 5747 auferenda
3338 5690 3435 5744 init
3481 5691 3548 5743 ab
3594 5688 3882 5744 universali

2303 5784 2531 5840 termino
2564 5784 2882 5838 universalis
2912 5783 3315 5851 determinatio,
3350 5797 3533 5837 verum
3564 5781 3724 5837 etiam
3766 5794 3879 5848 par-

2301 5875 2559 5941 ticularis.
2594 5884 2647 5933 et
2677 5877 2906 5943 oportuit
2948 5874 3052 5933 dici
3100 5862 3201 5937 hoc
3238 5870 3419 5933 modo.
3452 5872 3676 5949 Quando
3705 5879 3881 5932 autem
