4270 6266
423 327 487 379 7;;
1108 314 1170 368 IN
1212 313 1468 370 LIBRUM
1512 313 1595 368 DE
1636 310 2282 370 lNTERl’RETA'l'lONE
2326 316 2548 371 EDITIO
2589 318 2926 377 SECUNDA.

3566 320 3670 378 4⁸ιὸ

387 446 438 500 in
471 436 870 497 universalibus
900 451 1006 492 non
1039 433 1411 490 unixersaliter
1442 444 1615 501 neque
1644 426 1982 500 particulari-
2005 428 2059 488 Α
2090 428 2312 495 quidem
2341 434 2625 488 contraria:
2650 451 2756 491 non
2777 418 2933 503 sunt,
2970 450 3189 508 possunt
3221 450 3397 494 tamen
3426 436 3671 508 quaedam

387 550 493 604 ter,
526 552 632 589 nun
665 542 791 589 sunt
827 530 1133 587 contrariae.
1177 526 1325 581 Nunc
1367 532 1544 579 autem
1572 522 1823 593 quoniam
1866 534 1970 575 non

386 627 596 685 addidit
635 639 808 695 neque
835 621 1250 693 particulariter,
1274 618 1479 673 videtur
1508 630 1613 670 non
1643 615 1708 669 de
1734 612 1979 669 indeﬁni-

388 723 477 788 tis,
530 722 582 774 in
606 719 800 790 quibus
845 730 1018 785 neque
1047 711 1443 778 universalitas,
1486 722 1660 778 neque
1691 708 1971 778 particula-

388 818 519 872 ritas
558 814 728 876 adest,
792 808 886 865 sed
924 816 1127 862 tantum
1159 808 1227 861 de
1269 803 1679 877 particularibus
1724 803 1893 872 loqui,
1945 817 1976 856 a

386 911 579 981 quibus
605 904 777 960 Solum
805 900 1107 957 universale
1148 915 1252 953 non
1284 900 1444 954 etiam
1485 895 1813 966 particulare
1845 896 1974 950 sub-

388 1003 567 1065 traxit,
604 998 698 1053 sed
734 996 858 1065 quid
902 994 1032 1048 velit
1059 991 1345 1048 ostendere
1391 992 1506 1059 ipse
1532 988 1976 1045 convenientibus

290 1122 293 1123 ν
384 1090 643 1160 exemplis
667 1088 903 1145 edocuit.
938 1083 1055 1139 Non
1078 1084 1221 1139 enim
1256 1083 1432 1151 posuit
1460 1083 1711 1152 exempla
1743 1080 1975 1149 particu-

384 1185 508 1240 laris
539 1180 950 1254 propositionis,
988 1178 1082 1233 sed
1127 1176 1442 1232 indeﬁnitae.
1502 1176 1589 1230 Ait
1639 1176 1804 1241 enim,
1852 1171 1975 1226 dico

383 1287 559 1332 autem
589 1289 695 1330 non
727 1273 1106 1329 universaliter
1134 1269 1418 1325 enuntiare
1463 1268 1513 1321 in
1568 1267 1649 1321 his
1688 1281 1806 1336 qua:
1850 1273 1976 1319 sunt

385 1370 738 1437 universalia,
775 1378 832 1421 ut
860 1376 944 1421 est
971 1365 1123 1419 albus
1148 1364 1332 1427 homo,
1366 1377 1471 1416 non
1494 1370 1585 1416 est»
1605 1360 1761 1414 albus
1793 1359 1970 1413 homo.

390 1466 545 1534 Quod
577 1464 621 1518 si
653 1460 1035 1532 particularem
1078 1466 1381 1512 monstrare
1408 1456 1687 1519 voluisset,
1732 1454 1800 1507 ita
1832 1453 1972 1507 dice-

390 1567 469 1610 ret
505 1565 560 1609 ut
583 1563 665 1608 est
687 1552 903 1622 quidam
934 1552 1094 1605 homo
1122 1550 1296 1613 albus,
1329 1563 1433 1603 non
1466 1558 1546 1603 est
1571 1547 1784 1616 quidam
1815 1544 1974 1598 homo

385 1648 562 1704 albus.
581 1646 687 1703 Sed
715 1646 966 1716 quoniam
1001 1658 1095 1711 per
1126 1641 1430 1711 exemplum
1453 1639 1579 1709 quid
1603 1639 1761 1693 vellet
1790 1644 1971 1692 osten-

385 1743 495 1808 dit,
556 1754 652 1794 nos
710 1752 922 1807 quoque
974 1734 1235 1805 superiori
1294 1730 1643 1802 propositioni
1698 1746 1816 1800 qua!
1846 1739 1966 1785 est:

2101 522 2407 593 signiﬁcare
2435 529 2724 582 contraria.
2770 529 2881 586 lloe
2911 531 3038 599 quid
3068 533 3139 588 sit
3186 531 3553 603 multipliciter
3579 545 3670 588 ex-

2086 616 2385 685 positorum
2432 620 2717 674 sententiis
2759 622 3061 691 expeditur.
3115 624 3399 680 llerminus
3442 638 3673 696 namque

2082 708 2216 763 dicit
2250 708 2454 765 idcirco
2489 711 2798 768 indeﬁnitas
2834 729 2992 783 posse
3033 718 3321 787 aliquando
3367 719 3671 791 signiﬁcare

2085 802 2380 867 contraria,
2422 817 2543 856 cum
2592 804 2721 873 ipsa!
2765 812 3419 885 careant‘comrarietate,
3471 812 3670 882 quippe

2082 906 2200 961 quae
2227 893 2612 951 univcrsaliunt
2652 911 2830 951 rerum
2867 907 3014 964 sunt,
3045 899 3284 956 additum
3326 911 3502 957 tamen
3550 904 3669 959 uni-

2085 989 2297 1044 versale
2328 1003 2433 1044 non
2469 989 2688 1059 habent,
2721 992 2772 1046 in
2801 991 2932 1047 solis
2956 992 3040 1047 his
3069 993 3263 1062 quibus
3285 1009 3346 1049 ea
3378 1011 3496 1067 quae.
3521 996 3666 1053 afﬁr~

2082 1090 2295 1137 mantur
2318 1091 2411 1137 aut
2452 1091 2714 1154 negantur
2742 1085 2984 1155 subjecto
3024 1086 3334 1142 naturaliter
3358 1087 3572 1145 insunt:
3609 1098 3667 1144 ut

2080 1190 2201 1231 cum
2244 1176 2473 1232 dicimus
2520 1180 2681 1233 homo
2713 1180 2992 1235 rationalis
3027 1189 3132 1246 est,
3183 1180 3343 1234 homo
3390 1182 3667 1237 rationalis

2079 1285 2186 1325 non
2214 1278 2317 1335 est,
2346 1272 2596 1342 quoniam
2624 1274 2957 1330 rationalitas
2980 1274 3284 1343 linjusmodi
3329 1284 3412 1330 est
3465 1289 3585 1345 quae
3613 1276 3664 1330 in

2079 1371 2269 1417 natura
2292 1364 2359 1418 sit
2391 1362 2641 1421 hominis.
2699 1365 2764 1421 Et
2788 1366 3079 1423 afﬁrmatio
3105 1377 3159 1423 et
3197 1368 3407 1439 negatio
3448 1368 3585 1423 inter
3608 1382 3666 1426 se

2077 1469 2262 1511 verum
2311 1455 2606 1526 falsumque
2644 1457 2914 1525 dividunt,
2944 1468 2998 1515 et
3038 1459 3435 1529 quodammodo
3476 1459 3545 1516 ab
3583 1460 3665 1516 his
3750 1485 3759 1499 ε

2076 1547 2343 1602 contraria
2372 1549 2740 1619 designantur.
2776 1550 2879 1607 Sed
2915 1553 3044 1607 nihil
3079 1552 3177 1608 hoc
3210 1553 3398 1609 attinet
3441 1553 3507 1609 ad
3537 1568 3665 1610 con-

2077 1640 2237 1694 traria
2272 1641 2617 1711 signiﬁcanda
2671 1645 2723 1698 in
2766 1643 2850 1699 his
2879 1659 3000 1716 quae
3030 1654 3153 1701 sunt
3202 1645 3497 1701 indeﬁnito.
3532 1647 3662 1703 Nam

2079 1733 2240 1787 etiam
2272 1733 2627 1804 particulares
2658 1737 2785 1807 ipsa
2814 1753 3027 1809 quoque
3058 1739 3109 1794 in
3143 1739 3337 1795 talibus
3360 1756 3542 1796 verum
3568 1741 3664 1796 fal-

383 1834 605 1903 Quando
632 1831 878 1886 autemin
901 1827 1294 1883 universalibus
1321 1839 1425 1880 non
1453 1823 1849 1890 universaliter,
1874 1823 1965 1876 de-
1999 1810 2046 1871 Β
2070 1837 2296 1894 sumque
2358 1825 2619 1891 dividunt,
2662 1838 2717 1883 ut
2756 1838 2841 1885 est
2878 1831 3093 1902 quidam
3157 1833 3318 1887 homo
3389 1833 3663 1889 rationalis

384 1944 505 1985 esse
527 1938 771 1998 putemus
797 1932 887 1978 aut
917 1921 1325 1993 particulariter,
1346 1931 1402 1974 ιιι
1420 1928 1472 1974 ει
1496 1917 1971 1989 particularitatem

385 2030 441 2073 et
471 2017 923 2072 nuiversalitatem
978 2029 1042 2068 ex
1075 2022 1180 2068 tota
1206 2012 1415 2067 auferat
1454 2010 1710 2077 dictione,
1744 2022 1801 2063 ut
1854 2018 1975 2079 post

387 2110 629 2179 exempla
659 2109 955 2163 docuerunt
1004 2120 1107 2161 non
1151 2120 1274 2160 eum
1303 2105 1444 2173 loqui
1475 2104 1543 2157 de
1562 2102 1974 2172 particularibus

386 2202 481 2258 sed
512 2205 580 2257 de
626 2201 920 2256 indeﬁnita.
954 2197 1132 2265 Quare
1162 2197 1263 2252 hoc
1292 2197 1441 2263 dicit,
1471 2207 1528 2251 ut
1572 2197 1616 2250 si
1650 2211 1825 2266 neque
1854 2196 1975 2249 nni~

387 2296 617 2353 ver-ales
648 2296 757 2350 sint
786 2292 1178 2364 propositiones
1212 2305 1387 2361 neque
1429 2290 1806 2359 particulares,
1831 2289 1973 2359 quod

386 2387 809 2447 subaudiendum
852 2397 956 2451 est,
1008 2385 1113 2439 illa:
1160 2400 1264 2439 non
1316 2392 1441 2437 sunt
1480 2382 1793 2447 contrariae,
1852 2391 1977 2437 sunt

389 2482 531 2538 enim
572 2478 853 2537 contraria:
889 2493 1012 2548 qua:
1049 2475 1427 2531 universaliter
1464 2474 1819 2529 universalem
1864 2483 1973 2529 ter-

388 2576 588 2631 minum
636 2580 961 2644 proponunt.
1014 2568 1307 2624 lndeﬁnitaa
1337 2582 1464 2623 vero
1507 2567 1573 2621 ad
1619 2567 1973 2621 universalem

387 2668 671 2723 terminum
711 2663 1074 2720 universalem
1096 2661 1602 2717 determinationem
1627 2675 1732 2713 non
1759 2660 1972 2715 habent.

388 2757 590 2814 idcirco
621 2763 799 2811 autem
832 2754 898 2809 ab
930 2753 1221 2809 indeﬁnitis
1246 2753 1702 2817 universalitatem
1731 2752 1899 2807 solam
1923 2762 1976 2807 et

388 2868 490 2908 non
515 2850 991 2923 particularitatem
1025 2863 1240 2919 quoque
1287 2846 1547 2917 seiunxit,
1594 2847 1735 2917 quod
1784 2846 1975 2901 indeﬁo
2021 2863 2047 2875 ο

389 2947 524 3003 nitas
566 2942 961 3015 prepositiones
991 2958 1020 2996 a
1050 2942 1340 2996 contrariis
1379 2942 1574 3004 solum,
1606 2955 1712 2994 non
1750 2941 1912 2995 etiam
1945 2957 1972 2994 a

390 3037 796 3110 particularibus
823 3038 1158 3106 segregabat.
1190 3034 1340 3102 Quod
1368 3042 1543 3088 autem
1569 3035 1688 3088 dico
1720 3034 1825 3088 tale
1854 3042 1938 3089 est
1962 3052 1973 3086 :

392 3132 435 3189 si
473 3129 628 3185 vellet
652 3130 933 3185 ostendere
964 3126 1272 3182 indeﬁnitas
1309 3128 1723 3197 propositiones,
1758 3128 1973 3196 pr0prie

2078 1924 2182 1980 est,
2215 1919 2430 1988 quidam
2465 1922 2625 1976 homo
2652 1923 2926 1979 rationalis
2956 1940 3059 1981 non
3094 1935 3175 1981 est
3205 1943 3219 1992 ;
3255 1927 3353 1981 has
3400 1927 3559 1998 igitur
3580 1942 3664 1982 se-

2078 2009 2309 2064 cundum
2347 2010 2662 2069 Herminum
2695 2015 2936 2071 videmus
2988 2030 3143 2087 posse
3192 2018 3493 2087 signiﬁcare
3536 2032 3664 2073 con-

2079 2104 2261 2158 traria.
2286 2106 2393 2159 Cur
2414 2121 2542 2177 ergo
2571 2108 2704 2162 dixit
2729 2109 2781 2163 in
2807 2109 2887 2163 his
2915 2126 3123 2180 quoque
3173 2112 3425 2181 quoniam
3447 2112 3663 2183 quidem

2078 2201 2361 2253 contrariae
2390 2215 2494 2254 non
2520 2209 2664 2266 sunt,
2694 2217 2813 2271 qua:
2835 2214 3013 2258 autem
3039 2204 3411 2275 signiﬁcantur
3439 2215 3521 2260 est
3545 2219 3665 2261 esse

2078 2292 2383 2345 contraria?
2414 2292 2717 2347 Alexander
2744 2301 2921 2350 autem
2947 2294 3047 2350 hoc
3087 2295 3215 2351 dicit
3247 2312 3260 2351 :
3288 2296 3540 2367 quoniam
3578 2298 3662 2354 ins

2080 2384 2317 2439 deﬁnita:
2344 2395 2471 2440 sunt
2494 2386 2597 2451 hat,
2631 2387 2761 2442 nihil
2789 2402 2900 2455 eas,
2935 2388 3127 2459 inquit,
3161 2389 3411 2458 prohibet
3434 2392 3573 2446 sicut
3599 2391 3666 2447 ad

2082 2479 2437 2548 particulares
2492 2481 2563 2534 ita
2624 2495 2837 2551 quoque
2881 2482 2947 2537 ad
3002 2483 3329 2539 universales
3386 2484 3666 2551 reducere,

2080 2586 2200 2640 quae
2228 2571 2479 2626 videntur
2501 2586 2622 2627 esse
2647 2572 2951 2640 contraria,
2979 2583 3035 2628 ut
3067 2575 3119 2629 in
3149 2589 3215 2630 eo
3235 2576 3375 2646 quod
3397 2573 3479 2632 est
3510 2576 3670 2632 homo

2081 2664 2280 2718 animal
2304 2674 2407 2731 est,
2439 2664 2601 2719 homo
2619 2665 2815 2720 animal
2854 2680 2960 2721 non
2989 2677 3095 2731 est,
3126 2668 3376 2739 quoniam
3420 2668 3501 2725 ba
3542 2684 3669 2741 pro-

2083 2755 2379 2823 positiones
2408 2755 2702 2811 indeﬁnitm
2732 2767 2879 2823 sunt,
2908 2768 3131 2828 possunt
3161 2760 3330 2831 accipi
3362 2761 3515 2832 quasi
3538 2775 3661 2818 con-

2086 2847 2284 2903 trariae.
2315 2848 2445 2903 Nam
2470 2851 2515 2904 si
2543 2850 2797 2915 dicimus,
2824 2850 2984 2907 homo
3009 2853 3207 2908 animal
3234 2862 3336 2922 est,
3379 2862 3553 2923 potest
3597 2854 3665 2911 ita

2083 2941 2249 3011 accipi
2268 2950 2521 3014 tanquam
2548 2946 2592 2999 si
2618 2945 2846 3013 dicatur,
2867 2947 3045 3002 omnis
3062 2947 3223 3001 homo
3242 2946 3441 3002 animal
3461 2956 3542 3003 est
3560 2962 3575 3012 ;
3605 2957 3662 3004 et

2083 3047 2269 3087 rursus
2288 3050 2302 3099 ;
2321 3032 2481 3089 homo
2493 3035 2693 3089 animal
2714 3051 2817 3092 non
2834 3045 2939 3105 est,
2959 3039 3027 3092 ita
3040 3038 3212 3093 audiri
3228 3045 3402 3109 potest
3414 3047 3667 3107 tanquam

2083 3128 2126 3183 si
2149 3128 2372 3194 dicatur,
2395 3129 2576 3183 nullus
2593 3132 2754 3187 homo
2768 3131 2965 3185 animal
2982 3140 3085 3187 est.
3100 3130 3232 3186 Cum
3250 3140 3428 3187 autem
3458 3130 3650 3186 dicitur

392 3226 597 3283 diceret
632 3223 935 3279 indeﬁziitas
980 3212 1151 3292 neque
1193 3220 1544 3289 particulares
1590 3233 1743 3285 esse,
1794 3232 1965 3289 neque
2001 3200 2050 3265 θ
2081 3223 2241 3280 homo
2266 3226 2522 3292 ambulat,
2545 3226 2708 3280 homo
2729 3240 2835 3280 non
2859 3224 3116 3289 ambulat,
3144 3239 3248 3281 non
3271 3224 3336 3279 ad
3364 3224 3663 3280 contrarias

390 3319 750 3385 universales;
780 3331 898 3388 quae
926 3325 1103 3371 autem
1133 3316 1186 3370 in
1215 3314 1503 3369 universali
1556 3328 1727 3385 neque
1751 3314 1970 3370 univer-

391 3415 574 3471 salitcr
624 3428 797 3483 neque
826 3410 1221 3483 particulariter
1248 3418 1641 3479 prapounntur,
1676 3408 1727 3463 id
1755 3418 1835 3463 est
1854 3424 1974 3478 qua:

391 3520 562 3576 neque
583 3504 912 3560 universales
929 3510 1073 3570 sunt,
1103 3514 1279 3572 neque
1312 3500 1656 3569 particulares
1686 3498 1976 3553 indeiinitze

392 3608 535 3653 sunt.
570 3596 701 3653 Nam
733 3610 851 3667 qua:
879 3609 1052 3665 neque
1082 3594 1417 3649 universales
1447 3602 1574 3647 sunt
1602 3607 1775 3663 neque
1811 3593 1977 3662 parti-

391 3690 618 3754 culares,
649 3689 733 3743 ha:
764 3702 935 3758 neque
972 3686 1259 3742 contraria:
1286 3694 1413 3740 sunt
1451 3701 1626 3757 neque
1662 3686 1977 3741 subcontra-

393 3785 509 3839 riae.
540 3783 940 3839 Subcontrariae
961 3781 1175 3852 quidem
1199 3780 1398 3835 idcirco
1426 3795 1530 3835 nou
1556 3791 1701 3849 sunt,
1728 3781 1846 3851 quia
1872 3794 1977 3834 non

396 3877 598 3931 habent
627 3874 860 3930 additam
895 3874 1267 3944 particularem
1314 3873 1849 3938 determinationem,
1895 3871 1976 3926 id-

400 3972 546 4026 circo
587 3986 715 4025 vero
759 3971 1041 4024 contrariae
1087 3984 1192 4023 non
1241 3977 1388 4034 sunt,
1427 3970 1549 4039 quia
1599 3967 1980 4023 determinatio

396 4066 717 4122 universalis
751 4065 801 4118 in
846 4062 930 4118 his
961 4076 1061 4116 non
1084 4070 1182 4115 est.
1215 4060 1365 4116 Nunc
1404 4073 1583 4116 autem
1621 4076 1741 4115 cum
1774 4056 1979 4115 tantum

395 4160 558 4215 vellet
580 4157 865 4213 ostendere
889 4170 982 4211 eas
1009 4155 1308 4209 contrarias
1339 4168 1444 4208 non
1473 4167 1618 4219 esse,
1651 4151 1717 4206 de
1745 4150 1979 4206 subcon-

396 4253 572 4306 trariis
600 4264 729 4306 vero
770 4250 820 4303 in
853 4247 1103 4319 prmscnti
1132 4246 1289 4302 vellet
1315 4246 1582 4309 omittere,
1618 4244 1713 4299 has
1734 4258 1854 4301 esse
1895 4244 1980 4299 in-

397 4347 641 4401 deﬁnitas
689 4345 853 4410 dixit,
885 4357 1005 4414 quae
1060 4338 1361 4395 universale
1415 4338 1826 4393 determinatam
1865 4338 1982 4392 uni-

401 4437 676 4491 versaliter
706 4450 810 4489 non
836 4434 1051 4497 habent,
1088 4441 1145 4485 ut
1175 4432 1375 4487 scilicet
1412 4431 1508 4485 has
1549 4444 1651 4485 non
1696 4446 1816 4485 esse
1856 4444 1983 4484 cono

399 4530 586 4583 trarias
659 4527 1099 4596 intelligeremus.
1155 4523 1358 4578 Idcirco
1414 4537 1542 4577 vero
1606 4538 1712 4576 non
1789 4521 1985 4591 adjecit

2078 3316 2171 3373 sed
2184 3316 2249 3372 ad
2271 3317 2673 3374 subcontrarias
2709 3333 2861 3374 mens
2876 3317 3090 3374 ducitur
3105 3316 3382 3391 auditoris.
3400 3315 3662 3385 Quocirca

2079 3419 2302 3480 possunt
2347 3410 2638 3467 indeﬁnite
2676 3410 2960 3482 aliquando
3013 3411 3315 3481 signiﬁcare
3365 3409 3653 3477 ce:.traria,

2078 3507 2330 3577 quoniam
2352 3518 2417 3561 eo
2449 3506 2565 3574 ipso
2591 3504 2733 3574 quod
2762 3514 2885 3561 sunt
2910 3504 3202 3561 indeﬁnitte
3240 3503 3375 3559 nihil
3418 3518 3509 3559 eas
3553 3518 3671 3575 pro-

2082 3598 2229 3654 hibet
2257 3599 2320 3653 ad
2350 3601 2740 3655 contrariorum
2777 3598 3215 3671 signiﬁcationem
3246 3595 3659 3653 universalium-
3722 3606 3723 3609 ‘

2081 3707 2184 3762 que
2220 3692 2423 3748 reduci.
2449 3692 2514 3746 Et
2562 3697 2675 3747 haec
2726 3692 2939 3762 quidem
2977 3692 3245 3747 sententia
3277 3690 3440 3747 habet
3460 3687 3661 3760 aliquid

2080 3785 2324 3849 rationis,
2360 3800 2467 3839 non
2488 3794 2663 3840 tamen
2688 3785 2895 3855 integre
2927 3784 2978 3838 id
3010 3784 3149 3853 quod
3178 3784 3246 3838 ab
3274 3781 3564 3839 Aristotele
3587 3781 3668 3837 di-

2083 3876 2222 3931 citur
2250 3876 2516 3941 ostendit,
2550 3886 2605 3931 et
2635 3876 2911 3931 meliorem
2942 3878 3264 3931 sententiam
3308 3885 3504 3947 sponte
3531 3877 3671 3944 reje-

2081 3968 2177 4031 cit,
2218 3982 2377 4037 quam
2430 3967 2756 4036 Porphyrius
2795 3965 3129 4036 approbavit.
3158 3966 3293 4020 Sunt
3338 3967 3483 4020 enim
3524 3978 3673 4034 quas

2084 4057 2205 4112 dam
2234 4058 2544 4126 negationes
2567 4071 2686 4126 quae
2716 4056 2854 4110 intra
2882 4071 2940 4111 se
2961 4055 3331 4109 alﬁrmationis
3361 4056 3477 4125 eius
3505 4060 3665 4125 quam

2086 4161 2283 4224 negant
2343 4153 2607 4208 retineant
2636 4153 3090 4218 contrarietatem,
3122 4159 3181 4207 ιιι
3209 4152 3263 4207 in
3296 4165 3363 4205 eo
3393 4149 3533 4223 quod
3563 4158 3666 4215 est,

2085 4261 2248 4301 sanus
2269 4255 2371 4310 est,
2404 4254 2461 4300 et.
2500 4261 2603 4301 non
2634 4254 2719 4300 est
2749 4260 2932 4307 sanus,
2959 4244 3013 4301 id
3057 4243 3422 4317 quoddicitur
3450 4258 3556 4297 non
3589 4250 3673 4297 est

2087 4354 2250 4395 sanus
2303 4340 2569 4410 signiﬁcat
2599 4355 2744 4410 aeger
2774 4350 2889 4406 est,
2910 4338 3053 4411 quod
3081 4347 3163 4395 est
3191 4338 3518 4394 contrarium
3545 4348 3678 4391 sano

2091 4446 2231 4487 esse.
2268 4431 2472 4485 Rursus
2499 4446 2620 4487 cum
2651 4431 2903 4497 dicimus,
2930 4432 3092 4486 homo
3113 4431 3267 4485 albus
3283 4439 3388 4497 est,
3420 4429 3465 4485 si
3487 4437 3674 4484 contra

2089 4525 2225 4578 hanc
2269 4539 2525 4593 negamus
2571 4539 2665 4593 per
2700 4539 2819 4578 eam
2849 4538 2969 4594 quas
2996 4523 3126 4579 dicit
3186 4525 3347 4578 homo
3376 4522 3530 4578 albus
3569 4537 3675 4577 non

396 4621 869 4692 particularitatem
915 4632 1009 4673 eas
1060 4633 1164 4672 non
1215 4616 1437 4681 habere,
1486 4616 1740 4686 quoniam
1785 4630 1816 4668 a
1856 4615 1986 4670 solis
2015 4603 2196 4681 Dest,
2265 4614 2569 4685 signiﬁcare
2621 4614 2815 4685 poterit
2862 4614 3114 4684 quoniam
3170 4614 3331 4669 homo
3381 4615 3529 4685 niger
3570 4623 3677 4677 est,

397 4715 679 4771 contrariis
718 4727 973 4784 separare
1018 4710 1324 4765 indeﬁnitas
1344 4710 1584 4777 volebat,
1619 4726 1723 4763 non
1765 4710 1925 4764 etiam
1958 4723 1985 4762 a

396 4807 800 4864 subccntrariis.
826 4805 971 4876 Ergo
1002 4805 1045 4858 si
1077 4803 1382 4879 indeﬁnitas
1414 4818 1444 4857 a
1469 4803 1751 4858 contrariis
1781 4811 1835 4856 et
1856 4800 1985 4856 sub-

396 4902 677 4957 euntrariis
728 4915 981 4969 separare
1034 4898 1317 4964 voluisset,
1368 4897 1439 4950 ita
1491 4896 1695 4951 diceret
1726 4895 1989 4965 :Quando

396 5010 569 5053 autem
599 4997 652 5051 in
685 4993 1077 5050 universalibus
1137 5006 1240 5045 non
1298 4991 1677 5045 nniversaliter
1714 5005 1813 5045 nec
1855 5003 1984 5059 par-

396 5091 711 5154 tiCttlat'iter,
743 5103 846 5142 non
878 5096 1004 5141 sunt
1028 5087 1314 5141 contrariae
1360 5099 1537 5154 neque
1566 5084 1980 5139 subcuntrarim.

396 5184 499 5239 Sed
531 5182 783 5252 quoniam
813 5195 916 5235 non
949 5194 1041 5234 eas
1064 5179 1280 5233 volebat
1304 5192 1447 5232 nunc
1473 5195 1577 5233 non
1607 5194 1727 5234 esse
1754 5182 1984 5234 subcon-

394 5278 586 5331 trarias
611 5275 1005 5338 demonstrare,
1039 5271 1133 5327 scd
1158 5281 1362 5325 tantum
1388 5286 1495 5325 non
1519 5287 1639 5326 esse
1662 5275 1979 5339 contrarias,

398 5369 597 5423 idcirco
626 5368 675 5423 ei
701 5368 846 5422 dicto
871 5368 1012 5437 quod
1037 5376 1140 5426 est,
1171 5367 1388 5435 quando
1417 5374 1596 5419 autem
1634 5366 1684 5418 in
1710 5365 1982 5420 universa-

394 5462 553 5523 libus,
584 5475 687 5512 non
723 5457 1097 5513 universiliter
1138 5474 1243 5512 non
1292 5458 1516 5525 addidit,
1566 5457 1650 5511 vel
1696 5458 1982 5525 particula-

296 5546 301 5551 ’
396 5552 559 5616 riter;
597 5550 697 5604 hoc
727 5550 867 5602 enim
898 5552 939 5605 si
969 5551 1289 5614 addidisset,
1335 5550 1402 5604 ad
1436 5550 1833 5606 subcontrarias
1866 5562 1983 5605 ten-

297 5634 303 5647 ’
397 5642 574 5707 deret,
601 5640 665 5695 de
698 5640 888 5710 quibas
921 5640 1051 5694 nihil
1084 5651 1167 5696 est
1202 5642 1475 5706 additum;
1505 5658 1669 5713 quare
1697 5643 1795 5697 hoc
1817 5644 1982 5699 dicit:

399 5742 482 5791 lite
510 5750 630 5806 quae
675 5732 967 5788 indeﬁnite
1022 5744 1166 5798 sunt,
1199 5737 1451 5806 quoniam
1490 5751 1593 5791 non
1640 5735 1833 5790 habent
1864 5737 1985 5791 uni-

405 5830 791 5895 versalitutcm,
822 5828 1105 5885 Cohtraritc
1148 5844 1253 5887 non
1302 5841 1443 5890 sunt.
1485 5830 1588 5887 Sed
1638 5843 1757 5886 eum
1799 5844 1890 5898 per
1929 5843 1988 5887 se

2096 4722 2218 4761 nam
2250 4708 2341 4778 qui
2363 4708 2512 4776 niger
2558 4716 2642 4761 est
2672 4706 2826 4760 albus
2845 4720 2953 4760 non
2982 4716 3084 4771 est,
3116 4706 3209 4762 sed
3243 4709 3450 4777 nigrum
3481 4721 3600 4762 esse
3623 4716 3677 4761 et

2096 4802 2271 4856 album
2324 4814 2429 4856 non
2478 4813 2601 4854 esse
2657 4799 2984 4854 contrarium
3028 4810 3131 4855 est.
3163 4800 3340 4868 Quare
3384 4801 3681 4872 signiﬁcant

2099 4895 2349 4966 quaedam
2393 4894 2704 4964 negationes
2749 4893 3240 4966 afﬁrmationesqde
3270 4895 3558 4958 contraria,
3587 4894 3679 4948 sed

2105 4989 2207 5045 hoc
2232 5003 2338 5044 non
2362 5004 2598 5060 semper,
2632 5005 2751 5044 nam
2785 4990 2835 5045 in
2864 5004 2930 5045 eo
2950 4990 3093 5061 quod
3123 5000 3205 5046 est
3233 4990 3395 5045 homo
3422 4988 3679 5057 ambulat,

2110 5085 2273 5138 homo
2324 5098 2430 5138 nun
2474 5082 2737 5152 ambulat,
2762 5085 2963 5139 nullum
3001 5086 3327 5141 contrarium
3355 5084 3680 5138 continetur.

2110 5176 2476 5230 Ambulationi
2512 5176 2655 5231 enim
2683 5176 2813 5231 nihil
2842 5186 2925 5231 est
2968 5161 3292 5232 contrarium
3319 5216 3335 5242 ,
3365 5182 3525 5245 atque
3564 5172 3683 5228 ideo

2096 5268 2225 5322 dicit
2255 5285 2269 5321 :
2317 5277 2526 5322 constat
2560 5268 2694 5323 duas
2731 5268 2827 5323 has
2842 5267 3386 5339 quidemlcontrarias
3421 5282 3526 5323 non
3541 5281 3682 5333 esse,

2094 5356 2297 5437 ideirco
2328 5360 2467 5433 quod
2501 5375 2622 5415 cum
2666 5369 2789 5415 sunt
2837 5361 3192 5426 universales,
3224 5377 3330 5415 non
3364 5360 3685 5415 universali-

2101 5467 2184 5512 tcr
2212 5458 2580 5513 enuntientur.
2619 5455 2782 5509 Posse
2841 5466 3016 5510 autem
3069 5455 3352 5524 aliquoties
3408 5455 3697 5512 contraria

2097 5549 2422 5617 signiﬁcare,
2455 5563 2578 5603 cum
2607 5547 2743 5601 intra
2788 5547 3125 5616 negatimiem
3169 5549 3497 5602 contrarium
3540 5548 3663 5603 altir

2100 5640 2353 5693 mntionis
2407 5638 2725 5693 includatur.
2785 5639 3041 5715 Aspasius
3097 5653 3224 5695 vero
3268 5651 3322 5694 et
3383 5641 3687 5697 Alexander

2099 5732 2236 5786 hanc
2271 5733 2619 5803 posteriorem
2676 5741 2783 5787 non
2832 5732 3076 5804 probant.
3108 5731 3220 5789 Nos
3272 5749 3403 5792 vero
3455 5735 3682 5793 dicimus

2100 5840 2205 5879 non
2232 5826 2446 5896 quidem
2475 5826 2768 5890 Alexandri
2787 5828 3102 5890 sententiam
3124 5828 3421 5889 abhorrere
3450 5831 3679 5898 ratione,
