4270 6266
574 389 679 450 ιτε

1813 386 1924 442 ΑΝ.
1965 388 2172 444 ΜΑΝιι.
2215 387 2370 445 εεν.
2413 389 2634 446 ΒυΕτΙΙ

3753 397 3855 452 476

581 507 674 563 sed
709 505 841 560 hanc
885 497 1166 574 Porphyrii
1203 513 1322 556 esse
1365 476 1660 557 meliorem.
1698 500 1828 555 Nam
1875 502 2018 570 quod
2061 501 2158 565 ait,
2191 507 2244 561 Α
2274 502 2744 572 tursnbjectumne
2759 505 2948 562 debeat
2967 523 3088 563 cum
3107 509 3554 564 determinatione
3572 507 3762 576 dici,ut
3785 513 3854 569 sit

575 600 787 671 quando
835 605 1012 649 autem
1069 596 1121 648 in
1170 594 1583 658 universalihus,
1630 609 1734 648 non
1761 593 2154 660 universaliter,

575 710 678 748 non
703 699 825 745 sunt
853 691 1156 756 contrariae,
1197 703 1316 758 qua:
1337 698 1512 743 autem
1541 687 1909 759 signiﬁcantur
1928 701 2011 744 εει
2037 704 2159 745 esse

572 786 856 847 cantu-aria,
889 787 953 838 ah
985 784 1287 839 Alexandro
1317 799 1421 840 non
1448 794 1530 839 est
1560 785 1882 853 expositum,
1916 786 2010 840 sed
2043 796 2157 838 tan-

574 892 680 935 tum
707 881 905 933 dii-tum
938 881 1150 947 quando
1185 890 1406 948 possunt
1439 893 1559 932 esse
1592 881 1992 948 propositiOnes
2025 883 2155 949 ipsa:

569 973 869 1030 contrarim.
888 975 927 1026 Α
961 973 1258 1043 POrphyrio
1279 987 1402 1025 vero
1424 973 1708 1039 diligenter
1738 980 1821 1026 est
1849 973 2154 1040 expositum

571 1067 780 1136 quamlo
825 1081 884 1120 ea
919 1081 1036 1134 qum.
1075 1066 1442 1134 signiﬁcantur
1483 1065 1829 1134 possintesse
1859 1068 2150 1120 contraria.

569 1159 718 1225 Quod
765 1161 881 1225 ipse
930 1157 1237 1211 Aristotelis
1285 1165 1460 1210 textus
1515 1159 1810 1224 expressit,
1843 1171 2152 1226 quanquam

569 1250 871 1304 Alexander
903 1265 1113 1318 quoque
1141 1247 1386 1301 eamdem
1418 1261 1574 1315 quam
1625 1248 1954 1317 Porphyrius
1981 1263 2152 1315 expo-

567 1345 671 1398 soit
707 1345 897 1398 viderit
937 1342 1354 1407 expositionem.
1424 1343 1549 1396 Eam
1599 1351 1776 1395 tamen
1829 1344 1910 1408 (ut
1951 1341 2151 1394 dictum

569 1439 671 1504 est)
703 1445 890 1503 sponte
938 1435 1155 1502 rejecit,
1201 1446 1254 1488 et
1299 1434 1397 1487 sibi
1451 1433 1755 1502 hujusmodi
1802 1433 2157 1499 espositionis

568 1528 1232 1582 conﬁrmavitsententiam
1259 1528 1563 1595 disltlieere.
1590 1526 1711 1580 Mihi
1730 1541 1859 1579 vero
1885 1536 1971 1578 aut
1989 1533 2152 1578 ιιιτιιι-
2204 1573 2209 1580 .

566 1636 670 1689 que
703 1637 788 1672 rec
815 1620 1020 1688 p‘euda:
1053 1620 1416 1687 eitpositinnes
1445 1617 1714 1682 videntur,
1749 1627 1837 1670 aut
1861 1616 2156 1684 meliorju-

567 1717 790 1770 dicauda
828 1717 1112 1783 posterior,
1147 1715 1246 1766 hoc
1275 1713 1418 1765 enim
1451 1713 1562 1781 ipse
1589 1725 1803 1780 quoque
1836 1710 2153 1763 Aristoteles

567 1809 960 1878 quodammodo
989 1807 1173 1862 suhtcr
1196 1807 1431 1862 ostendit
1453 1821 1573 1860 cum
1600 1806 1727 1858 dicit
1759 1821 1772 1856 :
1802 1803 1972 1857 Simul
2005 1806 2150 1856 enim

2270 593 2444 647 omnis
2472 593 2636 648 homo
2659 595 2862 652 animal
2887 607 2992 664 εει,
3019 614 3089 654 an
3124 599 3493 669 praedicatum,
3518 610 3574 658 ιιι
3601 603 3672 658 sit
3698 607 3855 659 homo

2267 699 2429 740 omne
2457 686 2654 740 animal
2671 699 2754 742 est
2775 705 2790 754 ;
2809 705 2877 742 an
2898 701 3206 760 utrumque,
3224 701 3282 746 ut
3299 693 3556 750 sitomuis
3571 693 3730 749 homo
3743 709 3858 750 om-

2267 791 2336 830 ne
2357 777 2666 832 animalest.
2689 779 3057 835 Sedneutrum
3073 797 3260 838 eorum
3289 800 3408 851 qua
3437 793 3703 854 posterius
3719 788 3860 846 dicta

2265 879 2411 932 sunt,
2443 867 2558 922 ﬁeri
2585 879 2796 935 oportet
2824 890 2838 923 ;
2864 887 3094 940 namque
3122 873 3186 926 ad
3217 876 3557 942 pra-dicatum
3591 893 3860 946 nunquam

2264 959 2645 1015 determinatio
2667 961 2928 1032 jungitur,
2961 963 3056 1017 sed
3084 964 3150 1016 ad
3180 963 3476 1034 SUbth'lUlll
3506 975 3734 1030 tantum,
3761 983 3858 1024 nee

2263 1067 2370 1121 que
2389 1055 2531 1108 enim
2559 1067 2744 1108 verum
2771 1065 2853 1108 est
2873 1055 3056 1108 dicere
3081 1070 3240 1108 omne
3267 1056 3463 1110 animal
3494 1058 3668 1110 omnis
3699 1057 3861 1112 homo

2262 1158 2376 1213 est;
2410 1148 2608 1204 idcirco
2634 1150 2885 1218 quoniam
2907 1151 3084 1205 omnis
3107 1150 3546 1218 pricdicatio,aut
3579 1150 3749 1220 major
3775 1161 3860 1204 est

2262 1241 2529 1310 subjecto,
2571 1252 2661 1296 aut
2696 1242 2938 1310 aequalis,
2965 1252 3021 1295 ut
3053 1241 3104 1294 itt
3137 1257 3203 1294 eo
3231 1243 3370 1310 quod
3401 1241 3470 1294 dii
3493 1245 3650 1304 imus,
3683 1243 3859 1297 omnis

2265 1334 2426 1388 homo
2449 1333 2647 1387 animal
2677 1343 2779 1392 est.
2808 1335 2927 1401 plus
2949 1344 3031 1388 est
3054 1334 3248 1388 animal
3274 1349 3430 1401 quam
3457 1334 3635 1386 homo.
3657 1331 3721 1384 Et
3743 1346 3861 1385 rur-

2261 1440 2356 1479 sus
2400 1425 2453 1479 iit
2504 1439 2570 1478 eo
2618 1423 2758 1493 quod
2799 1425 3027 1480 dicimus
3075 1425 3236 1478 homo
3267 1423 3485 1478 risihilis
3514 1434 3616 1487 est,
3658 1422 3860 1477 risihtlo

2261 1529 2504 1586 arquatur
2554 1516 2796 1581 homini;
2829 1528 2884 1570 ut
2939 1525 3116 1571 autem
3167 1517 3234 1570 sit
3267 1517 3440 1570 minus
3489 1515 3852 1584 prmdicatum,

2262 1621 2422 1677 atque
2465 1609 2740 1677 angustius
2781 1609 3046 1678 subjecto,
3094 1608 3207 1661 fieri
3246 1623 3352 1660 non
3394 1616 3584 1677 potest.
3630 1607 3768 1677 Ergo
3804 1606 3857 1662 in

2263 1699 2343 1755 his
2393 1700 2695 1768 praedicatis
2740 1715 2862 1770 qua:
2899 1700 3139 1769 subjecto
3186 1701 3387 1764 majoi‘a
3434 1709 3578 1764 sunt,
3625 1701 3761 1753 utin
3792 1712 3858 1752 eo

2260 1791 2403 1861 quod
2433 1801 2518 1846 est
2544 1793 2767 1857 animal,
2798 1794 3075 1860 perspicue
3093 1791 3222 1844 falsa
3243 1802 3322 1844 est
3348 1791 3663 1858 propositio,
3695 1792 3737 1844 si
3763 1791 3858 1844 de-

567 1916 747 1954 vertttn
777 1910 858 1952 est
891 1900 1066 1952 dicere
1109 1898 1359 1967 quoniam
1385 1907 1465 1952 est
1483 1899 1641 1952 homo
1664 1898 1841 1959 albus,
1863 1905 2037 1948 etnon
2069 1905 2158 1946 est
2190 1889 2242 1949 Β

2190 1889 2242 1949 Β
2270 1881 2576 1935 terminatio
2616 1882 3032 1936 universalitatis
3072 1881 3138 1935 ad
3176 1881 3517 1948 praedicatum
3564 1882 3854 1934 terminum

568 1993 725 2049 homo
741 1993 978 2054 alhus,et
1007 1999 1089 2045 est
1113 1990 1575 2059 lioinoprobtt<,et
1595 2006 1698 2041 non
1732 2000 1814 2042 εει
1846 1989 2004 2041 Ιιυιιιο
2031 2001 2154 2054 pro-

567 2086 693 2140 bus:
718 2088 758 2139 si
775 2086 916 2140 enim
935 2086 1103 2152 turpis
1122 2093 1221 2146 est,
1239 2092 1441 2136 nonest
1465 2085 1759 2151 prohus;et
1782 2081 1822 2133 si
1847 2079 1907 2132 lit
1929 2079 2150 2148 aliquid,

569 2180 722 2232 etiam
741 2195 844 2232 non
863 2187 962 2229 est.
981 2177 1142 2244 Cttjtts
1159 2175 1372 2243 quidem
1389 2174 1488 2227 loci
1513 2188 1628 2243 qum
1647 2172 1712 2225 sit
1727 2171 2014 2240 expositio,
2030 2185 2155 2225 cum

571 2271 630 2324 ad
659 2270 707 2324 id
729 2273 1050 2333 venerimus,
1069 2268 1576 2322 demonstrabimus.
1596 2266 2036 2334 tiognosceudum
2058 2279 2156 2318 au-

571 2373 674 2419 tem
698 2374 777 2417 est
815 2374 866 2418 et
883 2377 1071 2416 memor
1088 2362 1132 2415 ia
1156 2362 1493 2416 retinendum
1511 2359 1650 2429 quod
1674 2372 2006 2428 quacunque
2027 2373 2156 2426 pro-

571 2458 865 2526 positiones
890 2456 1220 2508 universales
1243 2453 1619 2508 universaliter
1645 2452 1844 2506 fuerint
1894 2451 2152 2518 praedica-

572 2559 656 2611 ta-,
684 2548 726 2599 si
755 2549 835 2598 hic
858 2547 964 2599 al’lli
981 2548 1213 2609 mativw,
1234 2545 1340 2598 illa:
1363 2561 1490 2599 vero
1512 2544 1622 2598 sint
1649 2543 2160 2613 negativae,semper

573 2648 825 2704 utrasque
865 2652 981 2689 esse
1005 2636 1322 2699 contrarias,
1346 2634 1391 2688 si
1421 2635 1550 2688 nihil
1575 2635 2038 2702 arquivoeationis,
2068 2645 2161 2691 aut

573 2727 846 2791 temporis,
878 2733 968 2778 aut
989 2726 1285 2794 aliqum-um
1306 2740 1426 2793 qua:
1450 2739 1608 2792 supra
1635 2723 1990 2780 dett-rutinata
2006 2712 2157 2790 sunt,

574 2821 637 2874 ad
671 2821 963 2872 faciendam
994 2820 1386 2887 oppositionem
1431 2818 1831 2872 eontrarietatis
1879 2820 2158 2886 impediat.

2267 1973 2505 2042 pOttitur.
2557 1973 2688 2026 Nam
2719 1974 2765 2028 si
2787 1974 3050 2039 dicamus,
3100 1977 3260 2026 homo
3288 1982 3369 2026 est
3395 1972 3614 2036 animal,
3655 1969 3855 2026 animal

2263 2068 2405 2136 quod
2439 2068 2612 2135 majus
2633 2075 2718 2132 est
2744 2068 2962 2120 homine
2984 2082 3078 2134 per
3101 2066 3239 2120 hanc
3262 2065 3764 2119 drlCt‘tttittntiOttCttt
3788 2065 3856 2118 ad

2262 2158 2564 2226 sufjectum
2609 2158 2881 2212 hominem
2925 2172 3094 2228 usque
3135 2157 3533 2215 contrahimus.
3580 2171 3700 2208 cum
3748 2172 3854 2211 non

2263 2252 2438 2304 solum
2474 2249 2538 2302 ad
2582 2230 2876 2315 hominem,
2910 2249 3003 2304 sed
3037 2248 3102 2302 ad
3142 2248 3241 2300 alia
3275 2261 3486 2317 quoque
3515 2261 3708 2300 nomen
3739 2247 3855 2301 atii-

2261 2343 2420 2396 malis
2449 2340 2615 2410 possit
2645 2341 2838 2406 a,.tari.
2873 2343 3076 2395 ltursus
3108 2341 3158 2392 iu
3191 2340 3257 2393 iis
3293 2356 3413 2410 qua:
3450 2339 3672 2410 aequalia
3732 2349 3855 2394 sunt

2265 2433 2408 2487 idem
2438 2433 2637 2487 evenit.
2678 2433 2810 2486 Nam
2839 2435 2882 2487 si
2921 2433 3095 2486 dicam
3128 2433 3304 2486 omnis
3351 2437 3509 2486 homo
3543 2447 3699 2488 oinne
3731 2432 3855 2487 risi-

2265 2526 2374 2580 bile
2403 2533 2506 2593 est,
2540 2525 2774 2594 primum
2813 2526 2856 2580 si
2886 2527 2952 2580 ad
2985 2525 3371 2578 humanitatem
3414 2527 3580 2591 ipsam
3627 2523 3858 2578 referam

2265 2620 2593 2685 superﬂuum
2641 2628 2724 2672 est
2765 2617 3000 2687 adjicere
3037 2618 3565 2675 determinatioiicm.
3628 2618 3782 2682 Quod
3813 2618 3860 2674 si

2265 2710 2333 2762 ad
2372 2709 2610 2779 singulos
2647 2723 2884 2780 quosque
2917 2710 3218 2776 hominum,
3249 2709 3379 2762 falsa
3420 2719 3504 2762 est
3538 2709 3857 2778 prepositio;

2268 2816 2391 2855 nam
2429 2815 2550 2855 cum
2578 2787 2698 2856 dico
2733 2802 2911 2856 omnis
2953 2803 3111 2853 homo
3153 2815 3311 2854 omne
3356 2801 3556 2854 risibile
3601 2810 3716 2868 est,
3763 2800 3864 2855 hoc

575 2912 685 2966 Nm,
735 2922 909 2966 "me"
957 2927 1146 2965 omnes
1191 2926 1523 2981 qum,“qu
1567 2915 1851 2965 ροηιηηω
1897 2924 2042 2978 sum,
2079 2913 2164 2966 Im
2206 2933 2233 2946 -
2267 2892 2454 2946 videor
2503 2893 2838 2962 signiﬁcare,
2900 2892 3093 2960 singuli
3144 2893 3390 2947 homines
3441 2908 3602 2947 omne
3660 2892 3864 2948 risibile

576 3016 664 3060 aut
694 3009 745 3060 in
769 3006 1158 3060 universalihus
1209 3005 1586 3061 universaliter
1611 3015 1815 3075 ponunt
1841 3008 2165 3062 enuntiatio-

576 3113 729 3160 nem,
754 3105 842 3150 aut
873 3113 974 3150 una
1009 3097 1330 3152 allirmativa
1363 3107 1445 3151 est
1471 3135 1486 3161 ,
1516 3099 1682 3151 altera
1710 3098 1990 3168 negativa,
2023 3108 2079 3152 ut
2109 3100 2164 3153 in

577 3205 638 3244 eo
667 3191 808 3260 quod
838 3200 942 3255 est,
975 3190 1224 3242 Socrates
1255 3203 1422 3242 sanus
1445 3199 1548 3254 est,
1585 3189 1836 3244 Socrates
1866 3205 2009 3258 aeger
2039 3199 2148 3244 est.

2268 2984 2571 3051 sunt,quod
2595 2984 2707 3038 ﬁeri
2734 2998 2837 3037 non
2865 2984 3191 3052 potest.l\‘on
3217 2986 3375 3056 igitur
3401 2987 3464 3040 ad
3494 2986 3863 3055 praedicatum,

2267 3075 2441 3136 sedud
2460 3076 2758 3145 subjectum
2777 3075 3155 3130 determinatio
3179 3078 3447 3147 ponenda.
3484 3077 3650 3132 Verba
3687 3089 3864 3133 autent

2271 3171 2574 3225 Aristotelis
2622 3169 2722 3225 hoc
2761 3170 2919 3224 modo
2960 3179 3106 3235 sunt,
3138 3179 3194 3224 et
3249 3169 3314 3222 ad
3358 3167 3494 3223 hanc
3539 3171 3862 3224 sententiam

578 3283 673 3338 Hie
704 3283 844 3337 enim
871 3297 1044 3351 neque
1075 3283 1127 3336 in
1153 3282 1441 3337 universali
1465 3284 1844 3340 universalitas
1865 3283 2032 3352 posita
2055 3293 2163 3348 est,
2195 3263 2245 3332 ο

2195 3263 2245 3332 ο
2273 3262 2640 3318 ducuntur:in
2669 3263 2750 3317 his
2784 3262 3087 3331 prtedicatis
3115 3278 3232 3331 qua:
3265 3270 3386 3314 sunt
3409 3262 3750 3324 universalia,
3789 3261 3863 3316 Itis

580 3390 751 3443 neque
779 3390 964 3427 rursus
995 3390 1098 3428 una
1130 3384 1212 3430 est
1239 3374 1524 3448 afﬁrmatio
1545 3416 1558 3437 ,
1590 3376 1762 3429 altera
1791 3377 2000 3444 negatio
2019 3414 2034 3440 ,
2068 3376 2166 3430 sed

581 3476 705 3520 sunt
743 3467 1025 3519 contrariae
1058 3466 1472 3535 propositiones.
1499 3465 1785 3522 Contraria
1838 3468 1982 3523 enim
2039 3475 2168 3532 sunt

581 3571 698 3625 qua:
747 3558 1048 3624 signiﬁcant
1092 3557 1388 3627 :quocirca
1435 3557 1734 3614 rectissime
1783 3558 1988 3612 dictum
2042 3569 2165 3627 est,

583 3651 722 3719 quod
747 3666 1076 3719 qua'cunque
1102 3651 1151 3704 iit
1176 3651 1568 3705 uttiverSaIibus
1591 3651 1966 3706 universaliter
1995 3667 2170 3714 enun-

586 3743 806 3804 tiarent,
836 3745 879 3794 si
911 3758 1014 3796 una
1045 3758 1230 3796 earum
1259 3753 1404 3799 esset
1433 3742 1779 3808 altirtnativa,
1810 3745 1977 3796 altera
2011 3759 2170 3813 nega-

587 3837 719 3900 tiva,
753 3839 929 3889 statim
963 3841 1274 3894 naturaliter
1297 3851 1477 3894 essent
1499 3841 1806 3895 contrarias.
1831 3843 1960 3908 Quae
1987 3855 2170 3899 autem

588 3930 870 3983 contrariae
895 3940 1097 3994 essent,
1133 3948 1237 3986 non
1268 3947 1490 3987 necesse
1520 3941 1602 3986 est
1632 3947 1724 3986 eas
1755 3935 1836 3988 vel
1867 3934 2172 3992 universale

589 4021 959 4076 universaliter
983 4024 1284 4088 enuntiare,
1317 4026 1402 4080 vel
1446 4041 1604 4080 unam
1633 4040 1753 4081 esse
1773 4025 2170 4094 afllrtnativam,

590 4115 810 4170 alteram
841 4118 1160 4184 negativam.
1207 4117 1313 4172 Sed
1346 4119 1630 4184 aliquoties
1659 4119 1875 4188 quidem
1900 4134 2057 4187 posse
2079 4122 2176 4175 has

591 4221 710 4263 esse
731 4212 1050 4270 contrarias,
1075 4225 1194 4276 qua:
1216 4211 1525 4264 universale
1547 4211 1601 4266 in
1632 4211 2030 4268 universalihus
2060 4229 2166 4270 non

590 4299 974 4369 signiﬁcarent,
1005 4291 1100 4352 sed
1130 4301 1234 4352 huc
1276 4300 1328 4352 in
1373 4300 1454 4354 his
1507 4310 1711 4354 tantum
1752 4317 1871 4369 quae
1907 4313 2091 4358 essent
2124 4305 2178 4358 in

592 4393 832 4459 subjecto
851 4390 920 4444 de
944 4405 1050 4458 quo
1077 4388 1134 4442 lit
1161 4389 1445 4446 allirinatio
1469 4391 1746 4455 naturalis,
1773 4401 1829 4448 ut
1856 4392 1910 4445 in
1940 4406 2006 4446 eo
2036 4392 2179 4461 quod

594 4491 673 4535 est
701 4483 916 4546 animal,
945 4493 999 4535 et
1022 4482 1205 4536 homo.
1235 4479 1369 4534 Cum
1390 4480 1620 4536 dicimus
1651 4481 1812 4538 homo
1843 4483 2038 4537 animal
2069 4491 2175 4548 est,

598 4571 758 4624 homo
787 4573 983 4625 animal
1013 4587 1118 4628 non
1165 4582 1269 4637 est,
1300 4572 1556 4641 quoniam
1611 4574 1662 4628 in
1707 4584 1896 4628 natura
1945 4576 2178 4630 hominis

596 4663 790 4717 animal
816 4675 927 4727 est,
953 4664 1152 4718 idcirco
1181 4666 1294 4720 haec
1320 4665 1598 4722 allirmans
1633 4666 1717 4724 illa
1759 4682 1962 4738 negans
1989 4669 2178 4726 viden-
2205 4651 2260 4713 D

597 4765 682 4810 tur
701 4771 820 4809 esse
848 4756 1138 4820 contraria,
1159 4773 1462 4828 quanquam
1486 4757 1593 4814 illic
1609 4759 1750 4813 nulla
1803 4759 2180 4816 determinatio

598 4862 770 4914 neque
795 4851 1228 4916 particularitatis
1274 4865 1449 4918 neque
1475 4852 1901 4916 universalitatis
1929 4854 2177 4908 addatur.

671 4941 735 4996 In
768 4958 826 4995 eo
860 4958 975 4997 vero
1013 4944 1150 5010 quod
1188 4945 1470 4997 universaie
1497 4946 1826 5012 prwdicatur,
1858 4945 1911 5000 id
1937 4948 2073 5014 quod
2111 4957 2182 5001 est

599 5035 949 5090 uniuersaliter
989 5037 1264 5104 prwdicare
1291 5073 1305 5096 ,
1347 5051 1447 5088 non
1495 5047 1569 5090 est
1618 5052 1817 5098 verum;
1869 5037 2011 5090 nulla
2049 5039 2184 5090 enim

600 5129 865 5196 afﬁrmatio
907 5128 998 5180 erit
1027 5141 1142 5178 uera
1171 5127 1222 5184 in
1267 5142 1368 5193 qua
1411 5127 1696 5182 universale
1719 5129 2049 5195 praedicatum
2072 5131 2189 5183 uni-

601 5221 860 5274 uersaliter
886 5220 1208 5289 pmdicetur,
1234 5226 1307 5281 ιιι,
1331 5220 1497 5272 ontnis
1523 5222 1673 5274 homo
1702 5231 1773 5276 est
1800 5237 1946 5274 omne
1972 5221 2186 5276 aniinal.

673 5316 824 5380 Quod
856 5313 983 5367 dicit
1028 5311 1330 5381 hujusmudi
1359 5322 1474 5381 est,
1498 5312 1674 5366 omnis
1717 5314 2010 5382 pr0positio
2056 5314 2189 5372 sim-

606 5410 724 5478 plex
765 5409 974 5463 duobus
1020 5391 1261 5462 terminis
1283 5416 1493 5466 constat
1523 5424 1536 5459 :
1566 5406 1649 5460 his
1676 5421 1822 5475 sa'po
1849 5407 2062 5462 additur
2101 5418 2192 5463 aut

610 5505 1022 5561 .tiiversalitatis
1048 5513 1138 5557 aut
1166 5501 1600 5572 particularitatis
1645 5501 2044 5569 determinatio,
2095 5502 2189 5558 sed

609 5596 677 5651 ad
709 5613 864 5666 quam
898 5605 1104 5665 partem
1139 5595 1224 5649 hie
1279 5594 1758 5652 determinationes
1796 5595 2059 5649 addantur
2091 5611 2190 5651 ex-

610 5701 780 5759 ponit.
833 5689 1051 5745 Videtur
1091 5689 1236 5744 enim
1295 5689 1566 5744 Aristoteli
1627 5688 1915 5756 praedicata
1961 5691 2193 5746 termino

613 5783 1116 5839 detertuinationem
1172 5799 1275 5838 non
1331 5796 1583 5852 oportere
1651 5785 1925 5852 conjungi.
1981 5782 2037 5838 In
2097 5785 2194 5839 hac

613 5875 757 5944 enim
781 5875 1148 5946 propositione
1175 5889 1292 5946 qua
1316 5882 1418 5940 εει.
1454 5877 1614 5931 homo
1640 5877 1838 5934 suiiual
1863 5886 1965 5942 est,
1999 5879 2194 5945 queri-

2274 3355 2507 3422 adjicere
2542 3355 2850 3408 universale
2878 3353 3171 3422 aliquid,ut
3195 3352 3498 3406 universale
3521 3353 3863 3419 prmdicatttm

2274 3447 2646 3502 universaliter
2689 3445 3028 3514 praedicetur,
3071 3460 3174 3495 non
3216 3453 3298 3497 εει
3345 3458 3548 3506 verum,
3585 3443 3685 3494 hoc
3715 3442 3860 3494 enim

2272 3551 2354 3596 est
2381 3540 2522 3611 quod
2554 3541 2661 3593 ait:
2693 3539 2747 3594 ln
2779 3554 2844 3594 eo
2874 3553 3000 3592 vero
3018 3538 3154 3608 quod
3179 3539 3498 3607 praedicatur
3527 3537 3824 3592 universale
3846 3577 3865 3604 ,

2292 3637 2324 3692 tl
2355 3646 2438 3691 est
2463 3633 2603 3704 quod
2635 3634 2794 3688 habet
2826 3632 3170 3704 prmtlicatum
3202 3632 3522 3694 universale,
3549 3631 3720 3700 ipsum
3753 3631 3871 3685 uni-

2277 3727 2480 3782 versale
2511 3725 2855 3796 prazdieatum
2888 3723 3263 3776 universaltter
3297 3739 3401 3775 non
3434 3729 3516 3774 εει
3561 3737 3765 3776 vermn.
3812 3718 3868 3775 In

2278 3818 2566 3888 pratdicato
2587 3817 2729 3870 enim
2756 3815 3064 3877 uniVersali,
3111 3814 3159 3867 id
3184 3823 3260 3868 est
3291 3815 3432 3882 quod
3460 3812 3759 3867 universale
3783 3819 3867 3866 est

2277 3920 2330 3965 et
2377 3910 2718 3980 prtedicatur,
2766 3908 2935 3976 ipsum
2969 3906 3336 3975 praidicatum,
3379 3901 3522 3974 quod
3568 3903 3869 3958 universale

2279 4013 2380 4067 est,
2415 4000 2790 4054 universaliter
2820 3999 3135 4068 prtcdicare,
3184 3998 3231 4050 id
3262 4007 3343 4051 est
3376 3997 3581 4066 adjecta
3612 3997 3870 4050 determi-

2282 4097 2492 4148 natione
2525 4092 3088 4153 ttnivet'salitatis,non
3113 4102 3194 4145 est
3233 4105 3457 4155 verum;
3509 4106 3683 4160 neque
3726 4089 3870 4144 enim

2283 4197 2455 4260 potest
2502 4187 2611 4240 ﬁeri
2643 4195 2699 4238 ut
2728 4186 2831 4238 ulla
2864 4187 2932 4237 sit
2963 4184 3248 4236 aflirnia'io
3281 4197 3402 4235 vera
3433 4183 3481 4234 in
3515 4195 3618 4248 qlia
3650 4179 3716 4234 de
3747 4179 3871 4234 uni-

2282 4281 2559 4334 verSaIiter
2595 4278 2879 4344 priedicato
2913 4276 3233 4328 universalis
3263 4273 3636 4326 determinatio
3675 4270 3872 4338 [mndi-

2283 4380 2453 4424 cetur.
2482 4369 2676 4437 lﬂisque
2702 4368 2781 4421 rei
2814 4368 3086 4421 notionem
3115 4365 3358 4432 exemplo
3379 4364 3552 4428 aperit
3579 4362 3784 4426 dicens,
3814 4373 3872 4421 ut

2283 4463 2455 4516 omnis
2487 4463 2644 4513 homo
2672 4477 2829 4514 omne
2855 4459 3049 4513 animal
3095 4471 3213 4522 est;
3253 4466 3355 4510 hoc
3381 4467 3558 4510 autem
3603 4469 3764 4524 quam
3804 4456 3873 4514 sit

2287 4555 2694 4618 inconveniens,
2725 4569 2884 4623 supra
2912 4557 3020 4620 jam
3053 4552 3309 4604 diximus.

2719 4687 2784 4726 οι
2812 4685 3030 4726 ιιεευιΑε
3061 4683 3438 4722 OPPOSITORUM.

2360 4765 2561 4838 (inponi
2594 4765 2762 4832 itaque
2801 4763 2915 4816 dico
2949 4762 3338 4831 aﬂirmationem
3376 4761 3634 4832 negatiom‘
3677 4767 3877 4812 contra.

2284 4858 2497 4915 dicteria
2535 4871 2650 4927 qua:
2681 4855 3033 4910 uniuersaliter
3080 4854 3342 4922 signiﬁcat
3388 4853 3433 4906 ei
3486 4869 3602 4923 qua:
3631 4869 3730 4906 non
3761 4853 3877 4906 uiti-

2287 4951 2578 5014 vcrsaliter,
2602 4961 2651 5002 ut
2670 4950 2830 5002 Omnis
2852 4947 3165 5000 Itomoalbtu
3180 4957 3251 4999 est
3268 4989 3282 5013 ,
3304 4963 3402 4998 non
3436 4947 3598 4998 omnis
3625 4947 3772 4998 homo
3799 4944 3877 4998 al-

2289 5042 2380 5096 bus
2412 5049 2517 5104 est;
2559 5037 2732 5092 nullus
2775 5037 2928 5092 homo
2949 5039 3094 5090 albus
3122 5047 3228 5097 est,
3273 5038 3480 5103 quidam
3532 5038 3682 5088 homo
3729 5037 3877 5089 albus

2291 5142 2362 5186 est
2397 5145 2415 5184 :
2447 5131 2720 5182 Contraria:
2761 5145 2874 5182 t'ero
2907 5126 3239 5182 uniuersalem
3263 5127 3651 5196 affirtitatiuuem
3691 5139 3734 5180 et
3772 5121 3890 5173 Νηί-

2293 5223 2534 5278 rcrsulcm
2559 5222 2900 5292 negationem,
2935 5231 2988 5272 ut
3011 5221 3174 5272 amitis
3208 5220 3548 5288 homojustus
3579 5229 3672 5281 est,
3706 5221 3881 5269 nullus

2292 5317 2443 5371 homo
2461 5318 2632 5386 justus
2662 5325 2756 5368 est.
2798 5314 3050 5380 Quocirca
3105 5313 3198 5366 Ita;
3233 5312 3434 5381 quidem
3464 5309 3781 5379 impossibile
3814 5317 3883 5361 est

2293 5413 2447 5468 simul
2472 5427 2574 5464 esse
2597 5425 2757 5474 veras,
2786 5410 2860 5460 his
2891 5423 3008 5460 vero
3041 5409 3311 5476 oppositas.
3326 5406 3568 5474 contingit
3603 5401 3884 5467 aliquando

2297 5508 2349 5560 in
2377 5507 2580 5570 eodem,
2603 5514 2658 5559 ut
2687 5519 2791 5560 non
2824 5501 2986 5556 omnis
3011 5500 3159 5554 homo
3189 5499 3332 5553 albus
3357 5505 3450 5564 est,
3481 5505 3525 5548 et
3555 5494 3767 5564 quidam
3795 5493 3884 5544 Ιιος

2301 5616 2380 5652 m0
2417 5600 2560 5653 albus
2584 5609 2674 5652 est.

2372 5697 2501 5764 Quae.
2527 5697 2594 5750 sit
2635 5695 2834 5764 integra
2884 5687 3270 5755 contradictio,
3305 5687 3388 5740 his
3429 5680 3608 5740 verbis
3633 5675 3880 5735 ostendit.

2301 5789 2390 5842 Ait
2421 5789 2564 5843 enim
2610 5789 2750 5844 illam
2792 5801 2911 5840 cs<e
2963 5781 3355 5853 oppositionem
3410 5774 3879 5835 contradictoriam

2304 5891 2633 5948 quaecunque
2652 5876 2778 5938 dicit
2810 5889 2912 5936 non
2937 5887 3057 5929 esse
3083 5870 3455 5938 universaliter
3483 5885 3594 5934 rem
3615 5867 3860 5926 universa
