4270 6266
257 746 263 749 τ
346 706 626 761 versaliter
692 704 957 771 significat
976 747 991 768 ,

346 310 442 376 ιιι

1087 317 1149 372 ιιι
1192 298 1447 374 LtBnun
1488 318 1577 374 ne
1616 316 2260 377 INTERPRETATIONE
2296 320 2524 381 εειτιο
2560 326 2894 386 secenas.

3036 279 3045 286 .
3110 266 3145 287 4

3514 326 3621 385 ιιε

346 433 450 491 lem
475 440 666 488 contra
715 445 835 489 eam
882 446 1003 504 qua
1031 447 1143 487 rem
1174 432 1532 488 universalem
1560 433 1926 488 nniversatter
1954 432 2005 493 Α
2033 445 2112 485 εει
2144 435 2360 501 quidam
2390 436 2553 492 homo
2579 440 2752 495 albus.
2804 442 2997 498 Positis
3044 445 3206 516 igitur
3231 444 3439 499 duabus
3488 456 3615 511 pro-

334 525 619 603 prOpotvit,
644 534 806 594 atque
845 523 947 578 hoc
971 532 1055 579 est
1076 524 1218 592 quod
1254 525 1325 576 ait
1360 541 1375 576 :
1406 524 1613 592 Opponi
1639 533 1815 577 autem
1846 523 1926 576 af-

346 615 711 671 firmationem
742 616 1012 685 negatioui
1038 614 1160 669 dico
1188 614 1598 669 contradictOrie
1618 656 1633 680 ,
1667 630 1783 681 qua-
1808 616 1916 668 uni.

1063 704 1240 760 eidem
1303 719 1422 773 qua:
1474 719 1577 760 non
1639 707 1920 758 universa.

345 799 489 862 liter,
519 809 578 854 ut
600 798 650 853 ei
676 813 794 867 qum
815 806 899 852 est
925 797 1099 851 omnis
1130 798 1289 850 ltomo
1315 796 1492 865 justus
1517 806 1600 851 est
1634 800 1926 865 opponitur

346 906 405 945 ea
430 907 549 961 qnze
572 890 870 952 t'tniverSale
894 889 1158 959 significat
1182 904 1284 943 non
1311 900 1487 943 tamen
1522 889 1920 956 universaliter,

345 994 403 1039 ut
430 1000 489 1038 ca
513 1000 631 1053 qua:
662 993 767 1049 est,
799 984 1013 1052 quidam
1050 983 1208 1037 homo
1234 982 1408 1051 justus
1449 996 1559 1035 non
1588 992 1672 1036 cst
1709 997 1723 1034 :
1749 983 1926 1036 homi-

346 1089 463 1129 nem
487 1076 630 1127 enim
666 1075 1017 1128 universalem
1067 1074 1333 1145 significat
1379 1089 1482 1125 non
1526 1073 1919 1135 tmivers.r:luer,

344 1176 395 1218 ut
416 1178 535 1218 cum
563 1164 714 1228 dicit,
733 1181 837 1218 non
865 1166 1040 1217 omnis
1056 1166 1397 1232 honmjnstm
1420 1175 1521 1228 εει,
1549 1167 1662 1218 lucc
1688 1176 1770 1218 est
1792 1180 1923 1217 eon-

345 1258 640 1311 tradictoria
684 1256 976 1325 oppositio,
1008 1266 1065 1309 ttt
1100 1255 1148 1309 si
1182 1258 1245 1309 sit
1271 1256 1585 1308 universalis
1613 1255 1923 1321 affirmatio,

343 1355 413 1409 sit
440 1357 784 1423 particularis
815 1356 1029 1423 negatio
1056 1373 1071 1421 ;
1094 1356 1138 1409 si
1167 1356 1234 1408 sit
1258 1356 1573 1408 universalis
1601 1356 1831 1427 negatio,
1859 1358 1929 1410 sit

343 1447 681 1517 pat-ticul.tris
732 1445 1039 1500 affirmatio.
1084 1445 1381 1515 Angulares
1416 1443 1560 1497 enim
1595 1445 1686 1513 (ut
1724 1446 1923 1499 dictum

347 1549 466 1605 est)
512 1540 642 1592 solre
693 1538 894 1592 faciunt
928 1538 1443 1601 contradictionem,
1485 1539 1644 1591 verba
1668 1538 1827 1608 igitur
1866 1550 1925 1590 se

344 1632 575 1684 obscure
627 1629 843 1691 habent,
870 1629 963 1681 sed
1010 1629 1274 1682 sententia
1319 1628 1601 1682 manifesta
1634 1639 1757 1691 est;
1794 1628 1925 1681 «ιιιιι

343 1720 487 1774 enim
521 1721 552 1772 il
578 1719 828 1786 aoppoui
861 1719 1277 1773 contradicmrie
1321 1718 1731 1771 affirtuationetu
1765 1734 1925 1787 nega-

2032 526 2405 593 positionibus,
2453 528 2815 586 affirmatione
2867 536 3195 601 universali,
3239 545 3295 590 et
3325 529 3615 601 univvrsali

2028 617 2334 687 negatione,
2367 634 2456 673 ars
2483 620 2661 674 danda
2683 631 2766 676 est
2804 636 3066 689 quatenus
3121 640 3305 680 earum
3338 625 3616 680 invenian-

2031 719 2113 761 tur
2168 712 2438 778 oppo.~ita.
2504 712 2763 781 Opposita
2788 717 3128 771 autemalieo
3169 716 3616 778 contradictorie,

2029 814 2134 852 non
2164 801 2458 868 contrarie,
2491 804 2801 872 nequeullo
2823 808 2984 859 modo
3012 806 3139 858 alio.
3192 806 3275 860 Sit
3324 808 3465 861 enim
3500 808 3616 862 haec

2028 888 2333 957 affirmatio,
2387 893 2566 947 omnis
2601 894 2763 947 Itomo
2789 895 2965 964 justus
3008 906 3128 961 εει,
3157 907 3209 950 ει
3235 898 3347 953 hac
3382 909 3612 969 negato,

2032 982 2207 1035 nullus
2257 981 2417 1037 homo
2462 984 2638 1050 justus
2662 994 2747 1039 est
2776 1026 2794 1049 ,
2836 998 3024 1042 contra
3054 987 3461 1042 afﬁrtnationetn
3495 1006 3614 1056 qua:

2029 1082 2111 1127 est
2162 1077 2337 1128 omnis
2385 1076 2545 1129 homo
2564 1076 2742 1146 justus
2768 1088 2851 1133 cst
2892 1080 3138 1133 videntur
3168 1093 3289 1133 esse
3307 1080 3618 1146 negationes

2030 1165 2146 1229 lue,
2190 1181 2295 1220 una
2342 1166 2521 1222 nullus
2566 1168 2725 1224 homo
2745 1169 2921 1237 justus
2946 1180 3050 1233 εει,
3077 1174 3241 1223 altera
3274 1170 3488 1237 quidam
3517 1171 3612 1221 lto-

2032 1273 2117 1311 tuo
2142 1258 2319 1328 justus
2336 1275 2441 1313 non
2469 1270 2571 1321 est,
2599 1262 2768 1317 altera
2798 1277 2900 1316 non
2927 1262 3103 1316 omnis
3134 1262 3293 1316 homo
3316 1261 3491 1330 justus
3512 1270 3617 1326 est,

2029 1360 2084 1403 et
2132 1360 2399 1419 postrema
2448 1354 2744 1416 indefinito,
2798 1355 2958 1407 homo
2993 1354 3169 1423 justus
3202 1369 3306 1407 non
3347 1360 3447 1405 εει.
3490 1350 3619 1417 Qua:

2033 1439 2219 1495 ltartttn
2242 1442 2403 1511 igitur
2428 1454 2615 1497 contra
2640 1459 2756 1497 eam
2784 1461 2902 1513 qua:
2933 1454 3017 1497 est
3050 1444 3221 1499 omnis
3255 1443 3415 1495 homo
3440 1441 3617 1511 justus

2029 1541 2111 1585 est
2142 1532 2566 1586 contradictione
2596 1535 2960 1588 constituitur.
3001 1533 3489 1591 (lonzratlictoriam
3517 1548 3616 1585 au-

2032 1630 2135 1675 tent
2175 1636 2309 1676 voco
2357 1622 2748 1691 oppositionem
2782 1624 2835 1678 in
2868 1640 2971 1693 qua
3004 1624 3295 1678 afﬁrmatio
3322 1635 3372 1677 et
3407 1625 3616 1691 negatio

2034 1728 2205 1777 neque
2222 1721 2461 1781 utrmque
2493 1729 2633 1768 verte
2657 1716 2784 1780 sint,
2820 1731 2992 1784 neque
3030 1716 3175 1769 falsre
3217 1727 3489 1784 utrmque,
3521 1712 3614 1769 sed

344 1813 494 1875 tioni,
541 1812 624 1865 vel
680 1811 1017 1881 negationem
1076 1811 1440 1875 altirmationi,
1493 1825 1826 1879 quaecunque
1868 1811 1921 1864 id
1954 1814 2003 1877 Ι
2033 1822 2134 1861 una
2177 1823 2391 1876 semper
2438 1822 2593 1876 vera,
2648 1808 2819 1863 altera
2866 1809 3021 1862 falsa.
3066 1810 3121 1864 Si
3155 1822 3283 1879 ergo
3316 1816 3615 1876 opponam!

344 1906 485 1974 quod
520 1919 607 1958 res
630 1903 801 1957 altera
830 1902 1132 1956 universale
1160 1902 1531 1956 universaliter
1573 1902 1922 1973 significaret,

344 2000 518 2053 eidetu
542 1997 885 2061 significaret,
928 2012 1030 2048 non
1057 1996 1430 2048 uttitersaliter
1456 1995 1599 2064 quod
1630 2005 1777 2048 es-et
1801 1996 1919 2048 uni-

343 2092 572 2157 versale,
597 2100 651 2144 ιιι
674 2092 723 2143 in
750 2089 831 2142 Itis
856 2102 987 2157 quas
1010 2104 1167 2157 supra
1191 2088 1462 2153 diximus;
1490 2099 1546 2141 et
1580 2098 1635 2141 ut
1662 2089 1774 2142 haec
1803 2102 1924 2158 qnze

340 2195 453 2248 εει,
496 2184 670 2237 omnis
700 2183 859 2235 homo
882 2184 1058 2248 justus
1094 2192 1198 2246 est,
1238 2198 1349 2236 rent
1392 2182 1747 2237 ttnivcrsaletn
1809 2184 1924 2236 unis

341 2276 620 2330 versaliter
661 2274 1012 2341 significavit,
1043 2274 1131 2326 illa
1164 2288 1282 2342 quae
1308 2283 1391 2327 est
1423 2288 1526 2326 non
1558 2277 1733 2327 omnis
1764 2274 1924 2328 homo

342 2365 514 2434 iustus
539 2374 643 2431 est,
681 2366 858 2418 eidem
899 2363 1244 2418 affirtnationi
1290 2374 1527 2432 OppOSIttt
1551 2408 1565 2431 ,
1611 2363 1679 2419 de
1709 2366 1923 2420 univer-

341 2463 441 2516 sali
470 2463 683 2517 homine
744 2478 847 2515 non
904 2463 1282 2518 universaliter
1310 2466 1554 2533 negavit,
1601 2464 1785 2519 dicens
1814 2481 1920 2519 non

342 2555 517 2609 omnis
544 2556 702 2609 homo
740 2556 915 2624 justus
943 2566 1048 2613 εει.
1079 2555 1283 2609 Rursus
1306 2570 1369 2609 ea
1399 2572 1515 2625 qua:
1541 2556 1705 2620 dicit,
1749 2559 1923 2611 nullus

342 2647 502 2701 homo
521 2646 698 2715 justus
722 2656 843 2710 est,
888 2662 999 2701 rem
1029 2647 1388 2701 universalem
1433 2647 1805 2702 univcrsaltter
1832 2664 1922 2703 ne-

341 2742 478 2808 gavit
507 2740 899 2793 diceusuullus.
921 2741 991 2793 Ea
1026 2754 1155 2793 vero
1176 2756 1294 2808 qua:
1326 2740 1485 2805 dicit,
1511 2741 1726 2808 quidam
1763 2742 1922 2794 homo

340 2829 509 2901 ίιιετιιε
534 2839 637 2894 εει,
664 2846 773 2885 rem
802 2829 1156 2884 universalem
1190 2830 1584 2897 ρ.ιι·ιίι·ιι1;ιι”ιιει·
1613 2832 1917 2893 affirmavit,

340 2932 523 2977 etnon
573 2923 977 2987 universaliter;
1031 2923 1301 2976 hominem
1351 2923 1493 2976 enim
1529 2924 1811 2992 quemdam
1836 2924 1921 2993 ju-

338 3026 476 3069 stum
510 3032 626 3071 esse
655 3016 951 3087 proposuit,
978 3017 1071 3071 sed
1104 3016 1373 3070 hominem
1401 3032 1505 3069 non
1543 3018 1921 3073 universaliter

341 3110 634 3162 enuntiavit
656 3125 763 3163 rem
803 3109 1176 3163 universaletu.
1206 3108 1546 3176 Persequitur
1574 3124 1703 3178 ergo
1731 3125 1918 3163 omnes

2032 1909 2213 1951 contra
2246 1914 2363 1953 eam
2386 1917 2505 1970 quzc
2526 1913 2608 1956 est
2647 1904 2821 1956 ontuis
2880 1904 3039 1956 homo
3070 1903 3247 1972 justus
3273 1911 3383 1959 εει.
3412 1914 3472 1953 ca
3499 1913 3615 1967 qum

2029 2002 2109 2044 est
2134 1994 2310 2047 nullus
2342 1994 2501 2049 homo
2527 1994 2701 2064 juStus
2750 2006 2851 2057 est,
2881 1995 3209 2049 universalis
3235 1993 3439 2046 scilicet
3465 2004 3613 2055 nega-

2029 2080 2127 2146 tio,
2159 2098 2263 2147 non
2301 2095 2381 2138 est
2407 2086 2673 2154 oppositio
2709 2086 3122 2141 contradictoria
3145 2125 3160 2151 ,
3204 2094 3442 2152 utraeque
3468 2081 3611 2147 enim

2028 2174 2174 2231 falsa:
2196 2189 2338 2232 sunt.
2382 2178 2437 2234 Si
2468 2196 2594 2234 vero
2628 2190 2853 2249 ponatur
2885 2196 2943 2233 ca
2967 2196 3084 2248 qua:
3113 2188 3215 2242 εει,
3251 2178 3407 2229 homo
3432 2173 3610 2245 justus

2028 2286 2130 2323 non
2162 2280 2264 2333 est.
2290 2272 2600 2339 indelittita,
2634 2289 2732 2327 nec
2760 2273 2872 2340 ipsa
2903 2286 3112 2341 quoque
3144 2269 3267 2323 facit
3302 2267 3604 2335 oppositio-

2028 2376 2182 2425 ucm;
2210 2362 2461 2427 quoniam
2502 2364 2643 2418 enim
2680 2362 2953 2417 indelinita
2981 2370 3084 2425 εει,
3116 2369 3292 2429 potest
3324 2357 3611 2425 aliquoties

2029 2466 2125 2519 pro
2172 2452 2457 2505 universali
2495 2453 2777 2521 negatione
2832 2468 2926 2520 pro
2958 2450 3368 2517 esspeetatione
3402 2445 3609 2498 audito-

2027 2545 2100 2598 ris
2141 2544 2384 2612 iutelligi.
2427 2543 2689 2610 Quocirca
2734 2558 2832 2597 nec
2880 2543 2992 2610 ipsa
3036 2542 3159 2596 facit
3192 2539 3633 2607 opp-sitionem,

2024 2637 2072 2689 si
2119 2637 2261 2689 enim
2304 2635 2404 2687 hoc
2447 2634 2607 2688 modo
2641 2635 2821 2688 audita
2850 2633 2949 2704 sit‘,
3006 2649 3125 2686 cum
3156 2635 3223 2684 ita
3252 2632 3516 2697 accipitur
3556 2634 3609 2685 ut

2023 2728 2314 2791 contraria,
2340 2728 2502 2782 simul
2530 2743 2622 2782 eas
2662 2726 2825 2780 falsas
2857 2727 3082 2780 inveniri
3105 2724 3389 2795 contingit.
3428 2724 3607 2776 Restat

2023 2833 2151 2887 ergo
2184 2826 2240 2873 ut
2266 2827 2357 2872 aut
2406 2834 2466 2872 ea
2507 2819 2577 2872 sit
2624 2834 2743 2888 qua:
2772 2828 2855 2870 est
2886 2833 2988 2869 non
3029 2816 3201 2869 omnis
3246 2816 3406 2867 homo
3433 2813 3608 2883 justus

2024 2919 2124 2977 cst,
2150 2918 2237 2963 aut
2267 2925 2327 2965 ea
2351 2926 2467 2980 qua:
2514 2920 2597 2963 εει
2628 2909 2839 2977 quidam
2861 2907 3213 2977 ltomojustns
3242 2921 3346 2957 non
3374 2914 3473 2957 est.
3502 2901 3607 2955 Sed

2024 3002 2106 3056 ha:
2139 3002 2239 3057 sibi
2290 3002 2648 3057 consentiunt.
2694 3001 2835 3067 ldetn
2868 3000 3009 3053 enim
3060 2999 3187 3051 dit-it
3229 2996 3318 3067 qui
3360 2991 3607 3064 proponit

2023 3094 2238 3164 quidam
2287 3092 2447 3146 homo
2492 3093 2669 3162 justus
2713 3107 2817 3145 non
2874 3100 2984 3151 est,
3052 3098 3104 3143 et
3149 3089 3285 3141 idem
3340 3087 3425 3154 qtti
3479 3084 3605 3141 dicit

340 3203 689 3273 pt'Oprietate~
721 3203 1158 3271 prepositionutn.
1208 3204 1293 3253 Ait
1320 3204 1464 3252 enim
1486 3218 1498 3251 :
1518 3202 1802 3254 contraria
1832 3216 1911 3255 ve-
1937 3184 1991 3266 ς
2023 3227 2026 3237 ι

1937 3184 1991 3266 ς
2023 3200 2130 3240 non
2156 3185 2332 3239 omnis
2369 3182 2529 3237 homo
2570 3183 2746 3253 justus
2767 3193 2872 3237 est.
2917 3182 3043 3233 Nam
3088 3180 3131 3233 si
3177 3176 3391 3247 quidam
3446 3176 3602 3259 ltomo

340 3312 398 3350 ro
430 3298 778 3350 nuiversalem
814 3296 1223 3349 aflitmatiunem
1245 3336 1258 3358 ,
1290 3304 1344 3348 et
1375 3295 1731 3349 universaletu
1754 3312 1914 3366 nega-

339 3389 556 3443 tionem.
591 3389 734 3442 Sicut
768 3388 909 3440 eoitn
943 3403 1099 3454 supra
1130 3388 1370 3439 tlixiteas
1399 3402 1515 3455 ιιιιτε
1543 3388 1917 3441 tntiversaliter

337 3482 632 3535 universale
658 3482 1019 3551 significarent
1042 3522 1054 3541 ,
1106 3480 1185 3533 vel
1218 3478 1265 3530 in
1295 3478 1687 3544 afﬁrmatione,
1744 3480 1825 3531 vel
1862 3480 1912 3533 in

336 3578 614 3635 negatione
645 3587 766 3625 es~e
797 3572 1121 3635 contrarias,
1150 3571 1218 3623 ita
1250 3586 1387 3623 nunc
1417 3585 1625 3638 tuoque
1658 3570 1794 3625 idem
1824 3587 1912 3625 re-

334 3666 465 3732 petit
489 3666 784 3719 cootrarias
824 3678 942 3718 esse
972 3664 1154 3717 dicens
1206 3664 1560 3717 universaletn
1594 3663 1908 3717 affirmatio-

333 3770 452 3808 nem
481 3758 940 3825 universaletnqne
992 3756 1365 3825 negationem;
1424 3774 1715 3827 carumque
1764 3761 1912 3828 ponit

332 3848 598 3913 exetnpla,
653 3862 770 3913 qnzu
803 3847 1129 3900 universales
1180 3859 1429 3913 utrasattte
1481 3864 1601 3903 esse
1643 3863 1909 3905 monstra-

333 3949 449 3990 rent
471 3977 483 3997 ,
519 3948 572 3987 ut
618 3938 793 3990 otnuis
824 3936 980 3989 ltouto
1009 3939 1181 4003 justus
1206 3952 1282 3992 εει
1310 3980 1322 4000 ,
1351 3941 1524 3993 nullus
1555 3940 1716 3995 homo
1736 3943 1912 4010 justus

329 4034 431 4081 est.
487 4028 683 4080 llorunt
725 4039 901 4080 autem
948 4044 1065 4097 qua:
1100 4030 1397 4097 proprietas
1436 4043 1580 4085 esset
1636 4033 1909 4100 proposuit

326 4117 557 4171 dicens:
594 4118 899 4185 ltujnsutodi
977 4123 1367 4188 propositiones
1416 4122 1742 4188 impossibile
1791 4140 1910 4180 esse

328 4219 577 4277 utrasque
598 4209 699 4263 sibi
732 4210 783 4263 in
808 4212 1028 4264 veritate
1061 4212 1285 4267 invicem
1313 4216 1643 4276 consentire,
1676 4229 1794 4283 qua:
1816 4230 1907 4269 au-

326 4310 431 4356 tem
463 4303 544 4356 ltis
588 4314 771 4357 essent
799 4306 1058 4371 appositae
1101 4310 1415 4375 contingere
1455 4318 1714 4375 utrasque
1754 4322 1906 4362 veras

324 4409 466 4450 esse.
519 4395 651 4451 Sunt
674 4406 848 4451 autem
881 4399 1142 4467 oppo-i:a
1168 4399 1250 4452 his
1273 4410 1509 4467 utrmque
1539 4400 1904 4467 particulares,

324 4490 609 4542 universali
642 4492 785 4544 enim
814 4490 1156 4545 affirtnatiooi
1196 4493 1529 4556 particularis
1570 4495 1782 4563 negatio
1812 4510 1907 4563 op-

2014 3282 2195 3352 justus
2217 3296 2320 3336 non
2349 3289 2452 3345 est,
2479 3294 2583 3334 non
2605 3280 2781 3332 omnis
2821 3276 3165 3346 liomojustm
3190 3283 3272 3329 est
3298 3290 3312 3336 ;
3345 3282 3398 3326 et
3424 3272 3464 3324 si
3499 3286 3603 3325 non

2021 3378 2197 3433 omnis
2227 3376 2387 3430 homo
2403 3374 2579 3445 justus
2602 3382 2705 3441 est,
2736 3370 2947 3441 quidam
2976 3370 3134 3423 homo
3162 3368 3337 3438 justus
3370 3379 3473 3416 non
3497 3372 3601 3415 εει.

2018 3474 2193 3538 Quare
2218 3479 2455 3539 utra-que
2480 3467 2826 3536 particttlarcs
2848 3461 3161 3537 negationes
3188 3454 3604 3511 contradictoris

2016 3580 2356 3639 opponuntur
2394 3575 2585 3622 contra
2643 3564 3001 3619 universalem
3052 3558 3487 3627 affirtnationetn,
3547 3550 3602 3615 In

2020 3664 2100 3718 his
2132 3661 2279 3718 enim
2300 3674 2474 3729 neque
2515 3673 2654 3712 verze
2680 3665 2918 3725 utrmque
2964 3662 3127 3717 sunt,
3158 3666 3330 3718 neque
3362 3656 3601 3715 utrmque

2016 3752 2184 3817 falsae,
2207 3751 2302 3806 sed
2339 3764 2442 3803 una
2474 3762 2620 3811 vera,
2658 3751 2824 3803 altera
2858 3744 3007 3797 falsa.
3056 3744 3255 3793 ttursus
3293 3738 3357 3791 sit
3392 3736 3602 3807 negatio

2017 3841 2405 3897 uuiversalisea
2435 3853 2553 3907 qua:
2585 3845 2687 3900 est,
2720 3836 2896 3888 nullus
2942 3832 3100 3883 homo
3126 3830 3300 3897 justus
3328 3840 3428 3881 est.
3453 3824 3601 3879 Con.

2016 3942 2094 3986 ιη
2120 3932 2255 3985 lianc
2286 3930 2537 3983 videntur
2560 3924 2817 3993 opposita:
2857 3922 3268 3979 affirtnatiunes,
3294 3918 3378 3969 Ine
3424 3917 3600 3971 omnis

2017 4024 2174 4076 homo
2195 4019 2373 4090 justus
2390 4026 2490 4082 cst,
2524 4015 2685 4069 homo
2709 4013 2885 4083 justus
2927 4020 3033 4075 est,
3065 4010 3277 4078 quidam
3313 4007 3413 4059 Ιιυιι
3438 4024 3471 4061 o
3513 4006 3599 4074 ju-

2014 4124 2126 4167 stus
2142 4120 2225 4179 εει
2260 4109 2400 4164 εοεεά
2424 4118 2608 4162 contra
2634 4107 2767 4160 hanc
2798 4120 2915 4181 quae
2939 4100 3210 4155 estnulltts
3238 4100 3396 4150 homo
3424 4096 3599 4165 justus
3680 4180 3685 4185 ἱ

2012 4222 2094 4287 est
2146 4213 2190 4269 si
2234 4219 2531 4281 opponatur
2556 4222 2622 4263 ea
2644 4223 2762 4277 qum
2791 4216 2875 4263 est
2902 4204 3078 4261 omnis
3112 4203 3268 4259 ltotno
3295 4200 3470 4271 justus
3490 4207 3593 4265 est,

2014 4311 2236 4374 possunt
2266 4313 2506 4370 utraque
2539 4315 2657 4357 esse
2697 4297 2877 4361 falsae;
2910 4310 3073 4367 quare
3106 4308 3208 4350 nott
3254 4300 3596 4360 opponuntur

2011 4390 2446 4457 contradictprie.
2508 4390 2578 4443 At
2610 4403 2734 4453 vero
2774 4387 2931 4455 etiam
2978 4400 3038 4440 ea
3083 4399 3200 4455 qua:
3253 4381 3377 4443 (lit'il
3437 4380 3596 4432 homo

2004 4482 2184 4552 justus
2212 4488 2330 4547 est,
2377 4479 2624 4547 quoniam
2658 4474 2932 4531 indefinita
2955 4484 3069 4533 est,
3095 4478 3266 4541 potest
3308 4469 3377 4520 ita
3411 4466 3459 4520 in
3490 4465 3592 4519 ali-

322 4578 558 4646 ponitur,
590 4589 642 4633 ιι
671 4580 959 4635 universali
996 4582 1269 4652 uegationi
1304 4584 1639 4648 particularis
1672 4586 1906 4638 allirma-
1932 4567 1984 4646 D

1902 4616 1906 4625 .
1932 4567 1984 4646 ρ
2008 4574 2198 4644 quibus
2221 4570 2437 4639 intelligi
2470 4576 2731 4652 tattqttaut
2756 4565 2797 4617 si
2821 4563 2980 4622 diCat,
3011 4562 3186 4614 otttnis
3218 4561 3378 4615 ltonto
3412 4558 3588 4629 justus

321 4671 397 4725 tio
418 4674 661 4740 opposita
687 4683 788 4729 est.
829 4675 1088 4739 Quocirca
1120 4676 1201 4727 ita:
1231 4676 1349 4729 (tua:
1382 4677 1716 4743 particulari~
1745 4694 1904 4747 nega-

320 4765 393 4815 tio
421 4774 474 4817 ει
500 4764 807 4830 affirmatio,
866 4781 986 4834 qua
1021 4767 1281 4836 opposita!
1308 4779 1432 4821 sunt
1480 4767 1820 4824 nflirmationi
1848 4778 1905 4824 et

318 4856 589 4924 nsgationi
621 4857 1014 4911 univcrsalibus
1042 4859 1404 4927 sngulariter,
1437 4862 1516 4914 lue
1548 4871 1768 4929 possunt
1801 4861 1901 4915 ali-

316 4948 529 5018 quando
556 4963 676 5005 esse
702 4965 842 5004 vere
881 4960 936 5005 et
984 4950 1039 5004 itt
1074 4954 1289 5015 eodem,
1331 4964 1386 5006 ut
1438 4953 1490 5007 in
1527 4967 1593 5009 eo
1624 4954 1762 5023 qttod
1796 4963 1899 5018 est,

313 5040 531 5107 quidam
556 5042 718 5098 homo
759 5042 936 5112 justus
980 5052 1097 5106 est,
1153 5045 1366 5112 quidam
1401 5046 1559 5100 homo
1584 5044 1760 5114 justus
1795 5060 1898 5099 non

310 5141 427 5199 est;
467 5134 561 5189 sed
601 5136 818 5206 quidam
894 5135 1058 5195 homo
1115 5134 1294 5205 justus
1320 5146 1405 5192 εει
1452 5138 1696 5207 opposita
1727 5148 1808 5193 est
1851 5138 1899 5193 ei

308 5241 430 5296 quin
456 5236 538 5282 est
581 5231 760 5282 nullus
791 5228 951 5282 homo
984 5226 1163 5296 justus
1212 5240 1334 5291 est;
1386 5229 1471 5283 illa
1521 5245 1650 5289 vero
1677 5244 1794 5297 quae
1819 5239 1901 5289 est

308 5320 526 5388 quidam
584 5325 747 5374 nomo
788 5320 966 5391 justus
1009 5338 1116 5375 non
1156 5331 1238 5376 est
1292 5321 1538 5388 opposita
1567 5332 1653 5375 εει
1702 5322 1747 5373 ei
1781 5335 1899 5387 qua

305 5426 389 5469 εει
448 5415 625 5468 omnis
656 5414 815 5467 homo
862 5413 1042 5482 justus
1092 5425 1196 5468 est.
1236 5414 1350 5489 ‘Sed
1394 5423 1633 5480 utraeque
1680 5412 1813 5465 inter
1843 5430 1900 5467 se

303 5506 553 5575 quidem,
595 5505 810 5573 quidam
852 5504 1016 5557 homo
1051 5505 1227 5570 justus
1243 5516 1345 5563 est.
1382 5513 1438 5558 et
1486 5504 1704 5572 quidam
1743 5506 1899 5565 ltntlto

302 5594 484 5670 justus
526 5610 630 5645 non
666 5602 767 5655 est,
798 5595 848 5646 in
877 5597 1103 5647 veritate
1123 5595 1481 5648 consentiunt.
1526 5595 1637 5649 lloc
1664 5606 1895 5665 estergo

303 5688 448 5757 quod
479 5687 555 5739 ait
581 5702 592 5739 :
617 5684 842 5739 tlisvero
864 5683 1141 5753 oppositas
1174 5685 1433 5755 contingit
1466 5686 1516 5741 in
1547 5685 1738 5749 eodem
1781 5700 1898 5741 cas-

304 5792 411 5851 que
428 5776 670 5847 designat
695 5775 979 5845 exemplis,
1001 5785 1059 5830 ut
1085 5789 1191 5835 non
1219 5774 1395 5835 omnis
1423 5777 1581 5837 homo
1605 5777 1754 5847 altius
1784 5788 1890 5853 est,

2005 4642 2105 4729 εει.
2148 4661 2301 4729 Quod
2324 4663 2367 4714 si
2409 4660 2482 4713 sic
2514 4668 2625 4720 cst,
2685 4642 2877 4725 p'oterit
2914 4651 3203 4722 aliquando
3248 4668 3368 4705 cum
3398 4669 3457 4706 ea
3500 4666 3592 4704 ne-

2003 4758 2216 4826 gatione
2266 4769 2385 4822 qua:
2439 4760 2517 4804 est
2561 4748 2733 4811 nullus
2762 4746 2921 4799 homo
2948 4745 3122 4815 justus
3154 4754 3234 4798 est
3296 4746 3451 4799 simul
3476 4756 3595 4797 e~se

2006 4852 2174 4916 falsa;
2206 4862 2373 4920 quare
2398 4859 2501 4900 non
2545 4852 2627 4897 est
2669 4841 2935 4911 opposita.
2994 4836 3336 4921 Relinquitur
3367 4853 3495 4907 ergo
3536 4842 3593 4888 ιιι

2006 4959 2067 4999 ea
2098 4958 2216 5013 qua:
2267 4951 2349 4998 est
2390 4937 2605 5010 quidam
2658 4939 2816 4990 homo
2860 4936 3034 5009 justus
3083 4942 3164 4987 est
3231 4945 3415 4985 t‘0ttll'a
3476 4944 3593 4984 cant

2005 5052 2124 5106 quae
2148 5042 2230 5092 εει
2261 5034 2433 5089 nullu~
2468 5034 2626 5085 homo
2669 5028 2849 5101 justus
2893 5038 2975 5080 est
3028 5026 3444 5080 contradictorie
3509 5021 3589 5074 vi-

1925 5128 1930 5145 '
2006 5132 2193 5187 deatur
2212 5128 2474 5197 Opposita.
2530 5125 2871 5197 Angulariter
2904 5122 3060 5191 igitur
3087 5118 3421 5189 requirenda:
3444 5123 3588 5183 sunt,

2008 5232 2061 5283 ut
2088 5231 2271 5276 contra
2307 5221 2664 5285 “Ili\'erSHletlt
2701 5218 3114 5273 affirmationetu
3148 5217 3233 5268 illa
3289 5229 3463 5282 oppon
3486 5225 3591 5264 itur

2004 5329 2123 5385 quze
2154 5312 2252 5367 sub
2292 5310 2575 5367 universali
2608 5311 2887 5380 negatione
2919 5318 3019 5369 est,
3079 5318 3259 5358 contra
3316 5306 3591 5357 univer-a-

2007 5407 2107 5460 lem
2135 5407 2470 5475 negatimtctn
2502 5403 2589 5456 illa
2616 5399 3030 5454 retttradictorie
3085 5398 3438 5451 constitnuut-
3470 5412 3536 5463 qu
3557 5413 3587 5448 c

2004 5508 2085 5551 est
2112 5498 2210 5551 sub
2243 5494 2523 5561 universali
2568 5492 2926 5545 affirmatione
2947 5534 2959 5556 ,
3002 5492 3142 5559 quod
3177 5490 3380 5542 scilicet
3406 5491 3588 5541 volens

2006 5588 2318 5659 Aristoteles
2343 5584 2622 5639 ostendere
2650 5581 2727 5647 sic
2753 5582 2823 5635 ait
2857 5599 2870 5633 :

2077 5681 2396 5749 Quaecunque
2434 5680 2589 5749 igitur
2612 5680 3041 5732 contradictiones
3080 5679 3440 5737 universalium
3472 5684 3589 5735 sunt

2004 5775 2371 5855 universum",
2396 5791 2593 5835 necesse
2631 5786 2704 5831 est
2749 5777 2966 5847 almam
2997 5792 3105 5851 esse
3148 5794 3350 5853 veram,
3384 5779 3464 5853 vel
3490 5776 3589 5855 {ea
