4270 6266
636 379 740 437 479

1871 381 1980 434 AN.
2023 379 2231 435 MANL.
2274 382 2423 437 SEV.
2463 384 2684 441 ΒΟΕΤΙΙ

3823 395 3921 453 (ευ

638 509 768 547 sam.
803 489 867 546 Et
891 506 1199 561 quiscunque
1220 494 1272 545 in
1300 494 1642 563 singularibus
1668 501 1785 547 sunt
1805 531 1820 557 ,
1853 502 1907 546 ut
1931 501 2004 547 est
2035 490 2225 547 Socrn-
2256 497 2307 553 Α
2334 492 2415 563 pla
2442 508 2769 565 proponatur
2795 513 2913 570 qua:
2956 504 3224 560 contraria
3264 519 3387 563 esse
3416 506 3717 568 videantur.
3747 494 3932 570 Altum

639 595 709 639 tes
732 585 876 639 albus
896 595 988 649 est,
1018 600 1121 639 non
1149 598 1221 638 est
1248 584 1487 640 Socrates
1513 586 1681 641 albus.
2046 656 2047 659 η

709 681 761 734 in
787 678 892 734 illis
919 680 1062 735 enim
1091 695 1210 751 qum
1230 680 1662 737 contradictoriae
1681 689 1809 735 sunt
1835 678 2227 735 universalibus

636 770 1010 826 universaliter
1042 772 1377 842 praedicatis,
1428 774 1481 828 in
1545 774 1626 829 his
1654 788 1839 830 verum
1870 787 2082 843 semper
2124 774 2225 829 fal-

634 878 861 933 sumque
898 863 1192 932 dividitur;
1238 865 1674 922 contradictoria:
1714 875 1893 922 autem
1942 877 2068 923 sunt
2107 868 2223 923 uni-

635 953 859 1008 versalis
906 950 1283 1011 afﬁrmationis
1333 956 1666 1027 particularis
1720 957 1953 1027 negatio,
2003 966 2059 1012 et
2102 958 2222 1012 uni-

634 1045 856 1100 versalis
885 1046 1185 1117 negationis
1209 1048 1549 1118 particularis
1570 1047 1880 1103 afﬁrmatio.
1935 1049 1989 1103 ln
2016 1049 2096 1104 his
2126 1050 2223 1120 igi-

633 1150 717 1193 tur
746 1154 847 1194 una
876 1154 1091 1212 semper
1117 1155 1265 1207 vera,
1289 1140 1455 1196 altera
1478 1154 1693 1211 semper
1724 1139 1879 1196 falsa.
1924 1143 2096 1212 Atque
2122 1141 2223 1197 hoc

632 1242 715 1287 est
741 1233 878 1303 quod
903 1234 975 1289 ait
1002 1251 1015 1288 :
1049 1234 1393 1305 Quaecunque
1422 1233 1584 1306 igitur
1622 1233 2072 1291 contradictiones
2098 1245 2225 1292 sunt

634 1331 1013 1387 universalium
1032 1331 1425 1388 universaliter.
1441 1341 1499 1386 Et
1525 1331 1612 1386 hic
1636 1330 2070 1403 distinguendum
2099 1342 2177 1386 est
2203 1372 2219 1397 ,

634 1433 689 1478 ut
720 1422 1044 1494 intelligatur
1068 1422 1174 1490 sic,
1200 1437 1533 1495 quaecunque
1575 1422 1735 1495 igitur
1762 1423 2222 1479 contradictiones

632 1524 755 1570 sunt
787 1513 1170 1571 universalium
1216 1514 1634 1585 propositionum
1680 1515 2057 1572 universaliter
2107 1530 2223 1586 pro-

634 1607 948 1675 positarum,
984 1622 1205 1664 necesse
1234 1618 1317 1665 est
1361 1609 1585 1665 alteram
1616 1623 1797 1663 veram
1832 1607 2221 1674 esse,alteram

631 1696 840 1753 falsam.
897 1698 960 1753 Et
989 1699 1043 1754 in
1074 1700 1157 1754 his
1188 1701 1417 1770 primum
1461 1699 1718 1754 dividitur
1756 1699 1951 1755 veritas
1986 1700 2218 1755 falsitas—

630 1808 756 1864 que,
779 1808 898 1863 qua?
922 1793 1021 1849 sibi
1044 1806 1096 1849 et
1126 1794 1422 1865 quantitate
1443 1805 1496 1848 et
1517 1793 1775 1865 qualitate
1794 1793 2054 1863 oppositae
2068 1804 2215 1861 sunt,

2331 586 2472 673 eiiim
2514 599 2565 642 et
2598 590 2767 661 niger,
2805 594 3002 662 probus
3043 605 3098 651 et
3148 598 3319 669 turpis
3359 599 3626 657 contraria
3673 612 3816 673 sunt,
3864 624 3911 661 c:

2328 672 2553 732 fortasse
2582 679 2789 736 dubitet
2818 683 3035 752 quidam
3080 696 3253 741 utrum
3284 703 3392 744 uno
3429 700 3671 761 tempore
3696 672 3927 750 contra;

2330 768 2404 822 ria
2451 768 2564 825 haec
2607 772 2657 825 in
2703 772 2969 843 aliquibus
3014 778 3228 833 valeant
3270 781 3518 851 reperiri.
3564 783 3668 839 Sed
3717 785 3912 855 adjecit

2326 865 2626 933 exemplum
2650 865 2815 934 aliud,
2842 868 2986 938 quod
3011 885 3130 926 cum
3154 875 3424 929 contraria
3447 890 3553 931 non
3583 872 3711 943 sint,
3731 888 3909 934 tamen

2326 966 2394 1008 ex
2426 968 2491 1008 eo
2509 955 2645 1009 sicut
2664 957 2728 1012 'in
2756 961 3037 1017 contrariis
3069 944 3282 1035 quoque
3324 949 3535 1037 negatio
3552 978 3863 1037 procreatur
3888 985 3907 1025 :

2328 1052 2385 1098 ut
2424 1044 2468 1099 si
2499 1047 2619 1116 quis
2646 1046 2811 1115 dicat,
2841 1060 2923 1106 est
2964 1050 3129 1107 homo
3159 1055 3376 1123 probus,
3406 1066 3460 1112 et
3489 1057 3624 1113 alius
3653 1056 3816 1124 dicat.
3854 1060 3913 1116 ﬁt

2327 1133 2487 1189 homo
2516 1137 2731 1207 probus,
2759 1140 2805 1196 si
2832 1141 2953 1212 quis
2976 1144 3059 1198 vel
3089 1145 3195 1200 alio
3217 1145 3466 1215 docente,
3487 1150 3571 1205 vel
3590 1150 3768 1220 seipso
3787 1166 3913 1207 cor-

2322 1224 2532 1293 rigente
2566 1227 2740 1298 aliqua
2771 1230 3051 1301 disciplina
3101 1236 3324 1292 rationis
3360 1239 3578 1297 eniteat.
3608 1239 3752 1297 Nihil
3776 1257 3912 1312 ergo
4008 1256 4017 1263 '

2324 1319 2652 1375 contrarium
2685 1321 2843 1378 habet
2866 1338 2988 1380 esse
3013 1326 3263 1394 probum,
3294 1340 3347 1384 et
3376 1329 3489 1385 ﬁeri
3522 1333 3779 1401 probum;
3806 1349 3909 1391 ne-

2325 1424 2431 1479 que
2460 1412 2601 1465 enim
2633 1412 2701 1466 ita
2730 1417 3061 1470 contrarium
3090 1429 3190 1483 est,
3228 1428 3286 1474 ut
3325 1434 3444 1477 esse
3487 1421 3755 1480 hominem
3786 1441 3910 1496 pro-

2328 1497 2470 1566 bum,
2501 1509 2555 1555 et
2592 1517 2712 1558 esse
2759 1504 3030 1562 hominem
3065 1518 3295 1579 turpem.
3328 1511 3505 1580 Quare
3533 1516 3578 1569 si
3607 1515 3737 1571 nihil
3773 1531 3906 1573 con-

2327 1595 2551 1657 trarium
2586 1598 2768 1664 habet,
2805 1599 3026 1655 dubium
3055 1615 3159 1656 non
3188 1612 3271 1658 est
3297 1604 3425 1675 quin
3454 1606 3611 1661 simul
3638 1623 3907 1679 essespos-

2323 1689 2451 1744 sint.
2483 1689 2587 1746 Sed
2609 1691 2752 1762 quod
2782 1694 2860 1762 ﬁt,
2910 1695 3162 1751 inondum
3193 1707 3274 1752 est
3300 1697 3475 1755 adhuc
3497 1714 3617 1755 cum
3640 1700 3697 1755 ﬁt
3740 1717 3905 1773 quare

2324 1781 2558 1834 nondum
2601 1792 2685 1837 est
2724 1783 2921 1853 probus
2965 1786 3053 1855 qui
3101 1786 3156 1841 ﬁt
3204 1788 3425 1858 probus.
3459 1789 3562 1845 Sed
3596 1806 3780 1848 verum
3825 1804 3907 1848 est

630 1886 884 1956 qualitate
911 1886 1053 1958 quod
1082 1887 1170 1941 illa
1194 1886 1407 1958 nrgatio
1433 1896 1535 1953 est,
1566 1887 1652 1941 illa
1685 1885 2003 1951 afﬁrmatio;
2045 1901 2213 1956 quan-
2247 1885 2292 1947 Β
2321 1869 2501 1927 dicere
2543 1887 2664 1929 cum
2694 1889 2758 1929 90
2778 1875 2919 1945 (Ιυοά
2946 1887 3031 1932 εει
3057 1896 3069 1931 ε
3094 1888 3173 1933 θεῖ
3204 1877 3365 1934 homo
3392 1880 3615 1950 limbus,
3652 1883 3905 1953 (ιιιοηὶειη

630 1976 783 2031 titate
814 1976 954 2047 quod
980 1976 1066 2032 illa
1099 1977 1436 2043 universalis,
1472 1977 1562 2033 illa
1591 1978 1928 2048 particularis
1968 1987 2067 2033 est.
2122 1978 2219 2035 Se-

629 2073 807 2126 cundo
836 2079 1014 2126 autent
1064 2070 1226 2126 modo
1256 2072 1310 2125 in
1357 2070 1421 2126 iis
1461 2087 1580 2143 qua:
1622 2081 1746 2128 sunt
1792 2073 2115 2144 singularia,
2172 2074 2217 2129 si

630 2163 789 2217 nulla:
818 2171 1253 2233 argumentorum
1286 2162 1494 2219 nebulae
1515 2163 1644 2231 sint,
1676 2162 1880 2219 veritas
1906 2162 2218 2235 falsitasque

629 2253 900 2320 dixiilitur,
932 2261 991 2308 ut
1014 2254 1067 2308 in
1095 2269 1162 2308 eo
1205 2253 1347 2323 quod
1372 2262 1456 2309 est
1507 2253 1757 2309 Socrates
1789 2254 1944 2309 albus
1972 2262 2050 2308 est
2072 2299 2087 2323 ,
2118 2254 2214 2311 So-

629 2355 806 2404 crates
831 2346 984 2402 albus
1004 2362 1110 2402 non
1142 2358 1262 2412 est;
1294 2363 1400 2402 una
1427 2347 1568 2401 enim
1598 2360 1721 2401 vera
1746 2354 1855 2410 est,
1884 2347 2047 2401 altera
2083 2346 2215 2401 falsa

629 2420 729 2504 est,
761 2440 805 2493 si
847 2440 927 2509 (ut
955 2438 1156 2494 dictum
1178 2438 1291 2510 est)
1316 2438 1459 2493 nulla
1489 2437 1808 2509 ambiguitas
1834 2439 2218 2509 tequivocatior

629 2534 712 2589 nis
734 2532 1006 2601 impediat.

704 2626 1031 2695 Quaecunque
1061 2634 1229 2687 autem
1276 2626 1637 2679 uuiversalium
1677 2642 1778 2681 non
1819 2628 2175 2682 universaliter
2200 2671 2214 2693 ,

631 2733 731 2772 non
766 2718 871 2771 hwc
895 2718 1099 2788 quidem
1121 2733 1317 2788 semper
1337 2734 1451 2772 vera
1481 2731 1572 2789 est,
1603 2719 1696 2772 illa
1723 2736 1839 2773 vero
1867 2721 2019 2791 falsa.
2051 2720 2221 2775 Simul

633 2810 765 2863 enim
794 2824 966 2863 verum
994 2819 1066 2863 est
1092 2808 1510 2880 dicerequoniam
1531 2811 1768 2864 esthonto
1784 2813 1950 2879 albus,
1971 2822 2130 2866 etnon
2150 2824 2221 2867 est

631 2906 780 2957 homo
802 2902 972 2971 albus,
992 2914 1038 2959 et
1068 2915 1140 2959 est
1168 2905 1319 2958 homo
1346 2907 1533 2976 probus
1551 2916 1628 2972 ;et
1646 2923 1747 2960 non
1761 2907 1998 2962 esthomo
2014 2909 2217 2979 probus.

632 2993 694 3050 Si
717 2996 850 3050 enim
876 2999 1040 3067 turpis
1062 3008 1155 3061 est,
1175 3013 1273 3051 non
1289 2998 1475 3068 probus
1499 3008 1592 3063 est,
1616 3007 1659 3051 et
1680 2999 1723 3052 si
1743 2999 1801 3069 ﬁt
1818 3000 2037 3069 aliquid,
2051 3001 2221 3054 etiam-

631 3106 751 3144 num
778 3107 876 3145 non
910 3103 1002 3146 est.
1045 3089 1305 3145 Videbitur
1325 3099 1496 3145 autem
1520 3092 1686 3146 subita
1709 3093 2067 3146 inconveniens
2089 3110 2217 3160 esse,

632 3182 823 3237 idcirco
844 3183 1087 3255 quoniam
1113 3181 1614 3252 t'idelursigniﬁcare
1658 3197 1757 3235 non
1786 3170 1861 3235 est.
1880 3182 2029 3235 homo
2050 3182 2215 3250 albus,

2327 1964 2384 2020 ﬁt
2426 1965 2589 2022 homo
2620 1967 2857 2038 probus;
2891 1971 2983 2026 sed
3008 1972 3095 2041 qui
3125 1971 3182 2026 ﬁt
3221 1974 3419 2043 probus
3457 1975 3638 2042 homo,
3673 1992 3779 2033 non
3820 1990 3905 2034 est

2324 2058 2522 2129 probus
2551 2059 2733 2116 homo.
2771 2060 2963 2117 Verum
3010 2074 3091 2118 est
3130 2063 3291 2133 igitur
3336 2066 3521 2121 dicere
3551 2067 3710 2123 simul
3773 2084 3904 2139 quo-

2324 2152 2465 2207 niam
2488 2162 2571 2210 est
2601 2155 2763 2211 homo
2795 2159 3013 2226 probus,
3048 2169 3101 2214 et
3132 2173 3237 2214 non
3277 2169 3362 2215 est
3394 2161 3555 2216 homo
3594 2162 3815 2231 probus,
3840 2164 3906 2218 lio

2322 2254 2409 2301 cet
2436 2261 2541 2303 non
2575 2248 2805 2304 invalida
2852 2252 3095 2321 exempla
3145 2253 3254 2307 sint
3284 2255 3454 2323 posita
3503 2255 3569 2310 de
3597 2257 3900 2312 contrariis.

2324 2334 2464 2391 Nihil
2491 2337 2634 2393 enim
2676 2340 2919 2409 prohibet
2960 2357 3068 2399 uno
3095 2352 3342 2414 tempore
3369 2347 3634 2401 contraria
3657 2348 3776 2403 aliis
3823 2357 3903 2402 at-

2323 2446 2428 2501 que
2453 2431 2571 2488 aliis
2594 2433 2767 2489 inesse
2796 2434 3079 2505 subjectis:
3103 2438 3349 2507 quocirca
3377 2447 3582 2494 constat
3602 2440 3904 2501 indeﬁnitas

2325 2538 2419 2594 per
2459 2524 2509 2580 id
2539 2524 2681 2594 quod
2711 2526 2765 2581 in
2793 2530 3056 2599 exemplis
3087 2544 3247 2600 supra
3280 2532 3455 2600 posuit
3514 2532 3672 2586 simul
3700 2532 3904 2603 aliquo-

2325 2614 2424 2670 ties
2456 2630 2613 2671 veras
2638 2617 2825 2685 videri,
2856 2627 2912 2675 et
2941 2635 3046 2675 non
3080 2635 3292 2691 semper
3318 2622 3457 2678 inter
3484 2638 3543 2678 se
3573 2638 3757 2678 verum
3805 2625 3904 2680 lal-

2326 2722 2551 2777 sumque
2582 2709 2789 2778 partiri.
2820 2710 2970 2779 Quod
3006 2725 3137 2769 vero
3164 2714 3237 2769 ait
3263 2732 3275 2767 :
3302 2714 3567 2772 videbitur
3597 2726 3773 2772 autem
3819 2732 3903 2772 su-

2327 2800 2437 2855 bito
2456 2800 2836 2859 inconveniens
2850 2816 2994 2872 esse,
3010 2806 3211 2861 idcirco
3239 2807 3490 2878 quoniam
3514 2808 3725 2864 videtur
3744 2808 3904 2880 signi-

2327 2891 2485 2948 ﬁcare
2504 2907 2608 2948 non
2627 2903 2711 2949 est
2734 2896 2883 2955 albus
2906 2896 3087 2963 homo,
3106 2898 3263 2954 simul
3285 2900 3447 2955 etiam
3474 2900 3728 2972 quoniam
3752 2917 3906 2957 nemo
3984 2962 3993 2973 ,

2329 2983 2490 3041 homo
2519 2987 2673 3041 albus
2694 2997 2799 3053 est,
2829 2988 3133 3060 hujusmodi
3164 3002 3265 3047 est.
3300 2992 3443 3048 Dixit
3479 2995 3624 3049 enim
3668 2995 3907 3065 proposi-

2329 3080 2532 3135 tionem
2560 3079 2954 3149 afﬁrmationis,
2985 3098 3102 3139 eam
3136 3099 3252 3155 qua:
3284 3085 3413 3141 dicit
3433 3096 3519 3142 est
3549 3090 3707 3143 homo
3734 3086 3907 3153 albus,

2326 3183 2504 3225 veram
2536 3184 2692 3239 posse
2720 3187 2839 3229 esse
2864 3189 2983 3229 cum
3026 3190 3087 3231 ea
3125 3191 3244 3245 qua:
3282 3176 3411 3234 dicit
3450 3193 3556 3234 non
3613 3189 3698 3235 est
3751 3179 3909 3234 homo

632 3271 782 3326 simul
805 3271 953 3327 etiam
981 3272 1220 3344 quoniam
1246 3287 1392 3327 nemo
1423 3272 1573 3326 homo
1606 3280 1679 3325 est
1708 3271 1875 3325 albus.
1915 3271 2026 3325 Hoc
2051 3282 2218 3328 autem
2246 3270 2297 3339 α
2326 3263 2497 3319 albus.
2530 3264 2680 3321 Nunc
2717 3264 2818 3322 hoc
2866 3277 3015 3322 notat
3050 3285 3065 3323 :
3097 3268 3335 3336 Vidrlur,
3390 3271 3579 3341 inquit,
3628 3272 3907 3343 aliquoties

633 3378 791 3433 neque
820 3363 953 3416 idem
982 3363 1266 3435 signiﬁcat,
1295 3380 1454 3435 neque
1474 3363 1629 3417 simul
1656 3364 1960 3418 necessario.

707 3454 1114 3525 Propositiones
1159 3472 1252 3511 eas
1280 3473 1399 3527 quae
1431 3458 1482 3513 in
1526 3459 1917 3516 universalihus
1967 3476 2071 3516 non
2103 3462 2222 3516 uni-

634 3544 917 3602 verSaliter
949 3550 1316 3617 proferuntur,
1368 3544 1498 3603 non'
1524 3564 1740 3619 semper
1780 3565 1937 3606 veras
1968 3566 2111 3619 esse,
2141 3554 2223 3609 vel

634 3636 793 3693 falsas
818 3649 1041 3693 conatur
1080 3638 1388 3702 ostendere,
1436 3641 1536 3696 hoc
1582 3649 1763 3696 autem
1810 3658 1909 3711 per
1954 3645 2221 3699 contraria

634 3742 918 3790 monstrat.
954 3734 1024 3788 Ea
1067 3735 1210 3790 enim
1243 3736 1537 3808 propositio
1581 3755 1699 3807 quae
1732 3749 1816 3794 est
1880 3742 2040 3795 homo
2068 3741 2222 3797 albus

634 3834 737 3893 est,
765 3835 818 3880 et
846 3825 1004 3896 hujus
1052 3828 1263 3897 negatio
1302 3843 1422 3898 qua:
1471 3838 1553 3885 est
1605 3829 1764 3886 homo
1792 3831 1945 3886 albus
1989 3844 2220 3901 nonest,

555 3971 558 3974 .
637 3920 737 3975 hoc
767 3918 926 3975 modo
972 3923 1325 3976 ostenduntur
1357 3936 1543 3977 verum
1571 3931 1625 3977 et
1654 3922 1844 3977 falsum
1878 3923 2017 3978 inter
2056 3938 2115 3979 se
2144 3925 2223 3979 in~

636 3991 842 4068 terdum
874 4025 977 4067 non
1005 4025 1160 4083 posse
1181 4011 1439 4069 dividere.
1472 4013 1605 4071 Nam
1638 4018 1681 4072 si
1712 4032 1896 4072 verum
1930 4029 2015 4073 est
2062 4029 2120 4074 ut
2144 4019 2224 4075 hac

637 4102 757 4159 dua:
786 4101 1212 4171 afﬁrmationes,
1255 4116 1338 4160 est
1376 4106 1538 4162 homo
1571 4108 1723 4162 albus
1752 4117 1805 4164 et
1842 4122 1922 4164 est
1965 4109 2123 4166 homo
2146 4114 2228 4168 ni-

634 4211 749 4268 ger,
782 4207 1018 4268 utraeque
1040 4212 1148 4251 uno
1179 4207 1420 4268 tempore
1448 4215 1589 4255 verte
1619 4202 1745 4266 sint,
1763 4217 1949 4258 verum
1980 4214 2062 4261 est
2085 4220 2218 4277 quo-

634 4304 739 4363 que
765 4289 1176 4344 alﬁrmationem
1205 4289 1533 4345 indeﬁnitam
1580 4301 1632 4346 et
1685 4293 2015 4349 indeﬁnitum
2058 4312 2221 4367 nega-

636 4385 837 4437 tionem
882 4387 1136 4449 utrasque
1189 4394 1345 4434 veras
1396 4380 1680 4448 aliquoties
1730 4383 1981 4438 inveniri.
2016 4386 2148 4441 Nam
2177 4389 2224 4443 si

642 4488 826 4528 verum
864 4481 948 4528 est
996 4472 1245 4544 quoniam
1276 4480 1359 4527 est
1409 4471 1570 4526 homo
1611 4472 1786 4544 albus,
1818 4488 2002 4532 verum
2037 4478 2219 4536 itidem

641 4574 724 4621 est
761 4568 1010 4636 quoniam
1061 4574 1144 4620 est
1195 4564 1355 4620 homo
1409 4565 1560 4637 niger
1592 4583 1604 4619 :
1636 4581 1757 4621 nam
1790 4582 1910 4624 cum
1943 4570 2127 4627 Gallus
2157 4574 2228 4628 sit

2327 3356 2712 3415 inconveniens
2758 3374 2902 3428 esse,
2936 3371 2992 3417 et
3040 3362 3392 3434 incongruum
3438 3365 3615 3421 dicere
3645 3382 3760 3421 eam
3789 3384 3908 3437 qum

2324 3451 2454 3506 dicit
2478 3462 2560 3508 est
2588 3451 2748 3507 homo
2776 3454 2928 3509 albus
2956 3464 3010 3510 et
3035 3471 3151 3511 eam
3206 3473 3325 3527 qua:
3372 3466 3456 3513 est
3511 3472 3615 3514 non
3642 3469 3724 3514 est
3746 3458 3909 3515 homo

2324 3544 2475 3599 albus
2514 3544 2671 3611 simul
2732 3559 2879 3601 veras
2922 3560 3041 3602 csse
3080 3562 3259 3618 posse,
3295 3548 3491 3605 idcirco
3519 3549 3660 3620 quod
3695 3564 3760 3606 ea
3789 3566 3909 3622 qua:

2324 3644 2411 3692 est
2455 3652 2561 3691 non
2587 3637 2845 3692 esthomo
2864 3639 3015 3695 albus
3048 3642 3245 3695 emittit
3266 3642 3700 3712 imaginationem
3725 3658 3910 3714 quam-

2326 3728 2448 3783 dam
2479 3730 2619 3799 quod
2648 3730 2911 3801 signiﬁcet
2934 3733 3187 3803 quoniam
3219 3733 3398 3789 nullus
3441 3734 3602 3790 homo
3628 3735 3780 3792 albus
3807 3746 3911 3793 est.

2330 3818 2555 3876 Videtur
2600 3824 2743 3877 enim
2792 3823 3007 3892 negatio
3056 3824 3357 3894 huiusmodi
3402 3842 3523 3897 quae
3566 3834 3669 3892 est,
3698 3842 3802 3883 non
3829 3838 3909 3883 est

2330 3912 2491 3977 homo
2518 3913 2690 3983 albus,
2723 3914 2851 3969 illud
2879 3929 3092 3986 quoque
3122 3916 3430 3986 signiﬁcare
3472 3918 3630 3972 simul
3661 3918 3909 3989 quoniam

2331 4008 2508 4064 nullus
2553 4009 2713 4063 homo
2756 4008 2909 4064 albus
2936 4017 3019 4065 est
3045 4027 3058 4063 :
3087 4019 3144 4064 ut
3185 4009 3230 4065 si
3270 4010 3393 4082 quis
3433 4010 3652 4078 dixerit,
3698 4027 3805 4067 non
3834 4021 3910 4069 est

2332 4103 2493 4159 homo
2520 4102 2692 4174 albus,
2710 4103 2810 4158 hoc
2836 4118 2957 4158 eum
2988 4103 3188 4160 dixisse
3214 4105 3507 4175 putandum
3539 4106 3609 4160 sit
3661 4107 3910 4175 quoniam

2332 4196 2508 4251 nullus
2530 4196 2691 4250 homo
2712 4196 2863 4252 albus
2889 4205 2990 4251 est.
3020 4196 3131 4251 Hoc
3152 4206 3351 4261 autem,
3377 4198 3567 4267 inquit,
3595 4196 3646 4250 id
3673 4205 3776 4261 cst,
3802 4211 3909 4251 non

2330 4297 2413 4342 est
2437 4289 2595 4341 homo
2625 4287 2799 4351 albus,
2830 4296 2884 4341 et
2912 4302 3097 4343 rursus
3124 4287 3297 4342 nullus
3320 4286 3479 4341 homo
3500 4286 3652 4341 albus
3686 4297 3787 4351 est,
3814 4302 3910 4343 ue-

2331 4393 2434 4449 que
2488 4378 2626 4434 idem
2676 4378 3015 4448 signiﬁcant,
3076 4395 3248 4451 neque
3295 4393 3506 4448 semper
3557 4378 3716 4433 simul
3767 4389 3909 4436 sunt.

2330 4470 2460 4526 Nam
2492 4472 2580 4542 qui
2637 4471 2766 4526 dicit
2806 4472 2985 4527 nullus
3028 4475 3187 4528 homo
3235 4472 3386 4527 albus
3414 4481 3518 4537 est,
3557 4471 3910 4528 universalem

2330 4564 2693 4620 determinans
2751 4565 3123 4635 negationem,
3179 4565 3246 4620 de
3307 4564 3708 4621 universalitate
3790 4580 3911 4632 pro-

641 4656 919 4725 candidus,
955 4655 1206 4728 Ethiops
1236 4658 1560 4727 nigerrimus
1592 4660 1860 4715 invenitur
1880 4661 2060 4719 simul.
2088 4664 2227 4734 Ergo
2254 4655 2310 4720 Ι)
2335 4658 2499 4731 ροηὶῑ-
2525 4657 2626 4727 Qui
2669 4673 2796 4713 vero
2818 4658 2968 4725 dicit.
3012 4674 3116 4714 non
3146 4668 3229 4715 est
3271 4659 3431 4714 homo
3458 4659 3628 4723 albus,
3658 4674 3761 4714 non
3786 4673 3906 4713 0m-

638 4767 824 4807 verum
864 4758 948 4805 εμι
988 4750 1169 4805 dicere
1209 4751 1461 4822 quoniam
1504 4761 1588 4807 est
1638 4752 1798 4808 homo
1842 4754 1995 4809 albus
2046 4763 2102 4809 et
2145 4766 2228 4811 est

640 4845 801 4899 homo
845 4845 997 4914 niger
1027 4860 1044 4900 :
1071 4845 1163 4900 sed
1191 4845 1279 4914 qui
1312 4845 1465 4915 niger
1485 4856 1567 4900 est
1592 4845 1747 4901 albus
1775 4862 1884 4902 non
1915 4857 1995 4901 est
2021 4865 2034 4912 ;
2068 4848 2225 4903 simul

636 4954 767 5010 ergo
809 4952 991 4993 verum
1020 4946 1105 4992 est
1147 4937 1326 4991 dicere
1351 4938 1604 5007 quoniam
1651 4948 1734 4992 est
1765 4943 1927 4993 homo
1965 4939 2140 5002 albus,
2174 4950 2229 4994 ct

639 5044 745 5085 non
776 5036 860 5083 est
891 5025 1051 5089 homo
1077 5022 1251 5079 albus.
1288 5023 1432 5079 idem
1455 5040 1668 5095 quoque
1699 5026 1767 5082 de
1790 5027 1955 5097 probo
1976 5040 2027 5083 et
2062 5028 2223 5097 turpi.

640 5122 772 5179 Nam
800 5121 845 5175 si
868 5132 1051 5174 verum
1080 5126 1163 5171 est
1188 5114 1367 5171 dicere
1401 5118 1655 5185 quoniam
1683 5127 1765 5172 est
1806 5119 1967 5172 homo
2002 5132 2076 5188 pr.
2103 5118 2221 5187 bus,

638 5214 684 5269 si
716 5214 836 5285 quis
879 5213 980 5265 hoc
1022 5208 1089 5264 de
1135 5205 1457 5279 philosopho
1483 5209 1646 5276 dicat,
1672 5220 1726 5264 et
1757 5225 1943 5266 rursus
1973 5212 2224 5282 quoniam

637 5317 723 5365 est
761 5307 922 5362 homo
956 5304 1124 5374 turpis
1154 5315 1338 5359 verum
1381 5313 1464 5360 est
1505 5307 1549 5359 si
1581 5306 1702 5377 quis
1732 5306 1833 5360 hoc
1864 5305 1930 5360 de
1961 5305 2104 5375 Sylla
2144 5306 2225 5361 di-

635 5418 804 5473 ceret,
838 5424 1023 5463 vernm
1064 5418 1208 5464 esset
1238 5418 1544 5478 utrumque,
1567 5413 1621 5460 et
1650 5404 1901 5475 quoniam
1951 5411 2033 5457 est
2063 5402 2223 5457 homo

638 5500 858 5570 probus,
889 5509 944 5555 et
972 5510 1054 5556 est
1096 5500 1257 5555 homo
1279 5498 1488 5571 turpis;
1516 5497 1607 5554 sed
1638 5498 1726 5568 qui
1756 5500 1929 5566 turpis
1962 5507 2066 5563 est,
2099 5514 2220 5568 pro-

640 5594 735 5647 bus
756 5609 863 5650 non
885 5604 989 5650 est.
1024 5594 1195 5650 Simul
1225 5593 1384 5662 igitur
1416 5609 1599 5649 verum
1632 5603 1716 5647 est
1770 5592 1949 5648 dicere
1972 5593 2221 5663 quoniam

636 5693 718 5738 est
744 5685 905 5740 homo
924 5684 1141 5754 probus,
1169 5697 1223 5739 et
1255 5701 1361 5741 non
1393 5695 1477 5742 est
1503 5685 1665 5741 homo
1691 5686 1912 5756 probus.
1941 5683 2047 5739 Sed
2073 5684 2222 5738 vide-

640 5777 782 5833 bitur
805 5778 1035 5833 turtasse
1063 5779 1259 5848 aliquid
1291 5780 1392 5836 sibi
1422 5780 1625 5835 dixisse
1659 5781 2009 5843 contrarium,
2041 5787 2095 5833 et
2115 5777 2222 5832 dii-

632 5867 826 5933 acilior
856 5870 1108 5939 procedat
1136 5874 1373 5935 ostensio
1418 5886 1536 5945 qua:
1566 5886 1663 5945 per
1691 5870 1995 5948 huiusmodi
2036 5884 2222 5929 exem-

2334 4754 2458 4809 nino
2479 4752 2546 4808 de
2569 4760 2675 4807 tota
2706 4753 3110 4807 universalitute
3137 4760 3316 4822 negat,
3352 4750 3447 4806 sed
3475 4751 3525 4806 ei
3570 4761 3777 4805 tantum
3805 4752 3911 4805 sul"-

2334 4846 2443 4900 ﬁcit
2465 4844 2533 4900 de
2582 4844 3001 4913 particularitate
3054 4858 3312 4914 negasse;
3364 4851 3522 4912 atque
3562 4856 3627 4898 ea
3673 4856 3793 4913 qua
3834 4850 3912 4898 est

2331 4938 2508 4993 nullus
2556 4939 2717 4991 homo
2745 4938 2896 4993 albus
2934 4945 3039 5001 est,
3071 4935 3117 4990 si
3148 4950 3285 4989 unus
3328 4934 3489 4989 homo
3538 4932 3692 4987 albus
3735 4933 3911 4996 fuerit.

2334 5033 2462 5088 falsa
2493 5041 2594 5087 est.
2628 5031 2701 5085 Ea
2733 5046 2859 5086 vero
2882 5046 3001 5099 quae
3032 5030 3162 5085 dicit
3214 5044 3323 5085 non
3353 5038 3439 5083 est
3480 5028 3642 5083 homo
3665 5027 3836 5091 albus,
3869 5025 3913 5080 si

2334 5138 2470 5178 unus
2516 5122 2677 5177 homo
2707 5124 2860 5176 albus
2911 5138 3014 5176 non
3066 5123 3243 5188 luerit,
3268 5136 3396 5177 vera
3444 5127 3561 5184 est;
3611 5134 3778 5191 quare
3807 5133 3913 5174 non

2333 5215 2595 5285 signiﬁcat
2660 5215 2820 5269 idem.
2855 5214 2983 5271 Dico
3029 5223 3205 5271 autem
3236 5213 3508 5284 'quoniam
3543 5228 3641 5267 nec
3698 5213 3913 5266 omnino

2330 5310 2751 5380 qumiescunque
2781 5309 2982 5364 dictum
3021 5306 3181 5363 fuerit
3224 5307 3477 5379 quoniam
3506 5322 3611 5361 non
3644 5314 3728 5359 est
3756 5304 3913 5359 homo

2332 5406 2507 5471 albus,
2531 5418 2657 5458 mox
2681 5401 2946 5473 signiﬁcat
2968 5402 3218 5471 quoniam
3243 5399 3417 5454 nullus
3448 5408 3530 5454 est
3556 5398 3719 5452 homo
3740 5396 3911 5451 albus.

2336 5498 2466 5553 Nam
2498 5512 2618 5553 cum
2650 5496 2770 5549 dico
2800 5493 2980 5548 nullus
3024 5492 3185 5547 homo
3223 5491 3378 5545 albus
3421 5498 3526 5553 est,
3575 5488 3689 5543 haec
3728 5486 3914 5543 eadem

2332 5591 2599 5661 signiﬁcat
2641 5586 2893 5657 quoniam
2934 5598 3040 5639 non
3070 5592 3154 5639 est
3182 5583 3346 5637 homo
3374 5581 3547 5635 albus.
3585 5577 3914 5634 Universalis

2330 5686 2473 5743 enim
2503 5686 2641 5739 intra
2670 5697 2730 5737 sc
2754 5681 2993 5736 continet
3023 5676 3374 5733 indeﬁnitum.
3405 5673 3537 5730 Cum
3567 5681 3747 5727 autem
3784 5667 3913 5723 dici~

2331 5792 2451 5833 mus
2491 5791 2597 5832 non
2646 5782 2727 5830 est
2776 5772 2939 5835 homo
2978 5769 3157 5835 albus,
3219 5782 3328 5823 non
3376 5764 3599 5821 omnino
3655 5759 3911 5831 signiﬁcat

2332 5868 2585 5943 quoniam
2621 5863 2795 5922 nullus
2826 5862 2987 5922 homo
3013 5860 3165 5919 albus
3193 5870 3297 5926 est,
3333 5857 3605 5918 indeﬁnita
3634 5854 3774 5915 enim
3805 5865 3914 5912 non
