4270 6266
321 398 423 457 481

1052 399 1118 455 ΙΝ
1158 397 1410 454 LIBRUM
1452 396 1541 449 DE
1584 386 2231 450 INTERPRETATIONE
2274 392 2498 447 EDITIO
2536 353 2864 450 SECIJNDA.

3494 393 3598 452 ‘82

327 532 463 578 intra
509 538 571 577 se
615 522 855 578 continet
917 490 1285 576 universaletn.
1350 515 1609 587 Superius
1674 526 1908 581 namque
1937 512 1985 573 Α
2020 508 2336 565 universalis
2382 510 2598 579 negatio
2643 519 2838 579 potest,
2885 522 2940 565 et
2982 521 3067 567 est
3110 510 3213 566 aiis
3257 508 3599 579 universalis,

327 615 743 667 tnonstravimus
798 610 938 681 quod
998 610 1283 667 indeﬁnita:
1335 611 1440 661 vim
1504 602 1906 676 particularium

327 704 654 757 obtinerent.
682 703 857 771 Quare
883 702 928 756 si
958 717 1079 757 cum
1108 709 1190 756 est
1219 698 1536 755 universalis
1564 696 1797 767 negatio,
1826 702 1911 750 est

328 790 606 848 indeﬁnita
642 794 871 864 negatio,
899 808 1022 848 cum
1066 807 1193 847 vero
1229 802 1311 848 est
1354 792 1630 846 indeﬁnita
1675 790 1909 860 negatio,

332 900 438 939 non
464 886 682 940 omnino
716 893 798 940 est
836 883 1150 940 universalis
1172 883 1401 954 negatio,
1431 898 1538 938 non
1581 882 1914 937 convertitur

333 977 623 1034 secundum
671 976 993 1033 subsistendi
1049 978 1526 1048 consequentiam;
1584 991 1750 1046 quare
1810 990 1914 1029 non

332 1080 455 1127 sunt
482 1070 659 1126 simul.
692 1069 821 1137 Quae
855 1070 999 1125 enim
1030 1086 1136 1125 non
1172 1078 1579 1136 convertuntur,
1615 1066 1774 1123 simul
1807 1082 1913 1122 non

330 1170 476 1225 sunt,
503 1168 563 1215 ut
588 1174 687 1216 nos
726 1159 1268 1240 Praedicamentorum
1310 1160 1444 1215 liber
1474 1157 1715 1223 edocuit;
1746 1172 1913 1228 quare

331 1269 504 1324 neque
575 1254 716 1310 idem
764 1253 1067 1327 signiﬁcant
1118 1254 1430 1324 negationes
1471 1269 1574 1311 non
1620 1262 1702 1309 est
1751 1251 1915 1307 homo

331 1345 482 1401 albus
534 1356 590 1403 et
629 1346 809 1402 nullus
853 1346 1020 1402 homo
1048 1347 1203 1402 albus
1231 1355 1338 1413 est,
1371 1362 1544 1416 neque
1572 1346 1733 1402 simul
1766 1352 1913 1409 sunt,

333 1438 583 1507 quoniam
622 1454 728 1493 non
758 1448 1151 1494 convertuntur
1194 1437 1259 1492 ad
1307 1437 1745 1507 consequentiam
1791 1436 1923 1491 sub-

334 1528 578 1584 sistendi.
632 1531 893 1600 Syrianus
937 1538 1118 1585 tamen
1161 1529 1346 1584 nititur
1386 1528 1715 1584 indeﬁnitam
1758 1541 1918 1597 nega-

334 1623 538 1677 tionem
578 1623 682 1677 vim
725 1622 961 1678 deﬁnitae
991 1622 1236 1678 obtinere
1286 1621 1583 1692 negationis
1612 1621 1920 1686 ostendere,

333 1723 391 1770 et
422 1714 525 1770 hoc
551 1714 732 1769 multis
763 1717 991 1784 probare
1019 1714 1210 1768 nititur
1237 1713 1585 1784 argumentis,
1632 1711 1922 1767 Aristotele

331 1809 567 1865 maxime
593 1808 964 1872 reclamante;
1012 1822 1187 1876 neque
1233 1807 1334 1860 hoc
1388 1814 1592 1860 tantum
1643 1805 1777 1872 suis,
1827 1802 1921 1858 sed

2022 603 2122 657 alia
2150 601 2424 657 indeﬁnitu
2452 601 2681 671 negatio.
2713 601 2842 656 Nam
2874 602 2917 656 si
2947 604 3229 674 unicuique
3258 601 3604 659 aflirmationi

2021 711 2123 750 una
2155 696 2368 765 negatio
2398 695 2606 753 videtur
2635 696 2853 765 opponi,
2888 711 3114 768 cmnque
3150 698 3378 753 diversa:
3407 698 3509 754 sint
3539 712 3602 757 ea

2019 784 2305 841 afﬁrmatio
2333 802 2451 857 quae
2500 786 2630 842 dicit
2674 796 2757 842 est
2812 785 3147 844 bomo‘aibus
3170 798 3222 843 et
3249 804 3311 845 ea
3334 806 3455 860 quae
3476 789 3607 846 dicit

2019 890 2103 936 est
2131 881 2346 952 quidam
2379 882 2540 937 homo
2583 880 2758 948 albus,
2808 881 3048 937 diversas
3078 898 3288 952 quoque
3334 883 3606 940 habebunt

2022 975 2074 1029 in
2124 976 2495 1044 negationibus
2543 975 3060 1039 enuntiationesret
3106 973 3194 1029 illa
3234 973 3447 1043 quidem
3487 991 3605 1046 quae

2023 1064 2297 1120 indelinita
2337 1076 2422 1121 est
2448 1065 2731 1122 afﬁrmatio
2764 1065 2978 1122 habebit
3006 1064 3337 1121 indeﬁnitam
3366 1069 3603 1138 negatio-

2023 1175 2168 1225 nem,
2204 1168 2261 1214 ut
2291 1176 2353 1215 ea
2384 1174 2504 1231 qua:
2534 1159 2662 1216 dicit
2693 1168 2775 1216 est
2806 1160 2967 1216 homo
3021 1159 3175 1215 albus
3231 1157 3354 1213 huic
3384 1161 3606 1229 opponi-

2024 1260 2110 1305 tur
2160 1267 2265 1306 non
2296 1262 2379 1305 est
2410 1252 2569 1307 homo
2597 1253 2767 1308 albus.
2806 1252 2879 1307 Ea
2910 1266 3037 1309 vero
3064 1266 3184 1323 qua:
3215 1250 3346 1307 dicit
3393 1262 3476 1307 est
3500 1252 3608 1321 qui-

2022 1343 2145 1398 dam
2177 1342 2337 1398 homo
2359 1343 2512 1399 albus
2563 1345 2898 1415 negationem
2932 1344 3148 1415 habebit
3171 1344 3468 1416 oppositam
3491 1359 3609 1400 eam

2023 1450 2142 1505 qua:
2173 1432 2302 1489 dicit
2356 1436 2537 1491 nullus
2568 1436 2725 1491 homo
2756 1438 2910 1492 albus
2935 1447 3037 1492 est.
3081 1437 3262 1503 Quare
3286 1436 3332 1491 si
3375 1437 3609 1505 particu-

2024 1524 2153 1579 laris
2208 1526 2497 1582 afﬁrmatio
2535 1527 2749 1583 definita
2797 1538 2849 1583 et
2891 1544 3076 1583 rursus
3106 1527 3392 1583 afﬁrmatio
3421 1528 3609 1607 indeﬁ-

2024 1617 2134 1671 nita
2165 1632 2194 1671 a
2222 1632 2281 1673 se
2312 1620 2443 1689 ipsae
2473 1619 2697 1675 diversae
2731 1630 2877 1687 sunt,
2921 1621 3051 1676 illud
3082 1636 3266 1676 verum
3312 1631 3414 1686 est,
3446 1636 3610 1691 oppo-

2025 1708 2156 1763 sitas
2187 1725 2399 1779 quoque
2428 1713 2859 1768 contradictorite
2893 1715 3204 1786 negationes
3234 1714 3431 1770 habere
3458 1715 3611 1770 dissi-

2029 1804 2205 1863 miles.
2255 1806 2433 1874 Quare
2484 1822 2544 1862 ea
2594 1825 2714 1879 qua:
2752 1819 2835 1864 est
2887 1810 3062 1865 nullus
3105 1812 3266 1866 homo
3310 1811 3485 1881 justus
3534 1818 3614 1867 est

324 1900 627 1969 ,Platontcis
676 1915 891 1970 quoque
933 1899 1398 1968 Aristotelicisquc
1443 1898 1757 1961 rationibus,
1797 1910 1920 1966 pro-
1949 1890 1998 1952 B
2029 1898 2238 1956 diversa
2282 1910 2365 1955 est
2406 1901 2474 1955 ah
2516 1917 2578 1956 ea
2610 1918 2729 1971 quae
2756 1903 2884 1959 dicit
2947 1910 3106 1959 homo
3147 1903 3323 1973 justus
3368 1920 3473 1958 non
3510 1914 3613 1969 est.

334 1993 464 2050 bare
489 1994 789 2059 contendit,
839 2008 954 2049 eam
982 2008 1101 2064 qute
1126 1993 1253 2048 dicit
1282 2008 1386 2048 non
1418 2002 1503 2048 est
1557 1993 1717 2047 homo
1743 1992 1919 2061 justus

339 2087 646 2157 bujusmodi
678 2101 799 2143 esse
839 2086 1010 2157 qualis
1037 2095 1118 2142 est
1144 2101 1205 2142 ea
1237 2102 1353 2157 qua:
1398 2086 1528 2141 dicit
1556 2087 1735 2141 nullos
1760 2084 1922 2140 homo

335 2178 512 2248 justus
538 2187 639 2234 est.
668 2178 772 2236 Sed
804 2194 901 2234 nos
948 2177 1300 2235 Aristotelicas
1338 2179 1642 2233 auctoritati
1676 2178 1921 2234 servien-

340 2279 422 2328 tes
469 2271 520 2326 id
551 2272 693 2341 quod
732 2275 800 2326 ab
844 2272 937 2327 illo
989 2273 1250 2327 veraciter
1296 2272 1494 2327 dicitur
1537 2270 1919 2343 approbamus.

336 2361 469 2419 Nam
494 2362 634 2433 quod
660 2363 917 2435 Syrianus
943 2364 1071 2419 dicit
1101 2363 1430 2420 indeﬁnitam
1451 2364 1663 2435 quidem
1688 2365 1927 2418 affirma-

339 2458 539 2514 tionem
583 2458 923 2528 particularis
963 2458 1209 2513 obtinere
1251 2458 1381 2526 vim,
1429 2458 1762 2513 indeﬁnitam
1798 2472 1926 2513 vero

340 2550 677 2621 negationem
702 2550 1041 2621 universalis,
1068 2566 1227 2622 quam
1260 2551 1590 2608 mendaciter
1629 2551 1923 2618 diceretur,

340 2656 608 2713 quamque
649 2654 885 2713 utraeque
912 2642 965 2698 in
998 2644 1409 2712 particularibus
1451 2642 1752 2700 rectissime
1794 2659 1923 2715 pro-

340 2741 689 2805 ponerentur.
738 2742 793 2791 et
831 2750 991 2805 supra
1048 2738 1491 2804 monstravimus,
1522 2745 1575 2791 et
1621 2736 1673 2791 in
1730 2734 1815 2791 bis
1866 2736 1929 2792 li-
2012 2738 2024 2749 ’

343 2824 450 2883 bris
487 2842 624 2898 quos
652 2826 719 2883 de
762 2826 1093 2897 Categoricis
1123 2828 1459 2900 Syllogismis
1502 2828 1926 2899 composuimus,

342 2918 501 2990 idque
547 2921 601 2974 in
645 2918 787 2975 libro
834 2922 1004 2990 primo
1034 2919 1321 2989 diligenter
1364 2921 1745 2991 expressimus.
1780 2920 1930 2977 Nune

343 3011 495 3068 nobis
526 3013 642 3082 ipse
672 3028 884 3085 quoque
917 3012 1235 3073 Aristoteles
1275 3014 1427 3069 testis
1455 3022 1557 3080 cst,
1589 3021 1645 3068 et
1672 3013 1932 3084 Syrianus

346 3104 595 3160 facillima
626 3108 836 3163 ratione
859 3106 1215 3174 convincitur,
1232 3108 1370 3176 quod
1396 3106 1450 3160 in
1475 3107 1773 3177 Aualyticis
1798 3122 1930 3178 quo-

348 3212 453 3268 que
482 3213 550 3254 ex
580 3199 782 3255 duabus
832 3200 1125 3257 indeﬁnitis
1165 3202 1361 3256 dicitur
1405 3214 1509 3255 non
1555 3213 1713 3270 posse
1750 3200 1927 3269 colligi

348 3290 736 3361 syllogismum,
782 3309 904 3349 cum
938 3309 1001 3350 ει
1034 3292 1354 3348 afﬁrmativa
1397 3293 1706 3363 particulari
1758 3300 1814 3347 et
1840 3306 1934 3347 ne-
1961 3276 2008 3341 C

350 3386 523 3457 gativa
580 3386 867 3442 universali
919 3387 1254 3457 particularis
1304 3389 1547 3458 negativa
1587 3386 1760 3457 possit
1811 3400 1934 3441 esse

357 3479 624 3536 collectio.
653 3482 806 3548 Quod
847 3482 892 3537 si
966 3481 1259 3538 indeﬁnitat
1298 3481 1582 3537 afﬁrmatio
1624 3490 1679 3537 et
1722 3479 1934 3551 negatio

356 3572 651 3644 negationis
699 3572 1022 3630 universalis
1084 3583 1138 3630 et
1180 3573 1519 3643 partienlaris
1565 3572 1936 3628 afﬁrmationis

354 3665 457 3721 vim
507 3667 849 3734 obtinerent,
897 3682 1166 3739 nunquam
1219 3666 1542 3721 Aristoteles
1583 3665 1787 3720 diceret
1838 3663 1934 3719 has

356 3760 746 3830 propositiones
791 3776 895 3815 non
942 3760 1196 3831 colligere
1234 3759 1628 3829 syllogismum.
1661 3758 1768 3813 Sed
1801 3756 1934 3811 illud

356 3854 533 3909 verius
573 3862 679 3921 est,
724 3855 974 3924 quoniam
1011 3868 1077 3908 ex
1104 3853 1310 3908 duabus
1340 3850 1753 3922 particular-ibus
1801 3848 1934 3902 nihil

356 3944 411 4001 in
466 3946 707 4015 qualibet
747 3945 1172 4016 propositionum
1219 3946 1593 4015 complexione
1644 3943 1931 4013 Colligitur,

360 4036 508 4108 quod
577 4038 632 4093 in
706 4038 791 4094 bis
837 4038 1287 4109 propositionibus
1313 4054 1431 4110 quae
1476 4036 1765 4094 inde’ﬁnita:
1814 4042 1940 4090 sunt

359 4129 494 4188 nihil
536 4130 712 4201 colligi
748 4129 900 4197 dixit,
930 4130 1052 4201 quia
1093 4130 1492 4200 particularium
1536 4128 1642 4185 vim
1694 4128 1936 4196 proposi-

360 4225 533 4281 tiones
576 4222 883 4279 indeﬁnitas
911 4223 1199 4278 arbitratus
1219 4233 1299 4278 est
1319 4222 1782 4288 obtinere.Quare
1805 4219 1942 4293 tnui;

361 4318 427 4373 tis
470 4318 644 4374 modis
691 4317 903 4390 Syriani
947 4327 1256 4387 argumenta
1307 4317 1649 4389 franguntur.
1693 4317 1797 4372 Sed
1845 4328 1943 4369 nos

363 4410 708 4479 expositionis
737 4424 955 4466 cursum
992 4410 1060 4465 ad
1090 4410 1367 4480 sequentia
1395 4417 1794 4465 convcrtamus.

441 4504 771 4576 Manifestum
806 4516 879 4560 est
907 4516 1073 4560 autem
1113 4507 1355 4578 quoniam
1400 4505 1603 4577 negatio
1633 4520 1734 4558 una
1790 4502 1941 4557 unius

364 4599 711 4668 afﬁrmationis
727 4609 800 4654 est
820 4640 835 4665 ,
864 4600 998 4653 idem
1019 4600 1154 4654 enim
1180 4608 1374 4669 oportet
1401 4615 1588 4669 negare
1627 4596 1944 4668 negationem

365 4695 501 4760 quod
544 4693 813 4762 a/ﬁrmatio
850 4694 1134 4762 affirmavit,
1161 4702 1207 4747 et
1236 4693 1301 4746 de
1339 4692 1533 4758 eodem,
1565 4691 1641 4745 vel
1670 4693 1732 4745 de
1771 4691 1945 4761 aliqua

366 4788 705 4859 singularium
769 4786 844 4841 vel
870 4788 934 4839 de
982 4788 1156 4857 aliqua
1196 4788 1579 4855 universaliam,
1633 4786 1710 4840 vel
1746 4787 1949 4839 univira-

366 4878 540 4932 saliter
594 4872 667 4932 vel
706 4893 805 4931 non
844 4878 1210 4932 universaliter.
1243 4877 1374 4931 Dico
1419 4888 1606 4942 autem,
1650 4887 1702 4930 ut
1750 4884 1820 4930 est
1853 4875 1954 4932 So-

368 4976 533 5023 crates
562 4969 724 5033 albus,
776 4985 877 5022 non
918 4977 991 5022 est
1040 4968 1275 5025 Socrates
1315 4969 1479 5026 albus.
1512 4970 1575 5025 Si
1616 4977 1781 5024 autem
1810 4968 1955 5023 aliud

369 5060 567 5130 aliquid
593 5060 656 5113 de
692 5059 885 5127 eodem,
928 5062 1005 5115 vel
1030 5064 1092 5115 de
1128 5063 1234 5116 alio
1261 5063 1415 5131 idem,
1440 5080 1545 5119 non
1576 5064 1808 5135 opposita
1835 5062 1953 5128 erit,

369 5153 460 5207 sed
487 5152 550 5206 ab
584 5171 641 5208 ea
692 5154 906 5209 diversa.
934 5152 1073 5208 Huic
1117 5166 1284 5212 autem
1331 5175 1444 5229 qua:
1490 5168 1563 5214 est
1609 5159 1771 5213 omnis
1815 5160 1966 5217 homo

318 5319 346 5325 Η
368 5244 518 5299 albus
539 5258 611 5301 est
660 5247 1083 5301 catttradicirilla
1108 5264 1225 5318 qua:
1254 5260 1325 5304 est
1374 5267 1477 5305 non
1523 5252 1685 5305 omnis
1716 5253 1865 5307 homo
1887 5253 1969 5308 al-

342 5339 467 5417 ιω
509 5349 612 5405 est;
638 5338 717 5395 illi
744 5352 910 5395 autem
932 5357 1047 5411 quia
1068 5351 1139 5395 est
1195 5343 1379 5413 aliquis
1411 5345 1560 5398 homo
1584 5345 1733 5399 albus
1753 5356 1825 5399 est
1875 5346 1967 5401 illa

369 5446 488 5502 qua
508 5442 578 5486 est
613 5433 784 5489 nullus
808 5434 960 5489 homo
980 5435 1125 5490 albus
1145 5447 1218 5491 est
1236 5451 1257 5502 ;
1273 5438 1350 5491 illi
1371 5447 1538 5492 autem
1569 5452 1684 5508 quae
1697 5447 1769 5493 est
1816 5438 1967 5494 homo

370 5525 521 5578 albus
539 5538 611 5580 est
626 5524 714 5578 illa
730 5542 844 5596 qua:
878 5536 948 5582 est
972 5544 1075 5582 non
1104 5539 1175 5583 est
1207 5530 1358 5583 homo
1387 5529 1551 5585 albus.

452 5618 826 5691 llinc’quoque
858 5632 1077 5691 apparet
1106 5623 1519 5681 afﬁrmationem
1551 5623 1877 5681 indeﬁnitam
1908 5634 1965 5684 et

374 5712 712 5769 indeﬁnitam
755 5716 1092 5785 negationem
1132 5735 1236 5775 non
1277 5734 1492 5789 semper
1520 5736 1677 5776 unam
1723 5719 1777 5774 in
1821 5720 1964 5779 veti-

374 5816 508 5873 tate,
541 5808 700 5864 aliam
732 5810 785 5865 in
814 5809 1049 5868 falsitate
1074 5816 1395 5874 consistere.
1428 5816 1602 5887 Atque
1631 5816 1752 5873 hinc
1796 5816 1958 5876 doce-

380 5918 466 5965 tur
504 5905 837 5967 indeﬁnitam
880 5909 1216 5976 negationem
1266 5927 1370 5970 non
1417 5911 1556 5974 idem
1598 5914 1778 5973 valere
1822 5915 1963 5978 quod

2028 2001 2185 2063 atque
2201 1993 2302 2048 hoc
2324 2010 2462 2048 nunc
2479 1995 2798 2051 Aristoteles
2819 1998 3158 2067 exsequitur.
3180 2000 3270 2053 Ait
3287 2001 3429 2052 enim
3454 2014 3610 2054 unam

2028 2102 2243 2156 semper
2265 2088 2603 2157 negationem
2642 2098 2828 2143 contra
2848 2106 3006 2144 unam
3024 2090 3433 2147 afﬁmationem
3460 2106 3615 2161 posse

2027 2178 2306 2245 constitui,
2348 2190 2401 2235 et
2428 2180 2541 2250 ejus
2582 2195 2798 2237 causam
2848 2192 3073 2237 conatur
3111 2184 3415 2251 ostendere,
3472 2184 3615 2253 quod

2028 2278 2205 2337 omnis
2247 2280 2460 2347 negatio
2499 2278 2721 2334 eosdem
2768 2278 3024 2335 terminos
3072 2280 3232 2335 habet
3279 2280 3331 2334 in
3375 2280 3617 2335 enuntia-

2033 2354 2336 2437 tionefsed
2378 2370 2691 2427 enuntiandi
2732 2370 2889 2427 modo
2918 2371 3132 2427 diversa
3164 2381 3264 2428 εει.
3312 2371 3441 2426 Nam
3475 2372 3617 2442 quod

2032 2466 2182 2535 ponit
2213 2466 2499 2521 afﬁrmatio
2530 2466 2581 2521 id
2600 2464 2733 2522 ‘aufe
2753 2474 2803 2519 rt
2830 2467 3076 2535 negatio;
3109 2475 3162 2521 et
3191 2466 3331 2536 quod
3364 2466 3449 2520 illa
3478 2482 3617 2535 prte-

2030 2561 2260 2616 dicatum
2284 2558 2531 2629 subjecto
2553 2558 2750 2629 jungit,
2769 2560 2870 2614 hoc
2899 2558 2988 2613 illa
3014 2559 3210 2614 dividit
3230 2568 3389 2628 atque
3414 2559 3618 2628 disjun-

2030 2654 2126 2724 git.
2169 2655 2348 2721 Quare
2390 2653 2435 2709 si
2468 2652 2611 2708 idem
2643 2652 2966 2721 subjectum,
3009 2650 3149 2708 idem
3185 2653 3527 2723 praedicatum
3564 2654 3617 2708 in

2035 2747 2319 2817 negatione
2349 2746 2435 2811 sit,
2466 2744 2606 2815 quod
2635 2743 2924 2799 afﬁrmatio
2952 2752 3075 2799 ante
3105 2755 3373 2813 posuerat,
3405 2760 3510 2800 non
3537 2754 3619 2800 est

2032 2840 2251 2895 dubium
2284 2839 2409 2909 quin
2440 2838 2599 2892 unius
2628 2836 3001 2891 afﬁrmationis
3067 2852 3168 2890 una
3200 2836 3412 2906 negatio
3444 2835 3620 2891 videa-

2035 2942 2139 2988 tur.
2163 2930 2294 2985 Nam
2335 2931 2381 2985 si
2411 2930 2530 2984 dum
2560 2930 2689 2996 sint,
2736 2940 2824 2982 aut
2851 2929 3150 2998 subjectum
3188 2927 3413 2982 alterum
3444 2935 3619 2983 muta-

2037 3032 2153 3077 tura
2184 3030 2289 3087 est,
2321 3029 2415 3075 aut
2444 3020 2813 3089 praedicatum.
2859 3019 2964 3076 Sed
3008 3033 3340 3089 quaecunque
3370 3026 3495 3073 sunt
3526 3018 3621 3072 hu-

2033 3114 2268 3185 iusmodi
2301 3128 2405 3169 non
2442 3122 2567 3168 sunt
2593 3117 2871 3183 oppositae,
2908 3112 3008 3167 hoc
3046 3112 3188 3167 enim
3219 3121 3300 3167 est
3336 3110 3474 3181 quod
3502 3112 3576 3166 ait
3606 3128 3618 3163 :

2038 3209 2093 3265 Si
2116 3218 2292 3264 autem
2317 3208 2458 3263 aliud
2481 3206 2698 3278 aliquid,
2722 3207 2802 3262 vel
2823 3206 2888 3262 de
2910 3206 3014 3262 alio
3035 3205 3199 3274 idem,
3226 3220 3331 3259 non
3354 3205 3620 3276 opposita.

2039 3306 2132 3362 sed
2163 3306 2267 3362 erit
2293 3306 2359 3360 ab
2387 3320 2450 3361 ea
2480 3304 2708 3360 diversa.
2754 3303 2959 3360 Sensus
2997 3302 3139 3357 enim
3168 3299 3477 3370 bujusmodi
3502 3307 3622 3356 est:

2041 3401 2096 3459 Si
2127 3401 2341 3471 negatio
2369 3399 2512 3455 aliud
2540 3397 2737 3467 aliquid
2782 3394 3125 3467 praedicando
3179 3404 3337 3465 neget
3377 3410 3538 3465 quam
3568 3394 3623 3449 in

2038 3493 2391 3548 afﬁrmatione
2419 3492 2536 3556 fuit,
2557 3499 2613 3546 ut
2640 3490 2687 3545 si
2718 3488 3095 3545 sitalﬁrmatio
3143 3496 3225 3544 est
3256 3488 3420 3543 homo
3446 3487 3624 3553 albus,

2040 3564 2255 3655 negatio
2280 3585 2421 3640 dicat
2469 3599 2576 3639 non
2612 3591 2694 3638 est
2723 3582 2885 3637 homo
2902 3583 3099 3652 justus,
3142 3581 3285 3637 aliud
3316 3579 3629 3651 praedicavit

2041 3679 2093 3734 in
2119 3678 2398 3747 negatione
2418 3658 2575 3748 quam
2598 3675 2649 3731 in
2672 3674 3027 3731 affirmatione
3058 3674 3227 3729 fuerat
3247 3672 3625 3735 constitutum;

2042 3771 2123 3825 vel
2153 3772 2196 3824 si
2228 3770 2295 3824 de
2334 3769 2440 3823 alio
2470 3767 2711 3838 subjecto
2753 3784 2911 3838 quam
2955 3768 3004 3821 in
3049 3765 3405 3821 afﬁrmatione
3453 3766 3630 3823 fuerat

2042 3862 2184 3918 idem
2207 3862 2347 3932 quod
2375 3862 2425 3916 in
2456 3861 2815 3915 afﬁrmatione
2846 3860 3003 3913 fuerit
3030 3859 3226 3914 dixerit
3248 3860 3622 3927 praedicatum,

2045 3962 2100 4009 ut
2148 3953 2191 4007 si
2229 3952 2514 4007 afﬁrmatio
2551 3951 2621 4004 sit
2649 3958 2734 4004 est
2762 3949 2921 4002 homo
2942 3948 3137 4016 justus,
3166 3950 3379 4017 negatio
3408 3964 3632 4020 respon-

2043 4046 2167 4101 deat
2221 4060 2325 4098 non
2356 4052 2440 4098 est
2472 4043 2554 4097 leo
2578 4041 2775 4109 justus,
2811 4039 2952 4093 idem
2987 4038 3331 4107 praedicatum
3362 4050 3466 4105 est,
3507 4038 3633 4093 sub-

2043 4140 2183 4209 jecta
2210 4146 2331 4192 sunt
2360 4135 2593 4192 diversa.
2623 4133 2680 4189 Si
2712 4147 2841 4204 ergo
2872 4132 2953 4187 vel
2978 4131 3121 4187 aliud
3153 4130 3352 4201 aliquid
3380 4130 3634 4200 praedicet

2049 4232 2101 4287 in
2131 4229 2503 4287 enuntiatione
2536 4226 2851 4298 propositio,
2887 4225 2969 4281 vel
2996 4223 3065 4279 de
3093 4224 3197 4279 alio
3228 4223 3470 4294 subjecm
3501 4238 3635 4294 pra!-

2047 4325 2189 4380 dicet
2220 4323 2358 4379 idem
2384 4320 2526 4393 quod
2556 4319 2846 4375 afﬁrmatio
2878 4327 3002 4374 ante
3033 4326 3305 4389 posuerat,
3341 4331 3447 4372 non
3478 4322 3636 4371 erunt

2049 4419 2135 4475 illa
2174 4416 2458 4473 afﬁrmatio
2486 4415 2804 4486 negatioque
2833 4412 3115 4484 oppositae.
3160 4411 3254 4467 sed
3286 4422 3490 4465 tantum
3519 4425 3545 4463 a
3576 4422 3637 4464 se

2048 4513 2310 4576 diversae;
2346 4523 2517 4578 neque
2555 4509 2695 4563 enim
2726 4521 2783 4562 se
2817 4505 3102 4575 perimunt.
3130 4503 3187 4558 Et
3226 4503 3362 4556 hanc
3393 4517 3506 4558 rem
3536 4501 3636 4558 de-

2052 4599 2457 4656 monstrativam
2476 4594 2704 4657 addidit,
2718 4601 2771 4648 et
2791 4607 2910 4663 quae
2929 4600 3073 4646 esset
3098 4600 3466 4659 argumentum
3487 4589 3638 4645 unius

2058 4690 2432 4752 affu‘mationis
2449 4700 2645 4760 praeter
2665 4702 2822 4743 unam
2844 4685 3178 4756 negationem
3196 4698 3318 4740 esse
3334 4699 3439 4739 non
3463 4697 3643 4753 posse,

2061 4789 2173 4844 sive
2205 4787 2256 4841 in
2293 4780 2673 4853 singularibus,
2704 4788 2765 4834 ut
2795 4778 2847 4832 in
2889 4793 2954 4832 eo
2984 4776 3123 4845 quod
3151 4775 3265 4846 ipse
3301 4775 3433 4831 dicit
3459 4788 3643 4831 exem-

2063 4884 2172 4954 plo,
2203 4888 2286 4935 est
2310 4877 2566 4934 Socrates
2597 4873 2771 4940 albus,
2806 4887 2910 4926 non
2938 4878 3021 4927 est
3049 4870 3301 4925 Socrates
3318 4869 3501 4936 albus;
3532 4870 3645 4924 sive

2066 4976 2118 5031 in
2161 4968 2552 5028 universalibus
2596 4962 2967 5020 universaliter
3017 4961 3344 5032 praedicatis,
3395 4976 3515 5017 cum
3567 4956 3647 5015 his

2066 5052 2412 5141 particulares
2435 5063 2486 5117 in
2510 5057 2848 5132 oppositione
2871 5054 3304 5111 contradictoris:
3325 5053 3646 5109 constituun-

2075 5171 2180 5226 tur,
2219 5158 2352 5213 utin
2382 5149 2668 5209 universali
2699 5147 3075 5206 universaliter
3104 5145 3439 5209 affirmativa,
3471 5142 3647 5198 omnis

2073 5254 2233 5310 homo
2262 5250 2523 5305 albusest
2543 5288 2557 5314 ,
2590 5247 2643 5301 in
2675 5240 2959 5299 universali
2992 5238 3381 5311 particulariter
3405 5237 3647 5307 negativa

2072 5347 2409 5420 przedicetur,
2436 5358 2542 5398 non
2565 5338 2741 5395 omnis
2772 5337 2933 5391 homo
2963 5332 3117 5389 albus
3137 5329 3347 5397 est;illi
3376 5344 3505 5386 vero
3534 5343 3651 5399 qum

2071 5454 2151 5500 est
2199 5442 2252 5497 in
2297 5437 2580 5495 universali
2630 5430 3022 5503 particulariter
3066 5426 3380 5482 aflirmativa
3429 5424 3650 5495 quidam

2072 5538 2234 5593 homo
2264 5536 2413 5590 albus
2461 5540 2541 5587 est
2584 5532 2882 5598 opponatur
2936 5520 3250 5577 universalis
3279 5518 3657 5575 universaliter

2073 5626 2367 5701 propositio
2397 5621 2635 5693 negativa
2684 5615 2861 5671 nullus
2891 5614 3049 5668 homo
3087 5611 3240 5667 albus
3270 5620 3381 5674 est;
3417 5608 3495 5666 illi
3532 5623 3658 5663 vero

2074 5737 2190 5792 qua:
2212 5721 2261 5776 in
2286 5714 2568 5775 universali
2598 5726 2702 5768 non
2725 5705 3099 5765 universaliter
3120 5703 3432 5760 afﬁrmativa
3453 5712 3535 5760 est
3579 5711 3660 5755 Cal

2077 5823 2235 5874 homo
2290 5812 2440 5869 albus
2481 5810 2566 5866 illa
2597 5824 2714 5881 quae
2751 5807 2801 5861 in
2836 5802 3119 5861 universali
3155 5815 3259 5855 non
3285 5797 3654 5857 universalitcr

2076 5889 2317 5972 negativa
2351 5914 2431 5963 est
2481 5919 2585 5961 non
2612 5909 2693 5961 est
2724 5899 2883 5958 homo
2912 5896 3085 5959 albus,
3114 5899 3172 5949 ut
3196 5890 3335 5964 quod
3366 5892 3438 5950 ait
3478 5887 3559 5945 vel
3588 5884 3655 5945 de

2576 6040 2683 6059 ~-‘—
