4270 6266
602 472 610 478 -
642 433 746 503 885

1864 426 1974 493 ΑΝ.
2007 418 2221 492 sum.
2262 416 2411 491 sev.
2455 412 2677 487 sum

3803 414 3908 487 tst

642 560 821 631 aliquo
845 557 1187 628 singularium
1216 560 1281 613 ad
1309 558 1425 616 lucc
1448 556 1679 631 pertinet
1708 552 1973 624 exempla,
2016 561 2100 607 est
2122 550 2222 607 So-
2252 558 2306 622 Α
2331 556 2437 613 εει,
2469 546 2685 619 quidam
2716 545 2876 599 homo
2898 544 3050 599 albus
3082 558 3187 598 non
3218 550 3320 600 est.
3353 546 3503 615 Quod
3531 545 3575 601 'si
3604 544 3728 618 quid
3756 552 3908 603 natu-

640 660 815 708 crates
835 653 1010 720 albus,
1036 666 1139 705 non
1170 661 1254 707 est
1280 653 1527 708 Socrates
1552 652 1729 707 albus.
1756 647 1907 718 Quod
1929 652 2103 701 autem
2137 659 2224 700 se-

640 758 792 802 cutus
828 754 929 809 est,
982 746 1068 801 vt-l
1107 747 1173 802 de
1209 749 1386 815 aliquo
1417 744 1790 800 universalium
1830 738 2220 803 universaliter,

638 835 704 891 id
732 836 815 890 illa
839 837 1082 903 exempla
1106 838 1306 891 dictum
1326 851 1447 891 esse
1468 836 1732 890 videbitur
1752 847 1869 901 qute
1887 832 2031 898 sunt,
2050 829 2223 883 omnis

638 926 801 983 homo
828 927 1117 992 albusest,
1160 944 1264 983 non
1306 930 1482 983 omnis
1525 928 1686 981 homo
1725 926 1875 980 albus
1904 933 2007 989 est,
2032 920 2222 992 aliquis

637 1018 803 1075 homo
841 1020 992 1075 albus
1029 1034 1131 1085 εει,
1164 1021 1340 1074 nullus
1385 1019 1546 1074 homo
1587 1018 1737 1071 albus
1776 1024 1877 1070 est.
1908 1013 2059 1083 Quod
2094 1016 2222 1067 vero

640 1110 866 1175 addidit,
902 1114 980 1163 vel
1018 1122 1121 1165 non
1162 1110 1553 1174 uuitcrsaliter,
1586 1109 1791 1164 scilicet
1826 1106 1882 1160 in
1914 1104 2224 1160 tntiv‘crsali-

639 1206 761 1272 bus,
786 1206 850 1259 ad
876 1206 961 1258 illa
988 1207 1230 1272 exempla
1256 1205 1434 1259 retulit
1456 1218 1575 1275 qua:
1597 1211 1743 1268 sunt,
1766 1200 1927 1255 homo
1947 1197 2101 1252 albus
2118 1204 2219 1259 est,

641 1296 803 1352 homo
829 1297 981 1351 albus
1013 1312 1115 1349 lt0l|
1144 1304 1243 1349 est.
1483 1298 1487 1301 ’

702 1376 864 1451 Quod
898 1382 1053 1454 igitur
1096 1404 1196 1440 una
1229 1384 1499 1455 afﬁrmatio
1539 1385 1631 1438 uni
1660 1380 1915 1452 περιιιὶοηὶ
1951 1377 2224 1451 apponitur

641 1477 1064 1537 contradictoritr,
1090 1488 1132 1528 et
1157 1493 1269 1545 qua:
1294 1488 1410 1529 sunt
1439 1476 1530 1540 ‘tw,
1559 1477 1748 1527 dictum
1771 1482 1863 1539 ρει,
1888 1483 1933 1525 ει
1954 1470 2088 1540 (ιιιοά
2108 1479 2225 1522 ειιηι

641 1570 756 1623 alite
782 1570 1073 1624 contrariis.
1118 1567 1181 1621 Et
1211 1585 1326 1639 qua:
1362 1570 1459 1623 sint
1493 1573 1589 1632 Inc,
1635 1568 1825 1619 ditium
1866 1572 1963 1627 est,
2003 1574 2050 1616 et
2086 1558 2223 1631 quod

638 1674 742 1715 non
781 1662 943 1714 omnis
987 1677 1103 1714 ocra
1148 1663 1224 1713 vel
1270 1661 1404 1729 falsa
1450 1659 1807 1722 contradictio,
1857 1663 1908 1709 et
1949 1668 2127 1724 quare,
2177 1661 2225 1705 et

642 1754 848 1824 quando
871 1768 987 1805 vero
1017 1754 1091 1807 re!
1118 1754 1269 1822 falsa.
2058 1804 2061 1807 .

716 1852 861 1923 lline
893 1850 1051 1919 igitur
1071 1852 1247 1903 omnia
1278 1862 1460 1902 rursus
1481 1845 1796 1901 brevissime
1816 1842 2009 1911 repetit
2038 1839 2222 1893 dicens

2326 641 2437 696 rale
2463 640 2781 710 prtedicetur
2803 639 2855 692 in
2877 638 3186 702 contrariis,
3207 638 3494 695 affirmatio
3514 654 3634 695 vero
3661 649 3764 703 est,
3779 639 3906 693 falsa

2325 732 2559 802 negatio,
2582 741 2641 785 nt
2669 732 2917 800 quoniam
2945 729 3193 784 natorale
3213 739 3297 785 est
3317 728 3521 785 homini
3550 745 3669 787 esse
3693 731 3906 797 animal,
3953 724 3956 731 ⁴

2326 837 2449 880 vera
2482 831 2565 877 est
2591 836 2653 877 ea
2686 833 2803 892 qua:
2831 822 2982 887 dicit,
3011 824 3189 875 omnis
3215 821 3378 876 homo
3406 822 3604 877 animal
3634 834 3745 889 est,
3780 821 3908 877 falsa

2324 924 2405 970 est
2430 929 2547 983 qua:
2572 912 2724 977 dicit,
2744 911 2922 965 nullus
2940 912 3102 964 homo
3124 909 3320 965 animal
3347 919 3446 965 est.
3472 910 3675 966 Eodem
3698 925 3908 983 quoque

2324 1008 2487 1062 modo
2516 1009 2566 1061 iu
2588 1004 2976 1061 subcontrariis
2996 1016 3119 1059 vera
3154 1010 3235 1059 est
3260 1002 3567 1069 affirmatio,
3591 1004 3721 1059 falsa
3751 1010 3911 1073 nega-

2324 1098 2420 1152 tio.
2446 1097 2539 1153 Sin
2568 1106 2697 1151 vero
2726 1094 2922 1167 aliquid
2952 1093 3286 1164 impossibile
3311 1092 3651 1165 praedici-tur,
3673 1094 3805 1150 farsa
3831 1098 3913 1149 est

2323 1188 2634 1255 afﬁrmatio,
2668 1200 2793 1241 vera
2825 1186 3062 1256 negatio,
3094 1192 3153 1240 ut
3186 1186 3439 1256 quoidam
3474 1186 3803 1255 impossibile
3831 1193 3915 1241 est

2327 1281 2601 1337 hominem
2650 1280 2883 1350 lapidem
2928 1295 3070 1335 e5se.
3123 1278 3186 1333 Si
3224 1279 3485 1347 dicamus,
3531 1278 3706 1332 omnis
3748 1278 3919 1347 homo,

2328 1374 2463 1443 lapis
2492 1382 2592 1438 est,
2623 1372 2809 1425 falsum
2850 1381 2957 1435 est,
3001 1372 3179 1425 nullus
3216 1370 3378 1424 homo
3406 1370 3540 1438 lapis
3592 1380 3778 1425 verum
3809 1381 3910 1427 est.

2330 1465 2587 1520 Eamdem
2638 1478 2849 1533 quoque
2895 1463 2999 1515 vim
3044 1462 3243 1517 retinet
3285 1462 3642 1516 sttltcontrarii
3690 1468 3910 1534 natura,

2326 1554 2613 1610 afﬁrmatio
2642 1554 2785 1609 enim
2827 1554 2941 1607 lucc
2973 1552 3100 1607 falsa
3132 1564 3234 1618 εει,
3269 1564 3397 1607 Vera
3434 1556 3665 1622 uirgatio.

2423 1648 2432 1657 '
2556 1662 2627 1703 ne
2668 1656 3062 1699 AFFIRIIATIHNE
3103 1659 3170 1698 ετ
3210 1654 3510 1701 secutast:
3553 1660 3674 1699 una.

2401 1737 2516 1793 Una
2533 1748 2702 1791 autem
2716 1738 2985 1806 aﬂirmatio
3002 1748 3048 1789 ει
3070 1738 3272 1807 arguto
3298 1746 3391 1798 at,
3417 1742 3534 1806 qtm:
3550 1754 3705 1789 unum
3733 1732 3796 1790 de
3813 1750 3912 1789 uno

2330 1833 2609 1901 signiﬁcat,
2645 1834 2720 1883 vel
2751 1846 2865 1882 cum
2892 1830 2954 1881 sit
2986 1830 3265 1883 universale
3297 1830 3669 1893 universo/iter,
3713 1830 3791 1881 vel
3811 1834 3914 1883 rion

641 1944 747 2014 jam
778 1959 835 1997 se
858 1922 1069 1997 dixisse
1100 1958 1217 2011 quo
1245 1942 1347 1995 iam
1376 1939 1466 1993 nni
1498 1938 1763 2005 negationi
1798 1952 1899 1988 una
1939 1932 2222 1986 affirmatio
2255 1942 2300 2005 Β
2326 1925 2577 1987 διήιὶιίιεν,
2597 1923 2827 1974 "lamnis
2845 1923 2991 1974 homo
3015 1924 3161 1973 albus
3183 1933 3278 1985 est,
3308 1924 3577 1975 uouumm's
3600 1922 3914 1976 [temonibus

638 2045 786 2091 εεεει
805 2036 1066 2103 OppOsita,
1100 2047 1151 2087 ει
1178 2036 1275 2089 hoc
1307 2051 1409 2084 non
1443 2047 1509 2096 qu
1536 2032 1678 2083 .ililict
1706 2028 1863 2079 modo
1892 2026 1982 2080 sed
2009 2034 2194 2076 contra
2212 2051 2224 2061 -

641 2129 903 2187 dictorite.
949 2125 1222 2195 inquibus
1261 2140 1316 2177 se
1341 2124 1463 2177 licet
1496 2136 1679 2175 verum
1727 2120 1983 2171 falsnmve
2025 2114 2226 2166 divide—

641 2231 809 2275 retur.
837 2219 1041 2272 Dl‘iwe
1062 2220 1218 2269 ctiam
1248 2221 1631 2269 Contttzetttoral
1652 2226 1769 2281 qum
1789 2218 1968 2263 essent
1991 2207 2071 2258 hac
2093 2214 2225 2273 quas

644 2310 1087 2367 COItll'alItt'lorlzlS
1111 2308 1430 2369 nominaret,
1454 2306 1584 2358 dixit
1606 2315 1779 2356 autem
1804 2315 1923 2353 esse
1944 2298 2225 2368 angulares

642 2405 1016 2459 afﬁrntativatn
1042 2402 1481 2462 universalem,et
1507 2400 1802 2465 negativam
1828 2391 2222 2460 particularetn,

638 2510 830 2553 rursus
870 2494 1238 2547 aflirtnatisam
1301 2491 1669 2557 particularem
1703 2498 1757 2542 et
1786 2484 2079 2554 negativam
2110 2480 2227 2532 nni-

644 2586 932 2639 versalem.
975 2583 1208 2637 Disserui
1248 2598 1478 2650 quoque,
1514 2580 1700 2646 inquit,
1731 2589 1787 2633 et
1816 2577 2069 2645 quoniam
2108 2572 2225 2625 alte

642 2678 1082 2732 suntcOntrariat.
1102 2676 1221 2728 alite
1243 2674 1691 2736 contt'adtctoritc,
1718 2688 1821 2723 non
1846 2671 1988 2722 enim
2019 2667 2224 2722 etcdetn

643 2784 767 2827 sunt
794 2772 1077 2824 centrarite
1119 2776 1235 2837 oue
1270 2778 1393 2821 sunt
1434 2766 1884 2821 contradictoriaa.
1928 2750 2235 2817 Contrarias

642 2862 785 2918 enim
813 2873 937 2915 sunt
969 2860 1284 2914 universalis
1313 2858 1595 2912 afﬁrmatio
1618 2897 1633 2921 ,
1672 2855 2096 2921 universalisque
2127 2867 2223 2904 ne-

641 2956 803 3024 gatio.
848 2953 1081 3022 Exposui
1124 2952 1251 3007 illud
1301 2964 1531 3021 queque,
1580 2952 1771 3019 inquit,
1819 2948 2071 3015 quoniam
2116 2958 2221 2997 non

626 3046 817 3101 omnis
864 3061 991 3099 vera
1036 3046 1119 3101 vel
1171 3046 1301 3100 falsa
1340 3053 1424 3100 est
1468 3042 1841 3106 contradictio,
1873 3054 2013 3094 nunc
2042 3047 2219 3091 autem

642 3138 1114 3195 contradwtionem
1144 3155 1248 3193 non
1280 3139 1419 3192 illam
1453 3139 1701 3205 praprie.
1744 3134 1838 3190 sed
1868 3133 2224 3188 communiter

641 3234 708 3289 de
734 3235 817 3289 ltis
844 3233 975 3288 dixit
1007 3248 1125 3303 qua:
1150 3244 1269 3286 sunt
1294 3232 1571 3302 opposittc,
1599 3232 1714 3284 sive
1739 3227 2008 3283 contrario
2038 3223 2218 3289 modo,

2328 2031 2380 2067 es
2410 2024 2509 2075 ,εει
2532 2014 2864 2075 Itomoa.bus,
2883 2029 2982 2065 non
3011 2030 3060 2065 es
3104 2014 3256 2066 homo
3284 2012 3454 2069 albus.
3481 2013 3648 2065 nullm
3666 2014 3814 2065 homo
3836 2022 3913 2066 ait

2328 2103 2735 2173 bttsest,quidum
2754 2106 2901 2156 Immo
2928 2106 3070 2157 albus
3091 2116 3189 2166 est,
3211 2108 3251 2156 si
3273 2105 3445 2156 album
3469 2120 3625 2155 unum
3666 2107 3914 2175 igni,.cat.

2400 2219 2468 2272 Ea
2504 2235 2619 2290 qum.
2652 2229 2773 2273 sunt
2803 2235 2830 2272 a
2863 2223 3017 2274 notus
3060 2221 3344 2288 diligenter
3374 2238 3619 2286 Sllpt‘l‘llls
3648 2226 3912 2290 exposita,

2327 2324 2467 2364 nunc
2500 2313 2610 2375 ipse
2644 2312 2843 2363 clarius
2885 2322 3168 2365 monstrat.
3214 2312 3458 2365 lltxunns
3500 2332 3722 2381 namque
3754 2333 3912 2374 nnatu

2335 2406 2750 2470 propositionem
2783 2420 2903 2457 esse
2934 2422 3051 2472 qua:
3089 2422 3244 2458 unam
3278 2422 3348 2473 qtt
3371 2408 3566 2459 ιιιιΙίινει
3610 2424 3719 2462 rem
3752 2414 3914 2481 signi-

2326 2494 2514 2549 ﬁcaret
2546 2507 2597 2549 et
2628 2510 2729 2549 nun
2773 2499 3060 2564 plurimas,
3097 2498 3165 2549 ita
3207 2510 3261 2550 nt
3295 2515 3391 2552 nec
3423 2499 3749 2568 :eqttivot-unt
3783 2509 3913 2556 sult-

2321 2586 2519 2655 jectnm
2571 2589 2815 2650 haberet,
2865 2604 2962 2640 nec
3002 2604 3339 2656 acqutvomtut
3390 2587 3755 2659 prtcd.catuut.
3804 2596 3914 2650 Una

2327 2682 2467 2734 enim
2513 2682 2806 2749 prepositin
2835 2682 2911 2733 sic
2945 2680 2998 2733 ﬁt
3027 2697 3040 2733 :
3082 2679 3231 2735 Nunc
3259 2682 3358 2735 hoc
3386 2684 3534 2748 dicit,
3585 2700 3684 2736 una
3720 2701 3914 2754 prope.

2328 2774 2453 2827 sitio
2483 2785 2564 2827 est
2595 2789 2712 2843 qua:
2744 2787 2901 2825 nnatn
2934 2780 3044 2827 rent
3076 2775 3358 2842 significat,
3388 2776 3436 2829 id
3470 2786 3576 2846 est,
3598 2795 3714 2845 «μιν
3744 2792 3915 2849 neun

2326 2867 2657 2934 ειαιήγυευιιι
2711 2867 2876 2919 ltaltct
2925 2868 3220 2933 subiectum
3249 2909 3262 2932 ,
3311 2885 3482 2937 neque
3530 2871 3911 2943 praedicatum,

2326 2958 2440 3012 sive
2470 2970 2648 3011 aurem
2677 2960 2992 3013 universiilis
3022 2962 3091 3013 sit
3120 2959 3427 3027 affirmatio,
3452 2966 3566 3019 sive
3591 2967 3915 3025 universali!

2327 3053 2560 3118 negatio,
2594 3050 2706 3103 sive
2758 3051 3091 3118 particttlat‘is
3143 3056 3377 3123 negatio,
3408 3072 3522 3112 ε.ιέ
3571 3061 3911 3128 particularis

2326 3141 2634 3206 afﬁrmatio,
2683 3143 2797 3197 sive
2848 3143 3123 3199 indefinite
3164 3158 3424 3218 utraeque,
3466 3152 3578 3207 sive
3627 3166 3810 3210 contra
3857 3172 3916 3217 se

2327 3233 2652 3301 angulartter
2700 3246 3001 3305 ponantur;
3046 3240 3149 3291 una
3190 3238 3276 3291 illa
3325 3246 3618 3310 propositio
3659 3260 3761 3312 esi,
3796 3265 3914 3318 qum

642 3326 754 3382 sive
801 3326 1192 3380 subcontrario.
1236 3325 1328 3379 lla:
1367 3338 1595 3393 namque
1641 3337 1744 3377 non
1785 3334 1999 3390 semper
2034 3332 2219 3371 verum
2246 3306 2293 3375 Β
2326 3342 2486 3381 unam
2512 3341 2621 3382 rem
2652 3328 2702 3379 in
2727 3327 3074 3381 affirmatione
3100 3331 3181 3383 vel
3207 3332 3489 3401 negatione
3514 3306 3913 3405 sigttilit-at.:5‘ed

640 3416 784 3471 inter
822 3430 883 3470 se
930 3416 1231 3485 falsumque
1278 3414 1606 3479 dividebant,
1640 3426 1699 3468 ut
1741 3426 1846 3467 una
1890 3423 2103 3478 semper
2141 3415 2227 3461 est

645 3524 796 3575 vera,
829 3509 929 3565 alia
954 3510 1104 3572 falsa,
1138 3519 1346 3579 poterat
1372 3509 1512 3561 enim
1546 3508 1657 3561 ﬁeri
1684 3508 2042 3560 ntcontrarite
2064 3501 2224 3557 simul

644 3601 1012 3657 invenirentur
1041 3602 1210 3666 falsae,
1242 3600 1629 3655 subcomrariae
1660 3597 1818 3651 simul
1852 3610 2014 3650 vera‘.
2042 3594 2116 3647 De
2143 3592 2225 3646 Itis

643 3704 819 3749 autem
862 3710 978 3761 qua:
1015 3695 1242 3762 propria:
1276 3689 1701 3744 COﬂll‘ﬂdiClOl‘iiB
1740 3696 1862 3741 sunt
1918 3685 2113 3739 deliine
2142 3697 2226 3737 se-

642 3786 823 3853 quitur
853 3795 905 3838 et
932 3797 993 3836 se
1016 3782 1127 3851 jam
1162 3783 1477 3851 exposuisse
1513 3784 1920 3843 commemorat,
1959 3784 2015 3831 et
2058 3790 2224 3845 quare

646 3889 748 3929 una
780 3890 923 3938 vera,
954 3874 1123 3928 altera
1161 3873 1292 3929 falsa
1324 3883 1440 3936 est,
1482 3884 1539 3929 et
1576 3872 1810 3943 quando.
1851 3869 2055 3925 Idcirco
2082 3867 2223 3924 enim

646 3966 958 4021 universalis
988 3966 1278 4022 afﬁrmatio
1306 3966 1607 4036 particulari
1637 3963 1908 4032 negatiuni
1939 3963 1990 4015 in
2014 3971 2227 4015 contra-

644 4060 879 4115 dictione
910 4062 1215 4129 Opponilttr,
1259 4063 1401 4129 quod
1444 4061 1496 4114 in
1542 4060 1789 4113 omnibus
1835 4072 1864 4109 a
1912 4069 1971 4111 se
1998 4056 2129 4124 ipsa:
2150 4055 2228 4108 di-

645 4166 817 4206 verstc
860 4162 982 4204 sunt
1018 4161 1073 4206 et
1104 4152 1354 4218 qualitate
1383 4159 1438 4204 et
1467 4152 1779 4219 quantitate.
1826 4147 1917 4202 Illa
1954 4147 2097 4201 enim
2145 4157 2228 4201 est

644 4242 947 4304 afﬁrmatio,
980 4241 1067 4294 illa
1099 4242 1328 4307 negatio,
1377 4241 1463 4293 illa
1492 4242 1831 4303 universalis,
1877 4239 1965 4293 illa
1998 4239 2228 4306 particu-

644 4332 788 4386 laris.
817 4330 939 4385 Ideo
969 4345 1098 4396 ergo
1122 4339 1210 4382 aut
1236 4342 1473 4397 utraeque
1501 4333 1662 4395 falsaa,
1698 4341 1793 4383 aut
1823 4341 2057 4399 utrmque
2086 4344 2228 4382 verte

648 4420 873 4477 inveniri
898 4437 1000 4475 non
1033 4428 1274 4489 possunt.
1310 4420 1537 4488 Quando
1566 4433 1744 4475 antem
1781 4422 1849 4475 ita
1890 4420 2069 4488 fuerit,
2099 4435 2229 4475 con-

646 4521 752 4566 stat
781 4528 940 4567 unam
960 4527 1138 4568 verazu
1168 4527 1308 4578 esse,
1338 4514 1559 4568 alteram
1592 4514 1797 4581 falsam,
1828 4525 1985 4584 atque
2014 4514 2117 4569 hoc
2146 4524 2227 4569 est

644 4602 786 4673 quod
813 4604 907 4666 ait,
943 4614 995 4656 et
1030 4618 1196 4672 quare
1239 4613 1293 4659 et
1330 4606 1544 4674 quando
1585 4621 1706 4661 vera
1746 4607 1828 4661 vel
1862 4606 1994 4661 falsa
2024 4607 2224 4661 dictum

2327 3416 2415 3471 hic
2440 3420 2661 3486 qnmstio
2691 3430 2771 3471 est
2800 3419 3247 3486 quemadmodum
3280 3425 3595 3480 universalis
3624 3430 3913 3486 affirmatio

2329 3527 2486 3566 unam
2519 3524 2630 3567 rem
2661 3511 2965 3581 significare
2999 3517 3186 3581 possit,
3228 3530 3347 3569 enm
3382 3521 3756 3577 universaliras
3799 3522 3912 3591 ipsa

2327 3619 2433 3658 non
2464 3602 2533 3658 de
2574 3617 2699 3667 uno,
2732 3602 2825 3656 sed
2863 3602 2928 3655 de
2974 3605 3214 3671 pluribus
3254 3608 3588 3675 praullcetnr.
3634 3610 3763 3665 Nam
3794 3610 3915 3669 cum

2326 3694 2471 3760 dico,
2518 3696 2694 3747 omnis
2735 3694 2895 3747 homo
2941 3694 3090 3749 albus
3130 3706 3230 3759 est,
3262 3700 3501 3768 singulos
3547 3705 3787 3757 ltotnines
3827 3706 3916 3774 qui

2328 3786 2509 3854 plures
2551 3793 2677 3839 sunt
2718 3785 3042 3855 significans,
3079 3790 3241 3841 multa
3292 3791 3341 3843 in
3393 3790 3505 3864 ipsa
3549 3794 3915 3852 aflirmationis

2328 3877 2705 3946 prmdicatione
2753 3878 2994 3945 drsigno.
3040 3879 3296 3944 Quocirca
3328 3885 3469 3937 nulla
3501 3888 3602 3940 erit
3630 3890 3915 3945 affirmatio

2329 3971 2409 4023 vel
2445 3970 2657 4037 negatio
2699 3969 3044 4034 universalis,
3091 3986 3209 4040 qum
3257 3990 3416 4029 unum
3466 3982 3578 4031 rem
3618 3979 3915 4048 signiﬁcare

2330 4062 2520 4130 possit,
2573 4060 2773 4113 idcirco
2818 4061 2956 4129 quod
3005 4060 3116 4129 ipsa
3166 4065 3649 4123 universaliasde
3680 4072 3916 4141 pluribus

2329 4152 2423 4222 (ut
2450 4151 2650 4204 dictum
2682 4148 2801 4221 εει)
2849 4152 3136 4207 individuis
3176 4158 3516 4224 ptazdicatnr.
3564 4160 3669 4214 Sed
3707 4163 3773 4215 ad
3817 4166 3916 4221 hoc

2329 4243 2721 4312 respondemus
2766 4256 2886 4295 eum
2935 4245 3236 4301 universale
3284 4249 3532 4318 quiddam
3581 4252 3794 4318 dicitur,
3844 4255 3912 4310 ad

2327 4349 2487 4388 unam
2521 4334 2915 4400 quodammodo
2943 4337 3310 4394 collectionem
3346 4342 3504 4395 totius
3531 4349 3915 4413 prepositionis

2329 4430 2462 4481 ordo
2504 4428 2836 4498 perducitur,
2873 4438 2927 4481 et
2968 4434 3084 4501 ejus
3122 4436 3295 4487 unitas
3334 4449 3438 4489 non
3471 4437 3534 4490 ad
3576 4441 3916 4508 particulari-

2330 4527 2517 4586 tatem,
2554 4523 2646 4576 sed
2673 4522 2738 4576 ad
2773 4526 3249 4595 universalitatem,
3276 4544 3395 4599 quae
3423 4541 3500 4586 est
3532 4547 3632 4585 una
3665 4535 3914 4604 qualitas,

2270 4676 2300 4694 _
2331 4612 2652 4680 applicatur,
2686 4624 2742 4669 ut
2765 4632 2887 4671 cum
2920 4618 3149 4673 dicimus
3169 4660 3183 4685 ,
3215 4621 3391 4674 omnis
3422 4622 3583 4675 homo
3608 4623 3781 4694 justus
3811 4636 3914 4693 est,

645 4703 747 4759 est,
800 4694 1003 4749 scilicet
1023 4711 1326 4751 memorans
1348 4712 1511 4766 quare
1534 4699 1797 4767 Oppositio
1818 4699 2103 4769 etquando
2125 4715 2227 4753 una
2255 4684 2311 4748 D
2337 4722 2440 4761 non
2469 4716 2593 4762 tunc
2629 4712 2869 4779 singulos
2904 4713 3267 4782 intelligimus,
3308 4715 3400 4769 sed
3433 4716 3498 4769 ad
3530 4684 3687 4772 unam
3726 4720 3916 4775 ltuma-

644 4799 858 4854 semper
886 4786 955 4841 sit
978 4802 1122 4851 vera,
1154 4788 1321 4843 altera
1352 4787 1505 4852 falsa,
1535 4798 1659 4844 tunc
1687 4791 1866 4858 utique
1895 4794 2109 4861 quando
2132 4807 2229 4847 an-

644 4878 897 4945 gulariter
919 4881 1337 4945 constituuntur,
1366 4882 1563 4937 idcirco
1584 4883 1834 4951 quoniam
1858 4893 1912 4939 et
1931 4885 2229 4954 quantitate

646 4984 675 5024 ιι
713 4984 770 5025 se
810 4970 1201 5039 propositiones
1237 4981 1292 5026 ει
1331 4972 1586 5041 qualitate
1624 4974 1851 5030 diversa:
1888 4987 2035 5031 sunt.
2063 4978 2229 5032 Nobis

561 5086 567 5094 -
648 5066 829 5112 autem
868 5055 1152 5110 dicendum
1183 5065 1266 5110 est
1307 5058 1520 5123 quando
1556 5063 1923 5127 Opposiliones
1950 5069 2236 5123 contraria:

649 5149 731 5203 vel
762 5148 1168 5215 subcontrariaa,
1198 5155 1291 5203 aut
1320 5158 1558 5217 utraeque
1586 5152 1693 5208 illae
1733 5154 1891 5210 simul
1932 5157 2082 5213 falsae
2106 5160 2235 5229 sint,

650 5251 741 5295 aut
768 5248 1008 5312 utraeque
1037 5240 1144 5296 illae
1172 5239 1334 5297 simul
1366 5257 1527 5310 verto,
1554 5253 1645 5300 aut
1672 5262 1777 5303 una
1806 5247 1964 5318 falsa,
1995 5252 2099 5308 alia
2128 5271 2237 5310 rur-

652 5350 744 5389 sus
768 5335 1073 5391 inveniatur
1097 5350 1245 5391 vera.
1272 5335 1329 5391 In
1349 5340 1634 5397 contrariis
1660 5344 1803 5398 enim
1828 5345 1873 5401 si
1897 5360 1963 5403 ea
1986 5362 2105 5419 quae
2128 5366 2234 5407 non

652 5440 777 5483 sunt
809 5430 1123 5486 naturaliter
1150 5432 1528 5503 paztdieentur.
1556 5443 1796 5506 utraeque
1821 5448 1945 5496 sunt
1996 5440 2141 5500 falsae
2174 5453 2231 5499 ut

654 5519 865 5588 albedo,
894 5524 1144 5591 quoniam
1176 5525 1486 5582 naturaliter
1518 5526 1717 5585 homini
1751 5546 1856 5587 non
1888 5532 2051 5599 inest,
2078 5547 2236 5595 utra-

656 5628 759 5679 que
799 5614 945 5669 false
985 5628 1109 5672 sunt
1170 5635 1288 5689 quas
1326 5620 1624 5680 albedinem
1668 5626 1978 5695 praedicant.
2026 5628 2234 5688 Falsum

660 5713 740 5756 εει
761 5708 923 5772 enim,
953 5711 1126 5765 omnis
1146 5708 1307 5768 homo
1335 5714 1489 5774 albus
1513 5725 1614 5785 est,
1644 5728 1699 5773 et
1722 5717 1912 5775 falsum
1939 5730 2044 5787 est,
2060 5722 2238 5778 nullus

663 5791 824 5851 homo
850 5797 1001 5853 albus
1027 5808 1129 5856 est.
1171 5802 1279 5860 Sed
1311 5809 1526 5877 quando
1554 5810 1657 5866 illae
1697 5813 1867 5867 amba
1908 5812 2056 5869 falsa:
2091 5823 2237 5885 sunt,

660 5899 804 5944 vera
832 5898 959 5943 sunt
994 5890 1401 5959 subeuntur-ia.
1439 5908 1497 5954 ut
1524 5910 1629 5963 est.
1653 5902 1867 5963 quidam
1900 5903 2062 5961 homo
2084 5905 2239 5965 albus

2337 4806 2565 4874 nitatem.
2603 4804 2858 4875 quidquid
2938 4806 3006 4860 de
3052 4809 3271 4863 homine
3321 4809 3523 4865 dictum
3571 4822 3653 4866 est
3702 4814 3914 4869 dicitur.

2335 4893 2514 4960 Quare
2540 4896 2653 4950 sive
2678 4897 2749 4950 sit
2778 4898 3096 4954 universalis
3126 4901 3434 4968 afﬁrmatio,
3464 4904 3572 4956 sivte
3598 4906 3919 4963 universalis

2336 4985 2573 5052 negatio,
2617 4988 2697 5041 vel
2729 4990 2782 5041 in
2812 4990 3192 5059 singularibus,
3228 5004 3403 5062 potest
3432 4994 3543 5051 fieri
3585 5007 3645 5052 ut
3689 4997 3770 5052 lite
3801 5015 3918 5053 una:

2334 5073 2463 5141 sint,
2495 5077 2542 5131 si
2582 5092 2685 5131 una
2726 5079 3115 5150 significatione
3158 5094 3457 5141 teneantur.
3499 5091 3671 5160 Atque
3704 5098 3804 5147 hoc
3836 5100 3917 5149 est

2332 5168 2477 5237 quod
2504 5170 2601 5238 ait,
2651 5186 2744 5226 eas
2775 5177 3165 5244 propositiones
3195 5194 3327 5249 quas
3364 5196 3523 5250 supra
3556 5183 3754 5252 posuit,
3799 5200 3918 5256 qua:

2335 5272 2478 5329 sunt,
2528 5266 2704 5319 omnis
2732 5267 2895 5322 homo
2926 5270 3075 5325 albus
3102 5281 3204 5338 est,
3230 5287 3339 5327 non
3366 5275 3539 5329 omnis
3572 5274 3733 5331 homo
3765 5279 3919 5333 albus

2335 5366 2438 5421 est,
2456 5356 2618 5411 homo
2639 5358 2793 5414 albus
2814 5370 2920 5425 est,
2937 5363 3096 5417 homo
3118 5365 3269 5420 albus
3295 5378 3400 5422 non
3431 5378 3535 5438 est,
3559 5370 3737 5425 nullus
3756 5369 3919 5426 homo

2330 5448 2484 5504 albus
2510 5461 2612 5520 est,
2653 5461 2737 5508 εει
2764 5453 2977 5524 quidam
3018 5458 3179 5511 homo
3205 5458 3376 5524 albus,
3412 5474 3544 5516 unas
3573 5462 3743 5519 videri
3771 5465 3813 5518 si
3841 5463 3919 5519 al-

2336 5539 2484 5607 bum,
2524 5542 2714 5612 inquit,
2758 5558 2920 5600 unum
2961 5550 3247 5616 signiﬁcat.
3294 5551 3351 5606 Si
3393 5553 3536 5608 enim
3566 5554 3746 5611 album
3775 5555 3917 5625 quod

2335 5633 2654 5701 prmdieatur
2699 5639 2862 5693 multa
2904 5639 3187 5711 signiticet,
3230 5643 3311 5699 vel
3349 5643 3395 5698 si
3426 5645 3588 5702 horno
3625 5650 3714 5716 qui
3741 5646 3917 5716 subje-

2332 5734 2454 5780 etus
2482 5734 2585 5792 εει,
2616 5743 2724 5784 non
2755 5744 2941 5797 unum,
2969 5747 3072 5787 non
3101 5742 3184 5787 est
3212 5748 3313 5789 una
3343 5734 3650 5806 afﬁrmatio,
3685 5751 3782 5794 nec
3810 5753 3914 5795 una

2338 5819 2567 5885 negatio.
2604 5819 2715 5875 Hoc
2743 5831 2921 5877 autem
2959 5826 3011 5880 in
3043 5828 3387 5895 sequentib‘tts
3425 5829 3624 5885 clarius
3654 5839 3916 5890 monstrat

2330 5908 2521 5964 dicens
2551 5928 2564 5961 :

3904 6041 3932 6083 Il
