4270 6266
301 497 317 562 i

351 361 455 421 683

1092 353 1160 413 IN
1197 346 1450 414 menon
1489 350 1578 410 DE
1615 334 2263 408 mulionem-torte
2301 335 2528 403 εδιτιο
2566 347 2899 406 SECUNDA.

3536 342 3641 409 £86

422 475 521 535 Sin
547 486 717 530 autem
744 474 940 530 duobus
966 473 1129 529 mox
1151 480 1331 527 nomen
1363 471 1585 543 positum
1614 475 1707 531 est,
1735 470 1798 519 ει
1824 463 1941 533 qui-
1968 462 2021 523 Α
2047 475 2250 513 necesse
2294 469 2369 517 est
2422 461 2814 531 aﬂirmationent
2856 464 2935 518 vet
2980 464 3301 536 negationem
3348 474 3519 518 veram
3563 464 3643 519 vel

352 567 445 623 ltus
480 585 581 622 non
618 576 691 621 est
718 583 897 631 unum,
934 578 1038 620 non
1063 574 1136 619 est
1162 572 1264 619 una
1300 563 1591 633 firmam,
1632 564 1797 629 neque
1837 572 1941 612 una

352 658 577 731 negat'io.
690 718 693 725 η

424 753 629 809 Sensus
662 750 961 820 huiusmodi
994 758 1109 804 est:
1142 749 1201 804 Si
1238 762 1403 802 unum
1452 756 1648 802 nomen
1678 745 1828 815 plura
1864 745 1943 799 si-

354 844 591 912 gniticet,
624 858 685 898 ex
716 843 909 912 quibus
934 841 1119 897 multis
1137 852 1301 896 unum
1333 840 1475 896 emet
1506 848 1612 894 non
1645 838 1942 907 possit,illa

354 937 640 992 afﬁrmatio
677 936 730 990 itt
774 950 874 1004 qua
914 934 1049 989 illud
1090 946 1287 989 nomen
1330 933 1415 988 vel
1458 932 1802 1003 madicatur,
1857 930 1941 985 Vel

356 1028 648 1098 subjicitur,
679 1027 842 1079 multa
870 1026 1152 1096 signiﬁcat,
1186 1036 1244 1081 ut.
1270 1027 1323 1079 in
1360 1040 1425 1080 eo
1458 1014 1602 1095 quod
1629 1036 1709 1077 est
1755 1024 1939 1087 homo,

355 1120 489 1189 quod
522 1119 771 1180 dicimua,
805 1119 968 1173 homo
993 1118 1261 1188 significat
1300 1117 1521 1182 animal,
1563 1116 1830 1187 signiﬁcat
1859 1132 1945 1169 ra-

354 1209 868 1277 tionalepsiguiﬁcat
899 1211 1160 1273 mortale;
1192 1211 1286 1264 sed
1314 1223 1376 1263 ex
1407 1208 1491 1262 his
1517 1218 1637 1285 qua:
1669 1209 1832 1263 multa
1872 1208 1946 1261 si-

354 1300 586 1372 gniﬁcat,
621 1316 786 1355 unum
831 1308 1010 1371 potest
1040 1301 1209 1370 efﬁci,
1249 1300 1394 1371 quod
1432 1309 1519 1355 est
1554 1300 1752 1354 animal
1783 1299 1947 1354 ratio-

355 1396 500 1459 nale,
532 1395 779 1449 mortale.
818 1397 996 1459 Quare
1036 1394 1139 1447 hoc
1170 1408 1365 1446 nomen
1405 1392 1590 1457 homo,
1632 1392 1753 1446 licet
1794 1392 1947 1460 plura

357 1486 469 1541 sint
485 1499 604 1552 qua:
623 1470 914 1551 signiticet,
935 1492 1111 1537 tamen
1125 1483 1379 1552 quoniam
1401 1482 1686 1550 conjuncta
1713 1481 1764 1536 in
1784 1495 1946 1535 unum

358 1575 759 1648 quodammodo
790 1577 1010 1629 veniunt
1048 1589 1263 1644 corpus.
1301 1575 1363 1627 Et
1405 1589 1567 1628 unum
1598 1574 1849 1639 quiddam
1880 1587 1945 1628 es

360 1670 629 1740 seiuncta
660 1669 966 1739 perﬁciunt,
1009 1684 1129 1722 cum
1174 1669 1223 1722 id
1265 1668 1465 1722 dictum
1495 1669 1566 1723 ita
1608 1668 1769 1722 fuerit
1794 1668 1947 1737 quasi

360 1778 426 1821 ex
459 1764 543 1818 his
588 1778 709 1831 qua
732 1762 1002 1830 signiﬁcet
1033 1776 1193 1813 unum
1222 1761 1425 1828 aliquid
1453 1760 1568 1823 ﬁat,
1606 1775 1770 1814 unum
1801 1759 1943 1827 quod

2045 553 2233 623 fo’aam
2274 568 2403 607 esse.
2436 555 2509 606 Ac
2557 554 2613 607 in
2652 556 3022 609 universalibas
3059 557 3262 627 quidem
3291 556 3647 613 ttniversaliler

2044 660 2246 709 semper
2273 646 2406 698 hanc
2432 646 2634 713 quidem
2665 661 2856 712 ueram,
2897 647 3041 701 illam
3066 663 3183 704 vero
3222 650 3410 719 falsam
3437 667 3562 716 me,
3596 662 3644 706 et

2047 738 2100 791 in
2130 738 2190 791 iis
2225 753 2339 809 qua:
2363 749 2482 793 sunt
2511 740 2818 810 singularia,
2859 744 3285 809 quemadmodum
3316 748 3508 801 dictum
3540 757 3645 812 est;

2046 832 2099 885 in
2130 832 2208 887 an
2251 846 2367 888 vero
2395 849 2512 902 qua
2553 835 2603 887 in
2638 836 3005 890 uni'v'ermlibus
3044 853 3144 892 non
3182 842 3533 898 nniversalt'ter
3565 846 3648 900 di-

2046 927 2257 991 cuntur,
2289 930 2392 979 non
2425 941 2497 979 est
2519 936 2738 991 necesse,
2768 927 2965 981 dictum
2993 940 3065 983 est
3092 940 3258 983 autem
3285 943 3330 986 et
3363 935 3425 988 de
3444 935 3544 991 his.

2123 1014 2276 1080 Quod
2305 1015 2372 1074 "si.
2405 1016 2599 1086 inquit,
2627 1028 2707 1072 est
2733 1033 2902 1087 equus
2924 1020 3080 1074 albus
3123 1031 3178 1075 et
3203 1030 3285 1076 est
3312 1020 3471 1078 homo
3497 1028 3649 1083 albus

2051 1108 2221 1161 multa
2262 1106 2591 1176 significant,
2623 1108 2711 1163 illa
2750 1126 2964 1180 quoque
3004 1115 3176 1181 prima
3206 1114 3501 1184 propositio
3531 1133 3649 1187 qua:

2051 1208 2156 1265 est,
2197 1201 2375 1253 tunica
2408 1200 2529 1255 alba
2562 1210 2667 1268 est,
2710 1202 2853 1257 unde
2898 1203 2982 1258 ha:
3014 1202 3305 1274 ﬂuxerunt,
3341 1207 3505 1261 multa
3552 1208 3650 1264 de-

2052 1294 2266 1361 signat;
2299 1290 2388 1347 aut
2418 1295 2462 1349 si
2491 1296 2611 1363 quis
2636 1294 2783 1350 dicat
2814 1298 2920 1351 non
2953 1314 3073 1352 eam
3106 1298 3272 1353 multa
3323 1298 3647 1370 s‘gniﬁcare,

2053 1383 2294 1438 concedit
2327 1386 2570 1455 profecto
2618 1387 2751 1441 nihzl
2800 1391 3021 1443 omnino
3067 1390 3453 1460 prepositionis
3482 1392 3651 1459 ipsius

2054 1475 2446 1543 signiﬁcatione
2497 1480 2806 1535 monstrari.
2861 1482 3012 1537 Tunc
3055 1484 3197 1538 enim
3249 1501 3443 1539 nomen
3485 1502 3649 1544 unum

2055 1571 2223 1623 multa
2250 1570 2505 1639 signiﬁcat
2531 1574 2627 1627 sin
2653 1590 2813 1628 ouant
2832 1577 3274 1644 signiﬁcationem
3293 1589 3500 1647 poterat
3520 1598 3651 1638 con-

2056 1662 2263 1725 venire,
2282 1666 2493 1731 quoties
2518 1680 2591 1721 ex
2612 1664 2695 1722 his
2715 1682 2833 1749 qua:
2858 1669 3302 1738 signiﬁcabantur
3343 1689 3446 1728 una
3472 1685 3654 1743 posset

2055 1756 2307 1825 conjungi
2337 1758 2696 1829 constituique
2727 1760 3046 1828 Sttb~tztntia,
3075 1770 3129 1816 ιιι
3152 1764 3203 1817 ἱιι
3230 1779 3295 1819 eo
3317 1765 3458 1835 quod
3488 1782 3647 1834 supra

363 1864 470 1911 tota
518 1855 605 1909 illa
646 1854 829 1923 juncut
883 1853 1166 1923 perﬁciunt
1220 1868 1414 1907 nomen
1469 1852 1599 1908 illud
1638 1850 1943 1921 signiﬁcare
1973 1838 2025 1906 Ι
2054 1848 2233 1914 posui.
2275 1863 2395 1903 cum
2432 1849 2593 1904 homo
2622 1851 2818 1906 animal
2850 1855 3111 1909 rationale
3140 1868 3191 1910 et
3223 1858 3449 1913 mortale
3489 1861 3654 1926 signi.

364 1946 701 2005 manilestum
746 1954 863 2011 est;
890 1958 1051 2016 atque
1084 1944 1186 2000 hoc
1223 1945 1477 2015 estquod
1515 1944 1589 1998 ait
1623 1962 1637 1997 :
1669 1945 1764 1999 Sin
1815 1959 1945 2001 vero

364 2040 574 2100 duobus
603 2054 765 2093 unum
794 2054 988 2094 nomen
1016 2040 1087 2091 sit
1126 2038 1375 2106 positum,
1410 2052 1474 2093 ex
1510 2037 1702 2106 quibus
1731 2052 1835 2091 non
1863 2044 1947 2091 est

365 2146 552 2196 unum,
594 2138 809 2184 nonest
846 2145 947 2183 una
994 2128 1282 2183 afﬁrmatio
1321 2143 1420 2182 uce
1460 2144 1561 2181 una
1602 2130 1837 2197 negatio.
1890 2128 1945 2185 Si

366 2222 510 2279 enim
545 2223 667 2277 talia
700 2220 923 2291 quilibet
951 2235 1131 2273 st-rmo
1164 2219 1311 2288 plura
1341 2218 1627 2289 signiﬁcet,
1656 2234 1721 2272 ex
1753 2218 1949 2288 quibus

364 2306 560 2384 junctis
600 2327 759 2366 unum
790 2310 929 2365 effici
974 2320 1203 2381 nequeat
1243 2325 1458 2377 corpus,
1492 2326 1590 2364 nec
1636 2311 1843 2379 possint
1886 2323 1950 2362 ea

365 2420 486 2477 quae
524 2402 892 2474 signiﬁcantur
913 2401 1141 2457 uuo'ill‘o
1186 2400 1401 2456 nomine
1439 2401 1490 2454 in
1524 2412 1679 2454 uuam
1713 2399 1951 2468 speciem

367 2496 679 2551 substantia:
712 2494 1021 2560 convenire,
1074 2510 1193 2547 non
1226 2502 1312 2549 est
1356 2492 1459 2547 illae
1490 2507 1593 2546 una
1641 2491 1951 2545 afﬁrmatio.

368 2594 535 2661 Quale
560 2601 736 2645 autem
770 2606 962 2646 nomen
995 2591 1065 2646 sit
1085 2588 1226 2660 quod
1260 2587 1492 2658 positum
1522 2602 1683 2640 uuam
1710 2585 1950 2641 atﬁrma-

371 2681 567 2737 tionem
618 2697 723 2735 non
769 2680 950 2745 iaciat,
982 2679 1183 2734 idcirco
1206 2677 1347 2749 quod
1380 2677 1530 2747 plura
1570 2676 1835 2745 signiﬁcet
1886 2688 1954 2728 ex

369 2776 557 2845 quibus
585 2790 747 2828 unum
780 2773 896 2827 ﬁeri
945 2790 1050 2827 non
1090 2772 1284 2842 possit,
1330 2769 1561 2838 exempli
1597 2768 1955 2823 solertissima

372 2869 566 2923 virtute
596 2866 917 2923 monstravit
941 2866 1169 2921 dicens:

445 2962 513 3020 Ut
539 2964 583 3019 si
621 2964 741 3035 quis
762 2971 917 3032 ponat
946 2961 1043 3015 hoc
1067 2976 1253 3015 nomen
1281 2959 1459 3013 tunica
1488 2957 1678 3011 homini
1721 2967 1769 3011 et
1804 2971 1957 3024 equo,

374 3068 422 3113 et
450 3060 588 3113 dicat
633 3057 807 3111 tunica
835 3068 907 3110 cst
939 3056 1078 3120 alba,
1110 3053 1219 3109 ha'c
1243 3070 1347 3107 non
1392 3061 1462 3107 est
1501 3067 1604 3105 una
1651 3050 1951 3120 afﬁrmatio,

378 3167 473 3207 nec
512 3167 613 3205 una
638 3152 854 3221 negatio.
892 3147 1040 3202 Nihil
1069 3147 1206 3203 enim
1233 3144 1407 3213 diﬂert
1435 3160 1586 3213 quam
1628 3142 1724 3196 hoc
1767 3142 1956 3206 dicere,

374 3253 451 3299 est
481 3245 630 3298 homo
657 3210 815 3312 uiuus
860 3243 1028 3297 albus.
1075 3239 1193 3295 Hoc
1230 3210 1403 3294 autem
1446 3210 1575 3291 nihil
1604 3236 1781 3303 lli/fert
1809 3252 1963 3306 quant
1988 3210 2042 3293 C

375 3337 562 3402 dicere,
590 3345 660 3389 est
684 3336 833 3389 homo
854 3335 1021 3399 albus,
1053 3341 1101 3387 et
1122 3343 1194 3387 est
1222 3346 1380 3400 equus
1408 3331 1575 3384 albus.

446 3428 501 3481 Si
526 3428 645 3497 quis
669 3436 830 3495 ponat
855 3425 1055 3479 homini
1083 3433 1137 3477 et
1160 3438 1300 3493 equo
1324 3436 1518 3476 nomen
1546 3419 1749 3484 tunica,
1767 3419 1960 3489 inquit,

377 3530 434 3575 et
462 3520 513 3574 in
544 3519 907 3590 propositione
930 3532 1122 3572 nomen
1147 3516 1248 3570 hoc
1276 3525 1524 3585 ponatur,
1553 3514 1641 3567 illa
1668 3528 1740 3581 pb
1768 3513 1965 3579 positio

380 3629 484 3669 non
512 3629 615 3666 una
643 3613 739 3667 sed
767 3610 1041 3679 multiplex
1070 3618 1154 3664 est
1183 3626 1196 3661 :
1224 3623 1345 3662 natu
1377 3607 1447 3676 si,
1477 3605 1623 3661 verbi
1656 3606 1847 3675 gratia,
1879 3612 1968 3658 tu-

379 3708 496 3761 nica
529 3706 690 3760 ltomo
717 3714 878 3772 atque
906 3719 1072 3773 equus
1094 3702 1326 3771 dicatur,
1360 3710 1417 3754 ut
1438 3715 1559 3756 cum
1596 3698 1729 3754 dieit
1748 3698 1961 3767 aliquis,

379 3798 557 3852 tunica
598 3804 692 3850 aut
721 3796 992 3849 hominem
1031 3794 1273 3863 designet
1307 3801 1398 3847 aut
1432 3806 1650 3862 equum,
1681 3800 1737 3844 ut
1769 3791 1812 3844 si
1842 3789 1964 3859 quis

380 3890 525 3942 dicat
555 3887 606 3941 in
630 3886 991 3954 prepositiune
1020 3886 1117 3950 sic,
1144 3884 1319 3940 tunica
1349 3885 1466 3939 alba
1491 3893 1594 3954 est,
1624 3899 1730 3939 non
1753 3894 1837 3939 cst
1857 3899 1961 3937 una

383 3975 672 4032 afﬁrmatio
698 3992 715 4043 ;
745 3974 887 4046 quod
918 3976 1058 4030 enim
1083 3976 1229 4039 dicit,
1270 3977 1445 4030 tunica
1485 3974 1603 4030 alba
1632 3983 1735 4038 est,
1783 3975 1966 4041 hujus-

384 4070 535 4127 ntodi
565 4080 648 4125 est
702 4071 854 4139 quasi
884 4070 1081 4135 dicam,
1116 4068 1273 4125 homo
1299 4079 1354 4125 et
1379 4083 1550 4140 equus
1575 4068 1730 4123 albus
1758 4076 1862 4133 est,
1885 4075 1966 4119 tu-

379 4164 500 4220 nica
530 4164 674 4219 enim
711 4162 979 4217 hominem
1004 4173 1161 4233 atque
1180 4178 1375 4233 equum
1398 4149 1790 4233 significatione
1813 4174 1968 4214 mon-

379 4256 591 4310 stravit.
636 4254 793 4323 Quod
838 4269 964 4311 vero
992 4254 1141 4318 dicit,
1183 4254 1345 4309 homo
1370 4264 1426 4310 et
1453 4270 1623 4324 equus
1663 4253 1818 4307 albus
1859 4261 1962 4315 est,

382 4347 518 4403 nihil
566 4345 746 4403 dific-rt
791 4356 1040 4415 tanquam
1084 4348 1131 4403 si
1168 4347 1340 4402 dicam
1375 4362 1544 4418 equus
1587 4348 1738 4400 albus
1773 4354 1877 4412 est,
1914 4354 1968 4401 et

385 4440 552 4495 homo
581 4440 734 4495 albus
768 4449 867 4494 est.
902 4434 1008 4496 Sed
1054 4440 1135 4495 hae
1174 4441 1295 4513 dua:
1326 4450 1450 4494 sunt
1493 4439 1889 4510 propositiones
1915 4446 1969 4492 et

382 4547 492 4587 non
523 4530 743 4596 similes,
769 4532 821 4586 in
855 4534 937 4588 his
966 4535 1107 4588 enim
1132 4533 1372 4604 subjecta
1406 4533 1617 4589 diversa
1643 4541 1787 4587 sunt.
1821 4532 1967 4600 Quo-

2055 1934 2202 2004 ἤδει,
2250 1950 2370 2007 quae
2415 1941 2469 1993 in
2519 1956 2683 1995 unum
2730 1957 2953 2012 possunt
3001 1958 3285 2011 conjuxrta
3333 1961 3650 2017 congruere.

2053 2030 2208 2086 Nunc
2247 2034 2429 2085 anum
2459 2032 2504 2086 si
2537 2034 2712 2087 tunica
2747 2034 3019 2089 imminent
3053 2040 3655 2108 cqunmqttesigniﬁcet,

2058 2125 2228 2180 multa
2256 2126 2522 2193 designat,
2554 2127 2647 2180 sed
2671 2140 2733 2180 ea
2774 2128 2885 2196 ipsa
2917 2130 2969 2182 in
3001 2144 3161 2182 unum
3205 2146 3401 2199 corpus
3430 2148 3533 2185 non
3565 2148 3657 2187 ve-

2056 2218 2233 2272 niurt.
2252 2215 2443 2286 Neque
2473 2219 2613 2271 enim
2641 2218 2756 2270 ﬁeri
2786 2226 2962 2286 pateat
3000 2228 3057 2272 ut
3086 2220 3278 2289 aliquis
3303 2223 3461 2277 homo
3484 2240 3654 2293 equus

2058 2311 2151 2367 sit.
2194 2309 2373 2376 Quare
2396 2319 2485 2364 aut
2531 2311 2697 2364 multa
2727 2311 3018 2381 significat,
3048 2313 3187 2381 quod
3219 2330 3399 2368 verum
3431 2328 3531 2380 est,
3562 2327 3657 2374 aut

2060 2401 2107 2455 si
2139 2401 2432 2456 contendat
2463 2412 2573 2455 non
2599 2417 2718 2456 eam
2748 2402 2915 2456 multa
2937 2403 3259 2472 signiﬁcare,
3285 2406 3377 2460 sed
3406 2408 3656 2476 quiddam

2061 2510 2128 2549 ex
2185 2494 2270 2548 his
2312 2509 2434 2564 quae
2466 2495 2731 2563 signiﬁcat
2775 2494 3043 2564 junctum.
3089 2497 3343 2565 quoniam
3388 2500 3520 2555 nihil
3577 2509 3658 2558 est

2060 2586 2204 2656 quod
2234 2602 2301 2642 ex
2330 2601 2471 2656 equo
2499 2594 2557 2641 et
2587 2588 2803 2641 homine
2842 2585 3221 2657 conjungatur,
3271 2590 3403 2644 nihil
3436 2595 3658 2649 omnino

2062 2678 2352 2746 sig't‘til'icat.
2387 2678 2499 2732 Hoc
2531 2679 2671 2732 enim
2704 2690 2786 2733 est
2819 2680 2961 2749 quod
3002 2681 3158 2750 dixit,
3194 2699 3367 2752 mque
3406 2687 3546 2739 enim
3577 2697 3660 2743 est

2063 2771 2261 2837 aliquis
2295 2771 2459 2827 homo
2490 2788 2681 2843 equus,
2717 2785 2765 2827 et
2802 2775 2902 2830 hoc
2934 2777 3145 2845 quidem
3175 2778 3273 2833 sub
3302 2795 3409 2833 uno
3436 2792 3659 2837 accentu

2064 2863 2350 2933 legendum
2374 2876 2477 2930 est,
2509 2883 2616 2923 non
2645 2868 2881 2923 discrete
2922 2872 3376 2937 pronuntiandum
3416 2873 3576 2939 homo
3606 2886 3661 2931 et

2065 2973 2255 3015 rursus
2277 2974 2468 3029 equus,
2497 2962 2593 3015 sed
2636 2960 2797 3016 homo
2827 2977 3019 3031 equus,
3049 2974 3108 3016 ut
3135 2979 3198 3019 ex
3232 2962 3313 3018 his
3337 2965 3540 3031 junctis
3566 2982 3661 3035 ap-

2065 3061 2255 3119 pareat
2290 3051 2423 3107 nihil
2461 3052 2684 3107 omnino
2716 3068 2876 3121 posse
2903 3054 3176 3109 constitui.
3208 3055 3316 3110 Cur
3354 3066 3528 3111 autent
3561 3059 3662 3116 hoc

2063 3142 2287 3210 dixerit,
2320 3160 2551 3215 sequens
2579 3149 3049 3202 moustratoratio.
3069 3148 3127 3203 Si
3152 3148 3292 3202 enim
3319 3151 3389 3204 ita
3420 3149 3659 3207 facienda

2072 3241 2369 3309 propositio
2412 3248 2517 3303 est,
2563 3248 2625 3296 ιιι
2666 3250 2856 3297 contra
2907 3243 3319 3313 atﬁrntatiunem
3357 3246 3662 3312 hujusntodi

2071 3339 2374 3398 opponatur
2403 3334 2636 3402 negatio,
2655 3348 2773 3403 quae
2793 3335 2847 3389 in
2876 3337 3216 3405 oppositione
3240 3353 3423 3392 verum
3448 3340 3665 3397 falsum-

2070 3437 2176 3493 que
2204 3424 2414 3490 dividit,
2447 3435 2503 3479 ut
2535 3442 2636 3481 una
2660 3441 2811 3493 vera,
2844 3429 3013 3485 altera
3046 3430 3177 3484 falsa
3207 3431 3479 3494 sit,unant
3508 3448 3666 3502 opor-

2071 3524 2149 3570 tet
2195 3530 2318 3572 esse
2364 3515 2778 3574 allirmationem
2828 3529 2882 3574 et
2909 3536 3071 3577 unam
3112 3523 3474 3593 negationem,
3524 3524 3667 3591 quod

2071 3608 2358 3677 contingit,
2404 3609 2454 3663 si
2506 3625 2678 3679 neque
2735 3611 3035 3681 subjectum
3088 3629 3261 3682 neque
3321 3615 3667 3685 pra-dicatum

2072 3700 2239 3754 multa
2267 3700 2553 3771 signiﬁcet.
2599 3702 2751 3769 Quod
2777 3704 2819 3758 si
2854 3704 3003 3770 plura
3038 3708 3277 3775 designet
3307 3716 3361 3761 et
3394 3708 3466 3761 sit
3494 3708 3666 3777 tequi-

2074 3807 2288 3856 vocum,
2341 3809 2448 3849 non
2487 3794 2591 3848 erit
2628 3795 2682 3849 in
2732 3796 3034 3862 ltujusmodi
3079 3799 3533 3867 propositionibus
3564 3815 3668 3855 una

2071 3897 2288 3951 semper
2318 3899 2467 3948 vera,
2498 3884 2662 3937 altera
2699 3884 2851 3937 falsa.
2894 3885 3183 3939 Hcrminus
3216 3903 3342 3941 vero
3372 3891 3449 3942 sic
3479 3891 3665 3946 sentit.

2072 3973 2224 4041 Quod
2258 3976 2327 4026 :it
2353 3974 2668 4027 Aristotcles
2697 3991 2709 4023 :
2737 3975 2829 4028 Sin
2863 3989 2993 4028 vero
3021 3975 3230 4029 duobus
3268 3992 3461 4031 nomen
3500 3995 3664 4034 unum

2074 4080 2155 4123 est
2187 4072 2439 4137 positum.
2496 4084 2560 4122 ex
2592 4067 2785 4138 quibus
2814 4082 2917 4121 non
2963 4077 3047 4121 est
3077 4084 3262 4129 unum,
3306 4084 3410 4123 non
3448 4081 3530 4125 est
3563 4085 3667 4127 una

2074 4160 2362 4215 afﬁrmatio
2386 4174 2484 4216 nec
2514 4176 2614 4214 una
2641 4158 2875 4229 negatio,
2914 4169 2970 4213 ut
2999 4162 3050 4214 in
3076 4160 3531 4231 eo,inquit,quod
3560 4172 3668 4227 est,

2074 4253 2237 4307 homo
2267 4238 2567 4319 gressibilis
2595 4260 2699 4315 est,
2730 4252 2982 4320 quoniam
3016 4252 3157 4323 quod
3204 4252 3435 4308 dicimus
3471 4255 3671 4322 gressi-

2075 4344 2201 4407 bile,
2235 4352 2408 4414 potest
2440 4354 2495 4398 et
2537 4342 2691 4412 bipes
2720 4356 2858 4409 esse,
2889 4353 2943 4397 et
2974 4346 3302 4415 quadrupes,
3336 4354 3390 4400 et
3419 4345 3672 4415 multipes

2084 4438 2273 4492 tnimal
2312 4438 2691 4494 demonstrari.
2730 4440 2807 4494 Ex
2841 4439 2947 4505 his,
2989 4440 3181 4509 inquit,
3228 4439 3475 4494 omnibus
3507 4456 3672 4496 unuut

2077 4524 2158 4592 lit,
2194 4530 2333 4598 quod
2377 4538 2461 4585 est
2493 4531 2656 4599 pedes
2702 4528 2926 4583 habens.
2964 4529 3086 4592 ista,
3121 4530 3314 4596 inquit,
3370 4531 3673 4600 ltttjusmodi

381 4621 522 4675 circa
555 4624 596 4675 si
629 4622 710 4676 ha:
751 4622 871 4677 diue
914 4596 1306 4679 afﬁrmationes
1347 4632 1495 4688 sunt,
1528 4622 1727 4692 duplex
1758 4596 1967 4691 quoque
1992 4596 2051 4674 Ῐ)
2076 4596 2366 4675 afﬁrmatio
2395 4596 2506 4674 non
2528 4620 2689 4673 multa
2722 4619 3006 4688 signiﬁcat.
3040 4620 3145 4675 Sed
3175 4596 3674 4677 sententiaAtisto-

382 4712 476 4767 illa
507 4722 589 4766 est
617 4709 902 4765 al'tirumtio
932 4726 1054 4780 qua:
1075 4713 1229 4779 dicit,
1259 4714 1421 4767 homo
1442 4724 1601 4784 atque
1628 4726 1796 4783 equus
1816 4712 1971 4767 albus

383 4815 488 4859 εει.
519 4805 667 4871 Quod
698 4804 743 4859 si
776 4804 892 4858 hac
923 4821 1108 4859 rurstts
1137 4814 1220 4861 est
1247 4806 1470 4877 duplex,
1503 4807 1753 4876 quoniam
1792 4805 1968 4861 homi-

384 4910 508 4949 nem
546 4906 705 4962 atqtte
749 4910 943 4964 equum
992 4900 1226 4953 tunicam
1263 4897 1567 4969 signiﬁcare
1598 4898 1829 4967 positum
1864 4905 1971 4962 est,

385 5002 507 5042 cum
539 4986 766 5043 dicimus
795 4992 970 5043 tunica
1002 4989 1121 5043 alba
1162 4999 1266 5053 εει,
1315 5006 1425 5065 non
1462 5007 1650 5056 unum,
1682 4991 1775 5046 sed
1820 4988 1971 5059 plura

382 5080 669 5150 signiﬁcat.
697 5080 958 5149 Quocirca
989 5083 1032 5136 si
1054 5096 1119 5137 ea
1147 5082 1435 5140 afﬁrmatio
1460 5099 1581 5155 qua:
1622 5085 1786 5140 multa
1823 5081 1969 5138 desi-

384 5179 518 5243 gnat
556 5187 661 5227 non
715 5183 800 5230 est
838 5189 967 5241 una,
1018 5174 1133 5231 lure
1166 5191 1378 5250 quoque
1408 5177 1696 5233 atﬁrmatio
1725 5192 1830 5232 una
1862 5192 1968 5232 non

384 5265 512 5330 erit,
538 5263 692 5336 cujus
720 5275 810 5320 aut
843 5267 1154 5336 praedicatio
1198 5270 1471 5341 mquivoca
1520 5270 1681 5327 fuerit
1715 5279 1810 5325 aut
1847 5270 1975 5327 sub-

377 5355 601 5426 jectum,
632 5369 793 5429 atque
817 5356 919 5412 hoc
947 5369 1031 5415 cst
1050 5359 1193 5432 quod
1221 5362 1333 5416 ait:

455 5446 519 5503 Si
544 5463 667 5519 ergo
694 5447 776 5502 hae
800 5448 964 5502 multa
996 5451 1313 5519 signiﬁcant,
1347 5460 1392 5505 et
1424 5462 1541 5507 sunt
1582 5452 1774 5522 plures,
1807 5456 1970 5508 mani-

372 5541 570 5616 festum
597 5550 668 5595 est
692 5541 937 5611 quoniam
966 5553 1011 5596 et
1042 5544 1211 5613 prima
1246 5548 1405 5596 mn'ta
1434 5542 1512 5597 vel
1539 5543 1666 5596 nihil
1693 5545 1967 5615 signiﬁca',

379 5652 545 5710 neque
562 5632 696 5689 enim
718 5633 909 5701 aliquis
934 5645 1004 5689 est
1034 5635 1185 5690 homo
1209 5652 1385 5705 equus,
1418 5653 1572 5705 quare
1597 5654 1683 5689 nec
1708 5638 1759 5689 in
1784 5638 1862 5690 his
1884 5654 1969 5692 ue-

373 5742 601 5785 scuees.
616 5727 750 5781 hanc
770 5725 977 5798 quidem
1003 5728 1462 5783 contradictonem
1486 5743 1653 5783 veram
1680 5744 1806 5794 esse,
1823 5729 1967 5784 illam

379 5838 495 5882 νον-ο
524 5822 728 5895 falsam.
756 5818 820 5873 In
852 5822 928 5874 his
955 5838 1072 5893 ergo
1104 5832 1148 5876 et
1175 5838 1287 5893 quae
1310 5831 1449 5881 sunt.
1476 5832 1523 5876 et
1543 5839 1655 5893 qua
1673 5822 1809 5894 facta
1829 5833 1965 5891 sunt,

2079 4714 2202 4768 telis
2231 4715 2452 4768 omnino
2484 4728 2591 4767 non
2618 4711 2880 4782 sequitur,
2915 4727 3086 4781 neque
3118 4713 3265 4767 enim
3296 4730 3359 4768 ex
3390 4713 3470 4768 his
3502 4715 3673 4769 omni-

2077 4806 2177 4862 bus
2208 4821 2369 4860 unum
2409 4805 2486 4871 ﬁt,
2532 4819 2630 4860 nec
2671 4804 2979 4873 quadrupes
3016 4814 3070 4861 et
3097 4805 3270 4873 bipes,
3307 4816 3362 4862 et
3397 4807 3670 4877 multipes,

2081 4901 2244 4970 pedes
2277 4899 2478 4957 habere
2506 4899 2728 4957 faciunt.
2755 4899 2852 4955 Hie
2872 4902 3013 4955 enim
3056 4918 3311 4958 numerus
3342 4903 3535 4971 pedum
3566 4910 3672 4967 est,

2079 5010 2187 5049 non
2218 4993 2414 5064 pedum
2440 4992 2772 5060 constitutio,
2818 5009 2985 5064 quare
3033 4994 3319 5050 Herminus
3347 4995 3673 5060 prtetermit-

2081 5087 2278 5144 tendus
2304 5095 2406 5143 est.
2455 5086 2592 5142 Huic
2617 5096 2795 5142 autem
2821 5087 3143 5155 expositioni
3177 5102 3335 5158 quam
3376 5101 3532 5156 supra
3557 5087 3673 5142 dis-

2080 5178 2249 5247 serui,
2273 5189 2331 5236 et
2350 5178 2697 5247 Aspasius.et
2720 5176 3072 5248 Porphyrius,
3102 5185 3158 5232 et
3184 5177 3488 5232 Alexander
3510 5179 3560 5229 in
3590 5175 3675 5232 his

2080 5284 2217 5341 quos
2256 5269 2311 5324 in
2341 5269 2484 5323 hunc
2514 5268 2708 5324 librum
2749 5268 2969 5322 edidere
2999 5268 3400 5323 commentariis
3443 5283 3676 5323 consen-

2081 5376 2201 5416 sere
2225 5376 2242 5426 ;
2270 5360 2363 5417 sed
2397 5376 2464 5416 ne
2485 5359 2686 5416 diutius
2718 5357 2871 5414 nobis
2902 5358 3206 5415 Atistowlis
3219 5359 3524 5425 exemplum
3548 5359 3678 5414 cali«

2082 5455 2222 5524 ginis
2252 5453 2632 5508 obscuritatem
2670 5449 2825 5511 lerat,
2862 5453 2963 5503 hoc
2996 5451 3044 5503 in
3077 5452 3256 5519 anque
3279 5461 3405 5504 noto
3427 5451 3678 5521 exemplo

2078 5545 2450 5615 vocabuloque
2479 5542 2769 5598 videndum
2799 5555 2900 5597 est.
2926 5541 3056 5598 Cum
3081 5544 3223 5599 enim
3247 5544 3478 5601 dicimus
3502 5564 3514 5599 :
3542 5546 3677 5615 Ajal

2074 5654 2132 5694 se
2165 5638 2405 5709 perimit,
2435 5646 2490 5693 et
2513 5635 2823 5690 Telamonis
2870 5635 3088 5706 Ajacem
3138 5637 3326 5705 lilium,
3361 5650 3414 5694 et
3444 5640 3676 5704 Uileum,

2075 5728 2431 5795 demonstrat,
2460 5740 2525 5783 ex
2548 5726 2740 5796 quibus
2766 5725 2976 5784 duobus
3012 5743 3173 5782 unum
3202 5730 3314 5781 tieri
3342 5730 3541 5801 aliquid
3572 5745 3679 5786 non

2071 5828 2266 5893 pateat.
2299 5820 2376 5879 Bs
2398 5819 2605 5879 duobus
2625 5820 2771 5879 enim
2802 5822 3092 5880 individuis
3121 5821 3255 5879 nihil
3291 5825 3524 5881 omnino
3551 5835 3683 5878 con-

2752 5970 2823 5979 -..-
