4270 6266
600 388 699 445 “7
1695 419 1703 426 .
1830 386 1939 439 AN.
1982 385 2188 440 MANL.
2232 385 2383 443 SEV.
2427 387 2627 446 BOETI

3772 395 3878 449 488

602 495 855 566 iungitur.
900 492 1074 583 Quare
1104 488 1407 583 hujusmodi
1439 493 1739 583 propositio,
1782 494 1944 547 multa
1973 494 2180 563 signifi-
2213 501 2264 562 Α
2293 500 2443 570 bunt,
2471 507 2517 561 si
2552 509 2673 578 quis
2703 523 2863 583 neget
2904 515 3095 573 Franci
3127 517 3335 576 como,-
3384 527 3488 569 non
3530 510 3877 582 superabunt,

606 596 709 641 cat.
742 584 845 641 Sed
870 584 986 637 lucc
1009 582 1288 637 hactenus.
1322 582 1471 636 Nunc.
1500 592 1678 638 autem
1714 582 2041 638 determinat
2078 588 2191 665 huic

606 696 723 748 qtia:
768 678 835 731 dc
885 673 1341 745 propositionibus
1379 690 1537 745 supra
1573 675 1680 746 jam
1725 675 1957 742 dixerat,
1993 694 2097 734 non
2125 679 2192 734 de

606 767 750 823 omni
782 775 1045 836 tempore,
1074 765 1170 821 sed
1198 765 1268 822 de
1295 766 1425 822 solis
1455 774 1660 821 tantum
1688 768 1959 837 praeterito
1980 777 2033 824 et
2057 784 2192 836 prte-

604 858 766 923 senti,
782 857 1234 926 quemadmodum
1265 872 1323 914 se
1342 858 1397 914 in
1419 859 1644 915 veritate
1666 868 1718 914 et
1737 859 1968 916 falsitate
1992 861 2188 917 habent

600 948 944 1005 disseruisse.
980 950 1034 1004 in
1084 950 1277 1005 futuris
1312 966 1441 1007 vero
1484 967 1590 1006 non
1624 952 1761 1007 idem
1804 962 1908 1019 est,
1941 955 2097 1024 quale
2121 954 2190 1009 de

605 1042 851 1109 prementi
900 1051 954 1096 et
983 1042 1257 1111 prseterito
1297 1042 1347 1096 in
1392 1044 1757 1113 propositione
1790 1043 2072 1119 judicium,
2108 1046 2187 1100 id-

600 1139 744 1193 circo
765 1138 889 1209 quia
908 1138 1018 1209 jam
1043 1139 1122 1194 vel
1149 1153 1268 1194 cum
1294 1140 1540 1210 contigit,
1566 1140 1651 1194 vel
1679 1155 1800 1195 cunt
1832 1150 1936 1205 est,
1966 1140 2189 1196 definita

602 1228 802 1286 veritas
848 1240 901 1286 et
943 1230 1147 1286 falsitas
1187 1232 1241 1286 in
1288 1232 1747 1302 propositionibus
1794 1232 2089 1298 invenitur,
2136 1246 2193 1289 ul.

602 1339 722 1379 cuni
760 1322 906 1388 dico,
954 1322 1146 1379 Brutus
1192 1324 1526 1380 consulatum
1578 1325 1780 1393 primus
1827 1326 2057 1381 instituit
2094 1326 2195 1381 sub

602 1430 729 1485 rege
750 1414 1068 1484 Tarquinio,
1100 1413 1244 1468 dicat
1281 1414 1438 1480 alius,
1480 1414 1677 1471 Brutus
1716 1416 2055 1472 consulatum
2086 1431 2193 1471 non

604 1510 807 1579 primus
851 1508 1077 1564 instituit
1120 1508 1218 1563 sub
1239 1523 1366 1579 rege
1405 1508 1698 1579 Tarquinio
1733 1528 1745 1563 :
1794 1509 1879 1565 hic
1926 1526 2026 1566 una
2065 1525 2191 1565 vera

611 1612 716 1669 est,
749 1617 850 1656 una
881 1601 1034 1667 falsa,
1066 1613 1226 1657 etiam
1257 1604 1543 1657 affirmatio
1567 1602 1787 1659 definite
1818 1618 1940 1658 vera
1972 1614 2074 1665 est,
2101 1602 2195 1658 de-

602 1696 748 1751 finite
772 1694 904 1750 falsa
934 1696 1165 1766 negatio.
1200 1695 1405 1753 Rursus
1432 1695 1486 1751 itt
1516 1696 1764 1765 praesenti
1790 1711 1911 1751 cum
1938 1695 2189 1759 dicimus,

603 1802 828 1843 vernum
861 1798 1068 1857 tempus
1094 1796 1198 1856 est,
1254 1803 1475 1843 vernum
1509 1789 1720 1858 tempus
1750 1804 1854 1843 non
1886 1797 1986 1854 est,
2017 1788 2060 1843 si
2092 1788 2193 1842 hoc

601 1896 768 1935 verno
800 1887 1039 1949 tempore
1067 1877 1267 1934 dictum
1296 1879 1386 1944 sit,
1427 1879 1716 1935 affirmatio

603 1971 750 2027 finite
786 1986 933 2037 vera,
970 1972 1180 2041 negatio
1212 1969 1341 2025 falsa
1371 1979 1454 2026 est
1494 1979 1549 2026 et
1578 1971 1799 2027 definite
1836 1970 1988 2027 falsa.
2035 1972 2187 2040 Quod

602 2067 645 2121 si
688 2066 789 2122 hoc
809 2075 1066 2121 autumno
1105 2066 1304 2121 dictum
1345 2066 1434 2131 sit,
1458 2066 1679 2121 definite
1705 2066 1835 2121 falsa
1875 2064 2189 2132 affirmatio,

600 2166 652 2214 et
677 2155 896 2213 definite
927 2166 1013 2212 est
1042 2172 1169 2213 vera
1192 2158 1425 2229 negatio,
1453 2157 1651 2214 idcirco
1672 2157 1813 2228 quod
1838 2157 1950 2212 sive
1979 2158 2029 2211 in
2054 2173 2189 2227 pra:-

600 2246 739 2303 senti
772 2245 887 2301 sive
918 2244 974 2299 in
1005 2248 1277 2316 praeterito
1306 2247 1507 2305 veritas
1547 2248 1922 2303 affirntationis
1952 2249 2191 2319 negatio-

600 2338 751 2395 ιιίςνε
771 2340 881 2410 jam
912 2340 1156 2411 contigit,
1204 2340 1257 2396 in
1286 2341 1466 2397 futuro
1495 2356 1623 2396 vero
1657 2356 1763 2395 non
1801 2340 1994 2396 eodem
2032 2341 2191 2397 modo

600 2445 717 2487 sese
750 2431 948 2488 habet:
986 2443 1043 2487 ut
1079 2448 1200 2490 cum
1215 2433 1463 2501 dicimus,
1498 2433 1692 2489 Franci
1734 2432 1943 2489 Gothos
1970 2448 2191 2504 supera-

2298 611 2399 650 una
2427 600 2642 669 quidem
2673 620 2797 660 vera
2822 616 2925 672 est,
2951 610 3118 668 altera
3151 609 3303 666 falsa.
3336 608 3441 665 Sed
3483 622 3603 679 qum
3624 620 3744 660 vera
3767 617 3883 672 ιιιιω

2297 689 2424 745 falsa
2453 694 2544 759 sit,
2571 706 2695 751 ante
2739 700 2941 757 exitum
2972 704 3146 758 nullus
3180 701 3639 774 agnoscit,atque
3662 699 3761 751 hoc
3801 703 3883 750 cst

2296 787 2437 855 quod
2470 789 2542 843 ait
2574 805 2589 843 :
2622 789 2679 845 ln
2711 790 2793 849 bis
2823 809 2954 866 ergo
2996 812 3115 867 qua:
3161 805 3286 850 sunt
3330 804 3381 849 et
3413 808 3533 865 quae
3563 791 3699 846 facta
3738 798 3879 849 sunt,

2296 894 2517 937 necesse
2541 892 2625 939 est
2647 884 3057 945 affirmationem
3101 890 3183 946 vel
3214 889 3556 959 negationem
3592 901 3769 941 veram
3798 884 3880 937 vel

2288 969 2483 1028 falsam
2538 990 2688 1039 esse;
2718 977 2769 1032 in
2823 981 3219 1037 universalibus
3255 981 3474 1053 quidem
3510 976 3882 1051 universalitcr

2297 1077 2511 1134 semper
2560 1066 2699 1123 hanc
2742 1071 2957 1139 quidem
2989 1089 3193 1140 veram,
3234 1074 3380 1128 illam
3422 1087 3549 1127 vero
3580 1070 3796 1131 falsam;
3832 1074 3887 1121 ει

2296 1155 2349 1209 in
2382 1155 2463 1210 liis
2493 1174 2611 1227 qua:
2659 1170 2784 1216 sunt
2831 1161 3143 1234 singularia,
3198 1161 3649 1235 quemadmodum
3680 1158 3881 1213 dictum

2296 1259 2397 1313 est,
2431 1260 2488 1304 ut
2516 1266 2621 1306 non
2652 1253 2811 1308 modo
2838 1270 2940 1311 una
2970 1270 3183 1325 semper
3209 1272 3338 1312 vera
3358 1257 3450 1322 sit,
3479 1257 3645 1311 altera
3677 1252 3803 1307 falsa
3828 1252 3882 1307 in

2300 1349 2407 1395 tota
2445 1338 2891 1400 contradicnone.
2937 1348 3042 1403 Sed
3085 1349 3215 1404 illud
3247 1364 3459 1419 quoque
3489 1346 3701 1411 habeat,
3736 1355 3790 1400 ut
3832 1345 3884 1398 in

2298 1449 2402 1488 una
2435 1436 2669 1505 qualibet
2699 1439 2924 1496 deﬁnite
2965 1443 3166 1497 veritas
3194 1450 3286 1497 aut
3323 1442 3525 1497 falsitas
3564 1440 3881 1509 reperiatur.

2298 1524 2373 1579 ita
2402 1536 2459 1581 ut
2484 1528 2539 1582 in
2570 1528 2654 1585 his
2680 1531 3043 1601 singularibus
3070 1535 3266 1589 veritas
3294 1544 3350 1589 et
3379 1529 3580 1588 falsitas
3609 1534 3659 1585 in
3687 1545 3881 1601 propo-

2296 1619 2579 1676 sitionibus
2628 1622 2931 1691 dividatur;
2978 1626 3031 1682 in
3071 1626 3461 1683 universalibus
3511 1634 3688 1681 autem
3717 1623 3760 1678 si
3803 1621 3891 1677 his.

2298 1712 2745 1780 particularitates
2781 1727 3121 1788 opponantur
3163 1718 3640 1790 (quemadmodum
3685 1714 3884 1771 dictum

2296 1816 2426 1886 est),
2452 1833 2609 1871 unam
2639 1833 2862 1877 necesse
2887 1831 2969 1877 est
2993 1835 3173 1877 veram
3204 1836 3347 1886 esse,
3395 1820 3620 1875 alteram
3654 1816 3881 1883 falsam';

1755 1890 1997 1994 fe'jff‘
2023 1879 2195 1994 ﬁge;
2224 1890 2273 1952 Β
2300 1914 2394 1970 sed
2432 1932 2538 1972 non
2579 1919 2796 1976 definita
2827 1924 3247 1994 propositionum
3269 1924 3495 1978 veritate
3516 1921 3597 1976 vel
3630 1920 3879 1984 falsitate,

2298 2016 2436 2071 sicut
2468 2033 2629 2090 supra
2674 2022 2927 2079 disserui.
2959 2023 3137 2091 Quare
3168 2024 3220 2078 in
3263 2022 3613 2093 sequentibus
3642 2022 3883 2092 quaedam

2297 2121 2365 2178 de
2386 2124 2589 2186 futuris
2626 2126 2913 2182 tractanda
2961 2136 3106 2193 sunt,
3153 2136 3207 2181 et
3247 2124 3496 2196 quoniam
3552 2123 3724 2194 majus
3754 2138 3885 2195 Opus

2297 2237 2565 2299 estquam
2615 2229 2699 2284 hie
2733 2228 2967 2285 breviter
3001 2227 3109 2282 dici
3162 2242 3319 2297 posse
3364 2222 3677 2292 viderimus,
3707 2233 3762 2280 et
3790 2238 3885 2279 nos

2300 2330 2523 2386 secundi
2571 2330 2857 2386 voluminis
2903 2330 3097 2385 seriem
3147 2328 3359 2399 longius
3405 2326 3749 2391 extraximus,
3783 2325 3885 2382 hoc

2302 2435 2419 2490 loco
2450 2433 2782 2490 fastidiosam
2815 2433 3206 2505 longitudinem
3236 2430 3601 2487 terminemus.

842 2566 845 2567 ,
1076 2564 1097 2570 _
1462 2568 1465 2571 λ
1738 2564 1753 2570 _
2256 2564 2263 2567 η
3280 2564 3284 2587 Ι

1830 2673 2119 2754 LIBER
2173 2673 2643 2755 TERTIUS.

677 2939 749 2996 Ea
789 2952 908 3008 quae
981 2936 1140 3006 hujus
1190 2933 1309 2990 libri
1353 2934 1521 2990 series
1571 2935 1865 2992 continebit
1913 2953 2185 3009 exponere

602 3032 806 3089 altioris
835 3044 972 3101 pene
1004 3036 1261 3086 tractatus
1307 3037 1389 3085 est
1428 3044 1588 3100 quam
1637 3029 1773 3085 utin
1823 3032 1993 3102 logica
2022 3032 2185 3089 disci-

604 3127 745 3198 plina
794 3125 1082 3181 conveniat
1118 3123 1415 3193 disputari;
1468 3124 1563 3180 sed
1610 3127 1864 3196 quoniam
1914 3130 1994 3198 (ut
2043 3142 2187 3197 saepe

601 3220 799 3276 dictum
843 3218 945 3290 εει)
978 3218 1311 3273 orationibus
1364 3232 1522 3274 sensa
1582 3219 1943 3290 proferuntur,
1996 3221 2191 3287 quibus

600 3311 872 3381 subjectus
920 3325 1005 3366 res
1057 3325 1180 3364 esse
1210 3308 1550 3365 manifestum
1583 3320 1693 3375 est,
1728 3327 1833 3366 non
1861 3319 1941 3367 est
1970 3311 2189 3367 dubium

605 3404 732 3474 quin
782 3400 922 3472 quod
972 3402 1025 3455 in
1066 3401 1226 3457 rebus
1270 3401 1343 3455 sit
1377 3401 1515 3457 idem
1554 3416 1698 3472 saepe
1729 3402 2081 3458 transferatur
2126 3404 2191 3457 ad

601 3510 781 3550 voces.
812 3494 987 3562 Quare
1015 3493 1146 3547 mihi
1189 3501 1340 3551 recte
1364 3493 1646 3550 consilium
1683 3492 1780 3549 fuit
1809 3495 2192 3553 subtilissimas

605 3584 909 3642 Aristotelis
936 3585 1232 3639 sententias
1260 3585 1480 3655 gemino
1507 3585 1695 3641 ordine
1721 3588 2191 3645 commentationis

603 3678 832 3747 aperire.
889 3675 1022 3732 Nam
1054 3677 1196 3746 quod
1228 3678 1375 3746 prior
1403 3685 1548 3733 tenet
1574 3676 1740 3733 editio
1771 3679 2192 3749 ingredientibus

601 3769 666 3824 ad
710 3769 826 3824 haec
854 3769 1041 3824 altiora
1085 3778 1137 3825 et
1166 3769 1447 3827 subtiliora
1479 3770 1763 3841 quamdam
1794 3773 2190 3842 quodammodo

605 3859 894 3917 faciliorem
939 3863 1186 3918 semitam
1216 3872 1383 3933 parat.
1410 3864 1559 3933 Quod
1593 3874 1773 3922 autem
1806 3866 2038 3922 secunda
2071 3867 2189 3923 edi-

605 3959 701 4024 tio,
752 3958 803 4013 in
856 3959 1241 4028 patel’aciendis
1272 3961 1557 4017 subtilibus
1604 3963 1887 4017 sententiis
1920 3962 2185 4029 elaborat,

448 4080 459 4088 -
526 4096 535 4109 .
602 4050 705 4109 hoc
732 4052 910 4108 studio
940 4052 1288 4124 doctrinaque
1336 4054 1600 4125 provectis
1630 4054 1913 4126 legendum
1964 4054 2181 4110 discen-

602 4144 830 4214 dumque
859 4144 1193 4215 pr0ponitur.
1243 4144 1419 4212 Quare
1448 4147 1599 4216 prius
1622 4146 1865 4217 qumdam
1895 4161 2066 4215 pauca
2098 4145 2187 4199 di-

603 4235 772 4292 cenda
804 4245 949 4300 sunt,
983 4243 1247 4305 quatenus
1271 4248 1331 4288 ea
1360 4236 1426 4289 de
1456 4236 1650 4304 quibus
1683 4247 1867 4306 postea
1910 4236 2188 4291 tractaturi

604 4342 807 4392 sumus,
840 4326 953 4381 haec
1002 4325 1119 4392 ipsa
1149 4325 1449 4394 legentibus
1496 4342 1602 4381 non
1653 4327 1935 4381 videantur
1987 4329 2188 4396 ignota.

604 4418 941 4489 Categoricas
1019 4416 1411 4486 propositiones
1458 4417 1630 4473 Graeci
1677 4428 1868 4472 vocant
1909 4434 2027 4488 quae
2075 4419 2192 4475 sine

603 4512 774 4581 aliqua
806 4510 1110 4567 conditione
1138 4510 1523 4592 propositi-mis
1574 4522 1886 4581 promuntur
1910 4553 1925 4578 ,
1982 4520 2039 4566 ut
2067 4521 2150 4567 est
2175 4551 2188 4575 ,

2299 2941 2438 2998 Deus
2467 2942 2783 2998 immortalis
2808 2952 2911 2999 est.
2941 2942 3035 2998 Hae
3063 2956 3291 3013 namque
3331 2942 3724 3013 pr0positiones
3755 2942 3884 3005 sicut

2297 3037 2364 3093 de
2414 3038 2806 3094 immortalibus
2851 3037 3119 3106 dicuntur,
3154 3038 3224 3093 ita
3254 3052 3467 3108 quoque
3508 3039 3885 3108 sempiternam

2300 3134 2496 3189 habent
2526 3143 2580 3189 et
2622 3134 2983 3190 necessariam
3030 3133 3474 3202 significationem
3499 3177 3513 3200 ,
3566 3148 3667 3188 nec
3708 3133 3884 3191 hocin

2222 3247 2271 3311 ο
2300 3228 2462 3283 unius
2495 3227 2753 3296 temporis
2800 3233 2988 3281 natura
3021 3225 3362 3295 perspicitur,
3404 3224 3500 3281 sed
3548 3225 3599 3279 in
3630 3225 3885 3280 omnium.

2296 3321 2429 3377 Nam
2472 3334 2593 3375 cum
2636 3318 2887 3385 dicimus,
2919 3317 3061 3373 Deus
3084 3316 3402 3372 immortalis
3423 3325 3528 3383 est,
3558 3317 3640 3372 vel
3672 3318 3884 3372 inimor~

2298 3414 2415 3469 talis
2462 3410 2583 3475 fuit,
2614 3411 2695 3465 vel
2724 3410 3043 3465 immortalis
3084 3412 3206 3477 erit,
3242 3425 3268 3463 a
3300 3410 3516 3481 propria
3544 3410 3885 3479 significatio~

2297 3505 2379 3561 nis
2408 3504 2727 3559 necessitate
2767 3502 2836 3556 nil
2861 3502 3148 3571 discrepat.
3181 3501 3524 3557 Necessarias
3557 3509 3732 3555 autem
3762 3516 3884 3572 pro-

2297 3595 2587 3669 positiones
2615 3608 2871 3649 vocamus
2910 3592 2963 3648 in
2997 3593 3191 3664 quibus
3236 3592 3288 3647 id
3334 3592 3474 3663 quod
3525 3592 3718 3647 dicitur
3743 3634 3758 3657 ,
3790 3602 3883 3647 aut

2297 3690 2480 3754 fuisse,
2504 3698 2595 3743 aut
2621 3701 2763 3753 esse,
2788 3694 2879 3741 aut
2898 3696 3043 3742 certe
3084 3700 3305 3742 necesse
3332 3695 3418 3741 est
3434 3687 3668 3750 evenire,
3698 3695 3751 3743 et
3775 3688 3886 3741 haec

2296 3784 2513 3857 quidem
2542 3796 2662 3853 qua:
2690 3781 3022 3849 sempiterna
3053 3779 3387 3851 significant,
3415 3779 3760 3848 sempiternae
3793 3793 3887 3834 ne~

2297 3874 2562 3933 cessitatis
2586 3882 2729 3929 sunt.
2758 3870 2887 3926 Nam
2917 3870 3077 3925 etiam
3103 3872 3146 3924 si
3177 3871 3227 3924 in
3254 3870 3336 3924 his
3368 3885 3473 3924 non
3505 3871 3572 3924 sit
3602 3867 3883 3927 manifesta

2298 3969 2535 4025 veritatis
2562 3975 2772 4029 natura,
2804 3963 2935 4019 nihil
2967 3973 3148 4018 tamen
3180 3961 3433 4031 prohibet
3460 3961 3619 4017 fixam
3646 3975 3768 4017 esse
3796 3976 3883 4017 ne-

2296 4060 2561 4117 cessitatis
2590 4058 2642 4112 in
2676 4064 2863 4111 natura
2891 4053 3269 4124 constantiam,
3306 4063 3369 4107 ut
3389 4053 3434 4108 si
3464 4054 3619 4110 nobis
3648 4054 3885 4125 ignotum

2296 4162 2379 4208 est
2429 4158 2606 4206 utrum
2654 4149 2803 4220 paria
2849 4146 2956 4202 sint
2982 4154 3146 4214 astra,
3178 4160 3243 4200 an
3283 4145 3535 4216 imparia,
3570 4162 3675 4202 non
3708 4156 3883 4201 tamen

2300 4243 2501 4297 idcirco
2551 4241 2750 4310 poterit
2780 4239 3000 4295 evenire
3056 4247 3113 4294 ut
3163 4253 3263 4293 nec
3311 4238 3477 4307 paria,
3511 4252 3611 4293 nec
3655 4238 3882 4307 imparia

2296 4335 2604 4403 videantur,
2634 4336 2727 4392 sed
2757 4337 2875 4392 sine
2907 4336 3009 4392 ulla
3038 4335 3370 4393 dubitatione
3396 4343 3487 4389 aut
3539 4332 3685 4404 paria
3718 4344 3879 4402 sunt,

2301 4435 2393 4482 aut
2426 4427 2672 4498 imparia.
2703 4429 2891 4483 Omnis
2916 4429 3060 4485 enim
3090 4427 3396 4496 multitudo,
3429 4427 3621 4497 borum
3651 4427 3880 4483 alterum

2300 4522 2495 4577 retinet
2541 4522 2595 4577 in
2650 4530 2861 4578 natura.
2894 4523 3156 4591 Quocirca
3202 4512 3337 4579 et'in
3387 4520 3469 4578 his
3497 4521 3542 4577 si
3590 4523 3709 4594 quis
3738 4520 3882 4578 dicat

604 4606 717 4660 dies
749 4614 853 4672 εει,
894 4605 974 4661 sol
1005 4615 1118 4674 est,
1154 4604 1314 4658 homo
1364 4612 1482 4674 est,
1517 4604 1678 4661 homo
1703 4604 1878 4675 justus
1908 4614 2010 4695 (est
2032 4646 2048 4669 ,
2107 4604 2189 4659 sol
2218 4640 2272 4703 υ
2297 4622 2439 4667 astra
2490 4613 2638 4682 paria
2670 4623 2826 4681 sunt,
2877 4613 3121 4685 aliusque
3153 4614 3512 4685 respondeat,
3543 4623 3686 4671 astra
3737 4614 3882 4685 paria

602 4696 769 4763 calet,
803 4705 856 4753 et
886 4707 1078 4753 cietera
1106 4712 1227 4768 quae
1277 4699 1393 4753 sine
1420 4696 1646 4768 alicujus
1692 4698 2014 4754 conditionis
2047 4698 2190 4754 nodo

605 4798 765 4858 a'que
786 4790 1036 4859 ligamine
1061 4774 1451 4859 proponuntur.
1483 4788 1619 4846 Sunt
1648 4799 1826 4847 autem
1856 4792 2190 4848 conditiona-

602 4879 678 4934 les
738 4880 1130 4949 propositiones
1186 4878 1527 4951 huiusmodi,
1565 4883 1608 4936 si
1640 4881 1756 4938 dies
1789 4893 1890 4945 est,
1948 4884 2036 4938 lux
2085 4892 2189 4947 est,

506 5044 511 5053 ν
602 4985 732 5039 quas
756 4968 928 5026 (ΕΙ-ςιηεί
952 4969 1327 5041 hypotheticas
1353 4981 1566 5026 vocant.
1590 4971 1988 5027 Conditionales
2012 4983 2189 5027 autem

603 5063 871 5129 dicuntur,
903 5061 1045 5132 quod
1077 5063 1199 5117 talis
1229 5062 1473 5133 qumdam
1504 5063 1738 5118 conditio
1784 5065 2099 5132 proponitur
2132 5073 2188 5118 ut

604 5155 829 5217 dicatur,
862 5154 906 5208 si
951 5154 1051 5209 hoc
1080 5163 1181 5221 est,
1214 5153 1346 5208 illud
1397 5163 1480 5208 est
1501 5196 1515 5221 ,
1547 5163 1598 5208 ct
1632 5154 1751 5210 illas
1802 5155 2011 5225 quidem
2048 5170 2182 5224 quas

604 5247 928 5320 categoricas
985 5247 1156 5305 Grzeci
1205 5246 1514 5315 nominant,
1571 5248 1757 5304 Latine
1816 5249 2186 5318 praedicativas

604 5341 782 5399 dicere
807 5358 1107 5413 possumus.
1136 5341 1265 5399 Nam
1307 5342 1350 5398 si
1383 5346 1663 5419 κατηγορία
1709 5343 2183 5414 ρνῑεάἰςεηιεηιυιη

603 5444 683 5488 est
705 5478 718 5503 ,
750 5448 845 5488 cur
872 5451 976 5491 non
1006 5450 1217 5506 quoque
1243 5437 1576 5511 κατηγορικαί
1622 5438 2018 5505 prepositiones
2047 5451 2187 5506 prae-

604 5526 847 5581 dicativa:
891 5526 1169 5583 dicantur?
1195 5526 1392 5583 [larunt
1424 5536 1603 5585 autem
1644 5527 1887 5598 qumdam
1919 5539 2187 5601 suntquae

604 5629 727 5670 cum
755 5618 1075 5686 sempiterna
1101 5619 1421 5690 significent,
1466 5620 1602 5676 sicut
1634 5620 1719 5676 ha:
1746 5635 1832 5676 res
1861 5636 1995 5692 quas
2026 5622 2187 5692 signi-

610 5704 769 5761 ficant
817 5721 1030 5780 semper
1067 5719 1191 5765 :unt
1218 5754 1232 5779 ,
1283 5721 1337 5768 et
1388 5729 1658 5785 nunquam
1691 5730 1721 5767 a
1754 5715 1969 5786 propria
2000 5723 2190 5769 natura

610 5795 927 5864 discedunt,
977 5801 1048 5854 ita
1097 5818 1309 5872 quoque
1353 5805 1480 5873 ipste
1509 5808 1904 5877 propositiones
1936 5809 2187 5863 immuta-

609 5887 702 5947 bili
756 5889 1143 5946 significatione
1175 5905 1295 5948 sunt
1323 5937 1335 5957 ,
1367 5906 1419 5950 ul
1451 5898 1492 5953 si
1520 5900 1637 5964 quis
1667 5900 1853 5968 dicat,
1910 5901 2049 5958 Deus
2077 5908 2189 5967 est,

2297 4720 2402 4759 non
2434 4714 2594 4771 sunt;
2653 4705 2738 4762 vel
2786 4706 2829 4761 si
2889 4707 3009 4778 quis
3054 4707 3226 4772 dicat,
3258 4716 3405 4763 astra
3434 4707 3660 4777 imparia
3715 4718 3880 4773 sunt,

2300 4799 2542 4870 aliusque
2570 4799 2912 4870 respondeat,
2948 4809 3091 4856 astra
3123 4800 3350 4871 imparia
3397 4818 3504 4858 non
3553 4812 3699 4869 sunt,
3748 4816 3883 4859 unus

2298 4891 2489 4948 borum
2522 4910 2706 4949 verum
2738 4910 2806 4950 ex
2835 4895 3159 4951 necessitate
3188 4895 3468 4966 proponit,
3502 4903 3557 4951 et
3579 4910 3881 4967 quanquam

2296 4983 2349 5038 id
2389 4984 2529 5055 quod
2552 4984 2777 5055 quilibet
2798 4987 2988 5042 borum
3013 5001 3200 5042 verum
3222 4987 3438 5055 dixerit,
3470 4988 3623 5043 nobis
3647 4989 3882 5059 ignonum

2298 5085 2378 5129 est
2397 5115 2411 5141 ,
2443 5091 2663 5132 necesse
2706 5086 2789 5133 est
2818 5087 2994 5134 tamen
3047 5078 3453 5136 immutabiliter
3479 5094 3602 5136 esse
3633 5079 3777 5151 quod
3806 5079 3886 5136 di-

2295 5164 2450 5230 citur,
2478 5174 2638 5235 atque
2667 5166 2750 5221 ha:
2773 5169 2985 5239 quidem
3016 5180 3143 5226 sunt
3185 5170 3592 5228 immutabiliter
3630 5186 3885 5229 necessa'

2296 5258 2388 5312 rite
2420 5262 2834 5330 propositiones.
2891 5264 3022 5320 Alia:
3052 5281 3179 5322 vero
3203 5275 3475 5339 suntquae
3531 5280 3637 5324 non
3688 5266 3883 5338 sempi-

2297 5361 2444 5408 terna
2493 5354 2874 5424 significantes,
2930 5368 3053 5415 sunt
3082 5369 3259 5417 tamen
3291 5364 3498 5431 etipsae
3527 5362 3870 5429 necessariic,
3914 5340 3927 5353 ’

2297 5460 2572 5518 quousque
2652 5447 2741 5503 illa
2788 5450 3026 5521 subjecta
3082 5463 3208 5509 sunt
3252 5453 3320 5509 de
3346 5454 3543 5523 quibus
3590 5455 3886 5525 propositio

2296 5538 2496 5610 aliquid
2530 5542 2761 5598 affirmat
2789 5554 2877 5600 aut
2909 5555 3087 5616 negat,
3122 5556 3179 5602 ut
3205 5562 3326 5602 cuni
3369 5546 3523 5616 dico,
3552 5546 3717 5604 homo
3743 5564 3886 5604 mor-

2298 5635 2415 5689 talis
2446 5644 2563 5701 est,
2610 5638 2843 5707 quandiu
2876 5638 3038 5695 homo
3083 5649 3185 5707 est,
3223 5640 3403 5696 tandiu
3432 5641 3703 5698 hominem
3735 5654 3884 5697 mor-

2295 5727 2453 5783 talem
2497 5745 2619 5786 esse
2668 5747 2891 5789 necesse
2919 5744 3020 5789 est.
3054 5732 3186 5789 Nam
3216 5734 3260 5789 si
3288 5734 3407 5804 quis
3433 5736 3598 5801 dicat,
3630 5735 3766 5806 ignis
3794 5748 3885 5788 ca~

2299 5815 2435 5872 lidus
2464 5828 2567 5886 est,
2603 5822 2839 5890 qttandiu
2894 5834 2976 5879 est
3030 5824 3200 5895 ignis,
3255 5825 3438 5880 tandiu
3470 5841 3533 5881 ex
3567 5824 3884 5882 necessitatis

2304 5923 2422 5965 vera
2456 5921 2539 5967 est
2566 5915 2881 5978 propositio.
2936 5917 3068 5973 Aliae
3118 5932 3245 5972 vero
3298 5928 3421 5974 sunt
3450 5934 3568 5989 qua:
3615 5935 3643 5974 a
3694 5924 3886 5976 natura
