4270 6266
369 232 466 290 489

1096 242 1163 300 IN
1197 246 1450 303 LIBRUM
1494 250 1577 305 DE
1617 244 2261 318 lNTERPRETA'IlUNE
2308 258 2532 323 corno
2570 271 2902 332 SECUNDA.

3530 282 3630 344 sub

370 356 702 413 necessitatis
728 359 1007 425 recedunt,
1037 370 1093 415 et
1113 370 1593 445 quaidam'tantum
1625 373 1941 443 contingen-
1972 380 2020 435 Α
2050 376 2301 442 prmscnti
2333 378 2607 436 deﬁnitum
2640 394 2691 437 et
2721 390 3068 443 constitutum
3102 387 3297 444 habent
3340 403 3627 463 eventum;
3682 414 3685 417 ·

368 446 435 499 lia
461 449 783 517 signiﬁcant.
814 450 922 506 Sed
956 453 1070 507 hzcc
1089 465 1182 508 aut
1208 458 1482 524 aequaliter
1508 475 1567 514 se
1595 464 1662 515 ad
1704 463 1941 518 alﬁrma-

368 540 567 595 tionem
595 543 1036 617 negationemque
1063 547 1311 604 habentia
1351 564 1518 617 sunt,
1564 562 1657 607 aut
1686 556 1750 609 ad
1781 572 1943 612 unum

368 634 640 704 vergentia
673 633 1022 704 frequentius.
1066 639 1366 709 Aﬁqualiter
1386 645 1604 711 quidem
1636 660 1696 702 se
1723 646 1943 715 habent,

368 732 425 777 ut
451 725 499 779 si
524 727 644 794 quis
682 727 825 782 dicat
850 745 936 783 me
963 729 1123 785 hodie
1163 748 1282 787 esse
1313 735 1594 792 lavandum
1616 780 1631 806 ,
1665 741 1823 795 hodie
1856 758 1943 798 me

368 826 475 868 non
502 829 620 870 esse
646 817 950 885 lavandum,
975 820 1115 876 Nihil
1141 824 1281 877 enim
1312 828 1395 880 vel
1425 831 1640 899 negatio
1662 834 1832 904 magis
1858 836 1943 890 vel

369 905 650 960 afﬁrmatio
677 907 793 973 ﬁet,
830 918 1067 981 utraeque
1113 915 1258 968 enim
1290 919 1573 987 aequaliter
1622 927 1943 981 necessaria:

368 1011 470 1051 non
497 1006 641 1053 sunt.
665 999 772 1055 illa:
794 1016 922 1056 vero
947 1018 1066 1071 quae
1096 1005 1214 1074 plus
1242 1009 1307 1062 ad
1336 1010 1564 1066 alteram
1596 1025 1800 1083 partem
1826 1033 1945 1071 ver-

366 1098 491 1157 gunt
534 1088 839 1159 hujusmodi
890 1104 1036 1160 sunt,
1070 1104 1129 1150 ut
1170 1100 1214 1152 si
1244 1100 1365 1169 quis
1390 1101 1536 1157 dicat
1585 1104 1855 1161 hominem
1889 1109 1943 1163 in

365 1189 637 1237 senectute
658 1198 978 1253 canescere,
1010 1186 1281 1247 hominem
1314 1195 1369 1247 in
1398 1207 1672 1253 senectute
1703 1216 1806 1254 non
1856 1218 1945 1256 ca-

363 1285 611 1339 nescere,
644 1275 702 1329 ﬁt
730 1278 946 1346 quidem
968 1278 1301 1349 frequentius
1329 1294 1387 1339 ut
1416 1302 1688 1356 canescat,
1722 1307 1829 1347 non
1852 1304 1943 1346 ‘ta-

365 1376 486 1417 men
517 1366 869 1422 interclusum
896 1379 1008 1435 est,
1042 1381 1099 1425 ut
1128 1389 1236 1426 non
1265 1388 1539 1433 canescat.
1570 1382 1945 1439 Prmdicativa-

366 1470 484 1509 rum
513 1468 691 1512 autem
722 1463 1152 1529 propositionum
1199 1478 1387 1523 natura
1415 1485 1480 1525 ex
1510 1487 1689 1528 rerum
1723 1479 1945 1533 veritate

366 1556 420 1600 et
441 1547 671 1604 falsitate
690 1552 974 1622 colligitur.
994 1555 1449 1622 Quemadmodum
1471 1562 1555 1619 res
1582 1582 1700 1622 sese
1726 1569 1939 1635 habent,

367 1637 438 1692 ita
471 1654 592 1696 sese
622 1648 1010 1711 propositiones
1039 1651 1329 1719 habebunt,
1356 1671 1475 1723 qua:
1503 1674 1587 1713 res
1614 1662 1936 1730 signiﬁcant.

2048 478 2165 532 qua:
2192 467 2333 519 enim
2367 482 2691 539 evenerunt,
2725 491 2829 530 non
2862 482 3104 535 evenisse
3149 500 3251 537 non
3295 498 3546 553 possunt,
3580 501 3633 544 et

2047 568 2165 625 qua;
2199 572 2339 612 nunc
2372 561 2503 614 ﬁunt
2532 572 2589 616 ut
2618 581 2757 620 nunc
2785 572 3061 625 non.ﬁant
3087 615 3101 639 ,
3135 590 3253 628 cum
3299 578 3463 642 ﬁunt,
3517 581 3632 636 ﬁeri

2049 661 2157 700 non
2208 658 2402 714 potest.
2460 652 2514 705 In
2568 654 2648 707 his
2700 668 2874 712 autem
2919 678 3036 730 qua:
3079 667 3132 717 in
3169 670 3344 721 futuro
3389 679 3548 736 sunt,
3580 684 3632 727 et
3700 734 3703 737 ,

2046 738 2409 805 contingentia
2460 754 2613 807 sunt,
2664 758 2717 800 et
2766 749 2879 802 ﬁeri
2929 763 3103 819 potest
3153 758 3379 825 aliquid,
3422 772 3475 815 et
3527 780 3635 819 non
3693 762 3703 793 ί

2049 827 2185 882 ﬁeri.
2231 829 2336 885 Sed
2377 838 2626 902 quoniam
2660 846 2769 891 tres
2801 842 2987 894 modos
3015 858 3170 911 supra
3205 851 3476 914 posuimus
3502 869 3633 909 con-
3676 918 3683 927 ι

2049 920 2302 989 tingentis
2323 964 2336 985 ,
2365 923 2432 979 de
2458 927 2648 995 quibus
2677 929 2867 984 melius
2908 932 2959 984 in
2992 933 3227 1003 physicis
3256 944 3632 1011 tractavimus,

2048 1012 2377 1080 singulorum
2402 1019 2691 1075 subdamus
2712 1025 2974 1093 exempla.
3004 1026 3057 1079 Si
3082 1026 3335 1083 hesterno
3356 1032 3441 1088 die
3459 1050 3631 1104 egres~

2046 1114 2139 1155 sus
2178 1103 2339 1158 domo
2368 1106 2543 1161 inveni
2584 1111 2845 1178 amicum,
2872 1130 3030 1183 quem
3078 1116 3129 1170 in
3160 1121 3339 1172 animo
3370 1121 3632 1184 habebam

2047 1205 2291 1259 quaerere
2322 1212 2333 1247 :
2366 1211 2471 1249 non
2504 1210 2678 1254 tamen
2727 1212 2853 1257 tunc
2879 1206 3181 1273 qumrebam
3203 1250 3216 1272 ,
3256 1219 3312 1263 ut
3342 1226 3445 1265 non
3486 1214 3632 1270 inve-

2047 1281 2219 1337 nirem
2266 1299 2423 1354 quem
2474 1289 2656 1343 inveni
2687 1304 2976 1363 antequam
3006 1297 3303 1355 invenirem
3338 1304 3447 1358 ﬁeri
3479 1308 3631 1374 pote-

2046 1381 2150 1425 rat.
2177 1370 2308 1427 Cum
2336 1386 2513 1431 autem
2545 1382 2719 1435 inveni
2740 1426 2755 1447 ,
2786 1386 2869 1439 vel
2896 1398 3178 1455 postquam
3203 1390 3413 1458 inveni,
3445 1404 3500 1449 ut
3526 1412 3633 1455 non

2048 1459 2372 1519 invenissem
2404 1466 2514 1521 ﬁeri
2551 1485 2655 1523 non
2688 1482 2914 1538 poterat.
2952 1476 3230 1541 Rursus'si
3267 1484 3380 1551 ipse
3410 1495 3629 1554 sponte,

2048 1553 2319 1616 praeterita
2353 1567 2508 1611 nocte
2539 1560 2811 1627 profectus
2850 1579 2967 1619 sum
3013 1568 3067 1622 in
3098 1584 3313 1639 agrum,
3346 1553 3630 1644 antequam

2048 1640 2149 1697 hoc
2178 1645 2363 1709 ﬁeret,
2412 1659 2468 1701 ut
2500 1665 2603 1703 non
2639 1656 3015 1719 proliciscerer
3056 1658 3170 1714 ﬁeri
3216 1673 3442 1730 poterat.
3476 1667 3629 1722 Post-

364 1728 495 1785 Nam
525 1734 571 1786 si
600 1734 653 1789 in
681 1749 741 1790 se
769 1752 857 1791 res
909 1740 1065 1794 ullam
1098 1744 1329 1799 retinent
1363 1728 1771 1823 necessitatem,
1818 1773 1944 1825 prn-
1975 1749 2023 1805 Β
2049 1748 2206 1801 quam
2241 1736 2511 1803 βτοίθθίυδ
2540 1755 2655 1795 sum
2675 1784 2690 1807 ’
2725 1745 2808 1798 vel
2855 1761 2976 1801 cum
3009 1750 3280 1817 “oremus
3311 1770 3457 1821 sun"
3494 1766 3550 1808 ut
3580 1759 3631 1814 id

364 1823 655 1892 positiones
682 1841 898 1897 quoque
928 1836 1246 1889 necessaria:
1277 1851 1398 1892 sunt
1417 1844 1441 1904 ,’
1462 1842 1546 1894 sin
1578 1857 1708 1898 vero
1738 1854 1943 1902 tantum

366 1911 545 1969 inesse
576 1916 909 1986 signiﬁcent,
957 1930 1015 1975 ut
1042 1924 1087 1977 si
1110 1929 1231 1991 quis
1265 1927 1439 1994 dicat,
1491 1931 1654 1986 homo
1690 1936 1949 2001 ambulat,

368 2009 568 2064 homini
620 2012 1027 2072 ambulationem
1099 2020 1276 2076 inesse
1343 2029 1698 2095 monstravit,
1754 2042 1949 2098 praeter

367 2103 599 2172 aliquam
626 2107 1001 2185 necessitatem
1030 2121 1173 2179 sunt,
1201 2123 1402 2170 tantum
1436 2118 1613 2175 inesse
1644 2123 1949 2191 signiﬁcan-

369 2198 450 2246 tes
477 2195 623 2248 omni
648 2210 830 2251 vacuae
855 2181 1194 2258 necessitate.
1219 2208 1371 2269 Quod
1397 2210 1440 2263 si
1472 2225 1561 2265 res
1588 2212 1948 2283 impossibiles

364 2294 522 2353 sunt,
554 2290 943 2357 propositiones
971 2309 1091 2363 quae
1139 2297 1257 2352 illas
1299 2315 1386 2355 res
1413 2302 1811 2377 demonstrant,
1848 2310 1947 2364 im-

368 2377 648 2446 possibiles
696 2383 1058 2453 nominantur,
1130 2391 1210 2444 sin
1265 2408 1395 2448 vero
1446 2412 1533 2450 res
1574 2402 1946 2471 contingenter

368 2480 492 2521 sunt
510 2473 784 2527 venientes
810 2486 967 2545 atque
996 2479 1275 2547 abeuntes,
1300 2499 1418 2553 qua:
1447 2486 1568 2541 illas
1593 2492 1791 2561 prodit,
1817 2509 1946 2548 con-

369 2558 577 2627 tingens
601 2564 891 2631 propositio
920 2580 1273 2639 nuncupatur.
1305 2574 1567 2642 Quoniam
1588 2558 1765 2637 autem
1804 2595 1939 2640 tem-

366 2663 553 2719 porum
597 2654 699 2708 alia
748 2660 1103 2728 suntlutura,
1154 2668 1259 2720 alia
1306 2673 1613 2741 praesentia,
1667 2676 1769 2729 alia
1818 2694 1945 2733 vero

364 2744 671 2811 praeterita,
723 2764 812 2803 res
874 2767 1086 2823 quoque
1130 2759 1385 2826 subjecue
1437 2766 1807 2837 temporibus,
1860 2768 1943 2826 his

361 2850 571 2907 quoque
606 2848 904 2911 temporum
952 2846 1348 2907 diversitatibus
1397 2855 1560 2911 varia:
1610 2870 1756 2916 sunt.
1804 2862 1939 2917 Aliae

362 2930 506 2984 enim
565 2936 844 3001 presentis
906 2941 1162 3007 temporis
1207 2952 1372 3013 sunt,
1418 2946 1534 3001 alia:
1575 2949 1732 3006 futuri
1762 2994 1776 3019 ,
1819 2956 1941 3012 aliae

375 3022 633 3077 ara-teriti.
679 3024 878 3081 Eodem
923 3044 1134 3101 quoque
1163 3036 1323 3089 modo
1364 3041 1758 3109 propositiones
1803 3048 1938 3102 alias

2052 1841 2157 1880 non
2200 1828 2353 1883 ﬁeret
2394 1832 2536 1899 quod
2580 1834 2779 1900 ﬁebat,
2811 1848 2901 1892 aut
2943 1856 3048 1894 non
3090 1841 3288 1898 factum
3320 1858 3462 1902 esset
3490 1851 3630 1918 quod

2049 1928 2164 1971 erat
2211 1920 2438 1986 factum,
2472 1923 2582 1976 ﬁeri
2634 1941 2739 1977 non
2790 1929 3020 1997 valebat.
3074 1934 3346 2001 Amplius,
3384 1940 3629 2003 possibile

2048 2017 2132 2062 est
2158 2010 2329 2064 scindi
2374 2012 2511 2067 hanc
2555 2030 2712 2083 quam
2756 2018 2962 2071 vestior
3004 2023 3266 2087 tunicam;
3304 2028 3345 2077 si
3381 2026 3628 2083 hesterno

2049 2100 2138 2155 die
2165 2103 2328 2157 scissa
2356 2114 2468 2167 est,
2501 2120 2619 2160 cum
2650 2108 3009 2179 scindebatur,
3037 2125 3127 2168 aut
3158 2124 3431 2186 postquam
3464 2121 3627 2176 scissa

2050 2202 2166 2255 est,
2200 2202 2257 2245 ut
2284 2208 2389 2248 non
2421 2198 2755 2253 scinderetur
2796 2212 2886 2256 aut
2929 2219 3033 2258 non
3083 2217 3225 2261 esset
3269 2211 3468 2275 scissa,
3517 2212 3629 2266 ﬁeri

2050 2284 2320 2351 nequibat.
2353 2287 2489 2341 Ante
2514 2305 2642 2343 vero
2671 2304 2829 2360 quam
2852 2294 3219 2365 scinderetur,
3267 2300 3381 2353 ﬁeri
3425 2312 3629 2369 poterat

2048 2382 2108 2426 ut
2136 2389 2241 2429 non
2269 2377 2622 2433 scinderetur.
2658 2382 3001 2452 Perspicuum
3030 2402 3159 2457 ergo
3188 2399 3266 2442 est
3298 2391 3351 2444 in
3398 2408 3623 2460 praesen-

2050 2467 2192 2524 tibus
2239 2480 2396 2539 atque
2440 2474 2722 2541 praeteritis
2765 2478 3073 2533 earumdem
3120 2497 3298 2537 rerum
3346 2500 3465 2554 quae
3508 2496 3626 2540 sunt

2048 2561 2422 2629 contingentes
2467 2563 2745 2620 deﬁnitum
2792 2569 3249 2640 constitutumque
3298 2589 3417 2628 esse
3464 2591 3625 2631 even-

2049 2658 2179 2703 tum.
2216 2649 2273 2706 !n
2305 2652 2499 2709 futuris
2526 2667 2704 2711 autem
2734 2673 2897 2713 unum
2928 2662 3201 2728 quodlibet
3239 2664 3465 2719 duorum
3517 2668 3625 2724 ﬁen‘

2046 2754 2204 2808 posse
2224 2786 2238 2810 ,
2274 2759 2437 2799 unum
2467 2762 2594 2802 vero
2619 2740 2900 2805 deﬁnitum
2927 2768 3031 2807 non
3062 2771 3215 2820 esse,
3258 2758 3352 2811 sed
3394 2760 3447 2812 in
3487 2769 3621 2813 utra~

2044 2844 2149 2899 que
2199 2843 2350 2901 parte
2394 2850 2652 2906 vergere,
2689 2850 2743 2895 et
2773 2853 2863 2895 aut
2910 2843 3011 2898 hoc
3039 2847 3253 2914 quidem
3286 2861 3375 2901 aut
3403 2850 3531 2904 illud
3564 2868 3621 2909 ει

2044 2926 2368 2981 necessitate
2394 2930 2629 2985 evenire.
2663 2932 2730 2986 Ut
2754 2942 2931 2988 autem
2955 2936 3057 2991 hoc
3082 2939 3357 3007 quodlibet
3375 2942 3620 3012 deﬁnite,

2042 3012 2126 3065 vel
2172 3014 2445 3082 quodlibet
2492 3019 2632 3072 aliud
2681 3021 2899 3077 deﬁnite
2941 3025 3056 3080 ﬁeri
3113 3044 3219 3082 non
3271 3046 3462 3099 posse,
3507 3050 3619 3103 qua

368 3113 619 3176 prmeriti
670 3120 920 3186 temporis
960 3123 1286 3188 signiﬁcatio
1316 3103 1478 3192 tenet,
1530 3142 1588 3185 ut
1641 3148 1761 3189 cum
1792 3137 1934 3204 dico,
1967 3115 2011 3178 Ο
2042 3103 2570 3204 Enim_c°"""ge“_‘_“
2598 3122 2754 3179 sum’
2781 3115 2834 3167 in
2865 3126 3088 3187 utraque
3117 3132 3266 3188 parte
3290 3126 3616 3195 conﬁngunt

363 3200 536 3258 Graeci
558 3205 763 3276 Troiam
792 3221 1061 3277 evertere,
1097 3215 1213 3269 alia:
1246 3221 1553 3287 prmsenlis,
1580 3234 1637 3277 ut
1657 3240 1775 3280 cum
1794 3227 1933 3294 dico,

361 3291 683 3352 Francorum
731 3300 1134 3375 Gothorumque
1180 3325 1350 3378 pugna
1401 3316 1777 3385 committitur,
1819 3322 1935 3377 aliae

336 3382 544 3450 -futuri,
574 3399 652 3454 ut,
684 3391 861 3446 Perse
880 3404 934 3448 et
961 3395 1135 3449 Graeci
1162 3398 1300 3452 bello
1329 3404 1571 3459 morituri
1600 3418 1744 3463 sunt.
1764 3382 1844 3465 'Et
1868 3411 1937 3466 de

358 3481 635 3547 praeteritis
655 3483 873 3553 quidem
902 3496 955 3539 et
979 3486 1045 3541 de
1070 3492 1449 3557 praesentibus,
1480 3503 1537 3550 ut
1556 3512 1644 3552 res
1673 3500 1802 3568 ipsa;
1827 3513 1937 3557 sta-

356 3568 488 3626 biles
511 3583 633 3627 sunt
657 3585 708 3629 et
736 3575 992 3642 deﬁnita,
1026 3580 1103 3633 sic
1132 3590 1187 3635 et
1209 3585 1617 3652 propositiones.
1640 3590 1771 3646 Nam
1793 3596 1933 3664 quod

357 3660 550 3717 factum
578 3674 679 3731 est,
704 3681 808 3721 non
832 3678 913 3722 est
943 3684 1047 3723 non
1092 3670 1311 3737 factum,
1344 3684 1398 3729 ει
1425 3679 1566 3746 quod
1608 3692 1690 3737 est
1714 3660 1825 3740 non
1854 3688 1932 3742 l'a-

354 3760 520 3819 ctum,
553 3756 785 3811 nondum
808 3758 1001 3814 factum
1027 3772 1128 3817 est.
1148 3763 1350 3819 Idcirco
1373 3766 1442 3822 de
1467 3786 1532 3823 eo
1559 3775 1702 3840 quod
1732 3780 1930 3833 factum

353 3854 457 3906 est.
486 3860 670 3900 verum
698 3856 782 3903 est
819 3848 995 3906 dicere
1026 3854 1267 3922 deﬁnite,
1312 3860 1560 3929 quoniam
1607 3866 1799 3919 factum
1829 3877 1929 3933 est,

353 3943 415 3989 et
435 3934 625 3989 falsum
646 3951 725 3993 est
745 3939 943 4009 dicere,
972 3947 1217 4012 quoniam
1251 3948 1444 4004 factum
1475 3970 1580 4008 non
1598 3965 1699 4010 est.
1728 3958 1933 4016 Rursus

353 4032 424 4081 de
456 4041 520 4081 eo
545 4028 683 4096 quod
724 4030 919 4087 factum
950 4049 1054 4089 non
1080 4046 1180 4104 est,
1221 4034 1403 4095 verum
1446 4053 1531 4098 est
1573 4046 1770 4112 dicere,
1802 4065 1933 4117 quo-

352 4119 497 4174 niam
542 4121 734 4176 lactum
780 4139 887 4179 non
917 4137 1021 4193 est,
1052 4126 1245 4187 falsum
1293 4143 1397 4199 est,
1431 4139 1682 4205 quoniam
1730 4140 1929 4198 factum

352 4229 453 4273 est.
482 4220 546 4274 Et
569 4221 638 4277 de
670 4228 918 4292 praesenti
946 4244 1156 4301 quoque
1183 4236 1325 4303 quod
1358 4239 1435 4302 lit,
1464 4238 1737 4297 deﬁnitam
1769 4245 1929 4303 habet

351 4321 594 4368 naturam
624 4316 673 4370 in
696 4332 760 4374 eo
788 4321 928 4389 quod
953 4322 1030 4390 ﬁt,
1064 4325 1339 4381 deﬁnitam
1384 4347 1599 4403 quoque
1630 4338 1681 4390 in
1730 4354 1929 4409 propo-

350 4400 630 4460 sitionibus
664 4411 938 4467 veritatem
987 4413 1386 4489 falsitatemque
1412 4400 1415 4401 ν
1446 4422 1647 4480 habere
1701 4444 1923 4487 necesse

347 4506 452 4550 est.
486 4496 612 4552 Nam
651 4503 790 4570 quod
833 4505 894 4560 ﬁt
934 4507 1152 4565 deﬁnite
1189 4527 1375 4567 verum
1420 4526 1501 4570 est
1545 4519 1744 4587 dicere,
1787 4538 1920 4593 quo-
1949 4497 2005 4557 Β

344 4591 491 4645 niam
514 4593 601 4659 ﬁt,
633 4594 824 4653 falsum
866 4601 1115 4668 quoniam
1145 4620 1250 4659 non
1287 4607 1366 4661 ﬁt.
1399 4608 1553 4674 Quod
1592 4630 1697 4668 non
1725 4591 1920 4679 ﬁt,ﬁve-

343 4697 465 4737 rum
493 4693 574 4739 est
604 4686 782 4744 dicere
826 4706 931 4746 non
956 4693 1097 4761 ﬁeri,
1127 4695 1315 4752 falsum
1349 4712 1525 4757 autem
1561 4706 1694 4760 ﬁeri.
1727 4709 1798 4762 De
1826 4709 1918 4763 de-

342 4773 585 4830 ﬁnitione
607 4790 734 4846 ergo
763 4783 1183 4850 prOpositionum
1214 4793 1475 4856 praeteriti
1508 4796 1590 4848 vel
1613 4803 1917 4864 praesentis,

338 4875 498 4930 supra
539 4863 651 4934 jam
682 4868 881 4924 dictum
914 4884 1016 4927 est.
1056 4875 1206 4932 Nunc
1257 4896 1388 4935 vero
1428 4884 1493 4938 ad
1528 4863 1738 4942 illarum
1794 4906 1916 4956 pro-

338 4957 666 5023 positionum
720 4962 999 5019 veritatem
1076 4967 1472 5044 lalsitatemque
1537 4976 1919 5048 disputationis

337 5040 578 5103 ordinem
601 5054 885 5121 convertit,
914 5071 1033 5125 quae
1072 5058 1125 5113 in
1161 5059 1343 5117 futuro
1383 5040 1660 5136 dicuntur,
1693 5088 1920 5143 quaeque

333 5149 459 5191 sunt
489 5144 865 5214 contingentia.
915 5149 1063 5206 Solet
1102 5164 1277 5210 autem
1324 5158 1503 5214 futura
1552 5178 1771 5230 vocare,
1796 5183 1916 5234 qua:

332 5230 522 5288 eadem
565 5239 929 5308 contingentia
997 5245 1178 5303 dicere
1234 5256 1534 5309 consuevit.
1587 5255 1915 5328 Contingens

330 5330 510 5378 autem
532 5329 823 5382 secundum
841 5333 1233 5393 Aristotelicam
1267 5347 1588 5401 sententiam
1623 5358 1707 5402 est
1745 5351 1913 5418 quod-

329 5426 544 5484 cunque
575 5428 665 5470 aut
703 5434 861 5473 casus
893 5423 1014 5487 fert,
1048 5437 1139 5481 aut
1166 5444 1231 5484 ex
1263 5431 1433 5485 libero
1463 5434 1751 5504 cujuslibet
1772 5442 1913 5495 arbi-

329 5505 435 5558 trio
463 5512 519 5557 ει
546 5509 756 5573 propria
784 5510 1057 5570 voluntate
1089 5520 1257 5584 venit,
1290 5531 1383 5576 aut
1413 5522 1671 5582 facilitate
1700 5540 1909 5589 naturae

325 5598 378 5650 in
406 5604 692 5665 utramque
718 5609 921 5667 partem
952 5607 1127 5662 redire
1156 5614 1410 5677 possibile
1436 5626 1538 5685 est,
1570 5630 1625 5675 ut
1648 5621 1741 5678 ﬁat
1776 5627 1913 5681 scili-

322 5700 446 5756 cet,
480 5700 532 5744 et
562 5706 670 5746 non
717 5692 828 5748 ﬁat.
880 5697 1001 5753 Haec
1046 5716 1173 5772 ergo
1205 5708 1255 5762 in
1294 5714 1561 5778 prtcterito
1594 5717 1805 5774 quidem
1855 5731 1909 5779 et

646 5808 920 5871 PATROL.
970 5814 1191 5881 LXIV.

2042 3195 2195 3260 Quod
2243 3207 2435 3254 autem.
2468 3202 2625 3268 dico,
2677 3207 2780 3260 tale
2825 3220 2907 3264 est
2940 3228 2953 3264 :
3004 3212 3325 3282 Egrediente
3352 3234 3437 3274 me
3469 3222 3617 3280 hodit

2038 3285 2200 3341 domo
2219 3293 2451 3345 amicum
2478 3295 2719 3352 invenire
2740 3308 2830 3353 aut
2861 3315 2965 3355 non
2999 3302 3239 3361 invenire
3270 3325 3488 3367 necesse
3518 3323 3618 3370 est.

2039 3376 2097 3431 In
2148 3381 2394 3439 omnibus
2443 3388 2583 3441 enim
2632 3401 2723 3444 aut
2770 3391 3057 3451 afﬁrmatio
3086 3411 3203 3467 est,
3235 3414 3325 3455 aut
3368 3408 3616 3479 negatio,

2037 3471 2131 3525 sed
2156 3473 2397 3530 invenire
2420 3478 2535 3533 sine
2557 3481 2720 3537 dubio
2742 3484 2960 3541 deﬁnite
2976 3530 2992 3555 ,
3015 3501 3105 3545 aut
3133 3504 3279 3548 certe
3311 3496 3353 3551 si
3386 3498 3486 3552 hoc
3515 3515 3616 3555 non

2037 3571 2147 3627 est,
2191 3580 2374 3619 rursus
2415 3567 2633 3625 deiinbe
2674 3590 2778 3628 non
2818 3577 3061 3635 invenire
3096 3600 3202 3637 non
3245 3597 3327 3640 est
3368 3604 3616 3657 necesse,

2036 3654 2481 3717 quemadmodum
2511 3661 2762 3716 hesterno
2800 3668 2889 3721 die
2913 3710 2927 3733 ,
2958 3686 3061 3738 quo
3083 3676 3311 3731 amicum
3336 3681 3615 3747 egrediens

2037 3738 2197 3795 domo
2245 3746 2454 3811 inveni,
2507 3750 2784 3807 deﬁnitum
2815 3769 2899 3812 est
2936 3777 2946 3810 :
2982 3762 3257 3820 delinitum
3289 3782 3369 3823 est
3400 3782 3615 3840 autem,

2036 3832 2177 3897 quod
2208 3848 2312 3888 non
2344 3847 2425 3891 est
2460 3854 2641 3894 verum
2682 3859 2767 3897 me
2795 3862 2899 3900 non
2932 3850 3223 3909 invenisse.
3268 3859 3381 3914 Non
3425 3868 3611 3922 eodem

2036 3922 2195 3974 modo
2244 3926 2295 3976 itt
2347 3927 2429 3981 his
2476 3944 2592 3996 qua;
2639 3943 2763 3986 sunt
2801 3938 3159 4007 contingentia
3190 3958 3241 3998 et
3274 3949 3481 4016 futura,
3516 3957 3611 4007 sed

2036 4018 2239 4063 tantum
2268 4024 2359 4067 aut
2390 4015 2489 4069 hoc
2518 4020 2760 4090 quidem,
2791 4034 2883 4079 aut
2910 4028 3039 4082 illud
3066 4044 3177 4097 est,
3210 4044 3262 4086 ct
3294 4037 3391 4091 hoc
3422 4058 3484 4094 ex
3513 4059 3610 4097 ne-

2033 4105 2301 4159 cessitate.
2351 4108 2498 4170 Quod
2548 4120 2724 4165 autem
2775 4131 2874 4170 una
2929 4135 3015 4175 res
3068 4126 3147 4178 vel
3196 4128 3422 4196 quilibet
3473 4149 3613 4189 unus

2032 4203 2254 4275 eventus
2283 4196 2536 4253 deﬁnitus
2577 4211 2631 4255 et
2659 4210 2808 4273 quasi
2839 4220 3018 4267 certus
3059 4217 3155 4283 sit,
3204 4222 3316 4276 ﬁeri
3360 4239 3465 4278 non
3516 4242 3609 4295 po-

2031 4290 2154 4338 test.
2187 4287 2257 4343 Et
2286 4288 2337 4342 in
2369 4290 2466 4346 hac
2497 4309 2555 4347 re
2584 4295 2875 4355 dissimiles
2906 4317 3029 4359 sunt
3060 4316 3450 4380 propositiOnes
3479 4333 3607 4374 con-

2031 4376 2341 4446 tingentium
2367 4392 2421 4437 et
2451 4385 2744 4443 futurorum
2767 4433 2781 4456 ,
2811 4393 2894 4447 his
2924 4413 3042 4463 qum
3064 4376 3185 4456 sunt
3216 4397 3606 4472 prmtefitoruut

2031 4466 2114 4519 vel
2144 4474 2509 4535 praisentium.
2542 4478 2670 4531 Nam
2696 4496 2814 4533 cum
2843 4485 3047 4541 similes
3078 4492 3181 4545 sint
3209 4497 3257 4545 in
3286 4511 3351 4550 eo
3381 4502 3519 4568 quod
3547 4505 3604 4557 in

2027 4557 2110 4610 his
2136 4568 2227 4611 aut
2248 4562 2532 4619 al'iirmatio
2556 4578 2667 4631 est,
2700 4581 2793 4625 aut
2818 4580 3029 4644 negatio
3048 4622 3063 4643 ,
3089 4585 3223 4638 sicut
3255 4557 3410 4644 etiam
3442 4599 3490 4647 in
3519 4597 3602 4652 bis

2022 4664 2139 4717 qua:
2181 4661 2305 4706 sunt
2345 4659 2610 4722 praiterita
2656 4663 2739 4715 vel
2782 4671 3103 4736 praesentia,
3138 4676 3188 4728 in
3234 4680 3322 4733 illo
3370 4684 3603 4741 diversae

2023 4750 2179 4803 sunt,
2208 4745 2349 4809 quod
2395 4746 2447 4799 in
2485 4749 2567 4814 his
2594 4752 2839 4820 quidem,
2871 4758 2919 4809 id
2952 4771 3035 4815 est
3063 4772 3350 4831 prmteritis
3380 4784 3431 4828 et
3464 4796 3603 4843 prie-

2022 4831 2262 4886 sentibus
2305 4850 2479 4890 rerum
2526 4840 2773 4896 delinitus
2800 4860 3021 4905 eventus
3047 4866 3150 4921 est,
3179 4859 3228 4911 in
3259 4861 3443 4918 futuris
3464 4831 3603 4921 Ivem

2028 4928 2084 4973 ει
2104 4925 2529 4993 contingentibus
2554 4931 2855 4992 indelinitus
2878 4950 2959 4993 est
2982 4956 3037 4997 ct
3060 4947 3325 5018 invertus;
3354 4955 3601 5013 videntur

2028 5018 2204 5067 tamen
2236 5018 2477 5084 quasdam
2528 5030 2808 5090 praesentia
2850 5033 2933 5084 vel
2983 5042 3249 5103 praeterita
3301 5044 3498 5099 incerta
3544 5059 3599 5103 ct

2025 5099 2327 5169 indeﬁnito,
2360 5111 2453 5164 sed
2501 5115 2672 5169 solum
2718 5120 2868 5175 nobis
2909 5122 3311 5197 ignoraniibrs,
3359 5151 3461 5189 non
3502 5156 3595 5195 na-

2025 5197 2174 5245 turze.
2223 5194 2355 5253 Nam
2405 5201 2528 5255 licet
2578 5204 2882 5273 ignoremus
2929 5229 3028 5269 nos
3075 5230 3248 5273 utrum
3277 5234 3414 5277 astra
3448 5232 3595 5295 paria

2024 5279 2130 5334 sint
2168 5297 2231 5336 an
2274 5286 2525 5356 imparia,
2570 5309 2729 5349 unum
2773 5310 2946 5353 tamen
2980 5308 3247 5371 quodlibet
3291 5279 3507 5371 delini'te
3536 5319 3591 5373 in

2022 5381 2207 5428 natura
2252 5379 2523 5435 stellarutn
2555 5397 2675 5439 esse
2711 5388 3046 5447 manifestum
3075 5408 3186 5464 εει,
3221 5410 3274 5454 ει
3305 5403 3403 5457 hoc
3437 5410 3590 5464 nobis

2018 5461 2231 5529 quidem
2279 5466 2582 5536 ignoratum
2635 5482 2749 5541 εει,
2800 5489 3003 5537 naturae
3052 5500 3178 5540 vero
3226 5495 3588 5554 notissimum.

2018 5548 2119 5604 Sed
2149 5567 2253 5606 non
2293 5555 2359 5607 ita
2384 5597 2398 5619 ,
2442 5557 2598 5613 hodie
2644 5577 2729 5616 me
2777 5566 3012 5624 visurum
3051 5589 3169 5629 esse
3198 5583 3460 5652 amicum,
3494 5601 3587 5646 aut

2016 5654 2116 5693 non
2164 5643 2419 5698 visurum.
2469 5646 2630 5703 Nobis
2678 5653 2892 5721 quidem
2940 5662 3065 5727 quid
3096 5670 3303 5722 eveniat
3347 5643 3587 5744 ignotum

2013 5742 2087 5781 est
2111 5773 2125 5797 ,
2161 5742 2337 5785 notum
2368 5751 2491 5787 vero
2525 5750 2724 5797 natura:
2780 5761 2883 5803 non
2926 5753 3067 5805 enim
3111 5756 3209 5809 hoc
3240 5742 3595 5841 naturaliter,

3118 5869 3187 5928 16
