4270 6266
643 296 735 356 tot
1178 320 1181 329 ε
1872 296 1982 354 ΑΝ.
2024 297 2233 367 MANL.
2274 294 2424 352 sev.
2468 292 2690 351 nomn

3792 290 3896 353 ιω

642 424 730 465 seu
762 424 887 464 casu
914 416 1114 466 evenit.
1145 410 1318 476 Quare
1350 405 1651 476 hujusmodi
1680 409 2072 477 propositiones
2105 425 2211 464 non
2239 408 2292 469 Δ
2317 407 2442 477 quid
2488 406 2665 476 agenti
2716 405 2917 461 homini
2962 412 3178 477 propter
3217 402 3359 463 aliud
3391 416 3568 467 tamen
3597 411 3776 478 agenti
3806 427 3897 469 res

641 504 796 555 modo
820 501 885 555 ad
908 508 1174 563 nostram,
1200 500 1292 552 sed
1321 498 1386 553 ad
1418 508 1619 553 natura:
1651 499 1818 567 ipsius
1851 500 2093 554 notitiam
2127 516 2216 555 se-

642 592 869 647 cundum
902 590 1159 644 incertum
1194 600 1441 645 eventum
1487 600 1540 647 et
1571 590 1958 645 inconstantem
2014 592 2211 646 verita.-

640 694 743 737 tem
787 692 943 750 atque
974 680 1308 736 mendacium
1342 682 1741 736 derivabuntur.
1777 682 1920 736 Talis
1950 682 2089 736 enim
2130 690 2215 743 est

628 773 992 843 .rontingentis
1023 786 1237 839 natura,
1274 784 1329 829 ut
1359 776 1441 829 vel
1471 775 1521 829 in
1556 784 1777 845 utraque
1808 786 1954 844 parte
1996 777 2211 845 aequali-

634 848 717 920 tcr
758 864 878 920 Sese
924 866 1147 935 habeat,
1180 883 1229 919 ut
1283 866 1438 920 hodie
1484 882 1570 920 me
1610 881 1731 922 esse
1780 868 2095 937 lavandum,
2128 866 2212 927 vel

638 959 794 1012 hodie
819 975 901 1012 tne
928 975 1030 1038 non
1057 975 1176 1014 esse
1203 959 1514 1027 lavandum,
1542 960 1625 1013 vel
1646 962 1704 1015 in
1731 976 1833 1015 una
1862 960 2009 1028 plus,
2035 960 2212 1019 minus

637 1052 688 1105 in
719 1050 886 1104 altera
911 1093 923 1117 ,
956 1061 1011 1106 ut
1056 1051 1323 1107 hominem
1367 1066 1654 1109 canescere
1693 1063 2091 1119 senescentem,
2129 1052 2213 1107 vel

638 1144 907 1205 hominem
949 1159 1055 1197 non
1098 1159 1383 1217 canescere
1426 1144 1869 1199 insenescentem.
1909 1145 2039 1199 Illud
2068 1144 2211 1201 enim

637 1238 755 1307 plus
787 1239 877 1304 lit,
926 1239 1054 1292 illud
1099 1238 1292 1293 minus.
1343 1238 1447 1291 Sed
1498 1238 1629 1293 nihil
1662 1226 1933 1306 prohibet,
1975 1238 2025 1292 id
2069 1238 2213 1306 quod

638 1333 809 1386 rarius
840 1331 895 1382 ﬁt
916 1372 929 1393 ,
966 1338 1139 1383 tamen
1174 1331 1314 1396 lieri,
1346 1330 1415 1407 de
1446 1331 1526 1386 his
1554 1347 1682 1399 ergo
1713 1332 2045 1387 Aristotelica
2082 1333 2212 1386 sub-

638 1422 799 1477 tilitas
822 1422 1148 1488 disputatum
1177 1422 1400 1489 primum
1424 1436 1454 1475 a
1478 1422 1834 1489 singularibus
1859 1422 2117 1477 inchoans
2146 1422 2213 1477 ad

639 1514 959 1567 universalia
1007 1513 1249 1585 tractatui
1285 1514 1417 1567 viam
1450 1514 1652 1580 pandit.
1687 1515 1899 1569 Duobus
1930 1518 2073 1570 enim
2100 1530 2215 1570 inoo

638 1604 721 1659 dis
750 1605 1196 1659 contradictiones
1237 1605 1461 1669 liebaut,
1496 1618 1584 1660 aut
1615 1608 1663 1659 in
1693 1608 2077 1675 singularibus,
2120 1618 2214 1664 aut

638 1695 693 1747 in
720 1693 1105 1748 universalibns
1154 1695 1520 1749 universaliter
1560 1694 1861 1764 prmdicatis
1897 1708 1951 1750 et
1980 1697 2065 1752 bis
2111 1714 2207 1766 op-

2285 514 2294 521 ’
2317 498 2527 553 diversa
2550 496 2829 553 successit.
2862 496 2975 552 Hoc
2999 496 3160 567 igitur
3186 512 3250 552 ex
3280 511 3406 564 casu
3432 498 3650 569 evenire
3674 499 3893 569 dicitur,

2318 590 2672 659 quodcunque
2702 604 2793 656 per
2819 588 3049 658 aliquam
3076 589 3340 649 actiOnem
3389 591 3602 662 evenit,
3627 607 3731 654 nou
3776 609 3897 659 pro-

2318 688 2435 757 pter
2456 692 2572 735 eam
2603 693 2717 733 rem
2750 688 2975 747 coeptam
3002 718 3018 745 ,
3045 694 3164 749 quas
3187 679 3383 751 aliquid
3414 682 3588 752 aget-tt
3620 697 3891 741 successev

2316 773 2401 827 rit.
2436 772 2500 826 Et
2530 775 2631 829 hoc
2661 772 2875 842 quidem
2909 772 2960 825 in
2993 772 3106 841 ipsa
3139 788 3314 829 rerum
3348 784 3532 831 natura
3560 787 3673 836 est.
3701 786 3761 831 ut
3788 792 3890 835 non

2316 866 2415 921 hoc
2442 882 2505 923 ex
2549 877 2730 927 nostra
2772 878 3045 923 consmret
3086 868 3422 937 ignorantia,
3460 880 3516 925 ut
3555 886 3661 925 non
3693 870 3894 929 idcirco

2314 956 2558 1026 quaedam
2609 973 2731 1014 esse
2779 971 2907 1013 casu
2956 959 3286 1029 viderentur,
3333 963 3474 1026 quod
3516 962 3675 1019 nobis
3717 969 3893 1032 ignoui

2314 1057 2528 1116 essent,
2554 1050 2649 1106 sed
2680 1048 2855 1118 potius
2886 1049 3085 1107 idcirco
3126 1066 3157 1107 a
3202 1051 3357 1107 nobis
3386 1052 3720 1120 ignorentur,
3748 1053 3893 1122 quod

2316 1138 2431 1201 haec
2461 1141 2511 1193 in
2549 1148 2738 1197 natura
2768 1156 3097 1211 quaecunque
3126 1155 3254 1207 casu
3280 1141 3440 1205 liunt,
3473 1142 3671 1199 nullon
3705 1157 3895 1201 neces-

2314 1228 2485 1283 sitatis
2524 1231 2918 1296 constantiam,
2966 1240 3058 1291 aut
3104 1230 3453 1303 providentia:
3496 1235 3711 1307 modum
3744 1244 3894 1291 tene-

2324 1328 2467 1373 rent.
2523 1320 2688 1379 Stoici
2733 1323 2857 1375 dum
2903 1322 3080 1377 omnia
3127 1322 3338 1393 quidem
3384 1339 3448 1385 ex
3493 1324 3811 1391 necessitate
3840 1335 3893 1385 et

2316 1412 2607 1477 secundum
2655 1414 3044 1481 providentiam
3090 1417 3203 1471 lieri
3257 1426 3476 1487 putant,
3525 1419 3577 1475 id
3636 1419 3776 1486 quod
3827 1434 3891 1479 ex

2316 1516 2442 1557 casu
2492 1504 2585 1568 ﬁt,
2631 1520 2735 1565 non
2784 1506 3076 1565 secundum
3125 1507 3292 1576 ipsius
3342 1510 3568 1569 l‘ortuna:
3614 1522 3888 1578 naturam.

2315 1591 2409 1646 sed
2452 1594 2744 1657 secundum
2790 1606 3027 1655 nostram
3082 1598 3435 1668 ignorantiam
3484 1602 3810 1668 metiuntur.
3844 1605 3891 1661 id

2318 1683 2459 1736 enim
2491 1698 2616 1747 casu
2661 1686 2774 1741 ﬁeri
2816 1695 3030 1755 putant,
3077 1689 3218 1761 quod
3263 1706 3381 1749 eum
3430 1693 3747 1751 necessitate
3788 1696 3895 1751 sit.

638 1784 844 1851 positis.
898 1784 1193 1851 Ingreditur
1238 1795 1415 1838 autem
1464 1800 1529 1837 ex
1580 1785 1661 1836 his
1708 1786 1876 1840 tribus
1901 1802 2018 1854 quae
2049 1802 2243 1855 supra.

2285 1783 2291 1828 ἱ
2319 1784 2492 1829 tamen
2521 1776 2588 1830 ab
2617 1776 2920 1835 hominibus
2960 1781 3245 1847 ignoretur.
3282 1782 3345 1837 Et
3386 1783 3452 1847 de
3492 1785 3659 1849 libero
3685 1802 3893 1856 quoque

636 1874 777 1928 dicta
814 1882 938 1929 sunt
973 1890 1037 1928 ex
1080 1890 1234 1938 casu,
1263 1889 1330 1929 ex
1366 1875 1535 1935 libero
1562 1874 1817 1939 arbitrio,
1845 1892 1914 1930 ex
1950 1879 2213 1945 possibili-

640 1975 775 2029 tate,
803 1981 919 2035 qua:
973 1967 1152 2019 omnia
1203 1981 1309 2020 uno
1348 1967 1564 2019 nomine
1611 1967 1924 2023 utrumlibet
1971 1970 2209 2033 vocavit,

637 2062 841 2130 ﬁngens
884 2059 1088 2114 scilicet
1132 2074 1324 2115 nomen
1346 2036 1436 2112 'ad
1479 2059 1609 2123 hoc,
1642 2060 1916 2129 quodnon
1961 2061 2113 2115 unius
2154 2071 2214 2117 et

634 2153 764 2207 certi
803 2161 1023 2206 eventus
1064 2151 1159 2205 ista
1205 2151 1340 2214 sint,
1374 2152 1467 2205 sed
1498 2152 1829 2216 utriuslibet,
1857 2166 1907 2208 et
1941 2155 2211 2221 quomodo

635 2245 895 2313 contingit
922 2260 981 2297 ea
1012 2245 1125 2298 lieri
1147 2286 1160 2309 ,
1192 2243 1277 2298 vel
1308 2260 1411 2298 non
1443 2244 1586 2307 lieri;
1620 2244 1719 2297 hoc
1742 2254 1918 2298 autem
1944 2255 2212 2299 monstra-

636 2342 799 2392 tivum
831 2346 910 2391 est
939 2348 1143 2390 natura:
1177 2335 1369 2390 instabi
1392 2335 1438 2389 is
1458 2375 1473 2400 ,
1504 2344 1559 2389 et
1588 2336 1651 2388 ad
1685 2344 1963 2404 utramque
2006 2346 2207 2404 partem

630 2427 750 2485 sine
798 2426 957 2480 ullius
1005 2427 1082 2479 rei
1127 2425 1484 2480 obluctatione
1537 2426 1823 2495 vergentis.
1869 2426 1983 2480 Non
2031 2440 2207 2481 autem

634 2524 842 2583 oportet
888 2515 1129 2569 arbitrari
1184 2516 1268 2569 illa
1315 2532 1434 2569 esse
1480 2517 1785 2571 utrumlibet
1816 2527 1868 2571 et
1897 2517 2210 2585 contingen-

634 2607 765 2661 tium
812 2614 1044 2669 naturze,
1086 2621 1415 2673 qua:cunque
1463 2606 1615 2659 nobis
1646 2608 1823 2675 ignota
1856 2618 1998 2662 sunt.
2031 2609 2212 2675 Neque

634 2699 843 2754 enimsi
869 2698 1021 2753 nobis
1043 2698 1277 2766 ignotum
1306 2708 1383 2753 est
1408 2714 1438 2751 a
1467 2698 1643 2754 Persis
1674 2701 1738 2751 ad
1773 2699 1988 2755 GriBCUS
2020 2698 2210 2756 missos

632 2789 862 2859 legatos,
895 2790 1091 2845 idcirco
1126 2790 1318 2844 missos
1347 2805 1467 2844 esse
1498 2789 1689 2845 incerti
1715 2801 1937 2845 eventus
1965 2803 2066 2850 ρει.
2100 2793 2209 2853 Nec

631 2884 679 2937 si
722 2882 916 2936 letltale
944 2881 1151 2949 signum
1185 2882 1235 2934 in
1265 2883 1573 2949 aegrotantis
1621 2880 1758 2937 facie
1802 2884 2065 2939 medicina
2115 2886 2208 2940 de.

632 2974 945 3045 prehendit,
972 2982 1029 3027 ut
1056 2972 1196 3027 aliud
1221 2988 1343 3027 e~se
1369 2988 1469 3027 non
1501 2973 1666 3040 possit
1687 2973 1786 3028 nisi
1812 2974 1903 3029 ille
1930 2977 2204 3041 moriatur,

631 3067 785 3119 nobis
812 3076 987 3120 autem
1021 3066 1256 3135 ignotum
1289 3075 1393 3131 sit,
1426 3072 1642 3133 propter
1681 3065 1812 3119 ariis
1843 3065 2204 3133 imperitiam,

2315 1870 2537 1924 arbitrio
2568 1871 2753 1929 eadem
2783 1873 2935 1927 nobis
2961 1888 3094 1942 pene
3121 1875 3331 1945 illisque
3356 1879 3629 1943 contentio
3652 1888 3755 1935 est.
3787 1880 3894 1947 Non

2313 1962 2454 2017 enim
2497 1962 2722 2029 liberum
2750 1965 3023 2020 arbitrium
3071 1967 3344 2038 ponimus,
3376 1970 3521 2025 nullo
3558 1972 3891 2034 extrinsecu.

2314 2064 2539 2124 cogente
2569 2056 2622 2109 in
2651 2056 2701 2111 id
2734 2056 2871 2119 quod
2901 2057 3053 2121 nobis
3085 2056 3381 2117 iaciendum
3400 2100 3415 2127 ,
3448 2064 3532 2116 vel
3562 2078 3666 2117 non
3694 2064 3889 2121 larien-

2314 2146 2438 2200 dum
2487 2146 2851 2217 judicantibus
2903 2149 3456 2222 perpendentibnsque
3512 2154 3776 2223 videatur,
3830 2157 3895 2219 ad

2320 2256 2478 2310 quam
2506 2256 2615 2294 rem
2643 2252 2963 2311 praesumpta
2994 2242 3141 2310 prius
3169 2245 3489 2311 cogitatione
3520 2248 3893 2315 perﬁciendam

2312 2341 2366 2386 et
2394 2332 2652 2401 agendam
2676 2335 2937 2395 venimus,
2966 2347 3018 2388 ut
3048 2344 3102 2390 et
3126 2335 3175 2393 id
3204 2337 3344 2407 quod
3370 2339 3455 2400 lit,
3477 2352 3540 2395 ex
3571 2340 3721 2399 nobis
3742 2351 3796 2396 et
3820 2357 3891 2403 ex

2312 2434 2495 2477 nostro
2517 2424 2714 2490 judicio
2753 2424 3068 2497 principium
3108 2436 3325 2493 sumat,
3370 2428 3515 2491 nullo
3556 2432 3892 2491 extrinsecus

2312 2523 2401 2567 aut
2457 2514 2725 2570 violenter
2778 2525 3037 2581 cogente,
3086 2524 3179 2575 aut
3235 2518 3494 2575 violenter
3549 2520 3887 2591 impediente.

2313 2604 2479 2658 Stoici
2507 2616 2681 2669 autem
2725 2607 2904 2665 omnia
2951 2610 3358 2667 necessitatibus
3386 2611 3609 2681 dantes,
3634 2630 3893 2673 converso

2313 2697 2541 2764 quodam
2584 2696 2772 2750 ordine
2814 2697 3034 2761 liberum
3083 2700 3367 2763 voluntatis
3398 2703 3673 2761 arbitrium
3713 2718 3892 2763 custo-

2314 2783 2430 2840 dirc
2456 2796 2743 2841 conantur.
2777 2786 2966 2840 Dicunt
3003 2788 3143 2847 enim
3183 2792 3494 2847 naturaliter
3518 2794 3733 2863 quidem
3774 2796 3892 2857 ani-

2316 2887 2459 2927 mam
2494 2874 2689 2928 habere
2719 2878 2998 2951 quamdam
3027 2881 3379 2949 voluntatem,
3404 2882 3470 2943 ad
3498 2900 3654 2955 quam
3683 2890 3891 2958 propria

2313 2974 2499 3019 natura
2547 2967 2709 3036 ipsius
2753 2968 3038 3025 voluntatis
3077 2971 3386 3042 impellitur.
3422 2975 3486 3029 Et
3515 2978 3653 3033 sicut
3686 2980 3738 3034 itt
3769 2997 3891 3037 cor-

2314 3057 2531 3125 poribus
2567 3058 2871 3114 inanimatis
2900 3063 3140 3131 quaedam
3175 3065 3485 3129 naturaliter
3508 3072 3688 3138 gravia
3715 3071 3891 3131 lerun-

632 3156 831 3212 idcirco
873 3158 1020 3211 illum
1068 3171 1265 3225 aegrum
1310 3171 1428 3211 esse
1461 3156 1770 3215 motitttrum
1799 3199 1814 3223 ,
1850 3157 2161 3211 utrumlibet
2184 3157 2243 3231 ,ς

2313 3154 2397 3200 tur
2424 3147 2487 3199 ad
2522 3157 2715 3217 terram
2738 3190 2751 3214 ,
2786 3150 2921 3217 levia
2963 3167 3171 3213 sursum
3217 3165 3413 3241 meant.
3462 3157 3527 3215 Et
3555 3160 3668 3219 haec
3706 3173 3890 3221 natura

633 3259 681 3303 et
712 3248 1066 3317 contingentis
1096 3264 1127 3301 n
1149 3258 1298 3300 iturae
1330 3254 1449 3299 esse
1472 3246 1816 3314 judicaudum
1850 3257 1966 3312 est,
1998 3247 2091 3301 sed
2118 3249 2206 3305 illa

632 3340 741 3394 sola
788 3337 907 3393 talia
948 3338 1064 3392 sine
1088 3338 1250 3392 dubio
1279 3353 1400 3393 esse
1427 3339 1658 3407 putanda
1689 3351 1810 3392 sunt
1831 3383 1847 3407 ,
1875 3356 2208 3411 quaecunque

631 3431 828 3484 idcirco
858 3430 1010 3481 nobis
1041 3429 1215 3495 ignota
1250 3440 1403 3493 sunt,
1436 3429 1576 3497 quod
1611 3445 1706 3498 per
1747 3432 2011 3499 propriam
2030 3442 2208 3485 'natu—

629 3533 741 3576 ram
772 3519 983 3588 qualem
1027 3516 1259 3583 habeant
1297 3531 1580 3584 eventum,
1624 3520 1749 3573 sciri
1796 3537 1902 3574 non
1936 3531 2157 3589 possunt
2190 3539 2203 3575 :

631 3610 865 3677 idcirco,
919 3609 1165 3675 quoniam
1221 3611 1436 3677 propria
1489 3610 1833 3665 instabilitate
1886 3624 2089 3666 natura:
2138 3614 2206 3667 ad

630 3711 852 3771 utraque
881 3710 1189 3770 verguntur,
1223 3702 1271 3753 id
1301 3708 1402 3763 est,
1436 3703 1499 3753 ad
1528 3702 1909 3756 allirmaionis
1942 3713 1995 3755 et
2042 3719 2205 3771 nega-

628 3793 792 3865 tionis
819 3804 1067 3848 eventum
1096 3792 1305 3861 propria
1338 3792 1681 3847 instabilitate
1710 3802 1868 3862 atque
1900 3794 2207 3846 inconstan-

632 3887 699 3941 tia
744 3894 1137 3956 permutantur.
1187 3887 1281 3941 Est
1326 3894 1502 3940 autem
1550 3887 1688 3938 inter
1728 3886 2069 3954 philosophos
2094 3886 2209 3941 dis-

630 3982 831 4049 putatio
878 3980 945 4034 de
997 3995 1174 4033 rerum
1217 3995 1333 4049 quae
1376 3979 1507 4032 liunt
1554 3979 1763 4047 Causis,
1814 3979 2206 4033 neccssitatene

631 4073 803 4129 Omnia
839 4072 998 4137 liant,
1026 4085 1093 4125 an
1124 4071 1365 4139 quasdam
1406 4084 1564 4133 casu,
1597 4078 1652 4124 et
1680 4071 1733 4123 in
1765 4070 1867 4123 hoc
1907 4070 2203 4138 epicureis,

630 4174 685 4219 et
730 4165 948 4228 stoicis,
979 4173 1034 4218 et
1078 4148 1437 4230 peripateticis
1470 4165 1666 4215 nostris
1696 4178 1882 4231 magna
1934 4166 2206 4218 contentio

628 4268 729 4321 est,
753 4270 978 4324 quorum
1000 4254 1264 4321 paulisper
1287 4256 1581 4307 sententias
1606 4255 1957 4321 explicemus.
1986 4256 2206 4334 Peripa-

630 4348 772 4405 tetici
795 4346 958 4411 enim,
978 4359 1201 4413 quorum
1224 4345 1536 4400 Aristoteles
1561 4348 1806 4414 princeps
1828 4358 1926 4409 est,
1951 4358 2003 4401 et
2022 4346 2202 4404 casum

630 4450 681 4495 et
720 4441 871 4495 liberi
909 4438 1181 4495 arbitrium
1213 4438 1423 4506 judicii,
1455 4450 1509 4493 et
1549 4441 1920 4495 necessitatem
1955 4443 2004 4497 in
2042 4444 2203 4499 rebus

2312 3238 2424 3293 ﬂeri
2474 3240 2648 3303 nullus
2695 3242 2935 3308 dubitat,
2979 3247 3047 3311 ita
3090 3238 3299 3316 quoque
3324 3250 3378 3315 in
3413 3251 3711 3309 hominibus
3742 3266 3799 3312 et
3840 3259 3890 3316 itt

2310 3334 2521 3387 caneris
2579 3335 2900 3389 animalibus
2952 3337 3276 3395 voluntatem
3331 3344 3542 3410 quidem
3592 3352 3888 3409 naturalem

2310 3434 2430 3481 esse
2458 3423 2696 3487 cunctis,
2730 3432 2783 3475 et
2805 3425 3058 3495 quidquid
3098 3427 3156 3491 tit
3195 3444 3223 3483 a
3264 3432 3441 3497 nobis,
3471 3438 3761 3495 secundum
3792 3454 3888 3494 vo-

2310 3511 2566 3567 luotatetn
2599 3528 2716 3581 quac
2753 3517 3009 3570 naturalis
3050 3523 3206 3573 nobis
3229 3529 3340 3587 est,
3371 3534 3558 3591 potant
3583 3526 3728 3597 ﬁeri,
3760 3530 3888 3590 illud

2312 3612 2485 3656 tamen
2538 3603 2771 3681 addunt,
2824 3608 2962 3676 quod
3010 3624 3071 3669 ea
3103 3611 3346 3671 volumus
3385 3632 3503 3684 quae
3546 3622 3890 3687 providentiae

2291 3692 2454 3743 illius
2487 3695 2775 3748 necessitas
2804 3696 3120 3765 imperavit,
3157 3712 3210 3755 nt
3239 3704 3308 3756 sit
3347 3706 3561 3773 quidem
3602 3714 3756 3769 nobis
3797 3729 3890 3775 vo-

2308 3780 2484 3835 luntas
2506 3797 2759 3838 concessa
2793 3790 3123 3854 naturaliter,
3148 3801 3201 3846 et
3224 3792 3277 3847 id
3299 3797 3439 3863 quod
3463 3797 3684 3854 facimus
3706 3803 3889 3861 volun-

2310 3882 2417 3927 tate
2445 3873 2719 3941 faciamus,
2743 3893 2863 3955 quae
2890 3880 3097 3935 scilicet
3125 3883 3177 3937 in
3204 3885 3359 3942 nobis
3388 3898 3491 3955 εει,
3522 3892 3688 3961 ipsam
3713 3905 3887 3956 tamen

2310 3965 2633 4021 voluntatem
2668 3969 2805 4024 illius
2838 3973 3181 4040 providentia:
3214 3981 3507 4039 necessitas
3535 3988 3885 4058 constringit.

2308 4058 2379 4111 ita
2407 4058 2516 4113 lieri
2548 4060 2764 4130 quidem
2794 4064 2973 4118 omnia
2994 4080 3066 4121 ex
3101 4073 3441 4140 necessitate,
3462 4078 3612 4147 quod
3646 4081 3889 4139 voluntas

2307 4153 2419 4220 ipsa
2447 4156 2703 4209 naturalis
2732 4158 3101 4214 necessitatem
3135 4176 3407 4233 sequatur,
3437 4171 3548 4225 tieri
3577 4173 3738 4229 etiam
3766 4190 3887 4243 ψιτθ

2313 4242 2532 4299 facimus
2564 4262 2629 4299 ex
2660 4248 2843 4316 nobis,
2874 4251 3016 4318 quod
3046 4254 3156 4323 ipsa
3201 4258 3442 4329 voluntas
3484 4275 3553 4316 ex
3602 4264 3756 4321 nobis
3788 4242 3886 4324 Sest

2305 4341 2360 4386 et
2404 4335 2695 4389 secundum
2737 4340 2984 4395 animalis
3012 4355 3272 4403 naturam.
3316 4347 3421 4406 Nos
3447 4361 3625 4415 autem
3659 4355 3883 4415 liberum

2306 4426 2591 4482 voluntatis
2636 4430 2915 4491 arbitrium
2967 4451 3074 4491 non
3122 4438 3172 4491 id
3218 4439 3440 4496 dicimus
3489 4445 3630 4511 quod
3659 4445 3886 4517 quisque

631 4545 747 4597 qua:
764 4538 908 4595 sunt,
927 4545 1148 4599 qumque
1168 4540 1518 4599 agunturcuau
1538 4532 1849 4598 gravissima
1867 4535 2201 4603 auctoritate,
2230 4518 2243 4582 Ῑ

2309 4520 2555 4588 voluerit,
2579 4520 2670 4575 sed
2717 4525 2855 4599 quod
2902 4527 3125 4599 quisque
3164 4529 3367 4599 judicio
3404 4543 3456 4588 et
3494 4535 3886 4597 examinatione

631 4626 1087 4692 tumapertissima
1109 4624 1314 4679 ratione
1337 4625 1675 4705 conﬁrmant.
1701 4628 1761 4681 Et
1784 4644 1963 4683 casum
1987 4631 2202 4700 quidem

630 4734 749 4773 esse
780 4718 830 4771 in
864 4718 1102 4787 Physicis
1134 4718 1388 4785 probant,
1421 4720 1631 4787 quotins
1675 4722 1872 4791 aliquid
1916 4724 2108 4792 agitur,
2149 4732 2205 4779 et

631 4824 733 4862 non
777 4808 823 4860 id
855 4810 1058 4868 evenit,
1093 4819 1306 4875 prOpter
1334 4810 1475 4877 quod
1509 4810 1592 4862 illa
1626 4823 1832 4871 res.est
1872 4824 2042 4881 coepta
2083 4828 2203 4883 qua:

629 4899 899 4967 agebatur,
944 4899 996 4951 id
1042 4899 1185 4966 quod
1234 4901 1441 4963 evenit,
1473 4916 1536 4953 ex
1568 4916 1694 4955 casu
1726 4905 1972 4959 evenisse
2004 4915 2165 4971 putan
2192 4941 2200 4949 -

629 4994 753 5047 dum
798 4998 915 5055 est,
953 5002 1005 5044 et
1043 5003 1196 5041 casus
1239 4990 1449 5056 quidem
1484 5007 1589 5043 non
1622 4994 1737 5046 sine
1766 4993 1942 5061 aliqua
1989 5000 2200 5050 actione

630 5084 705 5137 lit.
737 5080 955 5146 Quoties
984 5088 1161 5132 autem
1198 5078 1339 5131 aliud
1379 5067 1628 5147 quiddam
1670 5083 1849 5135 evenit
1898 5097 1991 5149 per
2033 5085 2202 5139 actio-
2242 5121 2247 5127 ι

630 5188 747 5227 nem
778 5187 896 5241 quae
920 5173 1123 5241 geritur
1151 5184 1307 5238 quam
1339 5179 1602 5237 speratur,
1638 5172 1763 5224 illud
1796 5174 2043 5228 evenisse
2073 5191 2199 5231 casu
2234 5198 2239 5201 -

630 5260 969 5330 peripatetica
1011 5259 1197 5328 probat
1236 5260 1543 5312 auctoritas.
1583 5259 1639 5315 Si
1678 5264 1797 5329 qtiis
1824 5266 1964 5317 ettim
1998 5275 2196 5322 terram

630 5353 832 5407 fodiens
856 5353 937 5408 vel
964 5353 1207 5428 scrobem
1236 5352 1522 5405 demittens
1551 5355 1660 5422 agri
1690 5356 1862 5409 cultus
1890 5370 2047 5411 causa
2083 5359 2199 5415 the-

631 5456 845 5497 saurum
890 5444 1148 5513 reperiat,
1180 5459 1307 5498 casu
1344 5442 1437 5496 ille
1486 5443 1767 5499 thesaurus
1809 5448 2051 5504 inventus
2080 5462 2194 5516 est,

632 5549 734 5589 non
764 5534 880 5589 sine
906 5534 1079 5603 aliqua
1122 5537 1337 5605 quidem
1384 5537 1625 5601 actione,
1678 5548 1815 5591 terra
1864 5542 2004 5595 enim
2057 5542 2198 5597 fossa

630 5635 741 5687 est,
773 5639 890 5678 cum
922 5625 1201 5679 thesaurus
1230 5638 1310 5679 est
1356 5627 1619 5679 inventus.
1664 5628 1770 5681 Sed
1814 5646 1916 5683 non
1962 5634 2050 5685 illa
2082 5641 2198 5686 erat

632 5716 834 5771 uentis
864 5718 1086 5773 intentio
1150 5729 1205 5772 ut
1241 5720 1521 5773 thesaurus
1553 5719 1896 5777 inveniretur.
1933 5725 2069 5791 Ergo
2096 5724 2195 5777 ali-

2306 4611 2598 4679 collegerit.
2633 4612 2839 4681 AliOqui
2873 4618 3035 4670 multa
3083 4634 3294 4690 quoque
3336 4626 3583 4691 animalia
3616 4628 3885 4689 habebunt

2304 4700 2531 4755 liberum
2593 4703 2881 4759 voluntatis
2938 4706 3237 4765 arbitrium.
3300 4710 3387 4767 Illa
3445 4716 3588 4771 enim
3648 4720 3886 4783 vidi-mus

2305 4805 2494 4863 Sponte
2526 4798 2764 4866 quaedam
2794 4799 3033 4869 refugere
3052 4842 3065 4866 ,
3094 4803 3410 4874 quibusdam
3437 4820 3627 4877 sponte
3652 4826 3882 4869 concurq

2303 4900 2443 4941 rere.
2493 4887 2645 4955 Quod
2685 4888 2727 4944 si
2757 4890 2893 4945 velle
2934 4890 3130 4963 aliquid
3173 4896 3253 4948 vel
3306 4896 3447 4952 no'le
3499 4900 3601 4957 hoc
3640 4913 3782 4963 recte
3815 4906 3883 4958 li-

2306 4978 2417 5031 beri
2470 4978 2677 5032 arbitrii
2726 4982 2985 5035 vocabulo
3044 4994 3334 5053 teneretur,
3392 5003 3497 5043 non
3550 4992 3725 5049 solum
3784 4995 3884 5050 hoc

2305 5078 2447 5121 esset
2486 5070 2778 5135 hominum,
2825 5073 2917 5127 sed
2962 5084 3277 5131 creterornm
3310 5094 3523 5151 quoque
3550 5085 3878 5151 animalium,

2306 5159 2501 5226 quibus
2548 5160 2686 5215 hanc
2728 5163 2881 5217 liberi
2924 5166 3127 5221 arbitrii
3181 5178 3497 5237 potestatem
3546 5174 3736 5237 abesse
3763 5180 3884 5244 quis

2308 5249 2512 5304 nesciat
2562 5267 2577 5303 z
2635 5252 2728 5305 sed
2787 5262 2870 5307 est
2927 5255 3151 5311 liberum
3203 5258 3509 5325 arbitrium,
3574 5266 3716 5335 quod
3772 5267 3881 5336 ipsa

2307 5359 2519 5415 quoque
2562 5347 2815 5406 vocahuta
2869 5352 3117 5420 produnt,
3170 5352 3397 5408 liberum
3447 5356 3601 5414 nobis
3661 5359 3728 5413 de
3784 5377 3875 5414 vo-

2303 5435 2503 5492 luntate
2559 5439 2835 5508 judicium.
2904 5442 3337 5515 Quotiescunque
3396 5446 3539 5501 enim
3616 5449 3879 5522 imagina-

2304 5526 2473 5581 tiones
2518 5530 2757 5597 quidam
2813 5544 3135 5588 concurrunt
3186 5534 3404 5603 animo,
3451 5546 3506 5591 et
3554 5540 3877 5601 voluntatem

2301 5628 2553 5693 irritant,
2601 5645 2695 5686 eas
2728 5632 2863 5689 ratio
2889 5633 3189 5705 perpendit,
3223 5646 3276 5691 et
3306 5636 3376 5692 de
3424 5638 3510 5705 his
3534 5638 3740 5709 iudicat
3762 5682 3777 5709 ,
3821 5652 3879 5696 et

2301 5730 2440 5796 quod
2482 5732 2530 5784 ei
2582 5731 2769 5788 melius
2791 5734 3004 5791 videtur
3043 5749 3165 5797 cum
3194 5735 3420 5799 arbitrio
3446 5740 3787 5811 perpenderit
3813 5748 3879 5797 et.
