4270 6266
365 239 469 297 495

1108 226 1174 290 ΙΝ
1215 233 1467 291 LIBRUM
1511 233 1594 288 DE
1635 228 2277 292 lN'l‘liRPRETATIONE
2318 234 2548 296 EDITIO
2585 242 2920 299 SECUNDA.

3435 249 3446 268 ‘
3528 241 3632 296 494

363 355 687 425 jmlicatione
717 350 1010 422 collegerit,
1032 349 1177 414 facit,
1208 361 1365 420 atque
1400 348 1517 402 ideo
1540 347 1781 416 quaedam
1807 347 1920 400 dnl-
1964 354 2012 409 Α
2039 350 2455 423 enodandasque
2486 358 2871 422 pervenian-ms.
2910 356 2964 408 In
2991 354 3070 409 his
3100 369 3226 422 ergo
3257 371 3323 422 qu
3346 373 3374 404 ι·
3412 363 3554 414 sunt,
3577 364 3633 408 et

361 453 434 512 cio
457 457 512 503 et
539 449 772 514 speciem
795 446 1033 500 utilitatis
1055 444 1404 498 monstrantia
1433 445 1756 512 aperuimus,
1789 458 1933 508 qna}—

361 543 483 596 dam
517 556 720 602 amara,
751 540 871 593 licet
901 542 1163 602 nolentes,
1200 539 1222 591 l'
1242 539 1404 592 irtiter
1427 541 1771 592 sustinemus.
1813 536 1936 590 Ideo

362 652 466 688 non
502 633 554 688 itt
587 634 887 696 voluntate,
919 633 1011 686 sed
1048 635 1096 686 itt
1128 633 1450 698 iudicatioue
1482 630 1768 685 voluntatis
1802 629 1937 684 libe-

364 742 480 779 rum
515 733 726 778 constat
753 723 1063 787 arbitrium,
1096 732 1149 777 et
1181 738 1287 776 non
1321 724 1371 776 in
1399 722 1810 790 imaginatione,
1838 720 1936 778 sed

362 817 415 870 in
451 818 614 883 ipsius
648 815 1038 885 imaginationis
1071 816 1426 884 perpensione
1461 815 1744 880 Consistit,
1778 825 1940 883 atque

363 908 482 962 ideo
513 907 856 976 quarumdam
907 907 1178 961 actionum
1212 923 1310 962 nos
1359 909 1456 976 ipsi
1507 905 1773 975 principia
1831 921 1938 961 non

363 1014 617 1070 sequaces
637 1013 838 1053 sumus.
879 999 988 1052 Hoc
1012 1010 1098 1053 est
1125 1000 1268 1052 enim
1303 998 1378 1052 uti
1408 996 1638 1061 ratione,
1685 997 1761 1052 uti
1796 996 1942 1067 judi-

361 1093 588 1145 eatioue.
622 1089 754 1144 Esse
785 1091 924 1144 enim
954 1094 1239 1144 commune
1271 1089 1425 1142 nobis
1456 1099 1537 1142 est
1565 1087 1942 1143 cum‘caateris

360 1185 570 1238 animati
598 1185 716 1237 ilius
750 1185 862 1234 sola
896 1184 1108 1236 ratione
1142 1182 1517 1252 disiungimur.
1551 1177 1707 1246 Quod
1752 1183 1795 1233 si
1828 1179 1941 1234 sola

363 1286 445 1332 est
480 1275 814 1346 judicatione
843 1275 979 1327 inter
1009 1289 1106 1327 nos
1140 1285 1192 1327 et
1219 1283 1411 1326 caetera
1458 1272 1705 1325 animalia
1737 1271 1939 1324 distan-

363 1371 452 1431 tia,
484 1383 579 1420 cur
612 1367 923 1420 dubitemus
973 1366 1184 1418 ratione
1217 1365 1326 1427 uti,
1377 1363 1482 1418 hoe
1529 1377 1649 1438 esse
1681 1362 1820 1428 quod
1868 1361 1942 1416 uti

363 1458 723 1528 iudicatione?
756 1461 924 1523 Quam
956 1458 1000 1510 si
1033 1456 1152 1523 quis
1182 1471 1244 1508 ex
1280 1455 1444 1509 rebus
1476 1455 1646 1518 tollat,
1679 1453 1943 1507 rationem

365 1552 596 1606 hominis
634 1549 870 1612 sustulit,
908 1548 1137 1600 hominis
1179 1546 1386 1600 ratione
1416 1547 1654 1605 sublata.
1685 1559 1784 1599 nec
1831 1545 1942 1612 ipsa

365 1659 576 1712 quoque
607 1640 906 1693 immanitas
927 1639 1286 1707 permanebit.
1327 1639 1513 1690 Melius
1536 1637 1694 1706 igitur
1735 1636 1942 1704 peripa~

2042 443 2177 496 facta
2209 453 2367 508 sunt,
2389 461 2607 502 necesse
2634 449 3141 501 estailirmationcm
3176 449 3254 499 vel
3291 447 3628 515 negationem

2040 551 2220 594 veram
2246 537 2328 592 vel
2358 538 2546 594 falsam
2579 553 2728 605 esse,
2762 541 2811 593 in
2837 541 3224 594 univer:-.alibtts
3247 541 3459 606 quidem
3486 556 3629 590 sent-

2043 643 2137 696 per
2172 629 2308 684 hanc
2337 630 2553 698 quidem
2587 646 2790 693 ieram,
2831 631 2975 684 illam
3001 646 3128 685 vero
3154 629 3362 693 falsam,
3392 643 3442 684 et
3468 633 3518 683 in
3551 631 3632 684 his

2043 735 2163 787 quae
2208 729 2335 776 sunt
2363 721 2656 790 singularia
2703 721 3155 789 quemadmodum
3188 723 3385 775 dictum
3415 733 3497 776 est
3521 762 3534 786 ,
3579 724 3631 776 in

2043 810 2130 866 bis
2159 827 2286 881 vero
2324 828 2445 881 quae
2476 815 2530 867 in
2568 813 2961 868 universalibus
2993 829 3101 868 non
3132 815 3506 869 universaliter
3543 815 3631 869 di-

1997 961 2002 966 _
2043 912 2270 965 cuntur,
2322 918 2429 958 non
2479 914 2561 958 est
2591 919 2836 958 necesse.
2870 905 3212 973 Categoricas
3243 907 3633 972 propositiones

2044 1006 2166 1060 quae
2205 993 2558 1061 prwdicativa:
2602 993 2790 1049 Latine
2841 995 3336 1062 possuntnomiuari
3364 996 3440 1063 (ut
3472 1010 3633 1064 supra

2039 1084 2149 1154 jam
2186 1085 2435 1155 diximus)
2466 1103 2531 1140 ex
2580 1087 2743 1141 rebus
2791 1102 2924 1156 quas
2974 1087 3122 1155 ipsa.
3147 1087 3537 1152 propositiones
3565 1087 3634 1141 si-

2044 1179 2326 1247 gniﬁcant,
2361 1181 2566 1248 integra
2600 1181 2953 1235 ratiocinandi
2985 1195 3171 1233 norma
3211 1179 3486 1245 diiudicat.
3529 1178 3636 1232 Illa:

2047 1285 2429 1340 natnqttequas
2450 1273 2820 1340 bypotheticas
2846 1271 2926 1325 \el
2952 1270 3343 1325 conditionalt-s
3361 1282 3635 1335 vocamus,

2047 1377 2110 1414 ea
2136 1362 2249 1428 ipsa
2281 1346 2589 1416 conditione
2620 1364 2723 1415 vim
2753 1365 3021 1431 prepriam
3059 1361 3296 1427 trahunt,
3331 1377 3437 1414 non
3463 1376 3528 1416 ex
3553 1361 3636 1416 his

2046 1467 2166 1520 quae
2211 1453 2532 1519 signiﬁcant.
2560 1446 2690 1507 Cum
2727 1457 2870 1507 enim
2900 1453 3043 1520 dico,
3078 1455 3122 1507 si
3171 1454 3330 1510 homo
3358 1460 3474 1517 est,
3521 1451 3638 1510 ani,

2049 1547 2152 1597 mal
2185 1556 2288 1607 est,
2317 1556 2370 1600 et
2398 1547 2443 1599 si
2475 1547 2610 1614 lapis
2633 1557 2734 1612 est,
2759 1549 2953 1601 animal
2987 1563 3092 1600 non
3115 1558 3217 1609 est,
3246 1547 3371 1600 illud
3406 1556 3490 1601 est
3507 1561 3637 1601 oon.

2048 1651 2306 1705 sequens,
2339 1638 2463 1691 illud
2499 1654 2799 1707 repugnans
2824 1681 2838 1704 ,
2871 1655 3036 1708 quare
3071 1656 3137 1694 ex
3171 1640 3554 1708 consequentia
3584 1649 3638 1697 et

365 1733 508 1788 tetici
545 1732 711 1785 nostri
743 1740 796 1784 et
843 1746 1026 1784 rasum
1062 1731 1112 1781 in
1144 1730 1304 1782 rebus
1337 1729 1464 1796 ipsis
1496 1728 1768 1782 fortuitum
1810 1727 1940 1780 danv
1972 1725 2022 1785 Β
2049 1733 2393 1798 repugnantia
2433 1733 2859 1798 prapositiomtm
2893 1743 2999 1786 tota
3053 1735 3103 1785 in
3141 1735 3506 1802 propositione
3556 1733 3638 1786 vis

368 1832 448 1878 tes
470 1865 484 1886 ,
518 1832 572 1875 et
604 1829 795 1888 pr;cter
827 1820 986 1872 ullam
1017 1821 1412 1880 necessitatem,
1447 1827 1503 1872 et
1527 1819 1757 1872 iibt‘l'lllll
1781 1832 1938 1885 'quo-

365 1928 464 1983 que
483 1912 781 1974 arbitrium,
803 1926 974 1974 neque
1002 1910 1052 1962 in
1077 1911 1420 1972 necessitate,
1441 1925 1614 1979 neque
1638 1913 1688 1964 in
1708 1923 1775 1963 eo
1797 1907 1940 1976 quod

365 2020 428 2059 ex
455 2004 769 2060 necessitate
801 2001 1013 2068 quidem
1042 2015 1149 2054 non
1191 2011 1295 2062 est,
1316 2015 1438 2052 onon
1485 2009 1663 2054 tamen
1703 1999 1756 2052 in
1788 1997 1942 2052 nobis

368 2105 450 2149 est
476 2103 534 2147 nt
558 2108 734 2156 casus,
764 2093 856 2147 sed
886 2093 936 2146 in
976 2093 1238 2147 clemione
1284 2092 1632 2162 indicationis
1671 2106 1724 2147 et
1753 2096 1943 2150 volun-

367 2187 490 2242 tatis
511 2186 904 2241 examinatione
933 2199 1186 2254 posuere.
1237 2185 1292 2240 lu
1325 2200 1390 2239 eo
1419 2196 1598 2240 autem
1647 2187 1792 2256 quod
1823 2201 1944 2254 pos-

364 2277 518 2332 sibile
538 2291 658 2331 esse
686 2276 909 2342 dicitur,
934 2284 1020 2331 est
1045 2277 1286 2345 quaedam
1318 2279 1458 2332 inter
1488 2263 1866 2347 peripatetica:
1888 2288 1944 2334 et

365 2390 421 2419 so
449 2383 558 2422 tcos
601 2369 869 2423 dissensio
893 2409 907 2431 ,
954 2384 1112 2436 quam
1148 2370 1249 2423 hoc
1294 2370 1451 2422 modo
1499 2371 1682 2437 paucis
1711 2371 1945 2425 absolvi-

367 2477 501 2515 mus.
537 2460 615 2515 llli
656 2463 795 2515 enim
839 2461 1108 2516 dilﬁniunt
1152 2462 1404 2530 possibile
1449 2477 1571 2518 esse
1600 2465 1743 2534 quod
1777 2465 1944 2530 possit

369 2553 502 2618 ﬁeri,
532 2563 582 2606 et
612 2553 752 2621 quod
801 2554 914 2608 ﬁeri
969 2555 1306 2622 prohibetur,
1341 2572 1446 2609 non
1476 2557 1577 2620 sit,
1614 2558 1714 2610 hoc
1751 2559 1817 2611 ad
1847 2573 1944 2612 no-

366 2653 525 2700 stram
554 2645 960 2712 possibilitatem
1006 2647 1212 2701 scilicet
1244 2648 1558 2711 reierentes.
1589 2658 1646 2702 ut
1674 2649 1814 2716 quod
1845 2665 1944 2704 nos

366 2754 676 2811 possumus,
713 2741 764 2794 id
816 2729 1072 2808 possibile
1101 2742 1394 2796 diceretur.
1435 2743 1760 2810 Quodvero
1788 2746 1944 2800 nobis

367 2833 688 2900 itnpos-ibile
713 2842 878 2895 esset,
914 2833 963 2887 id
997 2834 1250 2896 possibile
1279 2845 1560 2904 negarent.
1597 2836 1942 2904 Peripatetici

367 2937 536 2980 autem
582 2942 686 2979 non
717 2927 770 2979 in
803 2925 954 2979 nobis
983 2925 1100 2990 hoc,
1137 2927 1230 2980 sed
1273 2929 1325 2979 in
1358 2927 1470 2993 ipsa
1512 2939 1703 2982 natura
1739 2944 1942 2996 posue-

369 3027 506 3080 runt,
545 3025 599 3070 nt
626 3017 867 3084 quaedam
897 3019 966 3074 ita
996 3017 1268 3084 possibilia
1293 3028 1473 3072 essent
1507 3019 1646 3084 fieri,
1679 3030 1736 3073 ut
1757 3031 1944 3076 essent

2050 1822 2306 1872 Vertitur:
2339 1822 2481 1876 unde
2523 1811 2581 1875 ﬁt
2629 1833 2687 1876 ut
2736 1841 2844 1877 nou
2891 1824 3244 1892 signiﬁcatio,
3277 1824 3372 1879 sed
3403 1824 3640 1878 conditio

2049 1913 2376 1980 propositam
2410 1913 2876 1979 ltypotbeticarum
2917 1917 3347 1968 enuntiationum
3393 1917 3498 1968 vim
3541 1930 3638 1968 na-

2049 2009 2332 2066 turamque
2362 2003 2672 2056 constituat.
2723 2003 3089 2058 Praedicativne
3138 2021 3266 2060 vero
3311 2005 3638 2074 propositio-

2049 2106 2145 2144 nes
2189 2092 2275 2163 (ut
2313 2092 2514 2145 dictum
2562 2092 2669 2162 cst)
2699 2108 2762 2147 es
2797 2097 2957 2147 rebus
2996 2095 3360 2163 principaliter
3391 2097 3638 2149 substan.

2050 2182 2174 2234 tiam
2199 2193 2438 2235 summit.
2497 2185 2672 2253 Atque
2703 2185 2824 2237 ideo
2842 2187 3095 2254 quoniam
3125 2186 3370 2254 quaedam
3402 2203 3488 2240 res
3516 2197 3638 2246 sunt

2049 2279 2330 2345 praesentis
2362 2277 2642 2345 temporis,
2670 2279 2912 2345 quaedam
2947 2280 3226 2346 prarteriti,
3254 2281 3391 2332 sicut
3418 2290 3638 2347 eventus

2049 2369 2170 2437 ipse
2219 2384 2398 2422 rerum
2448 2369 2730 2437 praesentis
2754 2380 2862 2423 tem
2874 2392 2884 2437 ι
2905 2374 3014 2423 oris
3047 2370 3134 2424 vel
3166 2373 3420 2437 praeteriti
3453 2379 3636 2426 certus

2048 2471 2152 2524 est,
2203 2459 2275 2512 ita
2329 2474 2542 2530 queque
2585 2461 3047 2529 praedicativarum
3103 2463 3527 2530 prepositionutn
3571 2463 3639 2520 de

2050 2553 2337 2621 praeteritis
2362 2562 2418 2606 et
2459 2554 2816 2621 praesentibus
2870 2563 3016 2606 certa
3046 2554 3246 2607 veritas
3268 2595 3283 2618 ,
3330 2555 3640 2624 falsitasqtta

2047 2659 2150 2700 est.
2186 2645 2314 2699 Erat
2344 2655 2522 2700 autem
2569 2646 3013 2700 contradictionis
3060 2663 3146 2701 mo
3169 2652 3254 2701 ius
3285 2648 3481 2717 duplex
3501 2689 3518 2716 ,
3548 2657 3640 2706 aut

2047 2737 2190 2790 enim
2223 2737 2556 2792 universales
2581 2736 2989 2805 particularibus
3023 2741 3347 2807 angular'ner
3390 2755 3632 2808 oppone-

2048 2831 2276 2896 bantur,
2306 2842 2400 2885 aut
2431 2833 2715 2906 s‘ngularis
2745 2832 3070 2902 signiﬁcatio
3100 2835 3415 2888 al'tirmativa
3455 2838 3639 2906 singu~

2045 2921 2212 2976 larem
2245 2925 2580 2991 negationem
2602 2905 3013 2976 contradiczoria
3039 2925 3380 2991 appositione
3407 2942 3486 2993 pe;
3505 2928 3638 2982 itneo

2049 3011 2198 3066 bant.
2245 3014 2310 3066 Et
2355 3014 2410 3066 in
2454 3014 2537 3066 bis
2569 3028 2670 3066 una
2703 3028 2826 3067 vera
2857 3029 3090 3080 semper,
3121 3015 3293 3069 aLera
3327 3017 3455 3072 talsa
3479 3033 3636 3085 repe-

369 3108 641 3174 possibilia
667 3124 766 3161 non
795 3103 933 3167 ﬁeri.
963 3117 1039 3170 ut,
1067 3108 1204 3162 hune
1227 3108 1494 3163 calamum
1528 3112 1694 3179 frangi
1721 3111 1938 3180 quidem
1971 3085 2021 3152 α
2050 3105 2240 3159 riebat.
2281 3106 2340 3162 In
2380 3104 2460 3158 bis
2490 3116 2666 3157 autem
2694 3120 2813 3173 qum
2842 3117 3023 3159 essent
3047 3105 3362 3169 indeﬁnitte,
3398 3126 3501 3166 non
3538 3126 3637 3176 ne:

373 3187 623 3263 possibile
645 3207 740 3260 est,
771 3207 821 3252 et
850 3199 1009 3252 etiam
1045 3213 1146 3250 non
1181 3197 1371 3267 frangi,
1403 3208 1463 3252 et
1492 3199 1596 3254 hoe
1623 3218 1727 3254 non
1757 3202 1821 3255 ad
1845 3219 1942 3257 no-

371 3295 530 3337 stram
565 3286 967 3350 possibilitatem
1017 3287 1276 3351 referunt,
1305 3291 1397 3343 sed
1430 3291 1496 3343 ad
1543 3292 1709 3359 ipsius
1742 3293 1818 3347 rei
1849 3310 1945 3348 na-

339 3387 559 3431 turam.
618 3378 711 3432 Cui
765 3381 1044 3435 sententiae
1074 3384 1341 3441 contraria
1391 3394 1474 3436 est
1521 3385 1611 3438 illa
1641 3401 1761 3453 quae
1812 3387 1944 3441 dicit

369 3471 542 3523 omnia
575 3471 680 3535 lato
712 3472 855 3538 ﬁeri,
880 3475 1032 3540 cujus
1062 3474 1226 3529 Stoici
1279 3487 1526 3530 auctores
1577 3489 1725 3530 sont.
1783 3480 1938 3546 Quod

373 3563 514 3616 enim
558 3562 669 3618 fato
699 3564 788 3628 ﬁt,
819 3579 884 3619 ex
925 3566 1302 3634 principalibus
1330 3568 1507 3621 causis
1530 3571 1724 3623 evenit.
1760 3571 1865 3624 Sed
1897 3572 1940 3629 si

372 3652 437 3702 ita
463 3661 545 3706 est
568 3652 687 3716 hoc,
719 3654 860 3721 quod
895 3671 999 3708 non
1025 3656 1130 3718 ﬁat,
1162 3637 1266 3708 non
1299 3664 1474 3723 potest
1497 3662 1810 3725 permutari.
1831 3660 1944 3714 Nos

300 3748 304 3750 ’
373 3751 546 3798 autem
581 3742 656 3808 ita
695 3744 918 3800 dicimus
949 3749 1188 3815 quaidant
1236 3763 1357 3801 es~e
1381 3749 1651 3816 possibilia
1697 3752 1812 3805 ﬁeri
1839 3792 1853 3816 ,
1885 3764 1945 3805 ut

371 3836 559 3890 eadem
608 3836 712 3888 sint
759 3838 916 3889 etiam
971 3839 1236 3904 possibilia
1285 3855 1388 3902 non
1418 3841 1566 3904 ﬁeri,
1614 3842 1714 3896 hoc
1741 3858 1844 3896 non
1877 3858 1944 3897 ex

285 3970 288 3972 .
374 3926 718 3993 necessitate,
775 3942 872 3980 nec
910 3942 971 3982 ex
1005 3930 1351 3996 possibilitate
1401 3943 1582 3987 nostra
1635 3935 1943 3990 metientes.

378 4019 470 4072 tn.-
499 4019 658 4087 igitur
678 4019 934 4084 expeditis
962 4021 1083 4073 illud
1106 4022 1302 4078 addere
1324 4024 1576 4088 sufﬁciat,
1607 4004 1709 4080 hoe
1735 4027 1949 4080 Aristo-

375 4109 465 4162 teli
497 4111 657 4166 tisotn
683 4108 740 4160 in
769 4110 1032 4165 sententia
1056 4121 1108 4165 et
1146 4113 1424 4182 disciplina
1454 4117 1738 4178 retinenti,
1791 4118 1948 4171 facile

375 4197 539 4251 fuisse
567 4199 982 4268 contingentium
1026 4203 1446 4270 propositionum
1478 4207 1692 4261 modum
1721 4207 1786 4261 de
1806 4206 1949 4260 futu-

376 4294 450 4343 ris
478 4290 780 4354 ostendere,
817 4292 865 4344 id
896 4303 978 4346 est
999 4296 1274 4364 aequaliter
1304 4312 1361 4350 se
1401 4296 1601 4352 habere
1629 4297 1682 4352 in
1715 4298 1950 4351 afﬁrma-

378 4381 518 4446 tione
550 4391 604 4434 et
633 4385 876 4450 negation
901 4404 932 4450 ι,
957 4395 1010 4439 ει
1042 4387 1094 4438 in
1128 4396 1350 4456 utraque
1376 4399 1524 4456 parte
1550 4389 1745 4444 facere.
1774 4393 1950 4461 Atque

2049 3211 2200 3250 (36:58
2227 3200 2342 3250 erat
2386 3211 2544 3249 unam
2583 3210 2762 3248 veram
2791 3211 2929 3254 esse,
2957 3197 3176 3252 alteram
3207 3197 3390 3252 falsam
3412 3243 3424 3265 ,
3460 3199 3551 3254 sed
3584 3201 3637 3258 in

2048 3291 2167 3355 bis,
2201 3293 2262 3342 in,
2295 3289 2490 3358 quibus
2519 3289 2717 3344 veritas
2747 3298 2802 3343 et
2835 3289 3037 3344 falsitas
3071 3290 3424 3344 dividebatur.
3460 3291 3513 3345 ln
3557 3294 3639 3348 bis

2047 3397 2154 3435 non
2182 3381 2356 3437 solum
2387 3396 2488 3438 una
2520 3395 2640 3435 vera
2671 3395 2883 3447 semper
2911 3391 3012 3441 est,
3046 3383 3213 3436 altera
3244 3397 3458 3451 setnper
3483 3383 3634 3451 falsa,

2049 3473 2102 3528 in
2137 3474 2409 3539 prmtcrito
2441 3471 2645 3526 scilicet
2685 3480 2739 3524 et
2770 3474 2820 3524 in
2869 3474 3160 3541 praesenti,
3214 3475 3311 3527 sed
3335 3477 3494 3529 etiam
3537 3492 3639 3534 una

2048 3574 2250 3618 certant
2279 3573 2336 3617 et
2363 3563 2636 3617 delinitam
2670 3564 2947 3617 veritatem
2983 3568 3197 3633 retinet,
3229 3576 3430 3620 certam
3463 3579 3517 3622 et
3546 3569 3639 3626 de-

2053 3654 2253 3708 linitam
2285 3655 2454 3708 altera
2505 3655 2814 3708 falsitatem.
2861 3655 2913 3707 In
2949 3654 3032 3708 his
3060 3667 3236 3709 autent
3269 3672 3388 3726 qua:
3431 3667 3558 3726 sunt
3585 3660 3640 3714 itt

2053 3744 2262 3806 futuro,
2323 3746 2368 3801 si
2421 3745 2737 3799 necessaria:
2783 3743 2999 3813 quidem
3060 3747 3447 3814 propOsitiones
3481 3762 3639 3818 sunt,

2051 3835 2483 3891 licetsecundum
2517 3847 2726 3902 tempus
2758 3835 2990 3888 futurum
3017 3837 3283 3899 dicantur,
3317 3855 3539 3894 necesse
3559 3847 3643 3899 est

2050 3936 2231 3982 tamen
2257 3941 2361 3980 non
2395 3922 2554 3980 medi)
2589 3940 2747 3979 unam
2779 3940 2958 3998 veram
2991 3939 3132 3988 esse,
3163 3927 3384 3979 alteram
3415 3929 3639 3992 falsam,

2053 4019 2147 4073 sed
2174 4020 2336 4072 etiam
2362 4032 2532 4070 unam-
2563 4016 2785 4069 deﬁnite
2809 4030 3011 4077 veram,
3041 4015 3268 4068 alterum
3297 4015 3486 4070 falsam
3509 4020 3642 4072 deli-

2056 4111 2188 4164 nile.
2227 4111 2356 4162 Cum
2380 4108 2502 4162 dico
2522 4151 2535 4173 ,
2569 4107 2648 4160 sol
2668 4109 2768 4160 hoc
2797 4123 2938 4163 anno
2961 4122 3127 4161 verno
3149 4117 3390 4176 tempore
3418 4109 3469 4160 in
3494 4109 3643 4164 Arie-

2058 4213 2166 4258 tem
2193 4213 2446 4257 venturus
2467 4213 2580 4267 est,
2615 4201 2656 4254 si
2691 4201 2790 4254 hoc
2826 4202 2961 4255 alius
2993 4213 3168 4272 neget,
3199 4217 3306 4256 non
3335 4181 3504 4256 solum
3538 4216 3643 4256 una

2058 4311 2184 4351 vera
2217 4305 2320 4361 est,
2353 4296 2520 4350 altera
2551 4296 2700 4359 talea,
2725 4295 2817 4348 sed
2851 4294 3011 4348 etiam
3042 4293 3093 4348 in
3117 4296 3219 4349 hoc
3247 4310 3370 4349 vera
3393 4304 3477 4349 est
3495 4291 3644 4346 affir-

2063 4391 2227 4459 matio
2249 4389 2492 4453 deﬁnite,
2523 4390 2652 4444 falsa
2673 4389 2900 4456 negatio.
2919 4388 3021 4441 Sed
3051 4390 3362 4460 Aristoteles
3384 4403 3486 4440 ηοω
3512 4388 3647 4448 solet
3694 4379 3699 4388 ’

379 4473 498 4528 ideo
520 4477 922 4531 determinatam
950 4485 1174 4534 eventus
1199 4453 1557 4536 constantiam
1589 4499 1692 4537 nou
1725 4453 1951 4553 habere,
1980 4453 2036 4516 D
2061 4483 2150 4536 illa
2181 4483 2352 4552 futura
2400 4496 2590 4534 vocare
2617 4497 2738 4548 quia
2787 4492 2910 4533 sunt
2966 4481 3300 4544 necessaria,
3343 4481 3436 4534 sed
3471 4499 3502 4550 p
3541 4483 3648 4538 tius

379 4569 575 4635 quodni
624 4571 905 4643 itaesset,
932 4575 1109 4626 omnia
1155 4591 1223 4628 ex
1272 4579 1592 4632 necessitate
1619 4579 1734 4633 ﬁeri
1766 4581 1954 4636 crede-

380 4667 586 4720 rentur,
611 4659 745 4724 quod
781 4661 972 4715 melius
1005 4663 1230 4730 liquebit
1255 4681 1376 4718 cntn
1417 4667 1481 4720 ad
1509 4668 1619 4735 ipsa
1648 4669 1958 4726 Aristotelis

379 4747 540 4800 verba
568 4753 889 4807 Venerimus.
924 4751 1038 4806 Non
1079 4763 1258 4810 autem
1294 4757 1632 4814 incommode
1660 4777 1834 4832 neque
1878 4764 1973 4828 ing

378 4851 614 4906 congrue
649 4841 964 4898 Aristoteles
1013 4845 1079 4898 de
1109 4846 1269 4900 rebus
1321 4849 1605 4906 altioribus
1627 4861 1682 4906 et
1727 4853 1962 4912 fortass.

381 4943 484 4981 nox
521 4933 908 4997 prementibus
946 4935 1009 4990 ad
1058 4947 1229 4992 artem
1280 4940 1500 5007 logicam
1541 4942 1959 5012 disputationem

382 5023 678 5090 ll‘uttSlttlit,
709 5041 827 5078 cum
851 5026 916 5080 de
941 5030 1392 5096 propositionibus
1424 5031 1749 5100 loqueretur.
1779 5035 1964 5104 Neque

379 5115 525 5168 enim
578 5125 722 5172 esset
770 5119 976 5174 ﬁrmam
1027 5125 1404 5180 ret-titudinem
1450 5137 1502 5179 et
1546 5126 1958 5193 signiﬁcantiam

380 5209 806 5275 propositionum
831 5214 1184 5278 constituere,
1206 5219 1307 5271 nisi
1327 5219 1464 5272 hanc
1486 5233 1550 5272 ex
1569 5218 1728 5272 rebus
1751 5220 1822 5273 ita
1838 5235 1961 5275 esse

380 5300 737 5366 probavisset.
797 5300 1161 5360 Pratdicativae
1217 5307 1361 5362 enim
1424 5309 1814 5375 propositiones
1859 5311 1959 5380 (ut

378 5391 580 5444 dictum
602 5391 706 5459 est)
731 5407 837 5450 non
859 5394 922 5458 in
951 5396 1292 5453 sermonibus
1311 5414 1486 5466 neque
1509 5399 1560 5452 in
1585 5399 1960 5468 complexione

377 5483 854 5553 girmtlicatiounm,
907 5486 1001 5538 sed
1052 5481 1315 5544 inserunt
1367 5489 1759 5557 signiﬁcatione
1789 5492 1964 5546 anisi.-

380 5581 556 5628 stuut.
587 5573 768 5638 Quare
815 5576 1064 5631 omnibus
1089 5593 1209 5645 quae
1249 5564 1582 5645 pra-dicenda
1613 5593 1762 5636 erant
1790 5583 1967 5650 expli-

383 5663 542 5726 citis.
598 5663 666 5718 ad
720 5664 888 5729 ipsius
941 5666 1249 5724 Aristotelis
1302 5672 1593 5727 sententias
1649 5673 1965 5738 aperieudas

2062 4589 2182 4644 quae
2208 4572 2316 4628 sint
2344 4572 2731 4640 eontingentia.
2779 4569 3160 4638 Contiogentia
3191 4581 3370 4625 autem
3403 4584 3526 4626 sunt
3569 4575 3648 4641 (ut

2064 4681 2224 4736 supra
2271 4663 2535 4734 diximus)
2583 4679 2918 4733 quaecunque
2947 4664 3028 4716 vel
3059 4664 3124 4716 ad
3155 4678 3310 4728 esse,
3339 4667 3418 4719 vel
3451 4681 3553 4718 non
3581 4667 3647 4720 ad

2065 4772 2184 4814 esse
2213 4756 2490 4826 equaliter
2518 4769 2638 4810 sese
2668 4755 2886 4816 habent,
2919 4763 2974 4807 et
3003 4754 3142 4808 sicut
3169 4756 3280 4823 ipsa
3308 4756 3649 4813 indefinitum

2064 4850 2264 4906 habent
2310 4857 2366 4903 et
2412 4862 2534 4902 esse
2559 4856 2612 4902 et
2643 4861 2748 4900 non
2778 4860 2933 4909 esse,
2966 4847 3036 4898 ita
3063 4861 3169 4915 quo
3189 4863 3275 4914 me
3301 4848 3366 4901 de
3398 4849 3479 4902 his~
3505 4851 3650 4902 nttir-

2069 4945 2331 4998 mationes
2359 4953 2414 4996 et
2437 4942 2753 5009 negationes
2779 4939 3110 4994 indi-ﬁnitam
3145 4941 3342 4995 habent
3370 4942 3648 4994 veritatrm

2068 5037 2149 5090 vel
2179 5013 2486 5099 falsitatem,
2514 5047 2634 5088 cum
2667 5047 2768 5086 una
2794 5047 3009 5100 semper
3032 5047 3153 5086 vera
3199 5035 3303 5098 sit,
3332 5048 3544 5100 semper
3565 5033 3649 5085 al-

2065 5136 2180 5182 tera
2212 5123 2364 5192 falsa,
2389 5126 2482 5180 sed
2506 5140 2624 5193 qua;
2649 5141 2774 5179 vera
2806 5126 2892 5184 sit,
2927 5141 3115 5193 (μιξενέ
3145 5125 3296 5188 falsa,
3328 5125 3562 5178 nondunt
3595 5127 3648 5181 in

2069 5219 2502 5287 contingentibus
2544 5227 2726 5271 notum
2770 5227 2872 5272 est.
2904 5216 3037 5270 Nam
3077 5216 3215 5269 sicut
3242 5233 3358 5284 quae
3391 5227 3514 5271 sunt
3557 5234 3650 5273 ne-

2071 5313 2301 5365 cessaria
2357 5323 2498 5375 esse,
2562 5311 2612 5362 iu
2656 5306 2739 5360 liis
2789 5322 2908 5361 esse
2954 5308 3230 5360 deﬁnitum
3276 5317 3380 5372 est,
3408 5325 3527 5376 qtite
3557 5325 3651 5364 au-

2072 5411 2324 5458 tetnsunt
2345 5402 2692 5472 impossibilia
2719 5415 2864 5462 esse,
2888 5398 2941 5452 in
2975 5399 3056 5452 his
3087 5415 3188 5450 non
3219 5415 3338 5454 esse
3369 5401 3648 5456 deﬁnitum

2071 5501 2172 5561 est,
2223 5497 2290 5547 ita
2337 5507 2548 5563 quoque
2578 5500 2697 5561 quae
2745 5499 2968 5559 possunt
3012 5505 3146 5552 esse,
3183 5500 3238 5543 et
3274 5505 3494 5560 possunt.
3544 5512 3651 5552 non

2073 5600 2214 5650 esse,
2245 5586 2298 5638 in
2344 5587 2425 5637 his
2451 5598 2626 5650 neque
2649 5597 2769 5636 esse
2791 5625 2803 5647 ,
2839 5597 3013 5650 neque
3042 5597 3146 5634 non
3195 5597 3319 5638 esse
3347 5599 3426 5639 est
3459 5588 3651 5643 deﬁni-

2075 5683 2208 5736 tum.
2235 5673 2332 5730 sed
2363 5677 2562 5730 veritas
2585 5682 2641 5730 et
2669 5673 2872 5730 falsitas
2902 5690 2966 5730 ex
2995 5689 3060 5730 eo
3099 5674 3239 5742 quod
3271 5686 3350 5730 est
3384 5694 3504 5734 esse
3533 5687 3603 5738 lei
3633 5717 3648 5749 ,
