4270 6266
624 423 726 480 ιθε

1844 413 1953 467 ΑΝ.
1989 411 2193 465 ΜΑΝι.
2238 409 2390 464 SEV.
2433 409 2656 464 BOETﬂ

3779 408 3873 465 ωε,

622 550 671 593 et
702 556 765 593 ex
793 552 858 591 eo
883 533 1019 603 quod
1064 541 1143 584 est
1191 545 1294 583 non
1342 542 1460 583 esse
1491 528 1569 582 rei
1597 528 1843 582 sumitur.
1875 528 2005 581 Nam
2052 529 2094 581 si
2122 529 2194 580 sit
2218 527 2273 588 Α
2296 526 2477 591 bitrio,
2531 533 2590 579 ut
2617 518 2757 595 quod
2791 540 3003 593 possum
3034 533 3089 579 et
3114 526 3250 581 velle
3282 532 3332 578 et
3362 538 3465 578 non
3498 524 3659 587 velle,
3687 537 3752 575 an
3779 536 3869 579 ve-

622 630 762 699 quod
789 627 1003 687 dicitur,
1028 638 1212 676 verum
1238 631 1341 685 est,
1374 622 1418 674 si
1450 637 1554 674 non
1582 622 1651 674 sit
1674 622 1811 689 quod
1840 621 2035 675 dicitur
2054 662 2067 683 ,
2104 622 2202 674 fal-

622 733 737 771 sum
769 724 868 769 est.
904 715 1067 780 Igitur
1100 713 1152 767 in
1183 712 1614 781 contingentibus
1643 719 1700 765 et
1733 713 1923 765 futuris
1954 712 2091 765 sicut
2122 713 2200 780 ip-

622 824 737 861 sum
765 822 885 859 esse
914 814 967 859 et
1009 820 1114 858 non
1162 820 1280 859 esse
1321 804 1569 858 instabile
1597 813 1698 857 est.
1748 804 1877 858 Esse
1909 813 2083 857 tamen
2111 812 2201 857 aut

620 916 724 952 non
770 912 889 951 esse
918 910 1137 951 necesse
1165 906 1264 949 est.
1300 895 1375 948 lta
1428 909 1640 963 quoque
1672 896 1723 947 in
1753 894 2202 957 affirmationibus

621 1008 664 1041 ea
692 990 986 1054 ntingentia
1019 986 1388 1054 prodentibus,
1419 986 1616 1037 veritas
1645 984 1857 1053 quidem
1902 994 1955 1037 et
2001 982 2201 1037 falsitas
2244 1030 2255 1043 ,

621 1086 671 1133 in
701 1082 905 1133 incerto
935 1088 1035 1132 est.
1072 1078 1198 1141 Quae
1227 1079 1367 1129 enim
1423 1091 1547 1130 vera
1589 1076 1678 1141 sit,
1708 1090 1825 1144 qua:
1853 1075 1979 1127 falsa
2010 1088 2201 1128 secun-

618 1172 741 1223 dum
776 1171 1005 1237 ipsarum
1037 1168 1463 1235 propositionum
1507 1174 1752 1218 naturam
1779 1165 2079 1233 ignoratur,
2105 1177 2203 1217 ne-

623 1277 773 1315 cesse
804 1270 886 1314 est
925 1272 1101 1311 tamen
1133 1272 1290 1310 uuam
1324 1272 1505 1309 veram
1549 1270 1699 1320 esse,
1730 1257 1950 1308 alteram
1988 1254 2200 1307 falsam.

620 1353 946 1422 Porphyrius
972 1358 1145 1404 tamen
1190 1347 1431 1415 quoniam
1464 1350 1531 1400 de
1563 1346 1736 1399 Stoica
1770 1344 2051 1399 dialectica
2074 1358 2200 1408 per-

624 1447 839 1507 miscet,
883 1456 1001 1510 quae
1053 1456 1171 1493 cum
1207 1439 1407 1492 Latinis
1436 1438 1653 1491 auribus
1693 1444 1817 1489 nota
1844 1452 1947 1490 non
1979 1436 2069 1498 sit,
2104 1448 2202 1489 nec

622 1538 721 1589 hoc
744 1536 911 1602 ipsum
941 1532 1080 1601 quod
1119 1532 1169 1583 in
1201 1530 1495 1596 quaestione
1518 1528 1662 1581 venit
1682 1528 2014 1595 agnuscitur,
2047 1534 2204 1593 atque

620 1626 741 1679 ideo
764 1625 852 1678 illa
872 1623 1047 1675 studio
1072 1621 1560 1688 praetermittemus.

872 1716 958 1769 DE
1000 1712 1289 1767 FUTURlS
1328 1708 1944 1765 CONTINGENTIBUS.

692 1810 756 1863 In
776 1807 1117 1879 singularibus
1142 1821 1254 1857 vero
1280 1814 1327 1857 et
1357 1804 1546 1872 futuris
1566 1818 1666 1854 non
1696 1802 1955 1855 similiter.
1991 1800 2131 1853 Nam
2155 1803 2201 1856 si

2304 620 2391 673 lim
2424 620 2522 674 boc
2544 629 2825 688 antequam
2849 619 2937 672 fiat
2969 620 3227 672 incertum
3260 628 3360 671 est.
3394 619 3466 669 Ex
3501 614 3867 682 possibilitate,

2302 710 2441 778 quod
2470 726 2588 765 cum
2625 710 2738 764 ﬁeri
2772 711 2960 777 possit,
2991 718 3046 764 et
3083 724 3184 763 non
3220 710 3333 762 fieri
3393 712 3578 775 pOSsll,
3634 710 3682 760 id
3728 720 3871 760 aute-

2301 816 2456 869 quam
2489 805 2577 854 tiat
2604 802 2743 870 quod
2772 810 2995 868 utroque
3025 803 3181 853 modo
3236 809 3408 869 potest
3440 800 3573 863 fieri,
3614 809 3871 852 incertum

2303 893 2390 947 sit.
2413 890 2641 959 [deoque
2666 907 2784 946 cras
2812 891 3059 947 Socrates
3088 891 3453 959 disputaturus
3499 899 3581 943 est
3628 890 3679 942 in
3714 889 3874 957 palae-

2303 994 2433 1045 stra,
2463 983 2777 1050 contingens
2817 992 2917 1044 est,
2949 983 3090 1051 quod
3121 982 3222 1035 boc
3247 997 3311 1034 ex
3344 981 3509 1033 libero
3554 981 3697 1034 venit
3726 980 3873 1033 arbi-

2305 1074 2425 1129 trio.
2471 1074 2608 1144 Ergo
2631 1075 2681 1128 in
2712 1076 3011 1144 hujusmodi
3052 1074 3477 1141 contingentibus
3518 1074 3562 1127 si
3608 1074 3659 1126 iu
3692 1072 3875 1126 futuro

2304 1182 2404 1220 una
2428 1181 2639 1234 semper
2658 1182 2782 1220 vera
2807 1178 2908 1227 est,
2933 1166 3098 1219 altera
3120 1181 3329 1233 semper
3355 1165 3502 1228 falsa,
3531 1174 3584 1218 et
3605 1179 3707 1217 una
3737 1163 3874 1217 deli-

2306 1258 2411 1311 nite
2436 1272 2578 1321 vera,
2605 1258 2771 1310 altera
2803 1258 2932 1310 falsa
2955 1257 3192 1319 delinite,
3224 1268 3275 1311 et
3300 1272 3387 1311 res
3411 1256 3586 1310 verbis
3614 1269 3873 1322 congrue-

2304 1359 2443 1411 rent,
2474 1350 2650 1401 omnia
2680 1362 2898 1402 uecesse
2925 1358 3006 1401 e~t
3028 1363 3165 1408 esse.
3212 1350 3292 1400 Vel
3338 1363 3439 1401 non
3468 1363 3607 1411 esse,
3637 1358 3688 1399 et
3716 1347 3874 1415 quid-

2304 1437 2429 1507 quid
2454 1438 2511 1491 ῆι
2536 1453 2601 1491 ex
2630 1439 2950 1493 necessitate
2974 1440 3050 1504 lit,
3076 1449 3129 1492 et
3151 1439 3282 1490 nihil
3314 1454 3487 1506 neque
3516 1437 3765 1505 possibile
3796 1444 3875 1492 ist

2303 1542 2442 1591 esse,
2470 1529 2607 1597 quod
2633 1528 2887 1597 pussibile
2908 1534 2977 1582 sit
3005 1544 3110 1582 non
3133 1544 3274 1594 esse,
3320 1545 3491 1596 neque
3521 1528 3743 1583 liberum
3774 1529 3874 1585 erit

2302 1619 2604 1685 arbitrium,
2636 1634 2808 1687 neque
2830 1618 2881 1671 in
2912 1618 3072 1673 rebus
3094 1620 3231 1677 ullos
3258 1635 3411 1672 casus
3439 1620 3563 1685 erit,
3609 1620 3662 1672 in
3694 1620 3871 1671 omni-

2303 1709 2402 1763 bus
2431 1715 2749 1763 necessitate
2782 1710 3111 1765 domiuante.
3149 1712 3202 1763 ln
3228 1712 3307 1764 his
3332 1727 3577 1779 namque,
3630 1712 3677 1763 id
3710 1720 3791 1764 est
3818 1711 3871 1764 in

2303 1802 2663 1870 singularibus
2689 1803 3195 1857 contradictionibus
3227 1819 3404 1856 verum
3433 1806 3609 1856 uicere
3648 1812 3873 1869 uterque

618 1905 781 1957 omnis
829 1901 1100 1969 allii-matio
1136 1896 1208 1949 vel
1262 1898 1498 1965 negatio,
1548 1909 1664 1945 vera
1705 1888 1789 1946 'vel
1817 1893 1952 1960 [also
1988 1900 2063 1944 est
2088 1930 2104 1956 ,
2150 1902 2198 1945 et
2225 1910 2274 1969 Β
2305 1910 2409 1948 non
2454 1904 2649 1963 potest.
2691 1893 3133 1950 Contradictoriae
3178 1896 3319 1947 enim
3360 1906 3511 1948 erant
3554 1910 3670 1962 quae
3713 1894 3871 1949 simul

619 2013 763 2049 oume
811 2009 1009 2046 necesse
1054 2003 1125 2044 est
1152 1991 1225 2041 vel
1255 2006 1391 2050 esse,
1423 1989 1615 2041 velnon
1641 2003 1769 2040 esse.
1818 1986 1991 2051 Quare
2032 1988 2076 2039 si
2118 1986 2201 2037 hic

618 2086 818 2155 quidem
848 2084 985 2136 dicat
1014 2084 1241 2149 futuram
1272 2080 1491 2147 aliquid,
1526 2079 1613 2130 illc
1648 2094 1763 2130 vero
1810 2092 1908 2127 non
1940 2076 2074 2127 dicat
2107 2078 2201 2127 hoc

618 2179 751 2230 idem
779 2180 978 2245 ipsum,
1014 2174 1339 2239 manifestum
1366 2177 1476 2232 est,
1507 2166 1747 2233 quoniam
1788 2180 1989 2217 necesse
2018 2174 2092 2217 est
2120 2180 2203 2217 ve-

618 2284 731 2320 rum
761 2268 927 2317 dicere
953 2266 1170 2316 alterum
1198 2264 1420 2331 ipsorum
1448 2258 1493 2311 si
1521 2258 1683 2310 omnis
1714 2256 1981 2324 oﬂirmatio
2018 2256 2093 2307 vel
2115 2271 2201 2308 ne-

616 2362 753 2431 gatio
778 2375 915 2421 vera,
940 2358 1016 2410 vel
1038 2357 1169 2425 falsa
1207 2364 1300 2418 est,
1335 2363 1557 2419 utraeque
1585 2351 1716 2402 enim
1749 2364 1848 2401 non
1875 2358 2019 2399 erunt
2048 2348 2201 2401 simul

617 2450 670 2504 in
700 2452 905 2503 talibus.
945 2449 1081 2499 [iam
1101 2448 1144 2499 si
1178 2460 1345 2497 verum
1369 2452 1439 2495 est
1473 2442 1638 2493 dicere
1664 2440 1912 2507 quoniam
1934 2448 2006 2491 est
2027 2438 2200 2490 album

617 2544 692 2597 vel
720 2560 822 2595 non
850 2542 1019 2593 album
1038 2579 1052 2602 ,
1091 2553 1290 2589 necesse
1328 2544 1402 2587 est
1431 2537 1601 2587 album
1626 2549 1750 2594 esse,
1772 2533 1847 2584 vel
1872 2548 1971 2585 non
2001 2531 2197 2584 album.

618 2634 685 2689 Et
710 2636 754 2687 si
781 2644 854 2686 est
882 2634 1054 2684 album
1086 2632 1157 2682 vel
1189 2645 1288 2680 non
1319 2628 1511 2691 album,
1536 2640 1708 2678 verum
1741 2634 1814 2678 est
1843 2626 2198 2697 vela/ﬁrmare

618 2730 692 2781 vel
720 2742 925 2796 negare,
956 2734 1003 2779 et
1020 2724 1062 2775 si
1085 2739 1186 2775 non
1227 2730 1316 2783 est,
1349 2718 1619 2771 mentitur:
1660 2726 1705 2768 et
1735 2717 1779 2768 si
1808 2732 1909 2768 non
1941 2719 2197 2782 mentitur,

618 2838 720 2876 non
745 2830 836 2873 est.
879 2820 1048 2884 Quare
1075 2830 1273 2867 necesse
1293 2825 1362 2865 est
1393 2820 1480 2863 aut
1505 2810 1915 2879 aﬂirmationem,
1940 2817 2027 2860 aut
2048 2825 2202 2880 nega-

618 2919 800 2969 tionem
828 2927 992 2966 vsrom
1024 2926 1129 2962 esse
1176 2909 1248 2960 vel
1300 2907 1505 2975 falsam.
1548 2901 1697 2954 Nihil
1746 2917 1863 2970 ergo
1896 2917 2055 2966 neque
2085 2912 2154 2953 est
2180 2938 2196 2963 ,

616 3030 772 3083 neque
814 3012 871 3079 ﬁt
893 3051 905 3073 ,
950 3023 1110 3075 neque
1139 3022 1259 3058 casu
1290 3020 1444 3071 neque
1475 3002 1790 3065 utrumlibet,
1825 3015 1915 3052 nec
1938 3001 2032 3051 erit
2059 3040 2073 3063 ,
2108 3015 2200 3052 nec

615 3126 716 3164 non
760 3110 884 3171 erit,
921 3107 1008 3159 sed
1039 3120 1103 3157 ex
1141 3103 1433 3154 necessitate
1470 3100 1637 3152 omnia
1673 3108 1718 3151 et
1751 3115 1849 3151 non
1883 3099 2195 3150 utrumlibet.

616 3204 714 3255 Aut
763 3201 896 3253 enim
942 3190 1027 3265 qui
1057 3196 1176 3248 dicit
1203 3210 1345 3245 verus
1375 3202 1469 3257 est,
1501 3202 1591 3244 aut
1623 3192 1708 3258 qui
1742 3200 1888 3257 negat
1918 3206 1937 3244 .'
1966 3191 2200 3243 similiter

616 3295 746 3346 enim
775 3291 852 3343 vel
880 3291 1039 3356 ﬁeret,
1072 3288 1149 3337 vel
1180 3301 1280 3337 non
1332 3285 1492 3349 ﬁeret.
1917 3276 1927 3286 ’

689 3381 944 3435 Cemims
985 3393 1104 3431 es-e
1148 3375 1599 3429 contradictiones
1648 3374 1700 3426 in
1746 3372 2198 3441 propositionibus

616 3484 774 3539 supra
800 3470 907 3535 jam
962 3466 1162 3519 dictum
1219 3475 1330 3526 est,
1364 3474 1418 3517 et
1444 3478 1585 3516 nunc
1626 3478 1841 3531 quoque
1862 3478 2195 3517 commemo-

615 3571 718 3625 rat,
751 3559 1012 3626 inquibus
1042 3569 1263 3609 necesse
1293 3566 1377 3608 est
1408 3570 1565 3608 unam
1600 3569 1777 3608 veram
1801 3568 1942 3619 esse,
1972 3554 2194 3607 alteram

616 3655 822 3715 falsam;
857 3650 949 3703 sed
972 3663 1031 3701 ea
1074 3661 1191 3715 quae
1221 3646 1465 3698 dicentur
1494 3647 1561 3699 de
1583 3645 1775 3697 futuris
1800 3652 1855 3697 et
1882 3643 2195 3710 contingen-

615 3742 756 3795 tibus
790 3739 977 3799 melius
1008 3736 1404 3803 intelligantur,
1450 3736 1491 3787 si
1542 3734 1611 3787 de
1647 3734 1730 3786 his
1759 3734 2192 3801 contingentibus

615 3833 912 3902 loquamur,
945 3844 1065 3898 qure
1110 3826 1162 3879 in
1214 3826 1465 3894 singulari
1513 3825 1942 3879 contradictione
2000 3840 2191 3892 prove-

614 3926 786 3980 niunt.
816 3923 909 3975 Est
939 3920 1078 3974 enim
1112 3919 1488 3972 universalium
1522 3918 1797 3987 angularis
1834 3918 2191 3971 contradictio

614 4020 667 4071 in
695 4013 1122 4083 contingentibus
1156 4012 1479 4079 hujusmodi.
1512 4012 1643 4065 Cras
1669 3996 1859 4065 omnes
1890 4012 2190 4064 Athenien-

612 4124 698 4163 ses
747 4108 885 4161 bello
935 4104 1105 4157 navali
1152 4104 1433 4172 pugnaturi
1475 4112 1615 4156 sunt.
1666 4103 1799 4157 Cras
1847 4117 1952 4155 non
2002 4117 2191 4158 omnes

614 4198 966 4261 Atheuienses
1017 4194 1156 4245 bello
1213 4194 1386 4246 navali
1436 4194 1717 4261 pugnaturi
1771 4203 1911 4245 sunt.
1964 4193 2019 4247 In
2086 4197 2193 4246 sin-

611 4258 882 4357 gularibus
936 4294 1111 4336 autem
1146 4284 1265 4334 talis
1320 4292 1439 4338 est:
1489 4281 1620 4337 Cras
1659 4284 1908 4338 Socrates
1940 4285 1992 4337 in
2026 4286 2186 4352 pals:-

614 4374 721 4436 ms
752 4387 1078 4448 pugnaturus
1116 4383 1217 4427 est.
1268 4374 1399 4427 Cras
1448 4374 1699 4429 Socrates
1740 4376 1789 4427 in
1817 4377 2062 4444 palcestra
2097 4393 2189 4440 pu-
2228 4416 2229 4419 η

608 4484 860 4539 gnaturus
890 4485 991 4520 non
1019 4469 1123 4537 est,
1157 4466 1269 4519 Non
1300 4474 1477 4518 autem
1531 4473 1738 4532 oportet
1794 4468 2036 4532 ignorare
2083 4480 2185 4520 non

609 4576 726 4615 esse
756 4562 998 4615 similiter
1044 4561 1413 4626 contingentes
1454 4555 1550 4609 has
1579 4571 1697 4624 qua:
1729 4554 1910 4609 dicunt
1939 4555 2187 4625 Socrates

588 4654 889 4717 .morietur,
934 4662 987 4706 et
1008 4652 1257 4705 Socrates
1288 4664 1390 4703 non
1422 4648 1699 4712 morietur,
1728 4658 1781 4700 et
1811 4648 1927 4703 illas
1957 4664 2075 4718 quae
2105 4650 2187 4704 di-

609 4755 758 4809 cunt,
792 4743 1040 4797 Socrates
1064 4744 1320 4795 morietur
1343 4753 1481 4805 cras,
1517 4739 1765 4793 Socrates
1796 4754 1900 4793 non
1926 4744 2186 4797 morietur

608 4850 746 4887 cras.
782 4835 887 4887 Illa:
917 4834 1057 4892 enim
1087 4833 1388 4901 superiores
1440 4831 1658 4885 omnino
1681 4832 2048 4901 contingentes
2079 4850 2181 4889 non

606 4936 751 4985 swnt,
810 4923 902 4978 sed
934 4933 1057 4977 sunt
1089 4922 1421 4975 necessariae.
1481 4921 1732 4973 Morietur
1759 4923 1903 4974 enim
1936 4923 2184 4979 Socrates

606 5034 669 5072 ex
700 5017 1034 5073 necessitate,
1069 5014 1149 5066 hcc
1182 5027 1308 5065 vero
1356 5026 1471 5077 quae
1504 5021 1711 5077 tempus
1741 5009 2024 5076 diffiniunt,
2084 5029 2182 5069 nec

608 5110 736 5177 ipsa:
764 5124 816 5162 in
855 5119 1075 5158 numero
1117 5099 1533 5168 contingentium
1581 5099 1930 5167 recipiuntur,
1985 5101 2183 5159 idcirco

605 5201 743 5269 quod
777 5199 926 5251 nobis
958 5193 1171 5263 quidem
1220 5204 1339 5244 cras
1384 5188 1697 5241 moriturum
1740 5201 1858 5243 esse
1903 5190 2179 5247 Socratem

606 5294 864 5345 incertum
886 5294 988 5341 est.
1017 5284 1231 5338 Naturae
1261 5288 1435 5334 autem
1465 5280 1722 5333 incertum
1754 5295 1859 5336 non
1880 5290 1980 5337 est.
2007 5283 2181 5353 Atque

607 5383 726 5436 ideo
754 5396 850 5434 nec
879 5380 988 5433 Deo
1018 5390 1229 5445 quoque
1255 5375 1509 5428 incertum
1540 5381 1639 5437 est,
1673 5375 1761 5442 qui
1808 5375 1977 5443 ipsam
2024 5388 2180 5434 natu-

604 5490 720 5529 ram
746 5475 941 5540 optime
984 5470 1148 5524 novit.
1181 5467 1286 5523 Sed
1318 5467 1421 5520 illa:
1452 5475 1575 5519 sunt
1612 5468 1840 5534 prOprite
1865 5472 2180 5541 contingen-

609 5576 708 5629 tes,
739 5579 856 5632 qua:
883 5578 1054 5629 neque
1094 5562 1146 5613 in
1180 5570 1363 5613 natura
1393 5566 1534 5621 sunt,
1560 5573 1729 5627 neque
1758 5559 1811 5613 in
1839 5564 2179 5629 necessitate,

608 5656 701 5707 sed
728 5661 817 5706 aut
844 5655 895 5706 in
922 5667 1071 5717 casu,
1100 5664 1184 5703 aut
1210 5652 1261 5704 in
1299 5652 1471 5705 libero
1489 5649 1729 5715 arbitrio,
1770 5660 1860 5706 aut
1883 5654 1932 5707 in
1959 5655 2183 5724 possibi-

612 5743 756 5798 lflale
788 5754 1009 5797 natura.
1040 5745 1113 5795 Ex
1144 5755 1268 5794 casu
1290 5742 1503 5807 quidem
1533 5751 1590 5795 ut
1615 5758 1733 5798 cum
1756 5746 2004 5813 egredior
2022 5747 2180 5802 domo

609 5833 836 5889 amicum
869 5831 1100 5895 videam,
1127 5843 1233 5883 non
1259 5829 1329 5883 ob
1351 5830 1449 5887 hoc
1468 5832 1768 5899 egrediens.
1794 5833 1872 5889 Ex
1899 5834 2067 5891 libero
2093 5852 2179 5891 ar-

2300 2002 2419 2042 esse
2442 2003 2547 2041 non
2577 1998 2819 2056 possunt,
2845 1988 2935 2042 sed
2967 2003 3064 2042 nec
3095 1998 3348 2055 utrmque,
3389 1989 3439 2040 id
3462 1996 3543 2041 est
3564 1987 3871 2055 negatisnes

2300 2088 2458 2148 atque
2484 2081 2866 2135 affirmationes
2896 2082 3038 2135 falsae
3064 2096 3183 2135 esse
3208 2084 3257 2134 in
3295 2082 3722 2136 contradictoriis
3750 2096 3872 2150 pos-

2302 2168 2446 2224 sunt.‘
2471 2172 2575 2249 Illae
2594 2173 2736 2226 enim
2765 2181 2917 2225 erant
2937 2173 3383 2238 contradictorite,
3421 2188 3539 2241 qua:
3566 2174 3723 2227 simul
3754 2189 3874 2230 esse

2304 2280 2405 2316 non
2436 2273 2700 2341 poterant.
2726 2266 2901 2331 Quare
2928 2281 3061 2320 unus
3091 2280 3272 2319 verum
3321 2266 3561 2319 dicturus
3588 2275 3689 2329 est,
3736 2280 3874 2322 unus

2303 2356 2512 2409 falsum.
2538 2358 2687 2423 Quod
2728 2360 2772 2412 si
2805 2359 2933 2412 nihil
2973 2359 3132 2413 datur
3158 2359 3210 2412 in
3242 2358 3542 2428 hujusmodi
3588 2360 3763 2423 rebus,
3817 2359 3869 2415 id

2301 2459 2381 2501 est
2408 2449 2834 2518 contingentibus
2864 2451 3130 2515 instabile,
3183 2461 3406 2505 eventus
3450 2450 3636 2503 ordine
3688 2461 3742 2503 et
3786 2450 3869 2504 in-o

2301 2550 2447 2594 certa
2503 2542 2741 2613 veritatis
2796 2551 2851 2596 et
2895 2542 3137 2595 falsitatis
3164 2542 3525 2596 enuntiatione
3568 2542 3870 2610 provenire,

2302 2632 2557 2701 quidquid
2588 2648 2767 2688 verum
2801 2634 2995 2688 dicitur
3021 2634 3072 2687 in
3096 2632 3453 2687 affirmatione
3486 2634 3724 2699 definite,
3773 2636 3872 2693 hoc

2302 2726 2520 2782 definite
2545 2743 2663 2784 esse
2688 2742 2906 2784 necesse
2928 2740 3028 2792 est,
3070 2729 3323 2798 quidquid
3351 2730 3538 2785 falsum
3573 2730 3764 2785 dicitur
3817 2732 3869 2790 in

2304 2820 2607 2887 negatione,
2656 2817 2755 2871 hoc
2794 2834 2897 2871 non
2946 2833 3066 2873 esse
3106 2834 3325 2874 necesse
3350 2828 3451 2873 est.
3491 2820 3699 2873 Umnia’
3716 2821 3872 2891 igitur

2303 2924 2365 2962 ex
2400 2912 2715 2964 necessitate
2757 2918 2847 2962 aut
2900 2920 3074 2976 erunt,
3130 2921 3218 2963 aut
3274 2926 3336 2963 ex
3391 2912 3707 2965 necessitate
3765 2928 3869 2967 non

2303 3011 2477 3055 erunt.
2507 3000 2646 3054 Nihil
2675 3016 2801 3070 ergo
2825 3015 2924 3054 nec
2951 3016 3125 3066 casus,
3171 3016 3268 3057 nec
3315 3002 3539 3057 liberum
3569 3004 3869 3071 arbitrium,

2304 3108 2401 3146 nec
2429 3093 2747 3160 possiblitas
2797 3094 2899 3147 ulla
2944 3095 2994 3146 in
3048 3095 3205 3149 rebus
3247 3103 3346 3149 est.
3399 3096 3669 3165 Siquidem
3728 3106 3870 3152 tenet

2303 3198 2488 3237 cuncta
2506 3184 2813 3239 necessitas.
2834 3186 3146 3240 Aristoteles
3158 3201 3285 3240 vero
3296 3203 3513 3242 sumens
3530 3189 3683 3268 istam
3702 3189 3868 3259 hypo~

2230 3280 2275 3338 ο
2310 3274 2557 3327 theticam
2584 3276 3020 3342 prepositionem,
3048 3276 3092 3329 si
3119 3292 3281 3332 omne
3300 3278 3442 3347 quod
3468 3280 3519 3332 in
3544 3278 3719 3334 futuro
3741 3280 3869 3334 dici~

2301 3372 2407 3428 tur,
2438 3377 2522 3417 aut
2558 3380 2738 3418 verum
2766 3366 3006 3430 definite,
3036 3376 3127 3420 aut
3159 3367 3349 3422 falsum
3379 3378 3462 3423 est
3487 3371 3719 3432 definite,
3754 3385 3863 3423 om.

2302 3459 2384 3509 nia
2409 3472 2471 3511 ex
2500 3458 2817 3511 necessitate
2842 3456 2975 3522 fieri,
3008 3469 3063 3513 et
3107 3459 3239 3513 nihil
3269 3474 3415 3523 casu,
3462 3462 3590 3514 nihil
3640 3462 3862 3528 judicio,

2301 3550 2432 3604 nihil
2481 3550 2828 3617 possibilitate
2877 3565 2942 3605 ea
2969 3554 3332 3615 convenienti,
3365 3554 3549 3608 ordine
3579 3564 3861 3619 monstrat,

2298 3640 2474 3695 ethoc
2511 3642 2703 3707 posito,
2735 3656 2889 3694 unam
2941 3657 3138 3709 veram,
3170 3644 3388 3698 alteram
3411 3644 3627 3701 definite
3681 3646 3863 3700 falsam

2298 3748 2437 3797 esse,
2462 3733 2634 3787 omnia
2661 3749 2726 3788 ex
2757 3737 3072 3791 necessitate
3100 3738 3431 3807 contingere.
3482 3739 3557 3790 Ex
3600 3753 3863 3793 consensu

2301 3841 2474 3879 rerum
2509 3827 2925 3895 propositionem
2958 3827 3288 3881 demonstrat
3329 3828 3429 3883 hoc
3455 3830 3633 3883 modo.
3668 3831 3863 3898 [νευορο-

2299 3919 2373 3971 ηὶι
2394 3918 2532 3971 enim
2577 3918 2712 3973 hanc
2739 3918 3119 3985 conditionem,
3151 3930 3203 3973 et
3236 3920 3371 3973 hanc
3398 3936 3578 3975 veram
3604 3936 3743 3984 esse,
3800 3936 3863 3977 ex

2299 4026 2474 4065 rerum
2529 4011 2760 4079 ipsarum
2818 4012 3134 4067 necessitate
3185 4012 3487 4067 ςοειιῖτηιει.
3544 4015 3637 4069 Est
3687 4026 3865 4070 autem

2296 4102 2548 4167 conditio,
2573 4103 2620 4156 si
2643 4104 2817 4157 omnis
2839 4104 3120 4156 afﬁrmatio
3146 4103 3228 4157 vel
3278 4106 3490 4172 negatio
3543 4107 3592 4159 in
3633 4106 3861 4159 futurum

2296 4192 2477 4256 ducta,
2505 4208 2626 4247 vera
2670 4194 2754 4247 vel
2779 4193 2905 4247 falsa
2928 4203 3006 4248 est
3035 4194 3270 4257 deﬁnite,
3328 4206 3379 4249 et
3423 4212 3579 4250 omne
3606 4196 3857 4265 quidquid

2298 4283 2357 4337 fit
2394 4298 2456 4335 ex
2490 4284 2809 4338 necessitate
2836 4284 2971 4349 fieri,
2996 4296 3049 4339 et
3081 4287 3230 4350 nihil,
3284 4298 3453 4352 neque
3496 4302 3641 4352 casu,
3687 4303 3858 4355 neque

2296 4372 2506 4440 propria
2531 4384 2582 4428 et
2610 4374 2775 4428 libera
2812 4376 3082 4431 voluntate
3125 4386 3283 4447 atque
3330 4378 3547 4443 judicio,
3594 4393 3692 4431 nec
3731 4393 3859 4431 vero

2292 4463 2464 4533 aliqua
2495 4465 2863 4534 possibilitate,
2901 4483 3017 4535 qua}
3040 4470 3215 4521 omnia
3262 4469 3566 4522 utrumlibet
3595 4468 3855 4521 vocabulo

2294 4535 2634 4626 nuncupavit.
2697 4558 2849 4613 Ponit
2876 4559 3015 4612 enim
3047 4560 3181 4613 hanc
3226 4560 3585 4613 conditionem
3630 4558 3811 4612 dicens
3843 4574 3856 4610 :

2216 4656 2266 4718 Ι)
2290 4651 2420 4705 Nam
2466 4650 2511 4705 si
2539 4652 2712 4703 omnis
2764 4650 3046 4705 affirmatio
3094 4655 3177 4706 vel
3226 4653 3434 4721 negatio
3462 4666 3584 4706 vera
3617 4652 3697 4706 vel
3729 4652 3856 4705 falsa

2290 4752 2393 4805 est,
2423 4742 2840 4796 subaudiendum
2880 4752 2960 4797 est
2990 4744 3230 4809 definite,
3266 4755 3318 4797 et
3343 4760 3499 4797 tunne
3533 4758 3752 4798 necesse
3777 4753 3860 4797 est

2292 4847 2411 4888 esse
2448 4834 2533 4887 vel
2555 4848 2658 4887 non
2684 4833 2908 4897 esse;si
2934 4833 3020 4888 hic
3041 4834 3253 4902 quidem
3304 4834 3445 4887 dicat
3499 4833 3731 4887 futurum
3760 4832 3859 4885 ali-

2290 4929 2436 4995 quid,
2483 4929 2571 4984 ille
2594 4944 2723 4984 vero
2751 4946 2854 4983 non
2912 4930 3051 4983 dicat
3076 4930 3175 4983 hoc
3210 4930 3347 4983 idem
3379 4931 3572 4997 ipsum,
3635 4927 3858 4982 manife-

2290 5028 2427 5073 stum
2456 5030 2558 5088 est,
2606 5022 2853 5089 quoniam
2906 5037 3124 5077 necesse
3149 5032 3230 5077 est
3261 5038 3446 5076 verum
3475 5023 3677 5087 dicere,
3724 5025 3857 5078 alte-

2290 5125 2403 5163 rum
2428 5110 2683 5175 ipsorum,
2717 5112 2761 5164 si
2791 5115 2964 5167 omnis
3010 5114 3293 5167 affirmatio
3344 5115 3426 5167 vel
3474 5113 3684 5181 negatio
3732 5126 3861 5170 ven

2288 5199 2371 5253 vel
2391 5199 2513 5253 falsa
2538 5209 2637 5262 est,
2665 5210 2899 5271 utraeque
2921 5204 3058 5257 enim
3083 5217 3186 5257 non
3212 5212 3366 5257 erunt
3386 5204 3541 5256 simul
3560 5204 3613 5256 in
3638 5203 3851 5256 talibus.

2289 5291 2425 5360 Ergo
2456 5306 2642 5345 sensus
2670 5290 2968 5360 hujusmodi
2999 5304 3116 5349 est:
3146 5295 3201 5350 Si
3231 5295 3426 5360 omnis,
3464 5294 3655 5363 inquit,
3707 5293 3861 5348 affir-

2286 5384 2447 5437 matio
2468 5382 2551 5437 vel
2582 5383 2788 5452 negatio
2811 5398 2957 5450 vera,
2989 5388 3070 5440 vel
3112 5386 3238 5439 falsa
3266 5397 3346 5440 est
3372 5385 3614 5449 definite,
3644 5396 3698 5440 et
3740 5400 3855 5439 om-

2286 5492 2355 5532 ne
2383 5492 2604 5533 necesse
2626 5488 2729 5544 est,
2748 5488 2838 5534 aut
2856 5493 2997 5546 esse,
3017 5488 3108 5533 aut
3132 5493 3239 5533 non
3267 5493 3408 5547 esse,
3435 5476 3578 5545 quod
3599 5478 3684 5532 vel
3709 5476 3857 5531 affir-

2288 5569 2451 5624 matio
2481 5571 2650 5638 ponit,
2696 5571 2781 5624 vel
2830 5571 3039 5641 negatio
3082 5572 3313 5640 perimit.
3360 5571 3492 5626 Nam
3545 5572 3589 5628 si
3636 5570 3859 5640 quilibet

2286 5659 2480 5716 dixerit
2506 5675 2624 5715 esse
2651 5662 2867 5731 aliquid,
2897 5671 2949 5715 et
2975 5663 3110 5716 alius
3137 5662 3330 5716 dixerit
3362 5663 3504 5717 idem
3540 5663 3714 5732 ipsum
3748 5672 3852 5714 non

2286 5768 2427 5820 esse,
2456 5768 2593 5807 unus
2617 5754 2827 5822 quidem
2856 5753 3101 5819 affiriuat,
3129 5754 3264 5808 alios
3292 5768 3423 5809 vero
3456 5762 3613 5821 negat
3638 5771 3651 5817 ;
3676 5752 3769 5808 sed
3799 5751 3851 5805 in

2287 5840 2641 5895 affirmatione
2668 5850 2721 5896 et
2745 5842 3044 5908 negatione,
3072 5857 3190 5912 quae
3226 5844 3278 5897 in
3308 5843 3734 5900 contradictione
3755 5853 3853 5907 po-
