4270 6266
407 311 505 373 I97

1132 313 1197 370 IN
1239 312 1490 369 LIBRUM
1533 311 1620 368 DE
1658 307 2300 366 lNTERPRETATlONE
2338 308 2565 364 EDITIO
2593 308 2923 366 SECUNDA.

3559 307 3667 366 198

404 438 621 497 nuntur,
653 444 759 485 una
779 443 992 498 semper
1005 442 1131 483 vera
1149 437 1254 492 est,
1281 437 1443 481 altera
1462 429 1614 479 falsa.
1639 424 1820 492 Neque
1840 425 1984 477 enim
2011 427 2061 482 Α
2087 423 2227 490 quod
2253 421 2300 473 sl
2331 433 2434 473 non
2467 428 2549 473 est
2579 419 2630 472 id
2659 423 2797 486 quod
2840 421 3054 483 dicitur,
3087 418 3214 472 falsa
3236 419 3532 473 enuntiatio
3559 432 3666 487 est,

407 521 524 577 fieri
583 531 762 591 potest
808 531 860 576 ut
889 530 1127 590 utrmque
1169 521 1274 574 sint
1324 533 1484 584 verte,
1516 532 1624 571 non
1653 516 1795 572 enim
1846 529 1988 570 nunc

409 630 590 672 sermo
614 626 717 680 est,
752 624 844 668 aut
889 615 957 669 de
1003 612 1416 679 subcontrariis,
1450 620 1538 664 aut
1577 608 1646 664 de
1676 608 1985 663 indeﬁnitis.

410 707 650 775 Namque
674 704 1094 768 subcontrariaa,
1115 703 1165 757 id
1199 713 1281 757 est
1310 699 1650 772 particularis
1698 698 1910 767 negatio
1935 705 1990 752 et

412 797 703 854 afﬁrmatio
750 795 1106 862 particularis,
1137 803 1190 848 et
1221 792 1511 850 indeﬁnite:
1557 799 1798 857 utraeque
1847 803 1988 843 veras

413 891 466 946 in
497 890 682 945 eodem
709 903 830 943 esse
871 894 1132 955 poterant.
1167 885 1608 940 Contradictoriae
1629 892 1805 938 autem
1830 883 1990 936 mini-

417 996 523 1045 me,
558 994 730 1049 neque
764 979 904 1032 enim
934 977 1048 1031 ﬁeri
1087 985 1262 1045 potest
1287 984 1345 1030 ut
1376 978 1456 1029 hae
1481 989 1600 1044 quae
1623 973 1705 1028 vel
1737 973 1788 1026 in
1811 974 1990 1042 singu-

412 1071 610 1125 laribus
637 1069 1086 1124 contradictiones
1109 1078 1249 1128 sunt,
1282 1066 1364 1121 vel
1395 1067 1446 1119 in
1481 1063 1870 1118 universalibus
1895 1079 1990 1118 an-

409 1151 662 1236 g'ulariter
690 1171 1051 1232 opponuntur,
1076 1160 1232 1215 simul
1261 1173 1494 1228 unquam
1529 1171 1668 1211 verte
1698 1157 1824 1210 sint.
1879 1156 1990 1210 l-loc

411 1259 554 1311 enim
585 1264 670 1310 est
689 1254 830 1323 quod
863 1254 958 1319 ait,
991 1261 1235 1319 utraeque
1255 1251 1398 1305 enim
1426 1264 1530 1302 non
1560 1257 1718 1302 erunt
1749 1247 1908 1302 simul
1936 1247 1988 1302 in

410 1347 626 1409 talibus,
683 1347 735 1400 id
781 1354 884 1410 est,
937 1353 1175 1410 utrmque
1234 1340 1623 1396 enuntiationes
1673 1354 1777 1393 non
1834 1348 1989 1393 erunt

412 1453 555 1492 verae
585 1439 637 1490 in
668 1433 1121 1490 enuntiationibus
1151 1431 1601 1494 contradictoriis,
1647 1430 1817 1497 posita
1865 1443 1992 1497 ergo

415 1529 515 1582 hac
542 1526 874 1591 conditione,
898 1526 944 1578 si
973 1526 1146 1578 omnis
1181 1523 1469 1577 afﬁrmatio
1518 1522 1734 1576 deﬁnite
1761 1537 1879 1574 vera
1905 1523 1989 1576 vel

416 1619 548 1675 falsa
579 1619 668 1682 sit,
700 1617 876 1671 omnia
903 1630 970 1670 ex
999 1614 1317 1668 necessitate
1358 1613 1589 1666 evenire.
1649 1612 1792 1665 lianc
1821 1612 1987 1680 ipsam

416 1724 594 1765 rerum
627 1710 879 1776 ipsarum,
903 1715 956 1759 et
977 1705 1396 1774 propositionum
1431 1703 1886 1771 consequentiam,
1935 1713 1989 1758 et

2091 523 2144 570 et
2171 514 2216 568 si
2238 513 2635 568 enuntiationes
2665 511 2809 564 falsae
2852 524 2994 573 sunt,
3024 528 3110 566 res
3142 527 3245 565 non
3287 527 3406 565 esse
3448 507 3669 566 necesse

2090 616 2193 660 est.
2226 603 2375 671 Quod
2410 605 2454 656 si
2485 603 2599 656 haec
2626 602 2693 655 ita
2719 613 2861 666 sunt,
2894 605 3118 671 positam
3147 613 3228 657 est
3257 614 3432 658 autem
3458 620 3669 658 omnem

2089 694 2500 748 afﬁrniatinnem
2556 700 2610 744 et
2659 693 2992 760 negationem
3045 707 3224 746 veram
3261 709 3378 748 csse
3431 694 3669 759 definite,

2094 786 2347 856 quoniam
2382 784 2806 854 pr0positionum
2849 784 3126 839 veritatem
3159 787 3240 839 vel
3272 786 3557 841 falsitatem
3589 803 3670 841 re-

2089 891 2209 931 rum
2262 878 2555 930 necessitas
2579 873 2871 928 secundum
2902 888 3022 927 esse
3053 875 3135 927 vel
3183 891 3287 927 non
3317 891 3436 929 esse
3477 892 3667 930 conse-

2091 968 2273 1037 quitur
2299 983 2312 1021 :
2346 980 2467 1022 esse
2488 966 2720 1035 quidem»
2737 964 3028 1020 secundum
3057 967 3357 1030 veritatem,
3393 979 3449 1021 ut
3475 971 3669 1024 dictum

2091 1066 2196 1123 est,
2222 1073 2330 1111 non
2357 1072 2480 1113 esse
2510 1056 2802 1111 secundum
2847 1055 3154 1110 falsitatem.
3207 1057 3346 1110 Nihil
3405 1061 3474 1110 sit
3521 1076 3670 1122 casu,

2091 1163 2266 1216 neque
2321 1149 2484 1202 libera
2541 1148 2838 1216 voluntate,
2889 1163 3063 1216 neque
3090 1148 3264 1214 aliqua
3297 1149 3662 1215 poss'ibilitale.

2093 1238 2218 1292 Haac
2247 1238 2391 1292 enim
2419 1253 2537 1307 qua:
2568 1239 2879 1292 utrumlibet
2908 1253 3162 1292 vocamus
3194 1237 3313 1290 talia
3354 1248 3496 1299 stitit,
3555 1255 3672 1306 quae

2093 1345 2214 1383 cum
2247 1329 2482 1382 nondum
2506 1337 2631 1382 sunt
2652 1328 2790 1382 facta
2817 1338 2872 1382 et
2902 1327 3014 1381 ﬁeri
3049 1337 3289 1391 possunt,
3323 1335 3501 1380 etnon
3537 1328 3670 1383 licri.

2090 1419 2144 1473 Si
2169 1419 2310 1472 enim
2342 1419 2476 1473 facta
2504 1427 2646 1486 sunt,
2678 1433 2783 1473 non
2812 1419 2925 1473 fieri
2967 1428 3269 1485 potuerunt,
3299 1427 3355 1471 ut
3384 1417 3540 1472 hodie
3589 1435 3674 1472 me

2091 1508 2286 1563 librum
2309 1509 2510 1578 Virgilii
2539 1510 2734 1580 legere,
2766 1509 2904 1578 quod
2932 1510 3162 1562 nondum
3192 1507 3309 1573 feci,
3359 1517 3535 1575 potest
3558 1509 3674 1577 qui-

2090 1600 2210 1654 dem
2236 1615 2341 1653 non
2372 1600 2508 1662 ﬁeri,
2535 1608 2708 1668 potest
2735 1602 2893 1652 etiam
2929 1600 3062 1663 lieri,
3100 1598 3239 1667 quod
3269 1599 3312 1652 si
3346 1598 3545 1663 fecero,
3577 1614 3673 1666 po-

2092 1691 2165 1742 tui
2196 1704 2299 1743 non
2332 1689 2529 1744 facere.
2565 1689 2689 1743 Haec
2721 1690 2878 1757 igitur
2913 1689 3214 1756 hujnsmodi
3252 1699 3376 1742 sunt
3425 1704 3674 1756 «insecun-

414 1797 824 1855 5imi1imttinem‘
845 1802 1145 1849 monstrare
1179 1793 1484 1858 contendit,
1510 1793 1730 1847 dicens;
1782 1792 1914 1847 Nam
1944 1794 1988 1848 εί
2019 1787 2068 1847 Β
2093 1796 2195 1849 que
2219 1781 2522 1836 utrumlibet
2545 1782 2810 1835 dicuntur.
2847 1781 3167 1837 Utrumlibet
3214 1790 3390 1836 autem
3432 1781 3554 1849 quid
3603 1783 3674 1836 sit

414 1905 596 1946 verum
624 1899 706 1944 est
733 1889 912 1944 dicere
939 1889 1188 1957 quoniam
1209 1886 1408 1950 album,
1436 1886 1514 1940 vel
1542 1901 1644 1939 non
1676 1885 1857 1940 album
1886 1897 1988 1951 est,

417 1994 637 2037 necesse
661 1989 894 2035 estesse
941 1977 1144 2041 album,
1200 1977 1285 2031 vel
1341 1990 1446 2030 non
1498 1976 1677 2031 album
1709 1993 1723 2039 ;
1756 1987 1810 2030 et
1839 1979 1883 2032 si
1911 1989 1995 2033 est
2048 2034 2056 2042 _

421 2075 620 2138 album,
647 2073 730 2128 vel
763 2087 875 2127 non
895 2071 1093 2134 album,
1127 2085 1310 2125 verum
1337 2079 1419 2124 est
1460 2067 1728 2144 affirmare
1776 2071 1860 2124 vel
1903 2087 1994 2125 ne.

420 2182 563 2238 gare,
621 2175 676 2221 et
727 2166 769 2220 si
806 2179 913 2218 non
942 2175 1043 2230 θεν,
1076 2162 1350 2234 mentitur,
1401 2169 1454 2214 et
1481 2161 1526 2215 si
1558 2162 1836 2228 mentitur,
1889 2171 1993 2217 non

417 2266 501 2312 est
531 2276 545 2310 :
580 2271 744 2328 quare
784 2268 1005 2310 necesse
1044 2264 1122 2306 est
1154 2251 1565 2306 afﬁrmationem
1620 2252 1701 2305 vel
1760 2252 1996 2320 negatio-

419 2363 542 2404 nem
575 2361 755 2402 veram
787 2359 906 2399 csse
930 2344 1011 2399 vel
1041 2343 1241 2398 falsam.
1287 2340 1492 2404 Omnis,
1543 2341 1732 2409 inquit,
1765 2340 1998 2396 afﬁrma-

365 2424 368 2426 ’
422 2437 496 2491 tio
524 2435 802 2504 omnisque
830 2433 1043 2502 negatio
1065 2446 1184 2485 cum
1221 2431 1382 2486 rebus
1413 2431 1566 2499 ipsis,
1599 2431 1684 2485 vel
1714 2445 1861 2498 vera,
1913 2431 1995 2485 vel

424 2526 556 2582 falsa
587 2537 688 2581 eat.
721 2524 888 2594 Hujus
908 2521 1084 2578 autem
1115 2523 1188 2577 rei
1226 2521 1468 2590 exempla
1521 2537 1586 2576 ex
1648 2521 1999 2590 pra-sentibus

356 2633 361 2637 '
421 2620 604 2676 sumit.
636 2616 765 2672 Nam
795 2617 934 2672 sicut
958 2629 1016 2670 se
1043 2616 1238 2668 habent
1281 2613 1571 2668 seCundum
1627 2615 1996 2668 necessitatem

423 2711 478 2765 in
510 2709 755 2779 presenti
785 2715 1027 2776 tempore
1055 2705 1469 2768 enuntiationes,
1503 2705 1571 2756 ita
1603 2718 1662 2758 se
1693 2705 1910 2771 habent,
1943 2715 1996 2759 et

423 2801 476 2856 in
501 2798 700 2854 futuro.
733 2797 1078 2867 Speculemur
1102 2796 1263 2865 igitur
1287 2795 1340 2847 in
1372 2792 1640 2864 praesenti,
1672 2808 1791 2862 qua:
1819 2795 1888 2848 sit
1917 2810 2004 2850 re-

424 2906 540 2948 rum
579 2891 1104 2962 propositionumque
1143 2887 1453 2942 necessitas.
1486 2885 1543 2941 Si
1573 2900 1676 2955 qua
1707 2886 1847 2940 enim
1880 2901 2004 2956 pro-

425 2984 618 3054 positio
645 2981 714 3037 de
739 2979 973 3051 qualibet
1005 2995 1062 3034 re
1089 2980 1228 3033 dicta
1257 2993 1380 3033 vera
1404 2986 1510 3042 est,
1535 2977 1681 3032 illam
1711 2993 1824 3033 rem
1844 2994 2001 3047 quam

325 3099 334 3105 -
428 3073 583 3139 dixit,
617 3087 737 3128 esse
761 3085 984 3127 necesse
1017 3078 1116 3124 est.
1149 3069 1207 3122 Si
1230 3069 1371 3123 enim
1392 3067 1607 3134 dixerit,
1636 3070 1887 3138 quoniam
1915 3071 2006 3124 nix

2095 1870 2209 1939 ipse
2228 1871 2800 1938 planiusdemunstrat,
2828 1871 3009 1925 dicens
3031 1890 3043 1924 ε

2171 1961 2476 2016 Utrumlibet
2506 1963 2638 2016 enim
2663 1962 2795 2015 nihil
2816 1963 2977 2032 magis
3000 1963 3071 2014 sic
3099 1962 3177 2014 vel
3205 1953 3305 2014 ηόη
3333 1963 3404 2015 sic
3423 1979 3476 2014 se
3505 1961 3671 2026 habet,

2095 2061 2184 2106 aut
2206 2052 2426 2105 habebit.

2173 2144 2264 2196 Est
2292 2143 2432 2196 enim
2458 2141 2765 2196 utrumlibet
2793 2141 2955 2210 quod,
2988 2141 3071 2195 vel
3099 2142 3162 2195 ad
3195 2155 3332 2206 esse,
3373 2141 3458 2195 vel
3478 2143 3542 2204 ad
3571 2157 3675 2196 non

2098 2249 2216 2289 esse
2243 2234 2516 2302 aequaliter
2542 2248 2601 2289 se
2625 2234 2803 2298 habet,
2830 2233 2882 2288 id
2913 2244 2994 2288 est
3020 2249 3191 2302 neque
3232 2234 3359 2288 illud
3410 2249 3529 2289 esse
3577 2219 3693 2304 κιρ-ξ

2098 2341 2249 2382 cesse
2281 2327 2368 2394 sit,
2404 2342 2575 2394 neque
2600 2340 2705 2379 non
2735 2339 2856 2380 esse
2879 2339 3096 2378 necesse
3117 2326 3204 2376 sit.
3231 2325 3558 2378 Putaverunt
3582 2311 3693 2378 au-=

2103 2429 2206 2489 tem
2230 2418 2466 2488 quidam,
2501 2432 2725 2486 quorum
2750 2413 2902 2470 stoici
2930 2431 3139 2484 quoque
3165 2427 3306 2481 sunt,
3340 2399 3695 2470 Aristotelem

2099 2510 2301 2573 dicere,
2337 2510 2389 2562 in
2420 2509 2597 2562 futuro
2623 2507 2990 2574 contingentes
3035 2523 3132 2559 nec
3165 2521 3336 2566 veras,
3371 2520 3468 2561 nec
3497 2506 3694 2569 falsas,

2101 2601 2244 2672 quod
2270 2601 2410 2655 enim
2457 2599 2592 2654 dixit
2632 2598 2762 2651 nihil
2783 2612 2840 2651 se
2868 2598 3032 2666 magis
3060 2598 3124 2650 ad
3155 2612 3272 2651 esse
3297 2597 3494 2652 habere
3522 2613 3680 2668 quam

2102 2695 2168 2747 ad
2198 2709 2301 2747 non
2331 2707 2470 2756 esse,
2505 2691 2605 2746 hoc
2634 2685 2950 2756 putaverunt
2973 2699 3219 2758 tanquam
3246 2691 3376 2743 nihil
3408 2706 3498 2744 cas
3520 2687 3697 2744 inter!

2102 2792 2245 2838 esset
2275 2783 2434 2837 falsas
2491 2796 2558 2834 an
2583 2794 2736 2835 veras
2769 2780 2966 2847 putari,
2998 2795 3172 2848 neque
3199 2795 3355 2833 veras
3393 2784 3538 2834 eiiim
3592 2770 3698 2834 ne?

2104 2890 2206 2944 que
2245 2874 2404 2928 falsas
2433 2887 2551 2927 esse
2577 2871 2820 2925 arbitrati
2873 2879 3015 2938 sunt,
3067 2870 3159 2925 sed
3193 2872 3380 2924 falsum
3412 2884 3532 2937 est;
3575 2887 3682 2929 non

2106 2966 2251 3018 enim
2283 2963 2598 3018 Arismteles
2630 2963 2728 3014 hoc
2758 2959 2908 3024 dicit,
2931 2960 3070 3029 quod
3104 2969 3342 3028 utraeque
3372 2975 3470 3014 nec
3517 2975 3678 3028 verte,

2108 3073 2205 3112 nec
2237 3057 2382 3110 falsae
2411 3055 2539 3118 sint,
2570 3055 2662 3108 sed
2687 3053 2827 3121 quod
2857 3066 2963 3106 una
2991 3053 3205 3121 quidem
3239 3053 3470 3118 ipsarum
3494 3053 3683 3121 quaeli-

434 3163 552 3216 alba
570 3137 682 3229 est,
735 3171 787 3217 et
814 3163 918 3216 hoc
944 3176 1128 3216 verum
1187 3169 1292 3225 est,
1351 3163 1576 3215 veritate
1627 3137 2006 3230 propositionis
2033 3137 2081 3202 Ο
2112 3147 2200 3203 bet
2226 3156 2315 3200 aut
2343 3159 2467 3199 vera
2497 3155 2586 3198 aut
2617 3142 2748 3196 falsa
2767 3152 2868 3198 est.
2903 3143 3016 3196 Non
3039 3152 3214 3196 tamen
3239 3142 3684 3210 quemadmodum

433 3253 672 3322 sequitur
697 3259 986 3308 necessitas
1010 3250 1107 3305 rei.
1133 3249 1364 3306 Necesse
1391 3237 1644 3305 est'enim
1676 3251 1853 3306 nivem
1887 3267 2010 3310 esse

431 3349 626 3419 albam,
661 3350 704 3404 si
735 3349 1028 3419 propositio
1058 3364 1176 3418 quae
1199 3349 1266 3403 de
1287 3349 1472 3403 eadem
1502 3363 1564 3402 re
1591 3347 1875 3418 praedicata
1901 3356 2006 3414 est,

431 3454 550 3497 vera
582 3452 686 3497 est.
715 3441 866 3509 Quod
890 3443 934 3496 si
967 3441 1158 3494 dixerit
1182 3439 1300 3508 quis
1329 3453 1436 3494 non
1463 3452 1584 3494 esse
1604 3439 1780 3493 albam
1813 3437 2005 3507 picem,

433 3545 484 3590 et
511 3535 625 3589 haec
651 3549 775 3588 vera
803 3541 908 3600 est,
937 3530 1280 3585 manifestum
1309 3538 1393 3584 est
1431 3543 1544 3584 rem
1575 3543 1786 3598 quoque
1816 3542 2009 3597 propo-

433 3627 640 3683 sitionis
660 3625 912 3694 consequi
940 3624 1238 3677 veritatem.
1269 3619 1508 3687 Amplius
1555 3632 1767 3688 quoque
1818 3632 2008 3686 propo—

434 3724 655 3777 sitiones
686 3733 864 3774 rerum
918 3714 1266 3770 necessitates
1297 3719 1631 3781 sequuntur;
1659 3710 1707 3764 si
1736 3708 1878 3765 enim
1931 3719 2011 3763 est

438 3812 614 3880 aliqua
651 3823 759 3874 res,
813 3821 996 3861 verum
1024 3814 1107 3860 est
1136 3804 1204 3859 de
1237 3818 1298 3856 ea
1324 3802 1503 3857 dicere
1532 3801 1781 3871 quoniam
1808 3810 1908 3865 est,
1958 3809 2013 3854 et

439 3902 484 3956 si
513 3915 620 3955 non
649 3907 733 3954 est
767 3898 941 3966 aliqua
980 3911 1089 3961 res,
1122 3901 1302 3949 verum
1333 3902 1416 3949 est
1444 3893 1510 3948 de
1557 3907 1620 3948 ea
1665 3891 1842 3948 dicere
1878 3906 2011 3956 quo-

442 3995 584 4048 niam
636 4006 740 4045 non
773 3998 876 4056 est,
907 3991 980 4043 ita
1010 3987 1296 4043 secundum
1321 3985 1596 4041 veritatem
1643 3981 2014 4038 afﬁrmationis

441 4084 526 4138 vel
580 4078 878 4151 negationis
919 4079 1209 4134 necessitas
1239 4079 1315 4133 rei
1347 4075 1700 4132 substantiam
1750 4073 2011 4140 sequitur,

438 4187 491 4232 et
520 4190 700 4231 rerum
721 4173 1011 4229 necessitas
1031 4171 1454 4248 propositionum
1476 4166 1758 4222 comitatur
1780 4164 2012 4218 necessi-

437 4277 626 4336 tatem,
655 4277 812 4336 atque
844 4265 941 4320 hoc
972 4263 1184 4333 quidem
1226 4263 1278 4316 in
1311 4260 1476 4325 veris,
1510 4261 1561 4314 in
1606 4256 1757 4312 falsis
1803 4270 2014 4325 quoque

441 4359 578 4414 idem
607 4369 708 4420 est,
760 4356 1078 4412 econtrario.
1112 4354 1242 4408 Nam
1298 4353 1343 4408 si
1397 4352 1524 4406 falsa
1566 4357 1651 4405 est
1696 4348 2002 4414 afﬁrmatio,

447 4463 557 4503 rem
579 4449 647 4502 de
666 4461 768 4516 qua
797 4446 1031 4516 loquitur
1059 4460 1165 4499 non
1196 4457 1316 4499 esse
1346 4455 1566 4496 necesse
1594 4448 1696 4505 est,
1725 4448 1783 4493 ut
1811 4438 1854 4492 si
1881 4433 2011 4491 falsa

2112 3241 2164 3294 in
2197 3233 2480 3309 prasteritis
2500 3236 2738 3302 definite,
2766 3250 2866 3291 nec
2891 3234 3337 3305 quemadmodum
3374 3236 3426 3288 in
3454 3249 3685 3302 prazsen-

2111 3333 2272 3396 tibus,
2305 3331 2399 3385 sed
2432 3328 2876 3383 enuntiativarum
2898 3342 3087 3380 vocum
3119 3327 3409 3395 duplicem,
3433 3325 3686 3394 quodam-

2111 3425 2271 3479 modo
2300 3438 2419 3478 esse
2441 3433 2705 3482 naturam,
2745 3435 2967 3490 quarum
3004 3419 3246 3489 quaedam
3278 3429 3456 3471 essent
3498 3417 3550 3470 in
3574 3417 3686 3486 qui-

2109 3515 2210 3571 bus
2237 3529 2342 3568 non
2376 3513 2537 3569 modo
2565 3529 2744 3568 verum
2788 3522 2841 3565 et
2870 3511 3055 3564 falsum
3109 3511 3462 3574 inveniretur,
3509 3509 3600 3562 sed
3635 3509 3688 3563 in

2110 3607 2325 3679 quibus,
2360 3607 2520 3661 etiam
2548 3620 2708 3659 unam
2732 3618 2849 3658 esse
2870 3601 3087 3658 deﬁnite
3121 3616 3324 3662 veram,
3355 3602 3577 3654 alteram
3604 3601 3688 3655 de-

2113 3700 2264 3755 finite
2287 3699 2494 3773 falsam,
2517 3698 2573 3752 in
2603 3699 2722 3752 aliis
2762 3711 2889 3749 vero
2943 3709 3045 3749 una
3100 3695 3314 3759 quidem
3347 3707 3492 3755 vera,
3522 3694 3690 3749 altera

2114 3790 2266 3857 falsa,
2293 3790 2389 3844 sed
2416 3789 2710 3846 indeﬁnite,
2763 3794 2818 3840 et
2846 3785 3319 3847 commutabiliter,
3365 3783 3549 3837 ethoc
3599 3798 3690 3852 per

2112 3895 2262 3936 suam
2290 3887 2560 3944 naturam,
2592 3893 2696 3929 non
2754 3877 2819 3927 ad
2854 3882 3087 3927 nostram
3132 3875 3484 3942 ignorantiam
3535 3883 3691 3943 atque

2115 3973 2379 4029 notitiam.
2413 3970 2672 4034 Quocirca
2704 3975 2848 4019 recte
2875 3965 3072 4016 dictum
3104 3973 3206 4026 cst,
3246 3965 3288 4015 si
3335 3965 3510 4016 omnis
3545 3967 3692 4018 afﬁr-

2114 4061 2381 4132 matioyel
2407 4058 2618 4127 negatio
2645 4071 2770 4110 vera
2801 4051 3016 4106 deﬁnite
3037 4061 3201 4119 esset,
3219 4051 3349 4104 nihil
3383 4053 3494 4104 ﬁeri
3517 4034 3707 4120 neque.

2114 4168 2256 4220 esse,
2289 4151 2378 4206 vel
2416 4163 2567 4213 casu,
2626 4148 2706 4200 vel
2736 4163 2763 4199 a
2794 4143 3065 4198 communi
3099 4141 3312 4196 nomine
3363 4141 3691 4210 utrumlibet,

2117 4261 2217 4301 nec
2237 4256 2357 4298 esse
2386 4252 2476 4295 aut
2500 4257 2604 4295 non
2637 4253 2755 4293 esse
2778 4237 3170 4304 contingenter,
3208 4233 3302 4289 sed
3324 4243 3412 4286 aut
3435 4246 3572 4295 esse,
3602 4241 3694 4288 aut

2119 4353 2227 4394 non
2249 4353 2369 4391 esse
2398 4333 2635 4396 deﬁnite,
2657 4330 2755 4406 sed
2801 4331 2968 4398 magis
3016 4345 3079 4383 ex
3129 4327 3442 4383 necessitate
3489 4325 3706 4377 omnia.‘

2121 4432 2233 4486 Hoc
2271 4431 2416 4485 enim
2465 4426 2812 4492 consequitur
2864 4436 2986 4474 eum
3019 4420 3105 4488 qui
3137 4418 3286 4480 dicit,
3339 4426 3428 4467 aut
3458 4430 3577 4468 eum
3603 4415 3695 4481 qui

447 4552 528 4594 est
548 4497 825 4596 affirmatio
847 4497 964 4608 qua:
994 4537 1124 4591 dicit
1150 4536 1324 4605 picem
1370 4547 1490 4588 esse
1527 4531 1723 4598 albam,
1757 4544 1863 4584 non
1892 4543 2014 4583 esse
2042 4497 2097 4558 D
2123 4523 2352 4576 afﬁrmat
2378 4533 2560 4571 verum
2585 4530 2722 4576 esse,
2753 4521 2842 4565 aut
2871 4526 2992 4564 eum
3018 4511 3107 4608 qui
3135 4517 3322 4575 negat;
3353 4505 3491 4608 (ιυηοίΙ
3522 4505 3566 4559 Si
3593 4505 3695 4608 11ος

445 4630 614 4686 albam
643 4632 811 4699 picem
845 4642 1067 4685 necesse
1097 4634 1197 4680 est.
1232 4626 1432 4678 Rursus
1457 4623 1503 4678 si
1535 4621 1667 4676 falsa
1698 4629 1780 4676 est
1811 4620 2020 4688 negatio

445 4739 560 4793 qua:
588 4724 719 4778 dicit
749 4722 926 4777 nivem
962 4735 1068 4774 non
1097 4732 1218 4774 esse
1245 4717 1442 4783 albam,
1472 4716 1646 4770 nivem
1695 4726 1818 4767 esse
1843 4710 2019 4765 albam

446 4829 667 4870 necesse
703 4823 805 4868 est.
853 4812 1058 4866 Rursus
1087 4810 1135 4864 si
1165 4822 1253 4864 res
1301 4823 1405 4862 non
1437 4816 1538 4867 est,
1580 4803 1864 4858 afﬁrmatio
1891 4815 2023 4870 quo-

445 4923 545 4976 que
572 4907 638 4961 de
657 4921 719 4960 ea
748 4921 807 4960 re
835 4902 1142 4959 necessario
1173 4900 1299 4956 lalsa
1333 4909 1429 4954 est.
1465 4897 1619 4964 Quod
1641 4896 1686 4951 si
1727 4907 1910 4950 rursus
1934 4906 2022 4947 res

446 5014 551 5053 non
579 4999 670 5063 sit,
693 4996 743 5051 id
774 4995 914 5066 quod
938 5004 1116 5063 potest
1138 4992 1340 5057 dicere,
1372 4989 1501 5044 falsa
1534 4987 1747 5058 negatio
1771 4985 1891 5040 sine
1916 4982 2026 5038 ulla

447 5087 800 5150 dubitatione,
849 5085 937 5139 illa
970 5084 1181 5154 negatio
1228 5085 1354 5136 lalsa
1394 5090 1496 5146 est,
1552 5087 1604 5132 et
1633 5078 1732 5130 hoc
1768 5091 1886 5130 esse
1932 5087 2025 5128 ne-

446 5193 595 5234 cesse
616 5187 718 5243 est,
762 5186 816 5232 ut
845 5176 1099 5245 quoniam
1123 5174 1188 5228 de
1213 5175 1336 5228 nive
1363 5181 1537 5241 potest
1566 5173 1748 5224 dicere
1773 5170 1905 5222 falsa
1934 5181 2026 5220 ne-

447 5271 610 5338 gatio,
643 5269 892 5338 qu0niam
920 5267 1040 5322 alba
1090 5279 1198 5320 non
1219 5271 1324 5327 est,
1367 5263 1465 5316 hoc
1495 5263 1666 5330 ipsum
1725 5258 1864 5328 quod
1894 5257 2026 5312 falsa

453 5361 664 5430 negatio
690 5359 842 5425 dicit,
873 5357 924 5412 id
958 5367 1045 5413 est
1084 5357 1260 5410 albam
1292 5369 1395 5407 non
1426 5365 1568 5413 esse,
1624 5365 1726 5404 non
1779 5357 1879 5401 est.
1929 5347 2026 5402 Nix

455 5457 737 5508 enimnon
781 5451 900 5503 alba
945 5465 1057 5504 non
1113 5459 1236 5506 est.
1276 5444 1451 5513 Quare
1499 5455 1676 5495 rerum
1729 5439 2032 5493 necessitati

456 5545 666 5598 falsitas
693 5551 918 5608 utraque
938 5541 1294 5603 convertitur,
1332 5551 1453 5589 nam
1486 5535 1528 5587 si
1554 5541 1636 5587 est
1658 5531 1877 5600 aliquid,
1909 5547 2038 5587 vere

456 5635 528 5690 de
549 5634 737 5690 eodem
759 5632 979 5698 dicitur,
1004 5630 1257 5700 quoniam
1276 5636 1380 5689 est,
1400 5635 1452 5679 et
1474 5626 1516 5679 si
1535 5638 1658 5678 vere
1680 5623 1872 5676 dicitur
1891 5621 2036 5677 illam

459 5741 574 5786 rem
605 5725 675 5784 de
689 5739 796 5795 qua
824 5739 949 5780 vere
973 5721 1174 5789 aliquid
1196 5718 1513 5786 praedicatur
1529 5731 1647 5771 esse
1671 5726 1889 5768 necesse
1912 5721 2030 5777 est;

2127 4627 2308 4666 verum
2341 4617 2501 4671 esset,
2534 4605 2781 4657 similiter
2825 4613 2943 4653 cum
2991 4597 3236 4661 veritate,
3293 4597 3372 4646 vel
3409 4594 3577 4655 ﬁeret,
3610 4591 3696 4646 vel

2124 4718 2242 4758 cum
2269 4699 2497 4754 falsitate
2547 4710 2651 4747 non
2699 4693 2870 4754 lieret,
2913 4696 2967 4740 et
3010 4687 3152 4755 quod
3196 4699 3323 4738 vere
3379 4685 3574 4736 falseve
3627 4681 3696 4734 ab

2126 4785 2579 4846 enuntiationibus
2605 4780 2901 4836 dicebatur.
2949 4775 3101 4842 Quod
3155 4775 3199 4828 si
3245 4775 3344 4828 hoc
3371 4771 3697 4840 impossibile

2129 4893 2231 4948 est,
2261 4891 2313 4936 et
2341 4887 2465 4935 sunt
2490 4874 2730 4947 quaedam
2777 4885 2863 4925 res
2892 4885 3008 4936 quae
3043 4867 3360 4923 necessitate
3402 4882 3505 4918 non
3553 4873 3694 4916 sunt.

2131 4976 2388 5030 Videmus
2411 4979 2502 5025 aut
2528 4965 2782 5037 quasdam
2810 4978 2932 5018 esse
2955 4977 3104 5030 casu,
3132 4959 3380 5026 quasdam
3419 4973 3483 5010 ex
3516 4957 3698 5009 volun~

2136 5074 2264 5132 tate,
2292 5061 2546 5134 quasdam
2577 5072 2640 5112 ex
2674 5054 2884 5124 propria
2919 5050 3271 5121 possibilitate
3312 5055 3529 5111 naturae,
3593 5043 3698 5097 frn-

2136 5169 2243 5212 stra
2268 5133 2481 5225 putatur
2509 5150 2644 5204 sicut
2675 5147 2729 5200 in
2762 5143 3063 5213 praeteritis,
3095 5142 3165 5195 ita
3189 5152 3396 5207 quoque
3428 5137 3478 5188 in
3511 5133 3700 5187 futuris

2137 5224 2611 5306 enuntiationibns,
2641 5252 2798 5293 unam
2839 5249 2958 5288 esse
3006 5231 3232 5293 veram,”
3257 5229 3473 5281 alteram
3512 5224 3698 5277 falsam

2137 5339 2374 5396 delinite.
2399 5335 2573 5402 Quare
2603 5329 2689 5383 hic
2716 5327 2926 5395 quidem
2958 5337 3061 5376 una
3102 5320 3198 5374 fuit
3223 5319 3338 5386 ejus
3368 5324 3701 5385 argumenta-

2138 5436 2234 5496 tio,
2273 5432 2430 5485 aliam
2476 5437 2604 5479 vero
2640 5419 2792 5490 quasi
2839 5419 2952 5486 ipse
3001 5413 3100 5468 sibi
3147 5424 3420 5478 opponens
3470 5408 3702 5476 aliquam

2135 5523 2480 5596 quaestionem
2509 5511 2801 5582 ingreditur
2823 5505 3079 5561 validiore
3106 5509 3348 5556 tractatu.

2209 5611 2438 5681 Amplius
2468 5609 2511 5660 si
2533 5611 2605 5657 est
2631 5600 2802 5653 album
2831 5612 2984 5656 nunc,
3009 5609 3182 5648 verum
3209 5600 3316 5644 erat
3339 5590 3503 5642 dicere
3532 5587 3696 5658 prius,

2137 5707 2375 5780 quoniam
2409 5701 2500 5753 erit
2527 5696 2717 5754 album,
2762 5707 2918 5759 quare
2966 5700 3156 5755 semper
3189 5685 3287 5752 fuit
3318 5698 3488 5737 verum
3513 5681 3700 5748 dicere,
