4270 6266
588 477 694 538 499

1831 483 1941 537 ΑΝ.
1983 475 2206 538 MANL.
2230 479 2383 539 εεν.
2426 474 2648 539 ιιοιιτιι

3731 482 3837 540 500

588 591 848 663 quodlibet
875 607 1044 643 eorum
1078 607 1190 659 qmr
1221 596 1353 660 facta
1378 603 1514 655 sunt,
1552 591 1790 660 quoniam
1825 593 2010 654 εει,υει
2033 595 2154 646 erit.
2185 591 2238 652 Α
2261 593 2497 648 Cessitati
2533 596 2673 649 valet
2727 597 3000 652 contrarie
3035 597 3401 665 praedicatum,
3451 603 3509 653 ut
3561 599 3674 670 ipse
3719 609 3839 666 post

593 683 740 748 Quod
770 685 814 734 si
839 697 1032 748 semper
1063 682 1159 751 fuit
1189 682 1375 746 dicere,
1422 686 1660 750 quoniam
1699 693 1770 735 est
1803 684 1875 736 vel
1907 684 2022 746 erit,
2056 691 2156 736 non

589 781 748 840 potest
771 770 864 823 hoc
908 787 1008 823 non
1041 788 1166 836 esse,
1211 771 1286 825 vel
1319 789 1417 824 non
1449 773 1677 840 futurum
1706 789 1830 826 esse.
1878 771 2030 838 Quod
2057 789 2154 824 au-

587 874 684 916 tem
713 880 811 915 non
846 870 1008 932 potest
1049 881 1147 916 non
1178 865 1311 932 ﬁeri,
1354 859 1662 927 ἱηιροεειὺίικ
1690 871 1763 916 est
1794 881 1892 917 non
1927 865 2056 930 fieri.
2095 863 2157 916 Et

581 957 719 1026 quod
745 956 1052 1021 impossibile
1084 963 1153 1009 est
1179 974 1278 1008 non
1317 956 1446 1021 ﬁeri,
1479 971 1675 1008 necesse
1701 964 1771 1008 est
1806 953 1937 1022 ﬁeri.
1973 954 2159 1007 Omnia

584 1064 705 1115 ergo
744 1065 859 1118 qua:
894 1049 1266 1120 futuro-sunt,
1309 1063 1506 1100 necesse
1537 1057 1608 1100 est
1657 1046 1796 1114 ﬁeri,
1847 1043 1975 1098 nihil
2005 1045 2159 1116 igitur

584 1141 904 1202 utrumlibet,
932 1155 1091 1208 neque
1137 1154 1258 1192 casu
1292 1139 1418 1201 erit,
1454 1154 1570 1190 nam
1600 1138 1642 1190 si
1664 1152 1786 1188 casu
1808 1178 1820 1193 .
1847 1149 1948 1188 non
1977 1147 2040 1188 ex
2070 1143 2158 1186 ne-

584 1233 829 1281 cessitate.

656 1321 733 1373 Ad
766 1318 1106 1373 astruendntn
1150 1336 1254 1372 non
1286 1334 1404 1373 esse
1431 1333 1617 1372 omnes
1644 1315 2040 1372 enuntiationes
2064 1329 2157 1371 ve-

584 1424 671 1463 ras
701 1410 916 1463 deﬁnite
939 1412 991 1463 in
1024 1410 1198 1463 futuro
1225 1410 1308 1463 vel
1341 1410 1498 1464 falsas
1527 1454 1540 1476 ,
1569 1425 1634 1464 ex
1660 1409 1848 1464 eadem
1880 1419 2162 1477 argumen-

584 1503 798 1556 tationis
856 1501 1070 1565 virtttle,
1101 1511 1153 1554 et
1192 1515 1254 1553 ex
1300 1499 1488 1554 eodem
1533 1499 1902 1567 possibilitatis
1943 1493 2158 1565 evetitu,

583 1593 846 1648 diversam
895 1602 1069 1646 tamen
1123 1594 1417 1661 ingreditur
1464 1591 1945 1661 argumentationis
1995 1590 2156 1644 viam.

583 1679 788 1736 Dudum
817 1684 957 1736 enim
986 1698 1049 1737 ex
1082 1683 1163 1734 his
1189 1701 1304 1751 qua:
1333 1679 1562 1736 nondum
1590 1692 1740 1736 erant
1771 1682 1925 1745 facta,
1962 1682 2004 1734 si
2037 1695 2161 1734 vere

583 1772 758 1832 fututa
807 1789 925 1827 esse
986 1775 1421 1842 praedicerentur,
1475 1776 1526 1827 in
1581 1773 1740 1828 rebus
1786 1772 2160 1827 necessitatem

583 1866 750 1922 Solam
795 1881 915 1919 esse
942 1881 1099 1933 po\se
1126 1865 1358 1932 collegit.
1395 1865 1541 1918 Nunc
1572 1877 1748 1918 autem
1774 1879 1839 1917 ex
1873 1862 1954 1915 his
1997 1861 2158 1916 rebus

2262 681 2459 739 docuit.
2511 681 2644 739 Nam
2701 687 2842 755 quod
2901 689 3231 757 impossibile
3278 699 3357 745 est
3413 697 3554 756 εεεε.
3619 702 3839 747 necesse

2261 785 2345 830 est
2401 785 2506 831 non
2551 782 2689 832 εεεε.
2742 778 2892 846 Quod
2941 793 3162 835 necesse
3217 789 3296 834 est
3343 791 3398 835 nt
3447 784 3534 847 sit,
3590 784 3837 848 tossihile

2265 880 2368 920 non
2413 876 2494 921 est
2543 867 2670 922 illud
2729 879 2832 923 non
2873 882 3012 935 esse,
3059 867 3198 939 quod
3251 873 3392 925 inim
3445 880 3502 926 ut
3555 875 3623 927 sit
3669 889 3838 942 posse

2263 953 2371 1010 bile
2398 969 2500 1012 non
2531 966 2632 1024 εει,
2661 969 2762 1011 non
2797 973 2916 1014 esse
2949 975 3167 1015 necesse
3187 971 3289 1016 est.
3329 963 3483 1030 Quod
3529 964 3573 1018 si
3607 965 3706 1019 hoc
3734 975 3833 1032 est,

2265 1051 2320 1103 et
2345 1049 2609 1103 cuntraria
2639 1066 2697 1105 se
2723 1050 2909 1106 eodem
2936 1051 3094 1106 modo
3127 1054 3418 1109 habebunt.
3446 1058 3595 1122 Quod
3627 1070 3706 1111 est
3740 1060 3836 1110 im-

2268 1137 2517 1206 possibile
2546 1151 2650 1194 non
2673 1155 2814 1206 esse,
2844 1141 2945 1196 hoc
2968 1155 3087 1197 esse
3111 1152 3330 1200 necesse
3365 1156 3472 1199 εει.
3499 1147 3601 1200 Sed
3633 1148 3833 1206 dictum

2263 1235 2346 1282 est
2376 1243 2436 1282 ea
2468 1243 2586 1298 quae
2623 1239 2747 1284 rete
2794 1233 3151 1298 prtedicantur
3190 1235 3518 1302 impossibile
3571 1252 3686 1290 esse
3729 1251 3832 1290 non

2263 1327 2405 1383 esse,
2455 1317 2556 1373 hoc
2583 1327 2760 1374 autem
2809 1334 2889 1375 εει
2922 1329 2986 1376 ex‘
3024 1326 3347 1379 necessitate
3371 1341 3508 1380 esse.
3556 1328 3630 1381 Ea
3677 1329 3836 1396 igitur

2265 1423 2382 1478 qnte
2422 1409 2788 1479 praadicuntur
2824 1425 2890 1468 ex
2921 1417 3242 1470 necessitate
3292 1415 3463 1470 futura
3509 1429 3650 1471 sunt.
3695 1419 3834 1472 Nihil

2263 1497 2426 1568 igitur
2457 1504 2781 1567 utrumlibet,
2819 1513 2990 1573 neque
3014 1519 3165 1571 casu,
3200 1521 3373 1575 neque
3403 1508 3836 1564 omninO'secun-

2265 1593 2389 1648 dum
2445 1594 2667 1649 liberum
2717 1597 3016 1662 arbitrium,
3051 1598 3190 1667 quod
3225 1583 3529 1653 utrumlibet
3574 1592 3837 1670 signiﬁes-

2264 1685 2339 1739 tio
2376 1695 2542 1740 totum
2569 1687 2779 1742 clausit.
2817 1688 2947 1742 Nam
2973 1689 3109 1757 unod
3141 1688 3268 1742 dicit
3311 1689 3637 1752 utrutialibet,
3671 1694 3837 1759 possis

2265 1775 2542 1840 bilitatem,
2573 1786 2628 1832 et
2645 1791 2847 1848 casum,
2897 1787 2950 1833 et
2980 1779 3199 1833 liberum
3233 1780 3284 1834 in
3331 1781 3723 1849 signiﬁcatione
3749 1793 3835 1837 ar-

2265 1867 2480 1922 bitrium
2507 1875 2669 1921 tenet.
2702 1868 2838 1937 Ergo
2884 1869 3014 1922 nihil
3069 1869 3123 1921 iit
3151 1877 3298 1924 essu.
3341 1869 3470 1924 Nam
3513 1874 3559 1926 si
3591 1875 3832 1942 quadam

583 1970 702 2024 quae
727 1956 878 2009 tactas
904 1965 1048 2016 sunt,
1086 1968 1397 2023 argumenta
1426 1957 1600 2007 iuueni
1633 1951 1796 2021 capit,
1831 1955 1874 2006 si
1899 1966 2025 2007 vere
2054 1967 2157 2006 an-
2188 1956 2236 2016 Β
2263 1959 2376 2013 ﬁeri
2402 1973 2526 2013 casu
2549 1960 2710 2024 dicat,
2743 1959 2828 2014 ille
2861 1970 3042 2013 ταιειιε
3078 1962 3129 2014 in
3171 1969 3231 2014 ca
3264 1973 3321 2016 re
3353 1963 3564 2030 perimit
3594 1966 3831 2019 necessi-

584 2055 796 2116 tequam
872 2048 1061 2101 lien-nt
1111 2048 1547 2115 przedicet'entur,
1609 2045 1945 2099 necessitatis
2016 2060 2157 2097 nexu

583 2155 803 2194 eventus
837 2156 1010 2193 rerum
1040 2138 1604 2213 omniumcootineri;
1637 2137 1967 2190 arbitrantur
2014 2135 2156 2190 enim

583 2231 640 2285 bi
680 2233 768 2300 qui
813 2231 996 2284 dicunt
1039 2229 1461 2295 Contiugentium
1491 2243 1702 2298 quoque
1734 2226 2158 2296 propositionum

583 2323 824 2380 ﬂabilem
852 2337 971 2376 esse
1010 2321 1394 2375 enuntiationis
1434 2323 1648 2374 modum
1699 2316 1991 2372 secundum
2022 2317 2179 2393 veri-1

585 2423 744 2468 tatem
791 2413 994 2467 scilicet
1028 2422 1187 2481 atque
1235 2412 1596 2478 mendacium,
1641 2409 1781 2480 quod
1811 2408 1990 2463 omnia
2015 2421 2162 2476 quas-

582 2519 789 2572 cunque
816 2502 954 2556 facta
986 2512 1128 2567 sunt,
1180 2503 1442 2572 inquiunt,
1495 2511 1715 2570 potuere
1756 2499 1997 2568 prazdgci,
2028 2511 2161 2566 quo-

582 2597 726 2648 niam
760 2594 906 2646 ﬁent.
942 2593 1051 2646 lloc
1094 2595 1234 2645 enim
1287 2595 1338 2645 in
1388 2603 1579 2644 natura
1628 2591 1839 2660 quidem
1888 2591 1982 2642 fuit
2013 2601 2158 2651 ante,

583 2686 674 2740 led
726 2685 877 2739 nobis
921 2689 1020 2739 hoc
1079 2686 1152 2739 rei
1205 2685 1366 2747 ipsius
1421 2685 1666 2752 patefecit
1712 2691 1954 2738 chnlus.
1985 2683 2162 2751 Quare

583 2777 628 2832 si
678 2776 858 2829 omnia
900 2791 1230 2845 quaecunque
1291 2776 1565 2830 evenerint
1607 2783 1778 2840 sunt,
1832 2784 1884 2830 et
1932 2790 1996 2830 ea
2041 2787 2161 2845 qua:

583 2878 707 2923 sunt
739 2863 916 2921 futura
947 2884 1065 2923 esse
1098 2867 1310 2936 prtedici
1345 2876 1652 2937 potuerunt,
1697 2882 1912 2922 necesse
1938 2871 2020 2922 est
2048 2883 2165 2922 om-

583 2965 670 3018 nia
697 2979 812 3031 qua:
859 2962 1128 3028 dicuntur,
1183 2972 1273 3014 aut
1312 2959 1528 3015 delinite
1569 2977 1691 3014 vera
1731 2976 1871 3028 esse,
1902 2969 1995 3014 aut
2030 2959 2164 3014 deii-

583 3057 693 3111 nite
723 3057 875 3121 ialsa,
909 3057 1159 3126 quoniam
1188 3057 1438 3112 deﬁnitus
1485 3071 1668 3110 eorum
1716 3065 1942 3111 eventus
1973 3071 2160 3110 secun-

582 3147 706 3202 dum
741 3163 974 3218 priesens
1011 3159 1218 3217 tempus
1249 3158 1349 3202 est.
1385 3150 1560 3214 Quare
1591 3147 1642 3203 in
1682 3148 1931 3202 Omnibus
1963 3148 2013 3200 in
2043 3145 2162 3216 qui-

583 3240 683 3294 bus
740 3239 938 3310 aliquid
986 3243 1206 3308 evenit,
1257 3257 1441 3293 verum
1491 3249 1606 3295 erat
1652 3239 1867 3306 dicere,
1911 3239 2160 3308 quoniam

2263 2062 2448 2114 talem,
2478 2051 2618 2122 quod
2651 2053 2792 2108 enim
2840 2065 2965 2108 casu
2994 2061 3092 2118 est,
3130 2067 3236 2106 non
3288 2067 3352 2107 ex
3383 2057 3703 2110 neCessitate
3731 2063 3832 2122 est,

2261 2144 2392 2199 nihil
2417 2153 2596 2200 autem
2621 2145 2680 2198 tit
2709 2159 2856 2213 casu,
2909 2147 3158 2214 quoniam
3187 2143 3364 2198 omnia
3404 2153 3469 2199 ex
3520 2147 3838 2204 necessitate

2262 2238 2601 2306 proveniunt,
2651 2247 2984 2308 quicumque
3037 2237 3328 2292 enuntiatio
3386 2245 3510 2292 vera
3571 2239 3834 2308 prtedixit.

2265 2327 2649 2383 Evenitautem
2703 2328 2998 2396 Itujnsmodi
3051 2328 3452 2397 impossibilitas
3481 2344 3545 2382 ex
3587 2341 3654 2384 eo
3691 2329 3832 2398 quod

2262 2433 2576 2478 concessum
2621 2430 2699 2477 est
2751 2423 2914 2491 prius,
2944 2423 3120 2477 omnia
3168 2437 3497 2494 quascunque
3539 2421 3670 2478 tacta
3711 2435 3833 2481 sunt

2263 2511 2480 2566 deﬁnite
2511 2527 2634 2566 vere
2664 2511 2876 2581 pra-dici
2911 2515 3164 2578 potuisse.
3196 2514 3325 2569 Nam
3354 2515 3396 2569 si
3426 2529 3491 2569 ex
3521 2515 3836 2571 necessitate

2262 2605 2522 2677 contingit
2551 2606 2600 2659 id
2641 2605 2778 2672 quod
2809 2606 3005 2669 evenit,
3037 2618 3218 2661 verum
3252 2607 3346 2660 fuit
3376 2605 3551 2660 dicere
3588 2605 3837 2674 quoniam

2264 2701 2388 2759 erit,
2408 2689 2550 2764 quod
2582 2697 2625 2750 si
2657 2711 2719 2750 ex
2746 2694 3062 2750 necessitate
3090 2711 3193 2749 non
3215 2696 3493 2767 contingit,
3517 2696 3610 2750 sed
3635 2698 3834 2751 contin-

2266 2792 2477 2854 gentcr,
2523 2799 2624 2838 non
2657 2786 2829 2853 pctius
2857 2797 3036 2836 verum
3081 2783 3172 2836 iuit
3216 2783 3396 2838 dicere
3437 2785 3684 2850 quoidam
3717 2785 3837 2850 erit,

2267 2877 2360 2932 sed
2389 2877 2553 2949 magis
2582 2879 2829 2946 quoniam
2861 2877 3115 2945 contingit
3143 2891 3289 2942 esse;
3320 2892 3435 2929 nam
3459 2877 3546 2946 qui
3573 2877 3700 2932 dicit
3720 2877 3838 2941 erit,

2265 2963 2356 3023 ille
2370 2969 2650 3037 quamdam
2669 2969 3034 3022 necessitatem
3058 2967 3109 3021 in
3146 2968 3256 3036 ipsa
3279 2967 3655 3042 praedicatione
3679 2969 3838 3037 punit.

2267 3058 2380 3114 Hoc
2409 3059 2530 3114 inde
2560 3057 2886 3124 intelligitur,
2911 3060 3047 3125 quod
3079 3059 3123 3112 si
3149 3069 3269 3112 vere
3296 3058 3436 3112 dicat
3461 3057 3690 3112 futurum
3725 3074 3841 3120 esse

2266 3150 2319 3205 Id
2349 3151 2489 3220 quod
2520 3152 2842 3221 praedicitur,
2877 3151 3204 3217 impossibile
3230 3151 3287 3202 iit
3314 3163 3418 3202 non
3444 3149 3577 3204 lteri.
3615 3149 3725 3204 Hoc
3750 3163 3842 3204 att-
3909 3147 3914 3150 ’

2269 3252 2372 3297 tem
2414 3260 2477 3298 ex
2507 3244 2828 3299 necessitate
2865 3243 2936 3297 sit
2962 3242 3096 3306 ﬁeri,
3131 3256 3257 3310 ergo
3299 3243 3388 3312 qui
3416 3243 3545 3296 ditit
3596 3248 3844 3313 quoniam

583 3341 894 3386 eventuium
925 3341 1024 3395 est,
1054 3341 1106 3386 et
1134 3332 1177 3385 si
1227 3333 1457 3386 nondum
1490 3332 1661 3386 adhuc
1693 3331 1884 3385 factum
1915 3340 2017 3384 est.
2053 3325 2240 3388 Hoc‘C
2268 3331 2369 3386 erit
2392 3332 2589 3401 aliquid
2619 3346 2802 3384 eorum
2837 3347 2954 3400 qua:
2985 3335 3355 3398 contingenter
3385 3335 3652 3396 eveniunt,
3692 3332 3744 3385 in
3780 3347 3842 3391 eo

582 3435 757 3479 autem
804 3424 892 3477 i'la
931 3439 1016 3478 res
1061 3424 1249 3494 probat
1280 3440 1460 3478 venum
1509 3424 1670 3478 fuisse
1703 3437 1826 3478 tunc
1869 3421 1990 3487 dici,
2024 3438 2161 3493 quo-

583 3515 726 3572 niam
754 3517 931 3570 evenit
972 3517 1022 3569 id
1049 3517 1187 3584 quod
1219 3515 1430 3583 prtedici
1467 3526 1728 3581 powerat,
1767 3516 1906 3582 quod
1938 3516 1980 3567 si
2031 3528 2164 3578 prx-

583 3605 781 3660 dictum
815 3618 976 3672 esset,
1009 3621 1093 3660 res
1122 3614 1376 3660 eventura
1398 3604 1613 3658 deﬁnita
1658 3602 1879 3657 veritate
1911 3599 2161 3671 prtrdice~

583 3708 751 3753 retur.
786 3700 893 3752 Hoc
944 3700 1260 3752 Aristoteles
1301 3713 1518 3752 sumens
1562 3698 1626 3751 ad
1663 3698 1802 3750 idem
1835 3691 2162 3762 impossiblie

583 3786 912 3842 validissima
943 3790 1149 3843 ratione
1181 3789 1450 3858 perducit,
1503 3798 1558 3842 et
1601 3786 1878 3857 praascntis
1909 3799 2162 3855 temporis

583 3892 825 3938 naturam
865 3898 982 3936 cuin
1010 3883 1171 3938 futuri
1193 3883 1562 3938 enuntiaione
1589 3879 1988 3950 conjungit.Ait
2018 3878 2157 3933 enim

583 3972 755 4027 simile
784 3988 900 4026 esse
932 3973 998 4027 de
1022 3977 1373 4042 praesentibus
1399 3973 1680 4027 enuntiare
1705 3972 1998 4028 secundum
2027 3972 2166 4026 veri-

583 4067 706 4122 tatis
749 4067 1118 4122 necessitatem
1151 4078 1199 4122 et
1249 4067 1316 4122 de
1364 4067 1572 4122 futuris.
1627 4069 1756 4121 Nam
1791 4067 1834 4122 si
1865 4083 2048 4121 verum
2079 4073 2162 4120 est

583 4159 782 4226 dicere,
811 4160 1065 4230 quoniam
1097 4170 1182 4213 est
1211 4160 1431 4228 aliquid,
1463 4175 1585 4214 esse
1613 4173 1836 4214 necesse
1884 4167 1987 4223 est,
2019 4167 2075 4212 et
2115 4158 2160 4211 si

584 4269 764 4310 verum
803 4265 883 4307 est
913 4255 1112 4317 dii-ere,
1155 4255 1403 4319 quoniam
1460 4255 1581 4319 erit,
1633 4254 1864 4305 futurum
1897 4267 2015 4304 esse
2046 4249 2162 4303 sine

583 4347 745 4402 dubio
790 4358 1011 4398 necesse
1058 4351 1162 4396 εει.
1196 4343 1382 4395 Omnia
1428 4341 1586 4407 igitur
1616 4356 1681 4394 ex
1733 4339 2052 4393 necessitate
2084 4337 2163 4416 tu-

587 4446 705 4490 tura
733 4444 875 4498 sunt,
903 4435 966 4486 ad
1002 4433 1162 4495 idem,
1197 4431 1425 4494 scilicet,
1460 4428 1792 4500 impossibile
1820 4431 2164 4498 argumenta-

583 4528 780 4580 tionem
812 4524 1049 4579 trahens.
1097 4521 1270 4578 Sumit
1312 4531 1488 4575 autem
1533 4520 1687 4590 hujus
1719 4515 2164 4589 impossibilitatis

582 4615 823 4671 ordinem
867 4632 930 4670 ex
964 4615 1046 4668 his
1079 4613 1528 4683 prOpositionihus
1585 4625 1702 4681 quas
1746 4610 2016 4664 faciliores
2038 4608 2158 4678 qui-

2266 3420 2408 3491 quod
2439 3420 2670 3473 futuram
2697 3436 2814 3474 esse
2840 3419 2989 3486 dicit,
3025 3421 3075 3472 id
3102 3419 3240 3488 quod
3262 3421 3625 3489 contingenter
3645 3423 3841 3485 evenit,

2267 3509 2494 3564 fortasse
2544 3511 2825 3572 mentitur;
2879 3511 2960 3562 vel
2993 3511 3036 3563 si
3086 3511 3368 3580 contigerit
3432 3523 3517 3565 res
3567 3511 3653 3564 illa
3687 3525 3841 3581 quam

2267 3602 2527 3672 prtediclt,
2566 3601 2655 3656 ille
2682 3611 2858 3656 tamen
2900 3603 3150 3657 mentitus
3177 3615 3279 3669 est,
3323 3620 3426 3658 non
3457 3605 3598 3659 enim
3623 3616 3843 3664 eventus

2269 3695 2436 3750 falsus
2478 3701 2579 3765 est,
2632 3697 2724 3750 sed
2781 3693 2970 3750 modus
3021 3699 3431 3768 ptmdication‘is.
3489 3697 3728 3767 Namque
3776 3701 3844 3761 ita

2267 3788 2504 3857 oportuit
2560 3787 2779 3850 dicere,
2834 3797 2952 3842 cras
2997 3788 3192 3843 bellum
3251 3792 3437 3844 navale
3481 3791 3842 3860 contingente:

2268 3880 2498 3943 eveniet,
2533 3877 2633 3933 hoc
2662 3877 2973 3945 estdicere,
3020 3881 3093 3933 ita
3137 3881 3353 3935 eveniet
3397 3884 3440 3935 Si
3484 3882 3742 3948 evenerit,
3789 3891 3842 3940 ut

2266 3969 2500 4043 potuerit
2530 3987 2633 4025 non
2662 3973 2894 4026 evenire.
2934 3970 3043 4026 lloc
3081 3979 3207 4042 ergo
3241 3973 3331 4041 qui
3363 3973 3510 4040 dicit,
3555 3985 3738 4029 verum
3771 3974 3843 4028 di-

2267 4065 2357 4119 cit.
2411 4064 2673 4116 Eventum
2719 4063 2859 4118 ettitn
2893 4063 3262 4130 contingenter
3295 4065 3562 4130 praedixit.
3605 4067 3703 4131 Qui
3750 4048 3843 4119 an~

2267 4169 2374 4216 tem
2407 4155 2480 4208 ita
2503 4155 2652 4220 dicit,
2695 4170 2811 4208 cras
2842 4156 2942 4207 erit
2985 4155 3178 4208 bellum
3213 4155 3419 4218 navale,
3448 4157 3596 4223 quasi
3628 4171 3840 4214 necesse

2266 4249 2357 4314 sit,
2386 4247 2457 4299 ita
2488 4247 2813 4315 pronuntiat,
2856 4248 2995 4316 quod
3027 4249 3070 4300 si
3095 4251 3351 4316 evenerit,
3381 4259 3483 4323 non
3507 4250 3616 4316 jam
3644 4248 3838 4302 idcirco

2266 4339 2390 4408 quia
2424 4339 2690 4408 prtedixit,
2718 4353 2902 4392 verum
2936 4341 3161 4405 dixerit,
3191 4341 3435 4409 quoniam
3464 4338 3514 4392 id
3544 4341 3683 4409 quod
3712 4353 3837 4394 con-

2267 4430 2531 4498 tingenter
2572 4437 2884 4485 eventurum
2916 4437 3050 4498 erat,
3094 4434 3395 4486 necessarie
3448 4429 3681 4485 futurum
3723 4445 3841 4488 esse

2267 4523 2531 4592 prmdixit.
2563 4517 2677 4577 Non
2707 4540 2835 4592 ergo
2866 4525 2918 4578 in
2941 4533 3132 4579 eventu
3152 4529 3230 4577 est
3259 4525 3484 4588 falsitas,
3507 4524 3596 4577 sed
3628 4524 3678 4577 in
3706 4539 3840 4593 prie.

2266 4613 2545 4670 dicationis
2567 4615 2746 4671 tnodo.
2772 4613 3221 4683 Quemadmodum
3243 4619 3384 4670 enim
3413 4617 3456 4669 si
3484 4615 3604 4684 quis
3626 4615 3842 4674 Socrate

581 4708 701 4764 dem
731 4709 795 4762 ad
846 4709 1175 4764 intellectum
1223 4713 1367 4771 sunt,
1418 4705 1556 4758 idem
1612 4713 1791 4756 tamen
1830 4702 2005 4756 valent
2060 4700 2161 4755 hoc
2188 4691 2240 4752 D
2265 4705 2570 4760 ambulante
2611 4705 2794 4759 dicat:
2829 4705 3076 4760 Socrates
3109 4722 3172 4760 ex
3222 4707 3539 4759 necessitate
3584 4709 3836 4771 ambulat,

580 4800 742 4854 modo
776 4818 784 4852 :
819 4799 874 4854 Si
897 4815 1130 4868 semper,
1165 4799 1357 4867 inquit,
1407 4813 1588 4852 verum
1644 4808 1728 4851 est
1769 4795 1972 4864 dicere,
2020 4810 2155 4866 quo-

579 4889 722 4944 niam
755 4897 856 4954 est,
907 4891 993 4944 vel
1032 4891 1156 4954 erit,
1196 4888 1452 4957 quidquid
1498 4887 1639 4942 cnim
1683 4896 1808 4943 tunc
1852 4904 2034 4942 verum
2061 4883 2160 4939 fuit

579 4978 895 5049 praedicere,
928 4980 1058 5034 illud
1087 4995 1190 5032 non
1225 4990 1399 5048 potest
1431 4995 1537 5033 non
1569 4993 1711 5042 esse,
1744 4994 1843 5032 nec
1877 4994 1981 5031 non
2012 4976 2158 5030 futu-

580 5088 869 5139 rutn'esse,
914 5073 1360 5142 quemadmodum
1390 5074 1530 5127 enim
1563 5075 1613 5127 id
1640 5073 1782 5140 quod
1824 5073 1877 5126 in
1912 5071 2156 5141 prtesenti

580 5179 706 5221 vere
734 5167 926 5220 dicitur
956 5179 1096 5228 esse,
1125 5165 1225 5218 hoc
1270 5178 1375 5218 non
1413 5174 1591 5231 potest
1627 5179 1732 5218 non
1758 5179 1899 5229 esse,
1948 5172 2002 5218 et
2033 5179 2157 5218 vera

579 5262 644 5314 de
676 5274 737 5313 ea
769 5258 1058 5328 prepositio
1088 5256 1207 5324 fuit,
1236 5273 1355 5327 quae
1395 5257 1605 5313 dicebat
1648 5270 1792 5323 esse,
1841 5257 1912 5312 ita
1943 5272 2156 5326 quoque

577 5352 630 5404 in
664 5351 842 5404 futuro
865 5367 984 5420 qua:
1009 5351 1138 5406 dicit
1164 5349 1366 5419 aliquid
1394 5349 1627 5405 futurum
1672 5363 1814 5415 esse,
1839 5349 1927 5402 illa
1967 5347 2012 5403 si
2035 5363 2158 5403 vera

577 5451 678 5504 est,
725 5459 830 5497 non
863 5454 1038 5511 potest
1089 5460 1193 5499 non
1251 5444 1487 5499 futurum
1533 5458 1652 5499 esse
1699 5443 1838 5513 quod
1894 5441 2152 5512 praedicit.

579 5534 726 5599 Quod
752 5536 793 5586 si
823 5549 925 5588 non
953 5545 1127 5604 potest
1151 5527 1400 5592 non'lieri
1431 5535 1568 5605 quod
1599 5551 1628 5591 a
1648 5551 1766 5588 vera
1796 5534 2158 5605 propositione

579 5625 902 5690 praedicitur,
936 5625 1266 5693 impossibile
1298 5639 1380 5684 est
1405 5643 1511 5684 non
1541 5629 1677 5684 iieri.
1711 5627 1851 5684 Idem
1892 5625 2034 5682 enim
2075 5634 2156 5679 est

577 5711 777 5777 dicate,
811 5729 914 5769 non
958 5726 1132 5786 potest
1174 5735 1278 5774 non
1311 5721 1446 5784 ﬁeri,
1491 5719 1631 5788 quod
1666 5719 1864 5782 dicere,
1913 5713 2156 5786 impossi-

578 5800 682 5858 bile
711 5811 794 5854 est
821 5819 925 5856 non
973 5807 1110 5860 ﬁeri.
1156 5809 1304 5874 Quod
1354 5823 1529 5863 autem
1563 5808 1889 5878 impossibile
1937 5817 2015 5860 est
2046 5819 2151 5858 non

583 5891 716 5963 ﬁeri,
745 5904 966 5950 necesse
990 5903 1069 5950 est
1113 5897 1251 5952 neri.
1301 5897 1634 5965 lmpossibile
1679 5898 1822 5952 enim
1870 5895 2010 5950 idem
2059 5909 2155 5951 ne-

2268 4797 2359 4851 ille
2389 4791 2643 4851 mrntitus
2673 4803 2756 4851 est
2785 4811 2888 4850 non
2920 4803 2968 4850 in
3011 4813 3073 4851 co
3105 4797 3243 4866 quod
3294 4799 3540 4854 Socrates
3586 4801 3834 4864 ambu'at,

2268 4887 2360 4941 sed
2387 4889 2437 4941 in
2461 4903 2525 4943 eo
2553 4889 2692 4958 quod
2719 4889 2804 4942 ille
2833 4903 2899 4941 ex
2923 4890 3240 4942 necessitate
3264 4897 3385 4941 euut
3409 4888 3682 4942 ambulare
3706 4905 3839 4957 prae-

2267 4976 2481 5045 dicavit,
2511 4980 2582 5032 ita
2619 4995 2828 5047 quoque
2868 4980 2917 5031 in
2962 4980 3101 5033 hoc:
3145 4979 3242 5043 Qui
3279 4980 3410 5032 dicit
3459 4981 3707 5048 quoniam
3739 4983 3841 5035 erit

2265 5067 2479 5139 aliquid,
2516 5071 2673 5125 etiam
2703 5073 2746 5124 si
2777 5072 2875 5125 hoc
2907 5073 3016 5136 iiut,
3064 5073 3150 5126 ille
3183 5083 3358 5126 tamen
3402 5073 3564 5126 talsus
3595 5090 3624 5126 e
3658 5083 3698 5136 ι,
3735 5087 3836 5127 non

2266 5163 2317 5217 in
2349 5177 2414 5217 eo
2438 5163 2576 5232 quod
2608 5163 2802 5216 factum
2832 5173 2932 5228 est,
2963 5164 3054 5218 sed
3081 5165 3131 5216 in
3163 5173 3228 5218 eo
3255 5165 3392 5231 quod
3425 5182 3525 5216 non
3553 5165 3623 5217 ila
3644 5163 3837 5218 factum

2264 5261 2366 5321 est,
2400 5263 2457 5308 ut
2487 5255 2577 5308 ille
2610 5254 2855 5323 prtedixit
2893 5255 3148 5311 futurum.
3198 5257 3351 5323 Quod
3391 5258 3432 5311 si
3465 5273 3647 5311 verum
3696 5270 3838 5312 esset

2263 5343 2502 5411 definite,
2547 5360 2613 5401 ex
2647 5347 2960 5403 necessitate
2987 5357 3130 5403 esset
3160 5347 3414 5403 futurum.
3460 5349 3619 5418 Igitur
3649 5366 3712 5403 ex
3747 5366 3836 5404 ne-

2263 5441 2512 5496 cessitate
2567 5437 2800 5495 iuturum
2842 5457 2960 5498 eSse
3006 5443 3272 5510 prtedixit,
3325 5443 3676 5514 quodcunque
3721 5445 3836 5499 siue

2264 5531 2370 5586 ullo
2399 5534 2502 5588 alio
2531 5533 2691 5588 modo
2728 5533 3042 5589 eventurum
3084 5538 3469 5604 pronuntiavit.
3522 5537 3696 5602 Quare
3729 5551 3833 5590 non

2260 5625 2315 5680 in
2343 5635 2534 5681 eventu
2561 5621 2659 5693 rei,
2691 5628 2785 5682 sed
2819 5629 2870 5680 in
2897 5627 3288 5698 prtedicationis
3317 5632 3704 5700 enuntiatione,
3735 5628 3829 5683 tal-

2258 5716 2388 5772 situs
2437 5717 2720 5773 invenitur.
2763 5722 2980 5788 Oportet
3017 5723 3159 5776 enim
3194 5721 3246 5776 in
3289 5723 3716 5793 contingentibus
3762 5724 3831 5776 ita

2259 5808 2456 5876 aliquid
2483 5807 2792 5881 praedicere,
2841 5815 2885 5866 si
2917 5830 3043 5869 vera
3065 5826 3167 5870 erit
3211 5815 3529 5881 enuntiatio,
3584 5823 3640 5871 ut
3691 5818 3830 5869 dicat

2257 5900 2472 5971 quidem
2500 5902 2734 5960 futurum
2763 5918 2884 5963 esse
2911 5906 3134 5975 aliquid,
3179 5908 3270 5963 sed
3302 5909 3396 5977 ita,
3427 5919 3486 5966 ut
3512 5924 3704 5969 rursus
3741 5924 3830 5968 re-
