4270 6266
366 424 463 485 Sili

1086 427 1151 485 ΙΝ
1188 423 1571 484 LIBRUM'DE
1610 420 2258 482 iNTERPliE‘l'ATIONE
2299 423 2528 479 EDITIO
2567 422 2900 481 SECUNDA.

3516 424 3620 485 50?.

347 544 576 614 .iinquat
601 556 727 598 esse
760 540 1033 609 possibile,
1063 548 1123 593 ut
1148 538 1385 593 futurum
1429 550 1531 589 non
1560 532 1659 587 sit.
1691 533 1816 586 litec
1847 549 1942 585 au-
1976 535 2030 597 Α
2057 535 2319 602 sationem
2347 549 2465 588 esse
2493 550 2599 587 non
2631 550 2829 588 veram.
2864 536 3025 604 Igitur
3057 551 3156 592 nec
3185 536 3286 592 hoc
3315 546 3396 593 est
3421 537 3618 605 dicere,

369 644 589 693 tem'est
627 633 985 701 contingentis
1014 642 1226 696 natura,
1269 630 1635 696 contingenter
1675 626 1728 678 in
1772 640 1940 678 enuno

370 732 592 785 tiatioue
620 728 928 797 praedicare.
956 726 1107 791 Quod
1139 728 1183 780 si
1226 725 1343 794 quis
1382 723 1696 791 simpliciter
1720 721 1771 773 id
1805 718 1945 788 quod

371 832 592 885 [ortasse
615 824 980 891 contingenter
1006 822 1236 885 eveniet,
1273 820 1505 873 futurum
1536 830 1658 871 esse
1683 817 1949 884 praedixe-

370 919 460 973 rit.
500 918 589 970 ille
636 930 744 969 rem
789 915 1182 984 contingentem
1210 911 1513 965 necessarie
1558 909 1790 962 futuram
1821 921 1952 976 prat-

372 1007 519 1061 dixit.
556 1009 727 1074 Atque
762 1005 882 1059 ideo
911 1008 1072 1057 etiam
1121 1003 1166 1056 si
1206 1004 1445 1057 event-rit
1489 1002 1540 1055 td
1565 1003 1705 1072 quod
1736 1000 1950 1065 dicitur,

372 1107 543 1153 tamen
568 1099 657 1152 ille
679 1097 933 1150 mentitus
954 1106 1058 1160 εει,
1094 1098 1148 1149 in
1177 1110 1242 1150 eo
1270 1094 1411 1163 quod
1444 1095 1543 1148 hoc
1575 1093 1787 1159 quidem
1824 1106 1954 1145 cond

371 1194 632 1260 tingenter
652 1193 850 1253 evenit,
871 1180 1145 1243 itteautem
1163 1203 1228 1243 ex
1252 1189 1569 1241 necessitate
1591 1186 1821 1239 futurum
1834 1197 1955 1238 esse

292 1326 299 1330 .
371 1287 709 1354 prtcdixetat.
730 1284 863 1335 Cum
886 1290 1013 1348 ergo
1040 1281 1148 1333 sint
1163 1290 1387 1348 quatuor
1418 1280 1837 1331 enuntiationum
1858 1290 1955 1326 ve-

372 1375 543 1429 ritatis
564 1384 611 1426 et
633 1372 881 1426 falsitatis
907 1371 1068 1437 mntll,
1093 1369 1159 1423 de
1179 1371 1261 1423 bis
1283 1368 1490 1423 scilicet
1513 1368 1959 1439 propositionibus

376 1480 493 1535 qua!
511 1463 757 1518 ittfuturo
775 1463 1150 1532 pra-dicantur.
1170 1464 1264 1515 Aut
1284 1460 1529 1530 quoniam
1544 1463 1663 1523 erit,
1681 1468 1849 1513 etnon
1862 1458 1961 1512 erit

377 1557 429 1613 id
458 1556 598 1628 quod
625 1554 839 1622 dicitur,
875 1555 922 1607 id
955 1560 1055 1620 est,
1091 1561 1216 1607 utet
1234 1554 1515 1605 afﬁrmatio
1534 1560 1588 1605 et
1611 1552 1821 1617 negatio
1837 1560 1960 1602 vera

378 1647 468 1712 sit,
512 1656 602 1701 aut
643 1646 890 1716 quoniam
918 1659 1013 1698 nec
1055 1646 1173 1707 erit,
1200 1658 1293 1697 nec
1342 1658 1444 1695 non
1484 1644 1601 1705 erit,
1650 1642 1699 1694 id
1750 1650 1851 1705 est,
1905 1648 1960 1691 ut

378 1738 659 1794 affirmatio
700 1746 751 1790 et
798 1736 1008 1803 negatio
1049 1736 1193 1788 falsze
1240 1734 1376 1795 sint,
1432 1741 1523 1785 aut
1572 1731 1819 1801 quoniam
1859 1730 1962 1784 erit

377 1839 465 1887 aut
499 1839 603 1885 bon
634 1831 757 1895 crit,
806 1843 907 1882 una
939 1836 1114 1881 tamen
1145 1826 1361 1879 deﬁnite
1398 1839 1542 1891 vera,
1597 1825 1760 1878 altera
1803 1823 1958 1887 falsa,

2052 629 2190 697 quod
2237 639 2474 696 utraeque
2520 641 2627 680 non
2666 642 2808 681 verte
2849 630 2972 683 sint.
3023 630 3171 696 Quod
3222 647 3315 700 per
3347 632 3447 686 hoc
3485 631 3625 686 dixit

2053 720 2195 790 quod
2238 720 2331 783 ait,
2367 729 2421 772 at
2448 734 2580 773 vero
2614 733 2714 773 nec
2755 720 3002 787 quoniam
3028 731 3274 775 neutrum
3304 738 3486 777 verum
3518 733 3621 788 est,

2056 813 2318 880 contingit
2348 811 2549 875 dicere,
2597 811 2645 864 id
2674 821 2776 876 est,
2819 827 2922 865 non
2954 816 3107 867 nobis
3141 816 3398 885 contingit
3426 818 3623 881 dicere,

2057 902 2157 955 hoc
2185 913 2267 955 est
2294 902 2623 969 impossibile
2650 912 2730 956 est
2756 904 2955 967 dicere,
2987 908 3234 973 quoniam
3265 918 3508 962 neutrum
3538 925 3628 964 ve-

2056 1008 2175 1048 rum
2214 1003 2296 1048 est
2323 994 2525 1057 dicere,
2573 995 2780 1047 scilicet
2809 996 2948 1063 quod
2994 998 3045 1049 in
3092 1000 3533 1055 afﬁrmatiouibus
3576 1013 3629 1055 et

2060 1084 2456 1152 negationibus,
2481 1100 2598 1147 qua:
2625 1098 3008 1152 proponuntur,
3034 1089 3460 1155 centiugentibus
3488 1094 3630 1143 sciti-

2059 1182 2146 1227 cet
2174 1184 2227 1226 et
2256 1174 2467 1227 futuris.
2490 1174 2593 1240 Qui
2634 1184 2810 1229 autem
2842 1177 3181 1231 Aristotelem
3212 1178 3451 1231 arbitrati
3487 1190 3629 1244 sunt,

2060 1275 2316 1334 utrasque
2358 1270 2749 1335 propositiones
2792 1270 2842 1323 in
2876 1269 3053 1325 futuro
3098 1271 3257 1325 falsas
3286 1272 3557 1338 arbitrari,
3589 1277 3632 1330 si

2060 1357 2174 1411 inec
2204 1374 2324 1427 quin
2353 1374 2493 1413 nunc
2517 1360 2647 1413 dicit
2669 1362 3071 1429 diligentissime
3102 1356 3469 1433 perlegisseut,
3500 1382 3632 1418 nun.

2061 1464 2217 1517 quam
2249 1449 2407 1502 tantis
2438 1450 2743 1504 laberentur
2772 1455 3070 1508 erroribus.
3098 1454 3279 1520 Neque
3324 1459 3464 1510 enim
3493 1456 3633 1513 idem

2066 1550 2149 1596 est
2192 1541 2375 1598 dita-re
2407 1552 2590 1596 neutra
2626 1558 2752 1597 vera
2794 1554 2876 1598 est
2903 1546 3045 1611 quod
3071 1546 3250 1601 dicere
3281 1558 3465 1603 neutra
3509 1563 3633 1605 vera

2062 1644 2145 1688 est
2172 1635 2411 1688 deﬁnite.
2442 1635 2701 1689 Futurum
2731 1639 2873 1691 enim
2900 1654 3019 1693 esse
3046 1655 3166 1694 cras
3199 1643 3385 1696 navale
3411 1644 3629 1711 bellum,

2062 1737 2117 1781 et
2145 1741 2248 1779 non
2295 1730 2553 1795 futurum,
2597 1743 2701 1783 non
2730 1730 2943 1796 dicitur,
2969 1732 3219 1800 quoniam
3248 1745 3487 1802 utrasque
3515 1750 3633 1790 om-

2066 1821 2193 1874 nino
2222 1820 2365 1873 falsus
2394 1822 2520 1881 sint,
2551 1823 2641 1874 sed
2668 1824 2916 1889 quaniam
2940 1835 3124 1878 neutra
3153 1841 3274 1879 vera
3302 1828 3372 1881 sit
3396 1828 3633 1913 deﬁnite,

348 1928 468 1979 ’λιιι
510 1932 695 1976 rursus
743 1920 993 1989 quoitiam
1026 1919 1127 1971 erit
1156 1925 1246 1969 aut
1297 1930 1401 1969 non
1434 1916 1556 1979 erit,
1592 1916 1830 1982 utrisque
1874 1927 1958 1967 se«
1989 1906 2034 1965 Β
2063 1920 2155 1965 aut
2183 1912 2435 1980 quaelibet
2467 1914 2702 1981 ipsarum
2733 1914 2954 1970 deﬁnite
2981 1918 3053 1971 sit
3076 1917 3229 1983 falsa,
3258 1920 3351 1973 sed
3383 1922 3492 1975 haec
3517 1906 3631 1991 qui-

382 2014 609 2071 eundum
648 2012 923 2067 veritatem
955 2020 1006 2063 et
1040 2007 1324 2063 falsitatem
1355 2005 1663 2067 indeﬁnitis,
1695 2017 1747 2060 et
1777 2019 1956 2074 mqua-

382 2102 505 2163 liter
533 2105 599 2160 a‘d
631 2106 904 2159 veritatem
933 2101 1380 2170 mendaciumque
1408 2099 1755 2169 vergentibus
1780 2097 1960 2152 docuit

383 2198 596 2268 Quidam
636 2206 817 2264 supra,
849 2202 902 2249 et
941 2204 1060 2248 esse
1096 2200 1148 2248 et
1179 2209 1282 2247 non
1308 2206 1428 2245 csse
1460 2191 1573 2245 fieri
1630 2206 1732 2243 non
1783 2203 1957 2257 posse,

381 2288 497 2345 ltum
523 2287 678 2341 dixit.
712 2284 961 2355 Utrteque
984 2285 1125 2339 enim
1154 2283 1308 2337 simul
1341 2294 1443 2335 non
1474 2289 1631 2334 erunt
1655 2284 1706 2331 in
1739 2279 1959 2331 tatibus.

384 2372 570 2434 Docuit
600 2380 757 2432 etiam
790 2378 1173 2447 aliquantisper
1201 2384 1291 2427 aut
1319 2387 1439 2427 esse
1464 2381 1550 2425 aut
1577 2386 1682 2425 non
1714 2385 1833 2424 esse
1862 2369 1963 2423 de-

384 2468 556 2534 finite,
605 2470 660 2522 iit
701 2463 1135 2535 contingentibus
1172 2472 1226 2517 et
1282 2464 1469 2516 futuris
1512 2459 1964 2531 propositionibus

386 2568 507 2615 csse
535 2575 636 2613 non
666 2572 842 2626 posse.
883 2560 1028 2610 nunc
1055 2554 1185 2610 illud
1213 2553 1357 2607 addit
1395 2572 1405 2604 :
1439 2552 1587 2619 Quod
1623 2565 1794 2618 neque
1820 2564 1962 2613 esse,

384 2656 556 2718 neque
593 2665 695 2703 non
727 2662 867 2715 esse,
891 2647 943 2702 id
984 2648 1067 2702 est
1096 2646 1238 2714 quod
1272 2658 1371 2697 nec
1403 2641 1534 2697 illud
1563 2641 1667 2695 dici
1694 2655 1817 2695 vere
1848 2655 1963 2709 pos-

385 2742 472 2805 sit,
525 2750 679 2811 posse
709 2748 961 2807 utrasque
992 2736 1215 2791 inveniri
1248 2735 1433 2799 falsas,
1479 2746 1600 2802 quae
1626 2733 1874 2785 dicuntur
1912 2730 1962 2784 in

385 2830 559 2887 ﬁtturo
602 2830 1013 2901 prepositiones.
1062 2822 1213 2896 Quod
1244 2826 1289 2881 si
1322 2839 1499 2894 neque
1551 2835 1787 2891 utraeque
1828 2837 1965 2876 vera:

387 2932 531 2989 sunt,
562 2938 735 2995 neque
757 2931 993 2993 utrmque
1026 2920 1194 2988 falsae,
1225 2933 1399 2988 neque
1440 2933 1540 2971 una
1567 2918 1787 2972 definite
1818 2932 1963 2983 vera,

388 3019 514 3073 falsa
546 3018 710 3072 altera
739 3016 974 3072 definite.
1020 3015 1207 3069 Restat
1233 3022 1292 3067 ut
1325 3025 1428 3065 una
1464 3010 1678 3079 quidem
1721 3024 1843 3064 vera
1873 3010 1964 3075 sit,

392 3111 558 3164 altera
585 3106 735 3174 falsa,
760 3124 861 3162 non
895 3116 1071 3161 tamen
1094 3106 1331 3170 deﬁnite,
1352 3103 1444 3158 sed
1471 3102 1783 3157 utrumlibet
1802 3114 1855 3157 et
1888 3104 1965 3156 in-

396 3203 570 3258 stabili
596 3197 769 3267 modti,
804 3208 858 3254 u't
880 3201 979 3255 hoc
1007 3198 1222 3270 quidem
1252 3205 1343 3251 aut
1374 3198 1476 3251 hoc
1497 3196 1964 3273 evenireOVnecesse

2062 2002 2184 2057 dem
2232 2017 2378 2065 vera,
2431 2004 2517 2055 illa
2549 2020 2676 2057 vero
2712 2006 2866 2069 falsa,
2900 2022 3005 2060 non
3045 2018 3222 2064 tamen
3257 2026 3359 2064 una
3406 2014 3633 2079 ipsarum

2066 2094 2308 2157 definite,
2340 2094 2434 2147 sed
2467 2095 2715 2163 quaelibet
2747 2096 2955 2149 illarum
2988 2101 3372 2168 contingentcr.
3420 2102 3512 2156 ilia
3545 2118 3633 2157 auo

2064 2198 2171 2243 tem
2200 2189 2397 2257 adjecit
2427 2189 2567 2242 aliud
2599 2189 2849 2255 quiddam
2890 2189 3097 2257 dicens,
3140 2194 3183 2245 si
3217 2196 3633 2261 propositionum

2064 2282 2265 2334 veritas
2291 2294 2360 2333 ex
2395 2295 2575 2365 rerum
2605 2280 2904 2334 substantia
2931 2282 3148 2349 pendet,
3180 2292 3238 2337 ut
3262 2284 3516 2353 quidquid
3547 2268 3634 2340 ve.

2064 2386 2181 2426 rum
2210 2383 2291 2427 est
2325 2373 2375 2426 in
2411 2372 2869 2441 propositionibus
2905 2374 3105 2435 dicere,
3135 2376 3236 2430 boc
3274 2391 3395 2431 esse
3426 2392 3636 2438 necesse

2066 2474 2167 2527 est,
2204 2464 2248 2517 si
2302 2476 2484 2517 verum
2531 2473 2611 2517 est
2661 2464 2858 2533 dicere,
2891 2466 3141 2533 quoniam
3178 2467 3281 2520 erit
3325 2467 3501 2521 album
3542 2470 3636 2523 ali-

2065 2558 2216 2625 quid,
2259 2558 2539 2610 veritatem
2590 2557 2966 2623 propositionis
3007 2560 3245 2627 sequitur
3288 2562 3364 2615 rei
3396 2576 3637 2617 necessa~

2068 2648 2183 2702 rius
2210 2657 2457 2702 eventus.
2488 2647 2636 2714 Quod
2669 2648 2711 2701 si
2735 2648 2854 2715 quis
2875 2648 3017 2702 dicat
3042 2651 3332 2718 quamlibet
3363 2652 3505 2706 illam
3530 2668 3639 2714 rem

2066 2752 2190 2793 cras
2218 2741 2392 2793 albam
2427 2730 2679 2802 futuram,
2711 2738 2758 2793 si
2781 2738 2882 2793 hoc
2903 2755 3029 2795 vere
3060 2740 3275 2807 dixerit,
3305 2758 3422 2797 cras
3450 2760 3516 2797 ex
3548 2759 3639 2798 ne~

2068 2835 2324 2888 cessitate
2368 2833 2486 2886 alba
2519 2832 2694 2885 futura
2734 2840 2839 2901 est.
2891 2832 2980 2887 Sic
3021 2834 3181 2901 igitur
3227 2836 3269 2887 si
3301 2836 3417 2903 quis
3460 2850 3639 2893 verum

2068 2925 2210 2979 dicat
2232 2935 2475 2978 neutram
2506 2938 2627 2978 esse
2650 2938 2831 2976 veram
2866 2925 3285 2991 propositionum
3315 2924 3495 2978 earum
3526 2941 3640 2994 qum

2071 3020 2123 3072 in
2163 3018 2341 3071 futuro
2388 3018 2658 3082 dicuntur,
2710 3000 2932 3069 necesse
2974 3025 3056 3069 est
3085 3016 3135 3069 id
3166 3018 3305 3084 quod
3335 3017 3549 3082 dicitur,
3593 3027 3641 3077 et

2072 3110 2404 3180 signiﬁcatur
2446 3108 2513 3161 ab
2557 3107 2662 3160 illis
2702 3106 3172 3175 propositionibus,
3226 3122 3322 3160 rec
3365 3121 3503 3170 esse,
3548 3116 3641 3164 ne!

2073 3216 2179 3256 non
2209 3215 2352 3267 esse,
2378 3198 2504 3253 falsa
2528 3197 2672 3253 enim
2696 3208 2749 3251 et
2773 3196 3123 3251 afﬁrmatione
3144 3207 3195 3251 et
3220 3198 3517 3267 negatione,
3547 3213 3642 3257 nee

394 3294 481 3361 sit,
530 3299 585 3348 u‘t
624 3300 795 3348 tamen
828 3298 929 3347 tnta
978 3305 1065 3349 res
1110 3290 1365 3361 Qualibet
1393 3288 1541 3359 quasi
1589 3286 1889 3342 necessarie
1914 3295 1967 3340 ει
1993 3286 2040 3350 C
2071 3294 2211 3363 quod
2251 3291 2539 3345 afﬁrmatio
2580 3290 2710 3344 dicit
2736 3290 2848 3344 ﬁeri
2881 3297 3074 3358 potest,
3105 3304 3202 3344 nec
3245 3290 3384 3359 quod
3412 3292 3642 3359 negatio,

395 3383 604 3440 deﬁnite
628 3387 899 3453 proveniat
930 3393 1023 3437 aut
1064 3392 1169 3438 non
1194 3380 1474 3452 proveniat
1497 3380 1611 3433 ﬁeri
1635 3393 1737 3433 non
1773 3379 1958 3448 possit.

394 3476 842 3544 Quemadmodum
876 3482 1052 3530 autem
1095 3484 1345 3543 utrasque
1388 3471 1549 3525 falsas
1585 3485 1689 3523 non
1721 3484 1843 3525 esse
1871 3470 1965 3524 de-

397 3574 733 3635 menstraret,
766 3568 852 3622 hic
879 3568 1113 3621 inchoat.

467 3666 527 3716 At
552 3678 668 3715 vero
711 3678 802 3715 nec
828 3660 1071 3729 quoniam
1098 3672 1271 3712 verum
1314 3664 1410 3723 est,
1457 3666 1692 3710 neutrum
1725 3655 1968 3725 contingit

399 3757 580 3819 dicere,
609 3764 660 3809 ut
687 3754 926 3823 quoniam
959 3768 1115 3820 neque
1136 3752 1252 3816 erit,
1284 3766 1440 3819 neque
1468 3762 1567 3803 non
1590 3751 1703 3803 erit.
1732 3745 1965 3799 Primum

400 3846 529 3900 enim
553 3860 666 3896 cum
693 3845 756 3896 sit
795 3843 1059 3912 affirmatio
1089 3843 1239 3911 falsa,
1276 3842 1367 3893 erit
1402 3840 1603 3911 negatio
1627 3854 1725 3890 non
1755 3852 1891 3898 vera,
1923 3846 1969 3888 et

405 3949 515 3986 cum
538 3923 644 3985 hinc
666 3931 720 4000 ﬁt
751 3930 904 4000 falsa,
932 3931 1171 4001 contingit
1206 3931 1590 4000 afﬁrntationcm
1630 3942 1735 3980 esse
1768 3941 1867 3979 non
1890 3941 1955 3978 ae-

406 4039 531 4079 ram.
563 4024 751 4077 Adha’c
794 4025 837 4075 si
881 4039 1052 4076 verum
1101 4033 1169 4076 est
1198 4024 1382 4086 dicere,
1413 4023 1653 4088 quoniam
1699 4018 1870 4070 album
1898 4026 1970 4069 est

403 4127 445 4171 rt
476 4132 735 4188 magnum,
781 4124 973 4184 oportet
1002 4132 1106 4168 esse
1153 4121 1419 4183 utrumque
1442 4131 1461 4179 ;
1488 4113 1530 4165 si
1563 4124 1678 4165 vero
1707 4110 1800 4162 erit
1832 4119 1965 4172 cras,

402 4221 592 4281 oportet
621 4227 726 4264 esse
752 4227 888 4277 cras,
926 4211 968 4262 si
1008 4220 1176 4263 autem
1206 4226 1361 4280 neque
1391 4204 1483 4261 erit
1533 4212 1693 4273 neque
1739 4220 1838 4258 non
1880 4206 1974 4258 erit

402 4319 533 4364 cras,
574 4320 675 4355 non
718 4304 812 4357 erit
855 4302 1163 4369 utrumlibet,
1212 4313 1264 4356 ut
1303 4300 1482 4354 navale
1524 4300 1731 4365 bellum,
1779 4305 1973 4369 oportet
2020 4335 2026 4340 ς

406 4397 535 4450 enim
561 4413 716 4465 neque
736 4396 846 4466 ﬁeri
870 4398 1045 4449 navale
1078 4396 1288 4461 bellum,
1314 4410 1474 4464 neque
1501 4411 1599 4448 non
1637 4394 1767 4462 fieri.

477 4487 672 4542 Sensus
699 4488 1173 4556 argumentationis
1204 4484 1506 4554 bujusmoti
1539 4491 1621 4537 est
1646 4502 1655 4535 :
1685 4484 1790 4536 Nec
1820 4480 1973 4548 illud,

404 4578 593 4647 inquit,
624 4579 727 4632 dici
762 4579 977 4649 poterit,
1009 4577 1150 4645 quod
1197 4576 1616 4645 contingentium
1659 4572 1976 4643 propositio-

2066 3401 2197 3455 ergo
2226 3400 2289 3440 ex
2318 3385 2648 3439 necessitate
2679 3391 2924 3437 neutrum
2953 3383 3032 3447 fit,
3071 3382 3211 3452 quod
3239 3382 3319 3437 vel
3360 3382 3644 3439 afﬁrmatio

2070 3478 2221 3543 dicit,
2255 3476 2340 3530 vel
2372 3477 2607 3544 negatio.
2646 3475 2785 3545 Ergo
2826 3475 2869 3528 si
2896 3474 3042 3529 dicat
3070 3474 3357 3529 afﬁrmatio
3384 3489 3501 3529 ctas
3532 3475 3643 3529 bel-

2068 3570 2178 3624 lum
2210 3569 2404 3624 navale
2429 3568 2683 3635 futurum,
2712 3568 2961 3637 quoniam
2991 3566 3120 3622 falsa
3146 3579 3251 3633 est,
3276 3552 3381 3622 non
3401 3568 3644 3622 eritcraa

2070 3661 2267 3714 bellum
2301 3660 2514 3715 navale.
2544 3660 2749 3713 Rursus
2777 3661 2821 3712 si
2846 3660 2983 3714 idem
3015 3669 3175 3727 neget
3202 3660 3412 3729 negatio
3435 3658 3643 3722 dicens,

2070 3766 2176 3805 non
2207 3754 2313 3807 erit
2339 3767 2459 3807 cras
2501 3753 2699 3806 bellum
2744 3754 2954 3815 navale,
2999 3754 3249 3819 quoniam
3298 3752 3411 3805 tunc
3436 3766 3646 3821 quoque

2072 3844 2202 3897 falsa
2232 3855 2337 3910 est,
2365 3846 2468 3897 erit
2509 3858 2628 3897 cras
2660 3844 2845 3896 navale
2886 3842 3105 3896 bellum.
3147 3844 3320 3908 Quare
3347 3860 3518 3913 neque
3547 3846 3646 3903 erit

2074 3938 2270 3991 bellum
2306 3937 2518 4001 navale,
2544 3937 2663 4003 quia
2689 3934 2977 3988 afﬁrmatio
3004 3936 3133 3987 falsa
3158 3947 3259 3999 est,
3287 3952 3383 3991 nec
3411 3953 3517 3991 non
3547 3940 3647 3995 erit

2074 4029 2273 4082 bellum
2308 4028 2519 4089 navale.
2543 4026 2670 4095 quia
2704 4024 2915 4092 negatio
2944 4025 3075 4077 falsa
3097 4033 3196 4077 est.
3230 4026 3335 4079 Sed
3368 4028 3501 4080 banc
3533 4028 3647 4081 tne-

2077 4120 2261 4189 ptiam,
2313 4132 2412 4172 nec
2461 4118 2672 4170 animus
2718 4114 2821 4169 sibi
2872 4116 2986 4184 ipse
3040 4114 3240 4183 ﬁngere
3285 4124 3476 4183 potest.
3519 4116 3648 4181 Quia

2076 4212 2219 4266 enim
2272 4220 2501 4278 unquam
2547 4208 2765 4275 dixerit,
2816 4222 2929 4262 rem
2958 4207 3190 4277 aliquam
3233 4222 3296 4262 ex
3336 4209 3649 4263 necessitate

2077 4314 2174 4357 nec
2212 4310 2352 4366 esse,
2404 4315 2502 4355 nec
2529 4314 2634 4354 non
2676 4299 2831 4355 esset
2871 4298 3009 4369 quod
3042 4298 3131 4353 ille
3160 4300 3361 4353 scilicet
3386 4298 3532 4361 dicit,
3560 4312 3629 4367 qu

2080 4397 2212 4450 dicit
2264 4404 2516 4465 utrasque
2566 4393 2955 4464 propositiones
3007 4394 3061 4448 in
3106 4391 3284 4447 futuro
3332 4390 3491 4445 falsas
3540 4392 3623 4447 exi

2076 4498 2235 4544 stere.

2156 4579 2283 4644 Qua?
2323 4594 2441 4647 ergo
2491 4578 2788 4648 contingunt
2838 4574 3256 4642 inconvenientia,
3306 4576 3417 4628 lure
3454 4584 3570 4630 sunt
3608 4591 3645 4629 et

402 4683 525 4722 num
563 4678 746 4724 neutra
772 4684 895 4723 vera
938 4668 1008 4722 sit
1040 4669 1094 4722 in
1127 4666 1326 4721 futuro.
1362 4667 1470 4721 Hoc
1501 4675 1674 4719 autem
1719 4664 1844 4717 nihil
1876 4662 1974 4716 dif-
2002 4654 2057 4713 Ῑ)
2080 4668 2184 4723 alia
2212 4668 2537 4739 Itnjusmodi,
2562 4670 2603 4718 si
2633 4668 2795 4719 annos
2817 4665 3164 4735 uﬁtrmationis
3190 4676 3234 4718 et
3256 4668 3552 4736 negationis,
3578 4667 3654 4719 rei

402 4764 507 4817 fert
534 4763 716 4817 dicere
740 4777 897 4831 quam
940 4761 983 4815 si
1011 4763 1133 4830 quis
1164 4760 1305 4813 dlCill
1344 4771 1593 4828 utrasque
1635 4772 1753 4811 esse
1796 4754 1973 4820 falsas,

404 4858 505 4909 hoc
529 4855 670 4909 enim
716 4850 1045 4923 impossibile
1077 4862 1161 4908 est
1188 4854 1238 4906 in
1281 4849 1813 4906 contradictionibus.
1845 4845 1975 4898 Nam

404 4954 638 5013 utraeque
668 4940 815 4997 falsa:
854 4943 1080 4998 inveniri
1132 4958 1235 4996 non
1270 4948 1509 5011 possunt,
1551 4938 1651 4993 hoc
1689 4938 1829 4992 enim
1858 4951 1979 5005 pro-

403 5043 574 5109 prium
612 5041 1154 5096 contradictoriarum
1196 5050 1301 5107 est,
1350 5051 1406 5094 ut
1443 5038 1819 5108 proprietatem
1852 5040 1980 5087 eon-

405 5138 686 5186 trariarum
712 5133 934 5203 fugiant,
961 5130 1356 5200 prepositiones
1378 5145 1507 5200 ergo
1528 5125 1979 5188 contradictorlm,

401 5234 458 5276 ut
491 5225 867 5291 proprietatem
897 5223 1392 5277 subcontrariarum
1428 5221 1634 5290 fugiunt
1663 5220 1714 5271 in
1748 5234 1811 5271 eo
1844 5216 1980 5283 quod

394 5315 557 5379 'jimul
591 5330 725 5369 verat
759 5329 879 5370 esse
921 5329 1026 5368 non
1062 5315 1409 5384 possuntpita
1436 5325 1647 5382 quoque
1692 5311 1983 5363 contraria-

388 5423 514 5479 .eum
544 5398 924 5475 proprietatem
950 5408 1141 5473 vitant,
1170 5402 1220 5460 in
1255 5421 1321 5460 eo
1350 5404 1491 5473 quod
1522 5398 1682 5456 simul
1713 5402 1856 5454 falsae
1879 5412 1982 5455 non

398 5486 762 5565 reperiuntur.
797 5490 1007 5551 Habent
1035 5510 1165 5566 ergo
1196 5496 1465 5566 propriam
1505 5502 1773 5558 naturam,
1806 5500 1861 5544 ιιι
1888 5500 1980 5544 ne-

399 5606 503 5661 que
548 5587 697 5641 falsa:
741 5586 904 5642 simul
947 5588 1077 5652 sint,
1110 5603 1284 5656 neque
1310 5602 1471 5653 verae,
1502 5601 1665 5655 quare
1695 5599 1798 5638 una
1844 5583 1979 5651 ipsa-

398 5698 518 5740 rum
552 5695 767 5746 semper
809 5695 959 5744 vera,
1006 5694 1221 5748 semper
1264 5674 1431 5734 altera
1464 5670 1615 5733 falsa.
1650 5672 1981 5745 impossibile

398 5784 481 5831 est
513 5772 673 5840 igitur
700 5785 821 5825 cum
849 5758 1071 5824 sitfaisa
1110 5760 1341 5839 negatio,
1384 5778 1487 5824 nan
1522 5783 1699 5822 veram
1743 5782 1863 5821 esse
1895 5765 1977 5819 af-

400 5863 780 5920 lrmationem.
810 5870 866 5917 et
895 5874 1082 5916 rursus
1106 5876 1225 5915 cum
1268 5862 1338 5914 sit
1362 5860 1494 5914 falsa
1538 5858 1847 5919 afﬁrmatio,
1879 5873 1976 5909 ηρ-
2027 5891 2035 5900 -

2081 4759 2133 4811 in
2163 4760 2240 4811 his
2263 4774 2376 4826 quis
2418 4758 2479 4809 de
2520 4756 2889 4810 anitrersalibus
2918 4756 3158 4808 dicuntur
3178 4757 3547 4823 universaliter,
3577 4760 3654 4812 ut

2080 4854 2133 4906 in
2171 4850 2250 4904 Itis
2277 4867 2390 4920 qua:
2429 4860 2544 4904 sunt
2589 4849 2891 4919 singularia,
2939 4863 3137 4902 necesse
3176 4858 3269 4915 est,
3310 4850 3655 4920 oppositurum

2085 4942 2216 4996 hanc
2246 4918 2449 5011 quidem
2479 4950 2647 4994 veram
2674 4918 2982 4999 esse,'illant
3008 4954 3124 4992 t'ero
3148 4940 3352 5009 falsam.
3390 4938 3542 4991 Nihil
3564 4918 3655 4991 ita;

2086 5042 2183 5089 tem
2218 5036 2510 5087 utrumlibet
2539 5046 2644 5086 esse
2676 5034 2727 5085 in
2758 5033 2836 5085 his
2866 5047 2981 5101 qua:
3008 5032 3157 5101 ﬂant,
3186 5032 3272 5085 sed
3294 5032 3464 5084 omnia
3484 5042 3591 5085 esse
3611 5043 3659 5083 er

2087 5126 2200 5195 ﬁeri
2233 5142 2295 5178 ea:
2320 5126 2628 5179 necessitate.
2665 5124 2833 5190 Quare
2877 5138 2975 5175 non
3012 5122 3257 5191 Oportebit
3285 5136 3443 5191 neque
3465 5126 3652 5175 consul-

2090 5226 2217 5279 ιιι-ε,
2267 5226 2425 5289 neque
2453 5217 2719 5287 negotiari,
2758 5225 2813 5268 at
2849 5216 2893 5267 si
2933 5214 3028 5265 hoc
3056 5214 3293 5280 facimus,-
3346 5213 3440 5265 erit
3476 5215 3589 5279 hoc,
3621 5220 3662 5266 si

2090 5325 2207 5362 itero
2231 5324 2329 5361 non
2359 5309 2472 5373 hoc,
2506 5322 2603 5360 non
2626 5308 2718 5361 erit
2744 5307 2856 5359 hoc.
2888 5304 3039 5358 Nihil
3057 5304 3191 5357 enim
3219 5304 3448 5371 prohibet
3467 5307 3518 5357 in
3544 5306 3659 5357 mil-

2092 5402 2325 5454 lesimum
2354 5412 2539 5454 annum
2568 5400 2702 5451 hunc
2722 5398 2921 5466 quidem
2952 5398 3120 5449 dicere
3140 5396 3235 5447 hoc
3276 5397 3505 5465 fatorum
3534 5411 3664 5461 esse,

2088 5492 2237 5545 illam
2265 5504 2377 5545 vero
2400 5506 2498 5543 non
2527 5490 2711 5542 dicere.
2746 5487 2915 5551 Quare
2942 5500 3005 5539 ea:
3044 5487 3343 5540 necessitate
3367 5487 3485 5554 erit,
3509 5490 3665 5555 quod.

2092 5586 2208 5639 libet
2232 5594 2428 5649 eorum,
2463 5583 2596 5650 quod
2626 5588 2730 5634 tum
2757 5580 2819 5632 ab
2847 5595 2903 5633 eo
2927 5588 3098 5631 verum
3122 5586 3229 5631 crat
3251 5580 3438 5634 dicere.

2158 5674 2344 5728 Omnia
2377 5675 2427 5727 in
2463 5673 2640 5727 futuro
2670 5672 2751 5726 vel
2784 5678 2913 5726 vera
2936 5670 3016 5725 vet
3046 5669 3177 5723 falsa
3209 5682 3329 5727 esse
3357 5672 3580 5729 definite
3605 5674 3661 5731 in

2088 5764 2541 5834 propositionibus
2574 5762 2917 5823 arbitrantes,
2953 5760 3357 5829 impossibilitas
3397 5762 3495 5818 ista
3531 5776 3660 5820 con-

2085 5858 2347 5918 sequitur.
2382 5857 2523 5913 Nihil
2552 5858 2696 5913 enim
2720 5871 2895 5921 neque
2921 5871 2984 5911 ea
3018 5853 3185 5911 libero
3211 5855 3501 5915 voluntatis
3525 5856 3657 5908 arbio
