4270 6266
619 356 724 414 ἷΐεὴδ

1838 372 1945 423 AN.
1994 370 2191 424 MANL.
2234 370 2384 425 SEV.
2426 369 2648 427 ΒΟΕΤΙΙ

3762 380 3864 439 θυι

616 476 743 540 trio,
794 488 962 542 neque
992 488 1052 525 ex
1101 471 1276 540 aliqua
1311 482 1682 541 posstbtulate,
1736 492 1907 546 neque
1941 496 2007 532 ex
2058 495 2184 533 casu
2214 482 2262 539 Α
2292 479 2374 534 vel
2403 479 2587 535 falsam
2616 495 2737 535 esse
2754 483 3045 549 conlingat.
3070 481 3175 535 Sed
3204 495 3300 535 nos
3321 485 3489 537 secuti
3510 484 3855 558 Porphyrium

540 558 549 571 '
614 565 895 633 quidquam
928 562 1036 615 fieri
1062 572 1254 630 potest,
1286 565 1380 619 sed
1409 569 1586 620 omnia
1609 569 1915 622 necessitati
1943 570 2186 638 subjecta

611 665 753 716 sunt,
793 670 1091 722 quanquam
1141 658 1355 725 quidam
1402 674 1508 712 non
1558 642 1936 713 dubiiaverunt
1982 661 2185 731 dicere,

609 747 783 797 omnia
817 761 879 798 ex
913 749 1231 805 necessitate
1261 764 1401 813 esse,
1433 760 1486 803 et
1511 752 1824 818 quibusdam
1862 752 2065 805 artibus
2094 766 2186 806 co-

606 837 715 888 nati
739 847 863 889 sunt
892 837 942 889 id
972 839 1111 905 quod
1148 839 1199 892 in
1224 839 1375 892 nobis
1404 850 1483 893 est
1509 856 1631 894 cum
1662 856 1839 895 rerum
1870 842 2186 897 necessitate

604 929 953 997 conjungere.
981 931 1174 985 Dicunt
1202 934 1341 986 enim
1366 934 1578 1002 quidam
1601 949 1825 1003 quorum
1850 946 1974 989 sunt
2002 938 2180 1001 stoici,

604 1019 787 1072 omnia
831 1036 1161 1089 quaecunque
1199 1024 1348 1085 fiunt,
1388 1023 1479 1077 fati
1520 1026 1839 1079 necessitate
1878 1029 2180 1092 provenire,

604 1109 783 1161 omnia
814 1124 931 1177 qua:
962 1111 1136 1164 fatalis
1167 1112 1272 1180 agit
1305 1114 1459 1178 ratio,
1490 1114 1605 1167 sine
1636 1114 1799 1169 dubio
1842 1131 1905 1169 ex
1948 1118 2179 1170 necessi-

605 1210 710 1254 tate
739 1202 1067 1271 contingere.
1099 1204 1201 1258 Sed
1250 1206 1337 1258 illa
1394 1221 1512 1261 esse
1550 1208 1659 1260 sola
1706 1208 1757 1261 in
1807 1209 1980 1271 nobis,
2027 1217 2081 1262 et
2107 1224 2175 1263 ex

602 1294 882 1348 voluntate
930 1307 1131 1367 nostra,
1188 1312 1516 1367 quaecunque
1564 1314 1657 1367 per
1710 1300 2033 1355 voluntatem
2093 1317 2181 1354 no-

602 1398 789 1453 stram,
823 1397 877 1441 et
916 1402 1009 1455 per
1039 1402 1138 1441 nos
1171 1388 1315 1457 ipsos
1353 1393 1432 1444 vis
1463 1392 1554 1444 fati
1584 1392 1818 1460 complet
1855 1408 1917 1445 ac
1949 1394 2173 1461 perlicit,

600 1494 776 1547 neque
807 1482 972 1546 enim,
1009 1481 1276 1550 inquiunt,
1309 1484 1554 1537 Voluntas
1594 1492 1773 1537 nostra
1809 1486 1858 1537 in
1890 1486 2043 1538 nobis
2070 1495 2171 1551 est,

598 1572 694 1625 sed
727 1572 865 1625 idem
914 1573 1158 1626 volumus
1188 1573 1436 1643 idemque
1487 1574 1760 1641 nolumus,
1794 1574 2046 1643 quidquid
2080 1573 2173 1627 fati

568 1658 891 1715 'necessitas
921 1663 1224 1730 imperavit,
1261 1672 1319 1717 ut
1350 1664 1593 1717 voluntas
1642 1674 1820 1717 nostra
1863 1678 2075 1733 quoque
2105 1679 2172 1717 ex

599 1757 705 1809 fato
747 1756 982 1824 pendere
1011 1756 1275 1822 videatur,
1321 1758 1389 1810 ita
1432 1757 1682 1826 quoniam
1720 1772 1810 1823 per
1841 1757 2169 1809 voluntatem

2290 587 2411 624 cum
2452 574 2609 640 hujus
2658 571 3033 641 disputationis
3075 576 3462 643 expositionem
3506 580 3767 649 cepimus,
3804 585 3861 640 id

2288 662 2425 730 quod
2445 665 2589 729 prius
2609 664 2744 718 dixit
2759 665 2812 717 i‘n
2825 666 3186 729 singularibus
3198 676 3251 720 et
3265 670 3449 722 futuris
3464 668 3534 723 ob
3551 673 3652 725 hoc
3663 672 3861 732 dixisse
3950 672 3959 677 ’

2289 756 2661 822 praediximus,
2680 755 2821 824 quod
2840 755 3046 810 facilior
3060 759 3129 811 sit
3145 759 3447 814 intellectus
3464 762 3854 834 disputationis,

2286 848 2331 900 si
2356 847 2469 899 haec
2489 848 2635 915 prius
2656 849 2708 903 in
2730 850 3087 917 singularibus
3111 854 3559 920 perspicerentur,
3577 855 3646 911 de
3666 860 3858 925 quibus

2285 938 2643 1008 singularibus
2671 940 3083 1010 diligentissime
3105 944 3446 1011 prmlocntus,
3480 962 3620 1001 nunc
3640 948 3706 1003 de
3736 952 3855 1003 uni-

2285 1031 2583 1086 versalibus
2611 1032 2982 1088 universaliter
3011 1032 3336 1103 praedicatis,
3368 1037 3421 1090 et
3445 1036 3512 1090 de
3543 1038 3623 1090 his
3654 1055 3773 1106 quae
3804 1041 3856 1094 in

2285 1121 2364 1174 eis
2396 1120 2531 1175 fiunt
2557 1122 3016 1178 contradictiones
3046 1126 3297 1193 loquitur.
3332 1127 3404 1179 Ita
3434 1129 3573 1180 enim
3600 1128 3730 1182 dicit
3758 1148 3770 1182 :
3799 1130 3856 1185 Si

2282 1211 2454 1264 omnis
2508 1211 2881 1267 affirmationis
2933 1223 2987 1266 et
3031 1216 3324 1283 negationis
3376 1217 3460 1270 vel
3506 1217 3557 1269 in
3612 1219 3696 1272 his
3735 1236 3857 1289 qua:

2283 1301 2333 1351 in
2376 1300 2768 1356 universalibus
2814 1302 3061 1356 dicuntur
3102 1305 3495 1369 univcrsaliter,
3535 1308 3617 1361 vel
3665 1310 3716 1362 in
3771 1310 3855 1364 his

2280 1402 2400 1457 qua:
2428 1399 2553 1443 sunt
2594 1391 2902 1459 singularia,
2937 1407 3159 1448 necesse
3194 1402 3277 1448 est
3313 1397 3675 1463 oppositarum
3719 1399 3856 1454 hanc

2278 1481 2492 1549 quidem
2533 1497 2655 1536 esse
2697 1498 2896 1548 veram,
2943 1486 3088 1539 illam
3127 1500 3257 1539 vero
3300 1487 3509 1541 falsam.
3555 1490 3852 1544 Alexander

2279 1582 2457 1626 autem
2496 1574 2551 1627 in
2595 1575 2959 1643 singularibus
3005 1586 3058 1629 et
3094 1574 3283 1631 futuris
3314 1576 3515 1631 dixisse
3556 1593 3678 1632 eum
3714 1580 3852 1634 arbi-

2278 1679 2467 1736 tratur,
2489 1679 2738 1740 tanquam
2768 1675 2810 1725 si
2838 1673 3127 1742 diceretur,
3149 1676 3204 1728 in
3234 1674 3317 1727 his
3338 1674 3526 1728 futuris
3547 1690 3666 1744 quae
3689 1677 3740 1730 in
3766 1692 3851 1744 ge~

2277 1762 2555 1816 neratione
2576 1774 2630 1817 et
2667 1765 3009 1832 corruptione
3038 1775 3178 1817 sunt.
3238 1766 3373 1820 Sunt
3420 1769 3559 1820 enim
3605 1767 3852 1836 quaedam

518 1907 530 1911 λ
595 1858 832 1903 nostram
864 1849 1105 1916 quaedam
1138 1864 1201 1902 ex
1232 1850 1385 1902 nubis
1431 1850 1583 1912 ὕυηι,
1613 1858 1666 1901 el
1706 1862 1766 1901 ea
1798 1862 1914 1916 quae
1953 1847 2084 1899 ίίυηι
2115 1847 2166 1900 ίη
2199 1839 2248 1898 Β
2277 1854 2451 1909 futura
2482 1870 2603 1923 quae
2640 1857 2689 1908 in
2714 1857 3059 1924 generatione
3101 1865 3155 1910 et
3180 1857 3521 1925 corruptione
3560 1873 3663 1913 non
3701 1868 3849 1925 sunt,

594 1940 750 1995 nobis
781 1942 935 2006 fiunt,
958 1941 1314 2010 quoniamque
1342 1942 1585 1995 voluntas
1617 1942 1729 2009 ipsa
1758 1955 1823 1992 ex
1850 1939 2169 1993 necessitate

595 2030 687 2085 fati
733 2042 829 2097 est,
864 2042 917 2086 et
943 2049 1061 2101 quae
1092 2046 1190 2086 nos
1218 2042 1399 2086 nostra
1450 2032 1676 2084 facimus
1718 2033 2013 2092 voluntate,
2044 2033 2168 2099 quia

594 2124 886 2177 necessitas
915 2124 1215 2191 imperavit,
1243 2133 1306 2177 ea
1335 2124 1447 2192 ipsa
1490 2123 1701 2190 impulsi
1734 2121 1955 2174 facimus
1984 2135 2168 2175 ncces-

592 2214 767 2270 sitate.
812 2216 986 2281 Quare
1028 2214 1129 2269 hoc
1158 2216 1317 2269 modo
1355 2214 1801 2284 significationem
1834 2212 1989 2266 liberi
2022 2212 2166 2265 arbi-

592 2284 680 2361 trii
722 2318 1109 2378 permutantes,
1160 2308 1532 2363 necessitatem
1573 2315 1628 2360 et
1668 2306 1719 2359 id
1749 2304 1892 2378 quod
1924 2304 1977 2357 in
2011 2303 2167 2358 nobis

592 2320 680 2361 trn
722 2320 1109 2378 permutantes,
1160 2320 1532 2363 necessitatem
1573 2320 1628 2360 et
1668 2320 1719 2359 tu
1790 2320 1892 2358 uou
1924 2320 1977 2357 tn
2011 2320 2164 2358 nonis

572 2408 671 2467 .est
714 2400 1039 2467 conjungere
1089 2400 1492 2469 impossibiliter
1541 2408 1594 2450 et
1641 2320 1894 2463 copglare
1935 2403 2164 2450 conten-

590 2486 741 2541 dunt.
793 2489 925 2541 Illud
966 2489 1110 2542 enim
1160 2491 1213 2543 in
1269 2491 1420 2543 nobis
1463 2500 1545 2542 est
1587 2489 1811 2542 liberutn
1861 2486 2162 2553 arbitrium,

589 2580 732 2649 quod
761 2581 829 2633 sit
858 2580 1002 2632 omni
1047 2582 1366 2635 necessitate
1394 2596 1637 2644 vacuum,
1686 2589 1740 2633 et
1770 2580 2081 2648 ingenuum,
2112 2590 2168 2635 et

590 2682 701 2721 suae
751 2670 1059 2737 potestatis,
1103 2685 1329 2739 quorum
1382 2686 1477 2723 nos
1516 2671 1719 2724 domini
1770 2673 2166 2740 quodammodo

589 2773 773 2814 sumus
798 2762 880 2815 vel
908 2761 1156 2828 faciendi,
1189 2764 1266 2817 vel
1296 2778 1400 2817 non
1436 2764 1697 2828 faciendi;
1729 2766 1870 2832 quod
1896 2766 1938 2819 si
1970 2767 2164 2821 volun-

607 2860 726 2905 ales
751 2867 963 2922 quoque
993 2854 1159 2908 nostri
1186 2852 1277 2908 fati
1316 2856 1469 2909 nobis
1500 2856 1792 2909 necessitas
1820 2856 2072 2926 imperet,
2105 2859 2159 2912 in

586 2942 739 2997 nobis
779 2946 1022 3001 voluntas
1069 2948 1182 3017 ipsa
1225 2961 1333 3013 non
1379 2948 1502 3013 erit,
1535 2948 1630 3003 sed
1675 2950 1730 3001 in
1763 2948 1892 3015 fato,
1933 2965 2030 3005 nec
2059 2951 2164 3005 erit

583 3037 811 3092 liberum
844 3040 1144 3105 arbitrium,
1194 3040 1287 3095 sed
1326 3030 1502 3109 potius
1543 3041 1783 3096 serviens
1828 3043 2156 3096 necessitati.

585 3128 738 3184 Unde
770 3130 826 3183 fit
871 3142 927 3184 ut
957 3132 1043 3200 qui
1076 3145 1264 3186 omnes
1311 3141 1461 3186 actus
1509 3142 1796 3187 eventuum
1839 3132 2161 3188 necessitate

2271 1957 2330 2001 ut
2358 1947 2497 2015 quod
2531 1948 2597 2001 de
2621 1948 2734 2001 sole
2754 1958 2808 2001 et
2830 1947 2953 2000 luna
2983 1957 3036 2000 et
3062 1948 3130 2001 de
3151 1950 3360 2002 ca-teris
3384 1948 3693 2003 coelestibus
3720 1962 3847 2017 pro-

2272 2024 2566 2099 nuntiatur,
2603 2040 2716 2089 ltaec
2742 2050 2869 2089 vero
2916 2051 3037 2104 quae
3063 2046 3188 2089 sunt
3220 2037 3272 2089 in
3306 2036 3463 2089 rebus
3496 2037 3579 2090 his
3622 2050 3848 2105 quarum

2270 2138 2373 2191 est,
2408 2137 2465 2182 et
2492 2129 2638 2181 nasci
2671 2136 2726 2180 et
2752 2128 3025 2195 corrumpi
3055 2136 3263 2190 natura,
3297 2142 3453 2180 unam
3502 2141 3715 2194 semper
3742 2142 3851 2187 non

2271 2233 2494 2275 necesse
2515 2210 2595 2271 est
2622 2232 2803 2271 veram
2823 2232 2965 2281 esse,
2996 2217 3220 2271 alteram
3244 2217 3451 2270 falsam.
3475 2216 3581 2271 Sed
3605 2226 3848 2272 neutram

2269 2325 2370 2380 ego
2400 2308 2646 2378 improbo
2676 2309 3087 2376 expositionem.
3118 2307 3369 2377 Utraaqne
3392 2307 3533 2361 enim
3569 2309 3845 2365 verissima

2271 2402 2475 2456 ratione
2532 2400 2833 2453 firmantur.
2896 2398 3084 2452 Omnis
3140 2408 3321 2453 autem
3368 2412 3557 2453 sensus
3602 2400 3724 2451 talis
3761 2407 3843 2454 est

2268 2492 2408 2561 quod
2440 2490 2815 2545 necessitatem
2855 2490 3025 2544 solam
3053 2494 3106 2541 tn
3135 2499 3296 2543 rebus
3320 2488 3582 2556 imperare
3618 2488 3843 2544 destruit

2269 2585 2609 2646 Aristoteles,
2639 2598 2798 2638 omne
2825 2584 2967 2637 enim
2986 2583 3125 2652 quod
3162 2591 3350 2636 natura
3379 2593 3478 2641 est.
3514 2599 3617 2635 n0n
3652 2583 3845 2639 frustra

2269 2685 2373 2730 est.
2399 2673 2680 2730 Consiliari
2726 2681 2901 2726 autem
2960 2671 3203 2725 homines
3261 2672 3575 2726 naturaliter
3621 2670 3838 2725 habent.

2268 2766 2418 2832 Quod
2451 2767 2494 2820 si
2526 2764 2822 2819 necessitas
2870 2763 2923 2816 in
2952 2763 3115 2817 rebus
3142 2763 3255 2817 sola
3297 2754 3678 2825 dominabitur,
3728 2766 3842 2818 sine

2270 2872 2426 2911 causa
2476 2864 2560 2909 est
2619 2854 2947 2909 consiliatio.
3007 2852 3115 2907 Sed
3154 2854 3453 2907 consiliatio
3496 2853 3690 2907 frustm
3739 2868 3840 2909 non

2269 2959 2370 3001 est.
2397 2947 2595 3000 Natura
2616 2946 2757 2999 enim
2788 2955 2890 2997 est.
2918 2942 3032 2997 Non
3066 2944 3223 3012 igitur
3246 2943 3302 2998 in
3337 2945 3499 2998 rebus
3522 2952 3695 3013 potest
3714 2960 3839 2998 cun.

2267 3050 2353 3094 cta
2384 3038 2698 3093 necessitas.
2729 3036 2872 3090 Ordo
2913 3046 3087 3089 autem
3116 3052 3175 3090 se
3207 3037 3281 3088 sic
3306 3036 3463 3090 habet
3489 3054 3500 3088 :
3531 3037 3660 3103 Quae
3689 3053 3834 3107 ergo,

2268 3128 2474 3198 inquit,
2533 3129 2848 3195 contingunt
2911 3127 3368 3191 inconvenientia,
3429 3127 3541 3180 haec
3608 3137 3733 3181 sunt
3787 3122 3867 3184 eti

586 3219 975 3288 constringunt,
1010 3220 1193 3274 dicant
1234 3223 1489 3289 poplitem
1535 3236 1746 3291 quoque
1788 3239 1886 3277 nos
1918 3238 2023 3276 non
2064 3224 2159 3276 fle-
2188 3202 2234 3264 C
2269 3220 2571 3288 hujnsmodi
2603 3219 2727 3283 alia,
2784 3219 2992 3272 scilicet
3044 3217 3291 3285 quoniam
3340 3218 3427 3283 qui
3469 3225 3553 3271 est
3599 3218 3651 3270 in
3686 3218 3840 3273 rebus

585 3317 731 3362 ctere
760 3310 860 3362 nisi
901 3308 1080 3363 fatalis
1127 3311 1414 3366 necessitas
1438 3313 1678 3381 jusserit.
1730 3312 1901 3379 Caput
1946 3327 2158 3380 quoque

584 3414 688 3452 non
720 3401 982 3467 scalpere,
1027 3414 1190 3469 quare
1228 3417 1328 3456 nec
1377 3405 1573 3467 lavare,
1608 3417 1706 3457 nec
1743 3417 1902 3471 agere
1933 3403 2155 3473 aliquid.

584 3491 677 3544 His
705 3492 865 3545 etiam
909 3492 1150 3560 adjiciam
1195 3495 1279 3548 vel
1320 3495 1520 3564 aliquid
1560 3496 1809 3559 feliciter,
1844 3497 1923 3549 vel
1954 3495 2155 3564 aliquid

583 3583 870 3638 infeliciter
899 3584 1101 3650 facere,
1133 3587 1217 3641 vel
1251 3590 1379 3656 pati,
1412 3589 1552 3643 unde
1578 3588 1637 3642 fit
1658 3598 1714 3643 ut
1738 3605 1915 3658 neque
1944 3605 2153 3658 casum,

582 3688 754 3743 neque
784 3675 1007 3729 liberum
1051 3676 1353 3743 arbitrium,
1386 3694 1483 3741 nec
1514 3679 1767 3747 possibile
1799 3679 1853 3732 in
1885 3680 2045 3734 rebus
2078 3682 2161 3734 ul-

582 3764 693 3816 lum
738 3776 857 3817 esse
905 3767 1264 3833 contendant,
1315 3771 1557 3838 quamvis
1611 3769 1834 3824 liberum
1883 3770 2162 3826 destruere

583 3862 881 3909 metuentes
925 3857 1225 3926 arbitrium,
1269 3861 1427 3915 aliam
1477 3865 1524 3915 ei
1560 3860 1761 3930 fingant
1816 3864 2162 3931 signiﬁcatio-

578 3957 723 4009 nem,
754 3960 847 4012 per
869 3961 1027 4016 quam
1054 3948 1403 4005 nihilominus
1444 3950 1606 4006 libera
1650 3952 1883 4006 hominis
1911 3953 2157 4010 voluntas

580 4039 858 4091 evertitur.
898 4038 1239 4095 Aristotelica
1290 4056 1420 4097 vero
1460 4045 1776 4107 auctoritas,
1822 4043 1896 4097 ita
1946 4043 2065 4099 haec
2104 4046 2160 4102 in

580 4127 735 4181 rebus
779 4130 973 4194 posita,
1019 4139 1074 4186 et
1116 4132 1405 4195 constituta
1433 4148 1553 4189 esse
1598 4135 1900 4201 cuiiflrmat,
1948 4144 2006 4190 ut
2048 4151 2155 4193 non

579 4227 806 4285 exponat
824 4234 963 4273 nunc
985 4220 1112 4288 quid
1134 4223 1203 4274 sit
1229 4236 1405 4286 casus,
1435 4226 1630 4291 quidve
1660 4226 1933 4292 possibile,
1958 4227 2158 4295 quidve

579 4304 631 4359 in
664 4308 839 4370 nobis,
873 4322 971 4361 nec
998 4323 1060 4362 ea
1101 4323 1221 4364 esse
1250 4313 1305 4364 in
1327 4313 1485 4365 rebus
1519 4316 1707 4380 probat
1734 4325 1891 4381 atque
1931 4315 2159 4370 demon-

577 4404 732 4462 strat,
766 4395 859 4450 sed
908 4396 959 4449 in
989 4403 1194 4451 tantum
1237 4398 1375 4467 apud
1408 4400 1556 4453 illutn
1595 4402 1709 4455 haec
1740 4402 1793 4455 in
1826 4402 1987 4456 rebus
2032 4418 2156 4460 esse

578 4487 917 4542 manifestum
954 4485 1057 4557 est,
1099 4498 1158 4544 ut
1196 4491 1503 4560 opinionem
1547 4508 1647 4562 qua
1695 4495 1812 4563 quis
1841 4495 2153 4561 arbitratur,

2268 3325 2424 3366 casus
2478 3302 2755 3363 evertitur.
2813 3307 2926 3361 Alia
2979 3321 3101 3361 vero
3137 3306 3385 3374 quoniam
3439 3307 3758 3373 possibilitas
3786 3315 3837 3361 et

2266 3401 2419 3456 liberi
2447 3399 2936 3453 arbitrii‘voluntas
2971 3399 3247 3451 amittitur.
3297 3397 3359 3450 Et
3407 3397 3518 3451 haec
3571 3397 3834 3463 quomodo

2267 3492 2604 3559 contingunt,
2635 3490 2748 3558 ipse
2795 3497 3010 3543 secutus
3041 3498 3123 3541 est
3163 3489 3373 3542 dicens:
3405 3488 3457 3544 Si
3490 3487 3660 3540 omnis
3687 3488 3833 3542 affir-

2271 3583 2521 3636 tnationis
2546 3592 2599 3636 et
2629 3579 2930 3647 negationis
2968 3580 3053 3633 vel
3085 3581 3135 3633 in
3163 3580 3244 3634 his
3286 3597 3399 3648 qum.
3437 3582 3486 3634 iu
3524 3581 3835 3637 universali-

2267 3674 2367 3729 bus
2392 3672 2641 3726 dicuntur
2672 3672 3065 3737 universaliter,
3107 3672 3187 3725 vel
3220 3686 3271 3725 tn
3318 3672 3397 3725 his
3429 3688 3543 3738 quae
3571 3682 3694 3726 sunt
3719 3674 3836 3728 sin-

2266 3746 2488 3832 gularia,
2513 3775 2733 3816 necesse
2755 3770 2835 3814 εει
2864 3761 3223 3829 oppositarum
3254 3761 3386 3813 hanc
3417 3762 3625 3829 quidem
3653 3778 3834 3829 veram

2264 3869 2408 3919 esse,
2435 3853 2577 3906 illam
2617 3866 2743 3905 vero
2784 3850 2989 3903 falsam.
3035 3850 3173 3905 Nihil
3202 3854 3835 3911 autemutrumlibetesse

2268 3947 2323 4000 in
2354 3945 2434 3997 his
2455 3959 2572 4013 qua:
2600 3945 2752 4003 fiunt,
2785 3942 2880 3995 sed
2921 3942 3099 3993 omnia
3128 3956 3247 3995 esse
3272 3952 3326 3996 et
3357 3944 3475 3996 fieri
3513 3960 3578 3997 ex
3606 3948 3833 3999 necessi-

2267 4043 2394 4089 tate.
2445 4034 2595 4087 Tunc
2644 4033 2788 4087 enim
2820 4032 3249 4095 inconvenientia
3291 4033 3377 4085 illa
3422 4036 3754 4104 cootingunt,
3792 4037 3834 4091 si

2265 4125 2442 4181 omnis
2471 4123 2755 4177 affirmatio
2798 4132 2853 4175 et
2896 4123 3106 4189 negatio
3144 4124 3360 4175 definite
3402 4139 3522 4178 vera
3578 4126 3657 4178 vel
3702 4126 3831 4181 falsa

2265 4227 2368 4279 est,
2402 4224 2493 4269 aut
2537 4214 2589 4268 in
2620 4214 2702 4267 his
2742 4210 3247 4266 contradictionibus
3291 4227 3408 4279 quae
3434 4213 3485 4264 in
3520 4214 3828 4266 universali-

2264 4308 2364 4361 bus
2388 4306 2713 4373 angulariter
2738 4303 2890 4370 fiunt,
2910 4304 3089 4357 sivein
3114 4302 3489 4373 singularibus.
3513 4302 3658 4355 Tunc
3683 4304 3825 4356 enim
3871 4316 3885 4327 “

2263 4396 2397 4450 nihil
2427 4405 2509 4449 est
2539 4394 2869 4459 utrumlibet,
2901 4394 2994 4448 sed
3034 4410 3097 4449 ex
3121 4392 3435 4447 necessitate
3472 4394 3668 4459 omnia,
3700 4411 3827 4463 quo-

2262 4489 2404 4541 niam
2434 4486 2708 4539 veritatem
2761 4493 2815 4538 et
2856 4484 3140 4537 falsitatem
3192 4483 3612 4552 propositionum
3645 4500 3825 4539 rerum

575 4580 968 4637 enuntiationes
999 4584 1052 4637 in
1098 4583 1277 4638 futuro
1316 4599 1501 4641 omnes
1540 4600 1693 4640 veras
1741 4602 1880 4654 esse,
1924 4603 2019 4656 per
2047 4591 2152 4643 hoc

2276 4588 2485 4632 eventus
2517 4591 2579 4629 ex
2637 4574 2953 4627 necessitate
2992 4573 3356 4642 consequitur.
3384 4575 3557 4640 Quare
3602 4584 3681 4643 (ut
3716 4577 3827 4645 ipse

576 4671 959 4740 impossibilem
1004 4689 1123 4731 esse
1149 4676 1312 4741 dicat,
1347 4678 1491 4747 quod
1520 4692 1700 4732 casum
1746 4688 1801 4733 et
1828 4680 2153 4748 possibilita-

577 4772 708 4830 tem,
739 4766 1067 4836 liberumque
1097 4778 1302 4823 evertat
1325 4770 1627 4830 arbitrium.
1657 4770 1781 4825 llaec
1803 4773 1946 4825 enim
1978 4773 2029 4825 iu
2063 4787 2151 4827 re-

577 4853 675 4907 bus
703 4855 774 4908 ita
814 4858 1098 4913 constituta
1131 4868 1294 4926 putat,
1331 4869 1387 4912 ut
1426 4875 1529 4913 non
1568 4859 1633 4913 de
1664 4860 1752 4912 his
1776 4861 1880 4914 ulla
1920 4876 2054 4929 Opus
2082 4864 2153 4915 sit

550 4942 1070 5011 demonstratione,
1126 4950 1221 5003 sed
1267 4950 1611 5016 impossibilia
1673 4950 1809 5003 ratio
1852 4950 2147 5018 judicetur,

576 5051 907 5108 quaecunque
934 5039 1019 5092 vel
1060 5038 1333 5106 possibile,
1360 5039 1446 5092 vel
1475 5053 1677 5101 casum,
1712 5039 1797 5090 vol
1826 5038 1877 5090 id
1916 5039 2056 5107 quod
2094 5041 2147 5093 in

575 5129 730 5183 nobis
758 5139 841 5183 est
867 5137 1086 5182 conatur
1116 5138 1381 5181 evertere.
1408 5129 1473 5180 Et
1502 5142 1683 5180 casum
1714 5128 1925 5195 quidem
1956 5141 2147 5196 quem-

575 5220 863 5274 admodum
881 5218 1097 5273 definita
1121 5219 1174 5272 in
1199 5218 1649 5287 propositionibus
1672 5217 1863 5272 futuris
1883 5218 2145 5287 destruat,

576 5313 773 5366 “ritas
822 5325 984 5381 supra
1026 5309 1358 5365 monstravit.
1403 5307 1553 5364 Nunc
1598 5318 1774 5362 autem
1804 5310 2148 5377 quemadmo-

573 5400 702 5458 dum
749 5403 936 5458 eadem
970 5403 1084 5471 ipsa
1113 5402 1312 5457 veritas
1358 5400 1574 5455 definita
1607 5404 1897 5455 futurarum
1930 5413 1982 5457 et
2016 5419 2147 5459 con-

576 5496 893 5564 tingentium
923 5494 1342 5564 propositionum
1382 5494 1534 5547 tollat
1564 5493 1712 5548 liberi
1744 5495 1948 5549 arbitrii
1986 5497 2149 5551 facul-

507 5568 515 5596 ²
577 5593 780 5651 tatem,
827 5586 1055 5638 maxima
1099 5588 1150 5639 vi
1195 5587 1670 5654 argumentationis
1712 5587 2019 5654 exsequitur
2066 5586 2147 5640 di-

578 5686 708 5729 cens
757 5694 769 5726 :
819 5675 1133 5745 llujusmodi
1173 5685 1364 5731 cuncta
1407 5677 1718 5747 contingere
1759 5676 2142 5743 impossibilia,

579 5766 628 5829 si
662 5770 782 5836 quis
834 5785 993 5825 unam
1037 5772 1416 5833 euuntiationis
1455 5786 1666 5839 partem
1704 5773 1923 5829 deﬁnite
1964 5783 2145 5827 veram

2262 4670 2359 4736 ait)
2382 4683 2488 4722 non
2521 4665 2789 4734 Oportebit
2815 4679 2985 4734 neque
3020 4665 3287 4717 consiliari
3325 4681 3494 4732 neque
3545 4667 3825 4737 negotiari,

2260 4760 2512 4828 quoniam
2539 4759 2583 4811 si
2616 4758 2717 4810 hoc
2744 4757 2988 4825 facimus,
3029 4757 3128 4810 erit
3159 4757 3278 4818 hoc,
3320 4758 3362 4810 si
3393 4772 3519 4809 vero
3570 4773 3695 4823 non,
3733 4757 3825 4812 hoc

2261 4870 2367 4907 non
2396 4856 2499 4909 erit
2528 4852 2649 4905 Ire.
2693 4852 2959 4905 Evcrtitur
2982 4850 3124 4903 enim
3168 4851 3487 4917 consiliatio,
3538 4851 3582 4903 si
3639 4850 3825 4903 frustra

2259 4953 2362 5007 est,
2394 4945 2591 4997 frustra
2615 4952 2790 4997 autem
2818 4957 2935 4995 eam
2964 4942 3094 4995 dicit
3130 4956 3273 5007 esse,
3323 4942 3561 5010 quisquis
3591 4942 3640 4994 in
3673 4945 3827 4998 rebus

2261 5035 2429 5088 solam
2460 5034 2609 5103 ponit
2634 5033 2724 5085 fati
2752 5032 3146 5085 necessitatem.
3174 5031 3283 5085 Cur
3316 5034 3458 5085 enim
3488 5033 3605 5100 quis
3649 5034 3795 5086 consi

2260 5123 2389 5176 lium
2430 5123 2627 5175 habeat
2645 5122 2691 5174 si
2716 5120 2935 5175 nihilex
2962 5138 3027 5176 eo
3053 5122 3194 5190 quod
3250 5123 3562 5176 consiliator
3608 5123 3823 5184 efﬁciet,

2258 5232 2378 5272 cum
2410 5214 2749 5271 administret
2773 5226 2959 5270 cuncta
2984 5218 3275 5271 necessitas
3295 5216 3319 5268 ?
3339 5216 3514 5280 Quare
3538 5231 3641 5267 non
3671 5229 3818 5282 opor.

2259 5310 2396 5366 tebit
2413 5310 2703 5377 consiliari,
2738 5311 2823 5364 vel
2856 5314 2898 5365 si
2935 5312 3055 5381 quis
3082 5312 3413 5374 consiliator,
3444 5311 3698 5379 negotiari
3725 5326 3823 5363 non

2258 5401 2438 5456 debet.
2467 5401 2737 5469 Negotiari
2764 5384 2938 5456 autem
2985 5414 3084 5464 est,
3114 5412 3235 5455 actu
3286 5400 3483 5470 aliquid
3524 5411 3577 5454 et
3613 5403 3824 5469 negotio

2258 5510 2437 5564 agere,
2470 5511 2573 5550 non
2602 5495 2830 5560 lucrum,
2860 5497 2953 5549 sed
2987 5496 3217 5564 aliquam
3249 5509 3466 5549 causam
3508 5495 3590 5548 vel
3627 5505 3821 5547 actam.

2258 5585 2397 5639 Nihil
2427 5585 2575 5641 enim
2605 5586 2719 5654 ipse
2748 5601 2841 5654 per
2864 5597 3039 5639 actum
3071 5566 3643 5654 suum'consiliumque
3664 5600 3819 5651 expc»

2253 5676 2413 5741 diret,
2445 5675 2547 5729 nisi
2568 5675 2659 5729 fati
2688 5677 2977 5730 necessitas
3002 5678 3205 5743 iubeat.
3250 5677 3438 5731 Docuit
3479 5683 3657 5729 autem
3696 5674 3817 5741 quid

2255 5776 2399 5822 esset
2427 5766 2729 5822 consiliatio
2750 5782 2849 5833 per
2886 5766 2936 5823 id
2965 5767 3106 5833 quod
3136 5767 3230 5833 ait,
3262 5768 3514 5836 quoniam
3550 5769 3593 5821 si
3620 5768 3716 5820 hoc
3748 5764 3814 5819 fa-
