4270 6266
348 358 452 416 505

1070 352 1127 403 IN
1171 346 1423 404 LIBRUM
1462 347 1550 403 DE
1590 347 2235 409 INTERPRETATIONE
2276 356 2504 411 EDlTlO
2541 353 2874 413 SECUNDA.

3509 354 3615 412 506

347 481 542 541 cimus,
575 472 678 527 erit
712 470 839 536 hoc,
860 469 903 522 si
940 481 1067 521 vero
1084 481 1200 533 \non
1242 464 1364 528 hoc,
1394 477 1499 516 non
1530 463 1631 514 erit
1678 462 1821 514 hoc.‘
1850 461 1959 522 Ita.

2070 483 2164 521 ana
2199 469 2455 537 opinione
2476 476 2745 532 tenentur,
2770 483 2944 537 neque
2974 469 3117 523 enim
3151 468 3331 523 omnia
3354 483 3417 523 ex
3442 468 3616 525 libero

347 566 491 619 enim
520 579 732 632 semper
760 561 817 614 fit
845 560 1168 619 consiliatio,
1200 567 1256 609 ut
1288 557 1331 609 si
1378 556 1446 607 sit
1475 552 1675 623 Scipio,
1699 553 1769 606 ita
1799 568 1932 608 con-

348 656 639 711 siliabitur.
685 653 740 708 Si
781 654 832 705 in
862 650 1095 704 Africam
1133 650 1423 703 exercitum
1465 648 1676 713 ducam,
1721 646 1929 701 cladem

353 746 666 801 Hannibalis
691 745 757 797 ab
782 743 929 797 ltalia
959 742 1289 803 removeho;
1324 740 1367 791 si
1396 754 1522 791 vero
1565 753 1670 790 non
1711 738 1927 800 ducam,

350 856 456 894 non
510 839 765 907 eripietur
813 835 978 887 Italia.
1030 833 1139 886 Hoc
1186 842 1264 885 est
1313 814 1453 883 enim
1485 830 1709 883 dicere:
1743 830 1795 883 Si
1830 830 1932 883 hoc

351 933 565 995 faciam,
601 941 655 983 ttt
676 931 719 982 si
746 929 800 981 in
832 928 1065 981 Africam
1098 924 1392 979 exercitum
1433 925 1649 987 ducam,
1684 920 1929 984 et‘ithoc,

351 1025 402 1079 id
422 1032 503 1078 est
530 1021 789 1090 eripietur
820 1018 971 1071 Italia
1001 1035 1015 1083 ;
1044 1018 1087 1070 si
1120 1032 1246 1069 vero
1277 1032 1382 1069 non
1423 1014 1545 1078 hoc,
1578 1012 1629 1066 id
1665 1020 1746 1064 est
1774 1012 1816 1063 si
1848 1012 1934 1063 hic

350 1128 617 1177 mansero,
645 1129 750 1165 non
773 1112 875 1164 erit
908 1111 1029 1174 hoc,
1063 1108 1112 1162 id
1138 1118 1217 1161 est
1244 1123 1349 1160 non
1382 1107 1639 1172 eripietur
1670 1102 1838 1156 Italia.
1869 1102 1933 1155 Et

348 1207 400 1259 in
423 1204 542 1259 aliis
581 1203 833 1258 omnibus
864 1203 1028 1255 rebus
1075 1199 1263 1252 eodem
1313 1195 1495 1249 modo.
1548 1194 1713 1247 Simul
1755 1202 1933 1246 autem

350 1296 671 1350 monstravit
722 1296 773 1345 in
821 1291 1062 1345 consiliis
1117 1305 1223 1343 non
1268 1302 1389 1341 esse
1431 1287 1826 1341 necessitatem.
1878 1283 1935 1338 Si

349 1389 494 1443 enim
541 1385 663 1448 hoc,
718 1384 910 1450 inquit,
962 1380 1172 1442 faciam,
1208 1382 1310 1431 hoc
1337 1379 1463 1443 erit,
1494 1379 1620 1431 etsi
1668 1392 1796 1438 non,
1838 1376 1939 1427 hoc.

352 1492 459 1532 non
486 1477 588 1531 erit
612 1492 627 1539 ;
663 1473 803 1543 quod
838 1472 882 1525 si
910 1472 1203 1525 necessitas
1230 1477 1372 1523 esset
1400 1470 1452 1521 itt
1485 1467 1664 1529 rebus,
1690 1472 1801 1519 sive
1834 1465 1936 1518 hoc

353 1568 475 1638 quis
505 1566 722 1627 faceret,
756 1566 870 1617 sive
918 1577 1023 1616 non
1075 1560 1296 1624 faceret,
1346 1561 1484 1627 quod
1530 1572 1750 1611 ni-ccsse
1795 1564 1939 1610 esset

352 1658 615 1714 eveniret.
645 1656 824 1723 Quare
845 1654 984 1721 quod
1013 1652 1222 1707 consilii
1258 1652 1465 1704 ratione
1493 1651 1569 1711 Iit,
1595 1664 1698 1701 non
1734 1650 1793 1700 fit.
1818 1648 1937 1700 vio-

352 1750 516 1805 lentia
548 1748 901 1802 necessitatis.
951 1744 1212 1813 Adjunxit
1241 1736 1415 1796 aute'tn
1447 1745 1494 1795 ei
1520 1743 1657 1810 quod
1690 1752 1771 1795 est
1810 1757 1937 1795 con-

2035 575 2157 615 esse
2182 561 2405 615 arbitrio
2441 560 2778 614 manifestum
2805 570 2907 624 est,
2937 563 3027 615 sed
3060 563 3248 615 borum
3273 564 3531 627 omnium,
3560 574 3615 617 et

2042 669 2221 708 causa:
2268 654 2439 708 mista:
2467 664 2613 717 sunt,
2645 662 2698 706 et
2741 664 2981 707 eventus.
3028 654 3162 708 Sunt
3192 657 3333 709 enim
3373 656 3613 725 qttzrdam

2038 760 2102 798 ex
2139 758 2290 809 casu,
2319 754 2444 797 sunt
2478 744 2649 809 aliqua
2683 758 2745 795 ex
2796 744 3134 807 necessitate,
3182 747 3422 811 quaedam
3452 746 3614 799 etiam

2037 836 2284 890 videmus
2313 835 2484 888 libero
2515 835 2685 888 teneri
2708 834 2933 903 judicio,
2960 845 3013 887 et
3039 846 3248 886 actuum
3280 837 3489 899 quidem
3523 852 3617 889 no-

2038 936 2274 981 strorum
2305 927 2552 979 voluntas
2584 926 2638 978 in
2664 926 2820 979 nobis
2856 934 2957 978 est.
2991 925 3180 977 Nostra
3203 928 3342 978 enim
3375 930 3617 981 voluntas

2039 1019 2255 1074 domina
2287 1018 2683 1088 quodammodo
2704 1029 2785 1071 est
2804 1026 3105 1072 nostrorum
3130 1027 3358 1081 actuum,
3382 1030 3434 1072 et
3459 1020 3617 1071 totius

2039 1113 2165 1189 vita;
2198 1112 2444 1179 rationis,
2480 1112 2573 1165 sed
2603 1126 2708 1164 non
2752 1111 2942 1164 eodem
2975 1110 3133 1162 modo
3161 1120 3382 1163 eventus
3410 1128 3620 1179 quoque

2040 1206 2094 1260 in
2127 1216 2307 1260 nostra
2338 1214 2423 1260 est
2472 1215 2755 1274 potestate.
2790 1205 2893 1258 Pro
2923 1204 3023 1257 alia
3075 1218 3305 1272 namque
3335 1217 3392 1257 re
3424 1203 3620 1271 aliquid

2040 1314 2104 1352 ex
2160 1298 2329 1351 libero
2388 1298 2611 1351 arbitrio
2668 1295 2989 1350 facientibus
3044 1310 3111 1349 ex
3160 1295 3358 1348 eisdem
3407 1294 3622 1347 veniens

2041 1390 2216 1442 causis
2246 1403 2403 1441 casus
2445 1387 2802 1455 interstrepit,
2828 1396 2883 1439 ut
2911 1402 3031 1440 cum
3072 1385 3315 1439 scrobem
3338 1385 3623 1437 demittens

2043 1479 2184 1547 quis,
2223 1487 2278 1530 ut
2302 1476 2527 1529 inlodiat
2554 1478 2739 1540 vitem,
2773 1476 2818 1529 si
2849 1477 3157 1530 thesaurum
3187 1475 3443 1541 inveniat,
3472 1466 3623 1527 scro-

2044 1568 2164 1621 bem
2205 1566 2423 1634 quidem
2443 1566 2729 1619 demittere
2758 1581 2822 1619 ex
2849 1566 3017 1619 libero
3047 1564 3450 1627 venttarbitrio,
3480 1563 3623 1615 inve~

2044 1659 2166 1713 nire
2195 1669 2371 1712 autem
2396 1658 2708 1711 thesaurum
2738 1657 2884 1710 solus
2910 1656 3084 1709 attulit
3108 1669 3282 1717 casus,
3308 1669 3424 1713 eam
3451 1666 3625 1710 tamen
3714 1648 3721 1655 “

2043 1762 2261 1801 causam
2307 1748 2509 1801 habens
2550 1761 2739 1811 casus,
2792 1762 2948 1813 quam
2993 1747 3243 1798 voluntas
3271 1744 3466 1797 attulit.
3516 1742 3626 1800 Nisi

352 1840 519 1896 siliari
548 1837 827 1908 negotiari.
855 1845 908 1890 et
936 1843 1019 1889 est
1056 1834 1189 1888 ordo
1235 1834 1333 1887 hoc
1378 1834 1556 1889 modo.
1610 1834 1789 1899 Quare
1831 1848 1937 1885 non
1970 1835 2021 1895 B
2047 1840 2189 1893 enim
2216 1839 2428 1892 foderet
2450 1838 2722 1900 scrobem,
2755 1837 3037 1890 thesaurus
3058 1852 3162 1890 non
3192 1844 3333 1889 csset
3359 1835 3627 1890 inventus.

354 1932 642 2000 oportebit,
678 1944 849 1998 neque
878 1927 1172 1993 consiliari,
1207 1927 1456 1995 quoniam
1492 1927 1534 1979 si
1562 1930 1661 1978 hoc
1695 1927 1937 1990 fat-imus,

358 2026 463 2080 erit
492 2025 611 2078 hoc.
647 2023 705 2079 Si
727 2037 854 2074 vero
877 2037 981 2075 non
1025 2021 1146 2083 hoc,
1184 2034 1291 2072 non
1324 2021 1426 2073 erit
1458 2020 1590 2080 hoc.
1624 2019 1755 2071 nihil
1796 2020 1938 2071 enim

360 2114 609 2183 prohibet
640 2114 692 2165 in
733 2112 1073 2166 millesimum
1104 2127 1301 2165 annum
1329 2111 1468 2166 hunc
1496 2111 1708 2179 quidem
1737 2111 1939 2175 dicere,

359 2204 464 2259 hoc
504 2205 742 2258 futurum
771 2217 913 2267 esse,
956 2203 1095 2256 hunc
1117 2217 1248 2256 vero
1288 2217 1392 2255 non
1426 2202 1623 2256 dicere.
1669 2204 1846 2267 Quare
1873 2218 1939 2256 ex

358 2296 678 2351 necessitate
708 2296 833 2358 erit,
858 2294 1135 2363 quodlibet
1174 2310 1357 2348 eorum
1386 2310 1570 2348 verum
1599 2304 1713 2347 erat
1760 2294 1943 2347 dicere

358 2395 508 2443 tunc.
547 2384 732 2454 Neque
770 2385 1060 2453 negotiari,
1087 2385 1138 2438 id
1168 2394 1250 2438 est
1291 2397 1466 2439 actum
1502 2385 1737 2453 incipere
1783 2392 1943 2452 atque

360 2478 632 2547 negotium
668 2491 879 2546 gerere,
910 2478 1055 2543 prior
1098 2486 1177 2530 ρει
1215 2479 1357 2531 enim
1404 2478 1730 2542 tonsilialio,
1764 2490 1945 2545 poste-

360 2574 480 2627 rius
537 2570 836 2640 negotium,
888 2572 981 2625 sed
1024 2572 1293 2638 negotium
1353 2582 1472 2640 post
1513 2573 1945 2627 consiliationem

364 2661 565 2733 posuit,
594 2672 648 2716 et
668 2672 858 2717 cuncta
889 2678 1008 2731 qua:
1034 2663 1099 2716 ad
1127 2662 1513 2717 consiliationis
1544 2674 1791 2731 naturam
1821 2666 1944 2720 addi

361 2753 666 2822 oportebat,
702 2764 827 2822 post
876 2754 1257 2822 negotiationis
1307 2753 1541 2807 subdidit
1585 2754 1947 2823 interpositio-

362 2860 505 2900 nem.
541 2845 638 2898 Est
668 2856 845 2899 autem
875 2844 1011 2898 ordo
1043 2844 1143 2898 hoc
1192 2843 1389 2902 modo:
1426 2844 1481 2898 Si
1510 2845 1711 2907 omnia,
1757 2846 1945 2914 inquit,

363 2936 649 2991 necessitas
672 2936 800 3005 agit,
828 2951 933 2989 non
947 2945 1156 3002 oportet
1176 2936 1473 3001 consiliari,
1499 2938 1749 3005 quoniam
1777 2935 1820 2989 si
1848 2937 1949 2991 hoc

370 3027 595 3081 facimus
647 3028 927 3095 proveniet
969 3026 1069 3079 hoc
1100 3027 1272 3091 nobis,
1310 3028 1354 3080 si
1402 3041 1531 3081 vero
1580 3027 1679 3081 hoc
1718 3042 1823 3079 non
1871 3024 1951 3079 fa-

371 3118 565 3181 cimus,
610 3133 713 3172 non
760 3120 1059 3188 proveniet.
1111 3118 1250 3172 Nihil
1293 3119 1437 3173 enim
1468 3119 1719 3187 prohibet
1751 3120 1948 3171 frustra

2045 1930 2275 1996 Quidam
2311 1937 2493 1982 autem
2540 1939 2771 1982 eventus
2811 1928 3008 1980 nostris
3043 1925 3402 1979 voluntatibus
3434 1940 3627 1992 suppe‘

2051 2021 2135 2074 tit.
2162 2020 2435 2085 Quosdam
2470 2019 2689 2087 impedit
2734 2018 2976 2088 qumdarn
3035 2018 3265 2070 violenta
3321 2017 3628 2069 necessitas.

2050 2113 2324 2167 Prandet'e
2356 2112 2500 2165 enim
2542 2120 2596 2164 et
2630 2111 2829 2177 legere,
2863 2117 2916 2162 et
2943 2108 3047 2161 alia
3077 2106 3377 2174 hojttstnodi
3403 2109 3537 2159 sicut
3567 2120 3629 2162 ex

2048 2213 2237 2259 nostra
2276 2204 2553 2258 voluntate
2600 2212 2745 2264 sunt,
2787 2202 2857 2253 ita
2882 2192 3099 2269 quoque
3139 2213 3346 2261 eorum,
3392 2212 3534 2265 stepe
3562 2200 3631 2252 e'x

2054 2303 2239 2350 nostra
2270 2295 2547 2348 voluntate
2590 2291 2788 2360 pendet
2832 2300 3074 2343 eventus.
3106 2287 3255 2353 Quod
3286 2287 3328 2340 si
3361 2302 3498 2341 nunc
3536 2288 3633 2340 ima

2058 2402 2251 2457 perare
2280 2386 2460 2440 Persis
2494 2385 2622 2438 velit
2653 2384 2949 2448 Romanus,
2996 2382 3271 2434 arbitrium
3305 2379 3514 2448 quidem
3544 2387 3634 2433 vo-

2055 2480 2281 2533 luntatis
2312 2478 2365 2532 in
2399 2478 2518 2546 ipso
2540 2486 2645 2539 est,
2683 2476 2775 2529 sed
2804 2475 2944 2526 hunc
2970 2482 3215 2526 eventunt
3248 2470 3427 2547 durior
3448 2484 3634 2524 neces-

2049 2573 2184 2626 sitas
2213 2571 2433 2633 retinet,
2458 2577 2514 2623 et
2541 2568 2605 2622 ad
2629 2566 3011 2635 perfectionem
3043 2572 3189 2618 vetat
3217 2563 3426 2617 adduci.
3461 2563 3637 2631 Itaque

2048 2665 2287 2718 omnium
2337 2677 2518 2717 rerum
2559 2672 2613 2715 et
2661 2674 2844 2724 casus,
2877 2666 2933 2712 et
2963 2640 3233 2720 volu'ntas,
3266 2666 3317 2709 et
3348 2654 3636 2709 necessitas

2049 2757 2417 2812 dominantur.
2443 2754 2550 2809 Nec
2571 2768 2676 2807 una
2707 2752 2898 2805 harum
2926 2764 3012 2804 res
3041 2750 3094 2803 in
3122 2748 3370 2801 omnibus
3394 2744 3637 2814 ponenda

2050 2860 2154 2912 est,
2206 2850 2299 2904 sed
2349 2850 2511 2903 trium
2545 2846 2701 2900 mista
2749 2844 3014 2913 potentia,
3067 2841 3207 2894 unde
3237 2841 3295 2892 fit
3325 2850 3379 2892 ut
3416 2851 3636 2906 peccan-

2052 2943 2183 2995 tium
2213 2940 2424 2995 animus
2452 2939 2619 3007 magis
2658 2934 3031 2990 consideretur
3084 2932 3264 3000 potius
3287 2945 3444 2996 quam
3473 2942 3635 2983 even-

2051 3041 2160 3099 tus,
2193 3040 2249 3087 et
2277 3032 2526 3102 puniatur
2546 3030 2755 3084 animus
2780 3042 2885 3081 non
2938 3026 3217 3094 perfectio,
3264 3024 3465 3076 idcirco
3496 3022 3636 3092 quod

2055 3125 2306 3178 voluntas
2362 3122 2584 3192 quidem
2655 3118 2810 3174 nobis
2861 3117 3027 3172 libera
3068 3126 3173 3181 est,
3217 3115 3308 3168 sed
3357 3114 3637 3182 aliquoties

372 3222 534 3261 unum
564 3208 761 3274 dicere,
784 3208 1013 3263 alterum
1048 3224 1245 3277 negare
1270 3210 1575 3263 dicentem:
1604 3209 1659 3262 Si
1690 3210 1790 3263 hoc
1816 3207 1947 3261 faci-
1973 3196 2032 3289 Ο.
2056 3216 2402 3287 perfectionis
2432 3213 2567 3268 ordo
2610 3211 2893 3267 retinetur.
2923 3209 3074 3275 Quod
3106 3209 3148 3261 si
3176 3206 3352 3260 omnia
3382 3206 3463 3259 vel
3511 3218 3637 3258 casu

376 3314 524 3365 mus,
554 3301 652 3353 hoc
680 3301 782 3354 erit
812 3309 904 3355 aut
932 3316 1033 3354 non
1058 3302 1181 3366 erit,
1215 3302 1355 3370 quod
1381 3302 1523 3355 enim
1551 3310 1835 3354 venturum
1868 3309 1951 3353 est

372 3391 482 3457 fiet,
517 3393 628 3445 sive
655 3393 744 3447 ille
774 3408 866 3460 per
887 3393 1169 3445 consilium
1196 3392 1461 3462 conjectet
1494 3392 1594 3446 hoc
1622 3407 1781 3461 posse
1809 3390 1944 3457 fieri,

370 3484 524 3538 etiam
556 3484 601 3538 si
629 3484 754 3552 quid
806 3484 948 3537 aliud
989 3485 1210 3549 fecerit,
1244 3487 1359 3538 sive
1404 3485 1490 3539 ille
1522 3501 1615 3554 per
1666 3486 1948 3539 consilium

372 3586 527 3646 neget
554 3579 656 3631 hoc
684 3570 843 3643 poSse
874 3578 1010 3638 fieri,
1045 3578 1209 3632 etiam
1228 3579 1270 3630 si
1296 3577 1397 3630 hoc
1422 3577 1561 3645 quod
1594 3577 1735 3630 dixit
1768 3578 1943 3630 faciat.

370 3668 445 3722 Ex
476 3669 797 3723 necessitate
852 3670 995 3721 enim
1052 3667 1289 3721 futurunt
1344 3678 1448 3731 est,
1502 3668 1752 3737 quidquid
1814 3681 1951 3721 unus

372 3760 614 3829 ipsorum
647 3774 833 3813 verum
863 3759 1075 3812 dixerit.
1112 3758 1262 3822 Quod
1308 3759 1351 3810 si
1402 3759 1672 3812 consiliari
1730 3758 1951 3811 omnino

372 3866 481 3906 non
511 3858 745 3918 oportet.
782 3864 877 3904 nec
926 3851 1180 3917 negotiari
1227 3849 1515 3917 oportebit,
1554 3849 1603 3901 id
1636 3857 1718 3902 est
1744 3848 1950 3900 nullum

376 3941 613 4009 incipere
644 3943 932 4008 negotium.
967 3942 1089 3993 Sive
1118 3941 1255 3993 enim
1285 3941 1403 4008 quis
1432 3940 1669 4007 incipiat,
1704 3939 1816 3990 sive
1845 3952 1950 3989 non

375 4034 615 4099 incipiat,
649 4032 903 4101 quidquid
926 4047 989 4085 ex
1018 4034 1331 4086 necessitate
1370 4041 1472 4097 cst,
1516 4029 1633 4082 sine
1666 4031 1769 4081 ulla
1801 4028 1955 4080 dubi-

378 4126 582 4180 tatiooe
608 4127 903 4192 proveniet.
940 4124 1114 4190 Quare
1144 4124 1272 4177 nihil
1305 4124 1442 4176 alter
1460 4121 1619 4174 homo
1651 4118 1954 4176 distabitab

375 4218 547 4271 altero
568 4216 803 4270 homine.
833 4216 909 4269 Eo
930 4218 1072 4270 enim
1097 4216 1349 4269 meliores
1374 4215 1615 4266 homines
1633 4211 1952 4279 judicamns,

377 4310 521 4377 quod
552 4308 804 4363 meliores
834 4320 959 4362 sunt
998 4310 1051 4362 in
1085 4308 1333 4370 Consilio,
1382 4306 1474 4361 sed
1526 4305 1611 4358 ubi
1653 4303 1955 4375 consiliatio

358 4402 579 4461 frustra
608 4415 689 4457 est
718 4416 911 4457 cuncta
939 4404 1261 4457 necessitate
1288 4401 1535 4467 faciente,
1563 4400 1804 4453 homines
1826 4414 1959 4466 quo-

382 4510 485 4564 que
511 4496 651 4549 inter
695 4510 754 4550 se
806 4496 933 4549 nihil
965 4495 1239 4550 differunt.
1304 4496 1417 4562 Ipsa
1460 4494 1600 4547 enim
1659 4492 1958 4548 consiliatio

2056 3310 2136 3364 vel
2168 3308 2492 3363 necessitate
2524 3306 2735 3373 tierent,
2771 3319 2872 3359 nec
2920 3304 3035 3356 laus
3079 3302 3237 3369 digna
3272 3299 3409 3353 bene
3435 3297 3637 3350 facien-

2057 3401 2222 3465 tibus,
2248 3412 2346 3452 nec
2377 3397 2512 3451 ultio
2537 3388 2995 3463 delinqttentilius,
3030 3408 3124 3446 nec
3146 3391 3289 3461 leges
3308 3389 3432 3443 ulla:
3461 3395 3638 3442 essent

2050 3492 2237 3562 justas,
2268 3505 2390 3560 quae
2412 3500 2505 3543 aut
2535 3490 2690 3543 bonis
2730 3488 2972 3556 praemia,
3002 3495 3092 3539 aut
3115 3484 3269 3539 malis
3300 3482 3638 3537 resdtuerent

2058 3597 2263 3651 ptenas.
2325 3580 2495 3636 Venio
2542 3595 2684 3635 nunc
2714 3581 2780 3633 ad
2826 3578 2956 3633 illud
3006 3576 3147 3647 quod
3180 3575 3360 3630 multis
3384 3573 3639 3643 quaeritur

2056 3676 2253 3739 modis,
2277 3690 2346 3729 an
2373 3675 2629 3730 divinatio
2644 3683 2878 3738 maneat,
2908 3675 2951 3726 si
2986 3687 3089 3724 non
3116 3671 3293 3724 omnia
3317 3670 3369 3722 in
3396 3667 3556 3723 rebus
3573 3680 3639 3721 ex

2057 3766 2377 3821 necessitate
2392 3767 2724 3835 contingant.
2745 3763 2874 3818 Nam
2895 3762 3034 3832 quod
3058 3764 3110 3815 in
3126 3777 3249 3815 vera
3270 3761 3640 3829 prmdicatione

2054 3864 2158 3931 est.
2175 3856 2316 3908 idem
2334 3856 2481 3908 estin
2505 3855 2749 3908 scientia.
2777 3853 2842 3905 Et
2869 3855 3008 3906 sicut
3031 3868 3150 3904 cum
3164 3853 3283 3920 quis
3302 3867 3483 3904 verum
3511 3866 3642 3918 prce-

2058 3947 2210 4009 dicit,
2239 3946 2381 4013 quod
2412 3960 2534 3999 vere
2560 3945 2870 4014 prtedicitur
2898 3958 3017 3997 esse
3042 3958 3262 3997 necesse
3284 3952 3383 3995 est.
3409 3946 3481 3996 Ita
3501 3943 3642 4010 quod

2056 4040 2176 4107 quis
2192 4040 2426 4091 futurum
2439 4040 2611 4094 novit,
2632 4035 2759 4089 illud
2781 4036 3013 4087 futurum
3029 4048 3148 4087 esse
3170 4047 3389 4086 necesse
3400 4043 3501 4088 est.
3534 4033 3642 4087 Sed

2058 4127 2317 4183 divmatio
2334 4142 2438 4180 non
2458 4129 2607 4180 novit
2637 4127 2716 4180 sic
2740 4125 2918 4179 omnia
2951 4135 3005 4176 ut
3035 4138 3098 4176 ex
3134 4126 3448 4176 necessitate
3471 4122 3643 4175 futura

2060 4220 2394 4291 pronuntiet.
2445 4220 2621 4287 Atque
2677 4216 2878 4271 idcirco
2912 4216 3213 4282 frequenter
3259 4214 3326 4266 ita
3360 4212 3643 4274 divinatur,

2061 4312 2202 4384 quod
2228 4310 2481 4365 facillime
2506 4310 2558 4363 in
2585 4320 2827 4363 veterum
2854 4308 3006 4361 libris
3034 4307 3359 4374 agnoscitur.
3390 4301 3500 4355 Hoc
3523 4301 3643 4367 qui-

2063 4405 2185 4459 dem
2235 4413 2552 4457 evettturnm
2601 4410 2706 4454 est.
2759 4399 2861 4452 Sed
2920 4398 2965 4451 si
3002 4399 3102 4450 hoc
3160 4398 3235 4457 Iit,
3280 4411 3382 4447 nott
3414 4389 3624 4446 eveniet

2063 4497 2220 4561 Quasi
2249 4493 2494 4546 interdici
2532 4491 2721 4558 possit,
2751 4497 2806 4541 et
2835 4490 2941 4540 alio
2970 4488 3129 4540 modo
3158 4485 3394 4539 evenire.
3428 4481 3579 4549 Quod
3600 4478 3646 4533 si

379 4588 510 4644 nihil
537 4588 734 4651 differt,
760 4601 935 4642 utrttm
971 4589 1107 4642 bona
1136 4603 1200 4641 an
1230 4590 1367 4641 mala
1403 4590 1490 4652 sit,
1522 4602 1640 4639 cum
1669 4596 1962 4655 proventus
1989 4570 2038 4629 Ῑ)
2067 4585 2137 4638 ita
2188 4594 2293 4645 est,
2348 4581 2673 4634 necessitate
2725 4592 2831 4631 non
2876 4577 3076 4630 evenit.
3132 4575 3315 4631 Utrum
3379 4586 3555 4628 autem
3603 4572 3646 4626 si

379 4682 669 4735 necessitas
695 4682 745 4732 in
773 4680 860 4732 fati
892 4680 1357 4733 administratione
1396 4680 1674 4732 consistat.
1710 4678 1886 4744 Quare
1916 4676 1960 4729 si

380 4772 502 4825 boni
534 4772 741 4824 consilii
774 4772 1017 4825 homines
1051 4771 1206 4825 laude
1249 4772 1392 4839 digiti
1422 4779 1567 4835 sunt,
1597 4770 1720 4823 mali
1752 4768 1962 4822 consilii

382 4863 790 4931 vituperatione.
826 4864 941 4917 Non
972 4864 1130 4919 aliter
1156 4864 1256 4917 hoc
1284 4865 1389 4917 erit
1424 4864 1589 4931 juste,
1617 4862 1719 4916 nisi
1750 4862 1829 4915 vel
1859 4876 1965 4914 toa-

384 4956 465 5009 lus
496 4966 648 5010 actus
678 4958 985 5025 malumque
1006 4958 1313 5020 consilium,
1344 4967 1396 5009 et
1434 4956 1737 5010 econtrario
1766 4955 1961 5007 bonum

384 5046 646 5099 in'nostra
670 5049 741 5100 sit
763 5057 1026 5113 potestate
1044 5059 1097 5100 et
1121 5062 1228 5099 non
1258 5048 1310 5101 in
1341 5047 1465 5101 fato.
1497 5048 1627 5100 Cum
1656 5047 1796 5119 enim
1822 5046 1964 5098 nulla

383 5152 448 5190 ex
481 5138 803 5193 necessitate
834 5142 1234 5205 constringatur
1278 5149 1501 5193 eventus
1530 5139 1631 5201 rei,
1666 5150 1789 5193 tunc
1820 5147 1873 5194 et
1905 5140 1967 5192 li-

384 5227 569 5280 berum
603 5230 892 5282 voluntatis
918 5232 1202 5284 atbitt'iutn
1236 5240 1337 5294 cst,
1366 5241 1420 5281 ut
1454 5245 1556 5281 non
1585 5231 1651 5279 sit
1684 5229 1822 5279 fatali
1856 5244 1969 5279 ser-

381 5322 529 5376 viens
557 5324 892 5379 necessitati.
920 5325 1060 5393 Ergo
1090 5338 1263 5392 neque
1287 5324 1373 5386 qui
1401 5324 1451 5376 in
1478 5323 1579 5375 hoc
1612 5321 1809 5374 mundo
1841 5322 1969 5373 sim-

384 5414 553 5483 plices
585 5432 765 5471 rerum
799 5418 1022 5477 ordines
1054 5431 1306 5483 posuere,
1338 5413 1637 5480 recipiendi
1662 5421 1804 5475 sunt,
1838 5423 1889 5464 et
1919 5413 1967 5464 lti

380 5507 474 5577 qui
503 5507 835 5574 impermista
870 5508 978 5559 hac
1019 5508 1285 5560 mundana
1338 5507 1497 5568 mole,
1542 5519 1644 5557 non
1698 5505 1973 5572 permistas

383 5616 603 5673 quoque
630 5610 870 5654 actorum
901 5614 1092 5652 causas
1125 5597 1417 5666 accipiunt,
1454 5596 1789 5665 repudiandi.
1843 5595 1969 5648 Nam

386 5707 566 5763 neque
592 5690 684 5762 qui
699 5705 825 5745 casu
856 5691 1036 5744 omnia
1062 5689 1278 5745 evenire
1303 5689 1508 5753 dicunt,
1537 5699 1681 5742 recte
1711 5687 1974 5741 arbitrae—

390 5797 500 5854 tur,
533 5800 708 5855 neque
737 5784 825 5853 qui
874 5784 1055 5839 omnia
1083 5782 1418 5840 necessitatis
1462 5781 1712 5840 violentia
1741 5780 1971 5853 ﬁngunt,

2067 4678 2243 4733 omnia
2288 4676 2462 4729 futura
2494 4673 2627 4727 sciat
2662 4672 2822 4731 Deus,
2855 4669 3031 4722 omnia
3060 4684 3179 4721 esse
3203 4683 3424 4722 necesse
3449 4675 3550 4729 est,
3576 4663 3645 4717 ita

2068 4780 2391 4838 quwrattttts.
2445 4763 2503 4817 Si
2537 4762 2655 4831 quis
2687 4761 2825 4814 dicat
2875 4759 2969 4812 Dei
3020 4760 3296 4814 scientiam
3350 4759 3415 4811 de
3456 4755 3646 4810 futuris

2071 4872 2360 4914 eventuum
2419 4851 3108 4922 subsequi'necessitatem,
3155 4851 3199 4904 is
3256 4848 3493 4918 profecto
3520 4863 3648 4903 con-

2072 4962 2327 5003 versurus
2355 4956 2456 5010 est,
2480 4947 2523 4998 si
2556 4942 2735 4997 omnia
2756 4956 2825 4997 ex
2848 4942 3167 4996 necessitate
3189 4954 3293 4996 non
3315 4938 3646 5007 contingunt,

2072 5042 2250 5096 Omnia
2280 5040 2445 5092 Deum
2475 5039 2610 5091 scire
2646 5051 2750 5090 non
2782 5049 2961 5104 posse.
2987 5033 3119 5088 Nam
3145 5032 3421 5088 scientiam
3446 5030 3538 5084 Dei
3566 5043 3649 5083 sei

2074 5138 2250 5203 quitur
2275 5142 2562 5186 eventuum
2606 5131 2918 5193 necessitas,
2949 5129 2993 5181 si
3036 5129 3327 5181 necessitas
3356 5134 3648 5178 eventuum

2076 5242 2179 5280 non
2210 5227 2298 5291 .~it,
2326 5225 2501 5277 divina
2529 5221 2749 5274 scientia
2784 5221 3081 5288 perimitur.
3105 5219 3170 5272 Et
3198 5217 3315 5286 quis
3343 5223 3446 5269 tam
3490 5216 3673 5283 impia'

2076 5319 2283 5372 ratione
2314 5318 2490 5370 animo
2519 5326 2850 5381 torqueatur,
2899 5322 2954 5364 ut
2983 5313 3082 5378 hoc
3108 5310 3175 5363 de
3206 5309 3315 5363 Deo
3340 5308 3519 5363 dicere
3558 5322 3654 5361 au-

2076 5411 2241 5465 deat?
2293 5411 2394 5464 Sed
2430 5409 2658 5459 fortasse
2674 5406 2801 5470 quis
2833 5402 2998 5459 dicat.
3026 5401 3272 5471 quoniam
3298 5401 3513 5454 evenire
3544 5414 3649 5452 non

2079 5513 2249 5574 potest
2285 5514 2337 5555 ttt
2394 5503 2532 5553 Deus
2562 5497 2737 5549 omnia
2780 5496 2953 5548 futura
2985 5509 3089 5548 non
3121 5494 3349 5559 noverit,
3377 5493 3501 5546 hinc
3529 5506 3643 5546 eve
3680 5555 3693 5573 ε

2079 5598 2192 5651 nire
2233 5605 2290 5647 ut
2319 5593 2495 5645 omnia
2527 5606 2588 5642 ex
2623 5588 2939 5645 necessitate
2968 5588 3095 5650 sint,
3135 5587 3385 5654 quoniam
3417 5586 3526 5639 Deo
3558 5601 3652 5639 no-
3678 5572 3699 5659 ί,

2079 5688 2244 5742 titiam
2271 5698 2447 5737 rerum
2481 5681 2771 5732 futurarum
2804 5678 2991 5734 tollere
3020 5677 3168 5732 nefas
3187 5686 3288 5732 est.
3316 5676 3423 5733 Sed
3460 5678 3505 5733 si
3532 5676 3653 5746 quis
3682 5672 3695 5696 ‘

2079 5780 2179 5834 hoc
2200 5777 2366 5841 dicat,
2398 5773 2476 5833 illi
2503 5770 2787 5839 videndum
2813 5783 2916 5841 est,
2960 5770 3101 5842 quod
3121 5770 3292 5828 Deum
3311 5770 3441 5829 dum
3469 5769 3653 5829 omnia
