4270 6266
597 459 701 523 59.7

1834 453 1925 509 AN
1966 448 2173 508 usus
2218 442 2372 504 ssv.
2412 443 2635 503 socru
2712 398 2717 401 ’

3765 432 3869 494 Silii

598 581 736 632 scire
758 586 1001 640 conatur,
1035 569 1254 627 efﬁcere
1291 568 1469 626 omnis
1499 566 1710 624 nescire
1743 562 2041 621 contendit.
2089 559 2180 614 Bi-
2212 556 2267 621 Α
2368 527 2635 612 Eveniunt
2665 553 3029 613 necessarium
3076 559 3258 611 rerum
3297 551 3616 610 Aﬁatdteiea
3662 562 3768 605 non
3804 566 3864 607 ex

600 676 806 727 narium
834 668 976 721 enim
1010 680 1288 720 numerum
1313 678 1434 717 esse
1457 661 1719 728 imparem
1747 654 1790 711 si
1819 656 1936 727 quis
1962 664 2019 710 se
2047 653 2184 708 sclt‘e

599 770 883 833 proponat,
915 774 1019 813 non
1050 756 1140 811 ille
1169 758 1397 819 noverit,
1422 755 1516 810 sed
1546 757 1722 823 potius
1741 752 1929 805 neScit.
1956 746 2024 803 Ita
2049 756 2176 819 quo-

599 869 702 924 quc
740 868 845 906 uou
880 862 960 907 est
1001 849 1253 920 potentia}
1289 864 1465 911 nosse,
1521 844 1616 902 sed
1649 846 1698 901 id
1730 836 1980 899 arbitrari
2026 846 2186 897 nosse

601 948 774 1013 potius
810 943 1140 1013 impotentiae
1188 951 1287 996 est.
1319 941 1417 1006 Qui
1452 952 1580 1007 ergo
1624 936 1754 990 dicit
1786 935 1954 990 Deum
1994 936 2186 988 cuneta

602 1052 762 1091 nosse
789 1047 841 1090 et
869 1036 937 1090 ob
963 1038 1062 1087 hoc
1082 1044 1269 1088 cuncta
1311 1048 1375 1086 ex
1407 1030 1726 1085 necessitate
1763 1042 1881 1081 esse
1912 1026 2109 1087 futura.
2142 1024 2187 1078 is

605 1129 767 1181 Deum
800 1126 926 1180 dicit
990 1142 1053 1179 ex
1089 1126 1408 1178 necessitate
1442 1135 1633 1176 cuneta
1684 1122 1908 1172 ventura
1940 1115 2183 1179 Credere,

608 1204 934 1290 quaecumque
951 1234 1013 1270 ex
1032 1214 1349 1270 necessitate
1368 1228 1469 1265 non
1492 1212 1766 1266 eveniunt.
1787 1204 1915 1262 Nam
1940 1208 1982 1260 si
2009 1203 2186 1260 omnia

604 1326 672 1365 ex
698 1310 1017 1364 necessitate
1040 1310 1259 1360 ventura
1277 1305 1425 1356 novit
1450 1303 1606 1365 Deus,
1637 1303 1688 1354 in
1715 1303 2034 1353 iiotiorteStIa
2056 1290 2189 1351 falli;

607 1413 712 1468 tur,
732 1418 833 1455 non
847 1401 988 1455 enim
1013 1398 1188 1453 omnia
1202 1414 1264 1450 ex
1286 1394 1606 1450 necessitate
1623 1392 1894 1454 eveniunt,
1908 1389 1998 1444 sed
2013 1387 2189 1457 aliqua

605 1484 993 1561 contingenter.
1020 1486 1157 1559 Ergo
1178 1482 1222 1543 si
1252 1486 1754 1557 quaaconlingenter
1770 1486 2024 1536 eventura
2044 1486 2188 1543 sunt,

608 1602 673 1644 ex
696 1586 1013 1641 neces-ritate
1029 1594 1287 1638 eventura
1306 1581 1533 1642 noverit,
1556 1578 1606 1632 iu
1633 1576 1844 1647 propria
1864 1568 2190 1643 providentia

607 1678 773 1734 falsus
789 1688 889 1731 est.
907 1675 1061 1731 Novit
1078 1674 1218 1729 enim
1240 1674 1411 1726 futura
1429 1671 1584 1733 Deus,
1602 1672 1705 1721 non
1726 1668 1779 1719 ut
1795 1672 1859 1720 ex
1879 1662 2195 1718 necessitate

607 1763 935 1829 evenientia,
981 1768 1074 1820 sed
1116 1776 1171 1819 ut
1200 1760 1602 1832 contingenter,
1647 1758 1715 1814 ita
1755 1760 1811 1811 ut
1849 1758 2007 1810 etiam
2049 1746 2193 1806 aliud

608 1876 769 1949 pos~e
796 1861 907 1915 fieri
934 1875 1037 1913 non
1072 1858 1310 1927 ignoret,
1344 1854 1482 1924 quod
1522 1866 1697 1905 tamen
1730 1849 1819 1903 fiat
1855 1864 1919 1903 ex
1953 1844 2192 1915 ipsoruiri

2290 644 2696 722 priedicentium
2726 646 2979 714 Veﬂtate,
3010 646 3104 702 Sed
3126 658 3192 702 ex
3217 646 3455 716 ipsarum
3479 654 3658 703 rerum
3685 652 3866 699 natura

2290 739 2636 797 consideratis
2668 738 2764 804 ait,
2794 737 2937 811 quod
2966 736 3086 793 llcei
3120 746 3339 792 necesse
3369 736 3438 789 sit
3460 726 3701 807 qtﬁsquis
3724 730 3790 788 de
3816 749 3872 792 re

2292 830 2466 902 aliqua
2495 836 2620 887 rere
2650 830 2976 903 praedixerit,
3009 830 3122 887 retu
3154 834 3314 900 quam
3345 834 3469 883 ante
3499 826 3871 898 pronuntiare

2292 920 2362 978 rit
2391 926 2641 991 evenire,
2667 917 2774 980 non
2820 930 2998 981 tamen
3031 923 3232 979 idcirco
3275 926 3453 977 rerum
3490 921 3781 977 necessitas
3808 935 3870 977 ex

2294 1014 2652 1086 pra'dictionis
2696 1017 2921 1072 veritate
2964 1013 3184 1085 pendet,
3217 1009 3313 1069 sed
3360 1002 3632 1066 divinandi
3677 1012 3874 1071 veritas

2292 1116 2359 1170 ei
2390 1131 2566 1169 rerum
2600 1116 2777 1183 petitis
2818 1108 3134 1168 necessitate
3174 1107 3545 1181 perpenditur.
3584 1104 3699 1165 Non
3731 1112 3877 1166 enim

2293 1208 2497 1265 idcirco
2547 1210 2768 1263 necesSe
2812 1208 2895 1262 est
2936 1210 3094 1270 esSe,
3144 1205 3395 1276 quoniam
3442 1205 3626 1259 verum
3675 1203 3873 1273 aliquid

2294 1294 2608 1371 praedictum
2626 1304 2733 1362 eat,
2749 1292 2840 1351 sed
2865 1296 3118 1365 quoniam
3147 1292 3454 1350 necessario
3476 1304 3592 1350 erat
3620 1292 3873 1358 futurtlm,

2295 1380 2497 1445 idcirco
2519 1386 2587 1442 de
2611 1403 2674 1441 ea
2706 1390 2764 1441 re’
2798 1384 2968 1454 potuit
3000 1378 3198 1453 aliquid
3228 1390 3355 1439 Vere
3376 1376 3631 1453 priedici,
3664 1382 3804 1456 quod
3834 1387 3877 1441 si

2298 1480 2372 1535 ita
2398 1488 2498 1542 est,
2526 1477 2806 1533 eveniendi
2834 1474 2909 1532 rei
2940 1472 3021 1529 Vel
3052 1480 3156 1529 non‘
3180 1473 3461 1530 eveniendi
3487 1488 3591 1529 non
3618 1479 3875 1530 estcausa

2298 1570 2343 1628 is
2364 1570 2453 1642 qui
2479 1567 2715 1640 praedicit
2740 1568 2849 1623 rem
2884 1567 3112 1621 futuram
3135 1572 3256 1621 esse
3280 1565 3365 1621 rei
3399 1571 3574 1633 negat.
3599 1556 3716 1618 Non
3736 1562 3876 1618 enim

2301 1662 2518 1734 propter
2560 1650 2972 1715 aifirinatiouem
3003 1652 3087 1713 vel
3128 1653 3464 1726 negationem
3501 1658 3620 1709 es5e
3663 1664 3875 1708 necesse

2300 1767 2401 1822 est,
2431 1755 2527 1811 sed
2554 1752 2751 1808 idcirco
2780 1752 2842 1805 ea
2870 1754 2993 1811 esse
3026 1752 3245 1803 necesse
3269 1746 3491 1816 estquae
3514 1744 3691 1799 futura
3718 1750 3875 1809 sunt,-
3900 1794 3903 1795 ν

2301 1846 2553 1918 quoniam
2585 1844 2639 1898 in
2671 1840 2858 1897 natura
2888 1839 3100 1911 propria
3128 1837 3413 1909 quamdam
3452 1834 3649 1890 habent
3694 1846 3877 1890 access

610 1917 886 2009 iiominuiu
917 1963 970 2006 et
998 1917 1212 2005 actumn
1245 1917 1451 2002 ratione
1476 1943 1782 2014 persciscat.
1808 1938 1984 2005 Quare
2012 1937 2057 1992 si
2075 1937 2195 2007 Quis
2228 1917 2275 1991 Β
2300 1942 2545 2002 sitatem,
2573 1936 2625 1990 in
2665 1940 2767 2004 qua
2815 1931 2860 1987 si
2905 1931 3029 2001 quis
3060 1926 3379 1995 incurrerit,
3408 1930 3593 1981 verum
3619 1932 3701 1979 egi
3736 1926 3876 1993 quod

611 2043 790 2098 omnia
832 2057 894 2096 ex
940 2041 1259 2096 necessitate
1290 2024 1404 2093 fieri
1438 2038 1608 2099 dicat,
1644 2032 1754 2087 Deo
1791 2032 2004 2100 quoque
2035 2027 2195 2082 benc-

611 2132 899 2215 volentiam
945 2130 1204 2199 siiliripiat
1255 2142 1477 2182 necesse
1525 2122 1640 2189 est,
1693 2114 1828 2175 nihil
1868 2120 2010 2173 enim
2055 2112 2197 2171 illius

610 2208 914 2290 benignitas
965 2220 1136 2288 larit,
1179 2215 1608 2289 quandoquidem
1664 2212 1852 2266 cuncta
1907 2208 2243 2264 necessitas.

584 2308 984 2375 administrat,
1019 2320 1074 2363 ut
1104 2310 1276 2378 ipsum
1309 2304 1402 2361 Dei
1439 2299 1753 2359 benefacere
1791 2306 1854 2355 ex
1884 2299 2200 2355 neceSs'itate

604 2402 1008 2479 quodammodo
1033 2402 1134 2465 sit,
1166 2410 1219 2455 et
1248 2416 1351 2453 non
1376 2413 1438 2452 ex
1478 2396 1641 2465 ipsius
1674 2386 1976 2455 voluntate,
2000 2394 2122 2443 nam
2154 2386 2200 2442 si

615 2509 681 2550 ex
716 2496 880 2564 ipsius
904 2494 1177 2545 voluntate
1203 2484 1441 2558 quaidam
1476 2485 1637 2551 fiunt,
1678 2480 1734 2536 ut
1770 2482 1886 2553 ipse
1930 2479 2070 2533 nulla
2108 2484 2195 2531 ue-

619 2590 869 2645 cessitate
898 2585 1197 2648 claudatur,
1230 2598 1335 2635 non
1361 2584 1538 2634 omnia
1562 2595 1625 2633 ex
1652 2576 1969 2630 neces-itate
1993 2570 2201 2626 contin-

616 2688 766 2749 gunt.
816 2680 946 2740 Quis
991 2664 1149 2743 igitur
1191 2684 1294 2725 tam
1340 2670 1496 2738 impie
1547 2662 1763 2735 sapiens
1794 2666 1959 2719 Deum
1992 2666 2202 2732 quoque

622 2772 938 2828 necessitate
964 2758 1327 2836 con-tringat?
1349 2763 1436 2833 qui
1475 2752 1519 2816 si
1556 2760 1734 2815 omnia
1777 2766 1842 2813 et
1887 2756 2204 2812 necessitate

622 2863 739 2918 fieri
778 2864 959 2927 dicat,
1002 2865 1097 2914 ista
1143 2850 1353 2928 quaque
1394 2857 1473 2907 vis
1520 2849 1924 2919 iinpossiliilitas
1969 2847 2200 2901 eveniet.

621 2954 795 3023 Quare
825 2951 1126 3023 ponentium
1154 2938 1204 3003 in
1235 2936 1394 3002 rebus
1418 2950 1496 2997 est
1517 2944 1643 2995 casu
1675 2937 1916 3009 qumdam
1946 2944 2122 3004 pusse,
2151 2942 2204 2989 et

566 3072 567 3075 η
619 3048 894 3103 voluntate
924 3043 1097 3111 effici,
1132 3052 1186 3097 et
1229 3038 1545 3095 necessitate
1583 3031 1897 3101 constringi.
1939 3030 2006 3084 Et
2033 3030 2204 3085 oratio

618 3153 737 3208 quae
768 3137 1027 3190 utrumvis
1059 3124 1246 3187 ho'rum
1278 3126 1485 3184 sntit-uit
1505 3170 1519 3191 ,
1555 3118 1896 3195 impassib’ilis
1919 3114 2203 3191 jud’cantla

619 3238 721 3284 est.
751 3229 863 3283 Non
894 3229 1051 3298 igitur
1080 3224 1347 3279 immerito
1379 3218 1785 3277 Aristoteles'ad
1817 3214 2201 3285 inipossibiiem

621 3320 879 3375 rationein
912 3289 1154 3387 perducit
1200 3315 1412 3377 dicens,
1460 3316 1515 3366 et
1557 3304 1992 3379 possibilitatem,
2021 3314 2075 3361 et
2111 3316 2201 3362 cia-
2235 3289 2281 3358 C

623 3427 774 3476 sum,
805 3420 860 3465 et
887 3408 1109 3464 liberum
1142 3407 1415 3462 arbitrium
1446 3402 1727 3472 deperire,
1757 3397 1896 3468 quod
1937 3394 2050 3451 neri
2096 3411 2205 3452 ue-

623 3504 755 3572 quit.
780 3492 823 3557 si
855 3501 1090 3554 omnium
1123 3500 1417 3554 futurarum
1446 3495 1871 3552 enuntiationum
1916 3496 2019 3545 una
2057 3498 2202 3545 seiu-

625 3607 721 3669 per
752 3609 873 3652 vera
920 3590 1004 3647 est
1042 3591 1292 3653 definite,
1328 3589 1459 3660 falsa
1500 3601 1715 3655 semper
1759 3579 1925 3639 altera
1966 3580 2204 3637 definite.

625 3674 822 3741 ilaruui
855 3686 995 3739 enim
1028 3686 1304 3737 veritatrm
1335 3687 1389 3734 et
1434 3677 1714 3732 falsitatem
1761 3672 2053 3728 necessitas
2081 3685 2210 3724 cou-

626 3768 898 3849 sequitur,
933 3792 1049 3846 qua:
1080 3785 1133 3829 et
1160 3760 1343 3827 casum
1376 3770 1442 3825 de
1473 3766 1631 3823 rebus
1659 3775 1713 3821 et
1742 3762 1969 3820 liberum
2002 3762 2208 3817 subdu-

627 3880 713 3926 cat
738 3867 1034 3923 arbitrium.
1067 3856 1219 3921 Unde
1268 3866 1407 3917 nunc
1453 3866 1664 3931 quoque
1709 3856 1850 3911 idem
1899 3852 2093 3923 repetit
2132 3850 2213 3905 di-

630 3975 757 4017 cens
791 3976 805 4014 :
834 3956 971 4014 Nihil
1002 3954 1261 4024 impedire
1290 3963 1465 4007 utrum
1496 3947 1689 4017 aliquis
1720 3954 1843 4000 ante
1873 3938 2021 3998 mille
2044 3949 2213 3994 annos

630 4053 699 4109 aii
725 4054 828 4119 [Uiti
870 4050 1099 4105 futurum
1148 4062 1268 4103 esse
1293 4037 1466 4109 dicat,
1497 4044 1565 4098 3n
1595 4041 1729 4096 alius
1774 4040 1964 4108 neget,
1998 4049 2101 4089 non
2135 4041 2217 4087 est

631 4148 773 4203 enim
806 4160 861 4202 ut
904 4159 1118 4218 promer
1149 4149 1327 4203 dicere
1366 4146 1451 4203 vel
1485 4159 1681 4214 negare
1728 4142 1918 4197 Cuncta
1976 4132 2215 4191 facienda

634 4242 742 4295 sint
764 4242 848 4296 vel
878 4257 980 4294 non
1011 4238 1248 4293 facienda
1271 4280 1284 4305 ,
1315 4238 1409 4292 sed
1445 4236 1489 4289 si
1538 4248 1758 4289 necesse
1787 4240 1869 4285 est
1892 4271 1907 4295 ,
1950 4226 2225 4281 dicentem

636 4334 720 4389 Vel
744 4340 1043 4401 negantem,
1077 4344 1162 4384 res
1191 4342 1400 4397 quoque
1429 4325 1721 4378 affirmatas
1742 4325 1823 4375 vel
1849 4324 2065 4387 negatas
2094 4311 2217 4367 sub-

640 4427 812 4494 sequi,
844 4424 1002 4478 etiam
1036 4423 1077 4477 si
1112 4419 1191 4474 illi
1223 4434 1329 4473 non
1380 4416 1558 4471 dicant
1606 4428 1725 4482 qua:
1774 4408 1879 4463 illis
1923 4402 2221 4460 dicentibus

640 4518 854 4571 evenire
884 4530 1102 4570 necesse
1132 4521 1278 4579 erat,
1307 4509 1467 4565 etiam
1502 4520 1608 4560 non
1663 4496 1963 4557 dicentibus
2003 4492 2220 4551 evenire

640 4624 861 4663 necesse
886 4618 988 4675 est,
1022 4608 1152 4661 dicit
1178 4613 1351 4659 autem
1384 4602 1484 4655 hoc
1514 4597 1676 4653 modo
1709 4612 1721 4648 :

2303 2029 2566 2101 praedicit.
2601 2020 2742 2096 Ergo
2768 2023 2811 2078 si
2844 2024 3177 2092 quaecunque
3202 2022 3345 2073 nunc
3369 2010 3505 2070 facta
3527 2020 3673 2081 sunt,
3698 2022 3877 2071 verum

2303 2125 2372 2182 de
2411 2124 2493 2180 his
2532 2116 2719 2177 fuisset
2748 2115 2927 2175 dicere
2957 2116 3208 2188 quoniam
3238 2116 3424 2178 erant,
3459 2110 3572 2165 Sive
3596 2106 3691 2165 ille
3719 2102 3880 2162 dixis“-

2302 2226 2419 2281 set,
2462 2214 2576 2269 sive
2619 2224 2726 2267 non
2769 2205 3012 2265 dixisset.
3054 2205 3176 2260 meo
3210 2206 3540 2275 quietamqne
3577 2198 3715 2254 faeta
3746 2208 3881 2254 nunc

2303 2317 2457 2373 sunt,
2486 2311 2641 2359 erant
2662 2304 2727 2357 ex
2758 2299 3077 2355 necessitate
3115 2295 3329 2361 futura,
3366 2298 3472 2347 non
3502 2289 3642 2345 enim
3670 2281 3879 2360 propter

2304 2396 2569 2452 dicentem
2618 2394 2700 2448 rei
2748 2392 3029 2457 negantem
3074 2386 3130 2441 in
3160 2385 3321 2441 rebus
3348 2382 3638 2438 necesSitas
3658 2385 3759 2445 est,
3788 2380 3881 2436 sed

2306 2498 2526 2560 propter
2548 2488 2728 2542 rerum
2753 2482 3127 2539 neceSSitatem
3151 2480 3347 2535 veritas
3374 2478 3426 2532 tu
3458 2473 3881 2547 pronuntiatione

2306 2574 2388 2633 vei
2422 2574 2622 2633 falsitas
2660 2574 2945 2630 invenitur.
2979 2565 3157 2637 Quare
3205 2567 3251 2625 st
3290 2570 3451 2631 etiam
3494 2578 3557 2621 ea
3585 2568 3705 2635 qua:
3748 2570 3883 2621 mnu

2307 2666 2446 2727 facta
2472 2674 2595 2726 sunt
2620 2674 2745 2724 vere
2773 2666 3067 2736 potuissent
3092 2654 3307 2733 prtedici
3332 2655 3585 2730 quoniam
3616 2662 3793 2721 erant,
3834 2665 3883 2713 et

2308 2754 2393 2818 bis
2421 2763 2492 2817 ita
2537 2758 2723 2832 positis
2770 2760 2883 2812 rem
2931 2758 3155 2811 necesse
3192 2755 3337 2807 esset
3378 2748 3635 2813 evenire,
3664 2740 3777 2803 sive
3813 2742 3884 2807 illi

2307 2852 2663 2929 praedicerent
2693 2852 2806 2910 sive
2834 2868 2939 2907 non
2970 2844 3317 2920 praedicerent
3341 2886 3355 2910 ,
3381 2848 3604 2899 necesse
3624 2844 3706 2898 est
3732 2846 3887 2903 omne

2307 2947 2451 3019 quod
2496 2947 2558 3003 ﬁt
2606 2963 2670 3003 ex
2719 2941 3037 3002 noeessitate
3078 2946 3198 2998 esse
3245 2936 3509 3008 futurum,
3543 2947 3596 2993 et
3620 2938 3751 2993 nihil
3778 2944 3887 2994 oui-

2309 3038 2438 3095 nino
2471 3037 2783 3093 utrumiibet
2813 3037 2865 3091 in
2898 3034 3058 3091 rebus
3086 3042 3198 3097 est;
3231 3036 3457 3103 namque
3479 3031 3524 3087 si
3553 3028 3682 3085 nihil
3709 3034 3889 3087 nece§~

2309 3126 2523 3183 sitatem
2571 3120 2748 3184 rerum
2792 3128 3009 3197 adjuvat
3051 3124 3352 3191 divinatio,
3402 3123 3454 3179 et
3500 3120 3629 3177 nihil
3674 3124 3889 3181 interest

2310 3219 2486 3276 utrum
2516 3219 2635 3291 quis
2666 3214 2919 3291 pradicat
2948 3218 3184 3273 futurum
3216 3220 3338 3271 esse
3367 3210 3596 3284 diluuid,
3617 3220 3683 3269 an
3713 3213 3889 3283 neget,

2311 3332 2378 3372 an
2404 3306 2582 3371 nullus
2605 3314 2826 3370 omnino
2848 3308 3045 3384 aliquid
3065 3351 3080 3377 ,
3107 3314 3208 3366 nec
3242 3310 3293 3363 in
3325 3302 3680 3363 affirmatione
3711 3324 3807 3363 nec
3839 3308 3890 3363 in

2311 3408 2595 3481 negatione
2621 3406 2874 3479 praedicat
2898 3449 2913 3474 ,
2944 3396 3285 3460 manifestum
3313 3404 3397 3457 est
3426 3401 3671 3469 quoniam
3696 3411 3793 3452 nec
3823 3393 3891 3455 de

2312 3515 2379 3556 eo
2405 3498 2508 3553 ulla
2535 3499 2786 3553 distantia
2814 3502 2934 3551 est:
2962 3496 3075 3548 sive
3103 3490 3245 3546 enim
3276 3490 3396 3560 quis
3444 3498 3570 3543 ante
3603 3484 3891 3559 quamlibet

2312 3593 2537 3646 multum
2581 3592 2791 3657 tempus
2830 3578 3030 3658 aliquid
3073 3584 3386 3639 eventurum
3437 3584 3562 3634 vere
3602 3586 3723 3633 esse
3762 3584 3893 3645 prte-

2313 3674 2509 3736 dixerit
2534 3725 2549 3750 ,
2596 3674 2713 3735 Sive
2760 3684 2883 3732 ante
2912 3673 3203 3745 quamlibet
3234 3678 3432 3744 paucos
3460 3667 3577 3727 dies
3597 3670 3679 3725 vel
3712 3666 3894 3732 horas,

2317 3770 2398 3827 vel
2472 3779 2787 3832 momenta,
2858 3765 2988 3821 nihil
3052 3765 3328 3818 interest:
3388 3760 3499 3815 sive
3576 3758 3717 3814 enim
3783 3759 3898 3824 quis

2318 3875 2444 3921 ante
2486 3856 2632 3920 mille
2674 3874 2845 3917 annos
2890 3852 3241 3928 praediceret,
3287 3852 3430 3924 quod
3469 3858 3539 3910 ex
3582 3850 3898 3910 necessitate

2319 3966 2462 4011 esset
2510 3946 2779 4019 futurum,
2829 3948 2945 4005 sive
2984 3954 3108 4003 ante
3154 3959 3353 4000 annum
3388 3944 3472 3999 v‘e‘i
3522 3948 3792 4007 mensem,
3820 3941 3903 3998 vel

2320 4046 2491 4116 diem,
2526 4046 2611 4100 vel
2649 4044 2869 4111 horam,
2903 4039 2986 4096 vel
3025 4042 3356 4093 momentum
3384 4032 3453 4091 de
3484 4031 3802 4090 necessitate
3833 4033 3904 4091 rei

2322 4152 2591 4198 eventura:
2621 4138 2753 4195 nihil
2785 4144 3058 4199 moveret;
3089 4126 3216 4203 quid
3244 4132 3385 4186 enim
3418 4130 3702 4185 interesset
3728 4133 3905 4181 utrum

2323 4230 2707 4302 pra-diceretur
2731 4244 2799 4282 an
2836 4242 2940 4281 non
2975 4220 3393 4294 prmdiceretur?
3419 4214 3551 4273 nihil
3582 4226 3793 4287 quoque
3822 4212 3903 4267 in-

2327 4301 2491 4375 terest
2538 4328 2604 4375 an
2638 4318 2787 4388 juxta
2833 4314 3152 4386 praedicatur
3195 4320 3259 4365 an
3291 4308 3517 4378 longius.
3541 4306 3691 4376 Quod
3718 4305 3760 4361 si
3792 4301 3907 4359 hrec

2326 4412 2397 4467 ita
2424 4421 2567 4478 sunt,
2592 4418 2647 4466 et
2670 4402 2851 4465 omnia
2879 4410 3209 4477 quiscunque
3228 4406 3524 4456 evenerunt
3547 4399 3720 4452 futura
3744 4394 3907 4452 fuisse

2328 4519 2550 4560 necesse
2598 4510 2714 4568 est,
2770 4502 2935 4554 totum
2983 4496 3207 4553 liberum
3248 4492 3524 4549 arbitrium
3562 4489 3732 4558 perit,
3770 4495 3910 4544 tutu:

2330 4610 2489 4651 casus
2517 4589 2834 4655 absumitur,
2868 4598 3042 4643 rerum
3076 4582 3397 4656 pessibllltas
3431 4589 3652 4651 propter
3678 4577 3912 4633 necessi-

712 4704 773 4757 At
799 4718 913 4756 vero
943 4666 1101 4770 neque
1129 4699 1223 4752 hoc
1251 4696 1454 4765 differt,
1499 4692 1543 4745 si
1583 4687 1765 4755 aliquis
1806 4684 1991 4738 dixerit
2017 4686 2226 4735 contra-

2300 4682 2494 4744 ’tatem
2548 4684 2722 4741 omnis
2772 4680 3092 4737 excluditur.
3148 4672 3322 4732 Sinin!
3374 4681 3551 4726 autem
3604 4666 3914 4724 Aristotelea

641 4798 941 4859 dictionem,
976 4798 1053 4850 uel
1088 4812 1186 4848 non
1224 4793 1441 4858 dixerit,
1473 4786 1795 4859 manifestum
1826 4791 1896 4834 est
1932 4778 2066 4833 enim
2105 4784 2231 4846 quo.
2261 4814 2273 4824 .

643 4887 778 4939 niam
812 4888 883 4939 sic
910 4902 961 4937 se
982 4886 1165 4937 habent
1197 4900 1274 4936 res
1294 4923 1310 4948 ,
1340 4885 1489 4936 etiam
1521 4881 1565 4932 si
1607 4894 1709 4931 non
1744 4873 1826 4926 hic
1855 4872 2059 4943 quidem
2089 4866 2230 4938 aﬂir-

645 4976 883 5039 moverit,
918 4977 1003 5029 ille
1033 4990 1147 5028 vero
1175 4966 1450 5042 negaverit.
1485 4964 1607 5023 Non
1639 4967 1773 5022 enim
1803 4970 2013 5034 propter
2050 4973 2233 5029 negare

648 5069 720 5123 vel
748 5070 997 5139 affirmare
1025 5106 1040 5130 ,
1068 5067 1162 5121 erit
1206 5068 1279 5118 vel
1310 5081 1407 5116 non
1436 5063 1530 5117 erit
1550 5102 1564 5127 ,
1590 5076 1679 5114 nec
1706 5060 1760 5110 in
1790 5052 2110 5108 millesimum
2141 5066 2234 5123 an-

648 5182 769 5218 num
799 5165 959 5233 magis
990 5179 1143 5234 quam
1188 5163 1241 5215 in
1272 5158 1581 5225 quantolibet
1621 5165 1862 5223 tempore.
1895 5148 2064 5216 Quare
2097 5149 2140 5202 si
2181 5150 2235 5203 in

649 5259 1031 5325 omnitempore
1060 5255 1129 5308 sic
1160 5270 1212 5308 se
1246 5252 1457 5308 habebat
1477 5294 1492 5313 ,
1524 5259 1577 5304 ut
1606 5264 1764 5301 unum
1806 5245 2059 5298 diceretur
2086 5258 2233 5305 vere,

653 5368 849 5409 necesse
918 5364 1026 5408 erat
1067 5354 1162 5406 hoc
1210 5352 1353 5422 ﬁeri,
1394 5360 1441 5404 et
1483 5344 1876 5416 unumquodque
1910 5358 2089 5411 eorum,
2124 5350 2238 5409 qua:

653 5447 814 5513 ﬁunt,
844 5448 917 5501 sic
942 5463 1139 5518 semper
1167 5463 1220 5499 sc
1252 5443 1458 5498 habebat
1483 5483 1496 5506 ,
1542 5451 1596 5496 ut
1635 5455 1697 5492 ea:
1744 5434 2035 5489 necessitate
2075 5430 2235 5491 ﬁeret.

657 5545 876 5608 Quando
905 5548 1037 5599 enim
1065 5562 1175 5600 vero
1205 5547 1327 5599 dicit
1365 5542 1476 5611 quis
1512 5541 1750 5610 quoniam
1790 5536 1915 5600 erit,
1952 5550 2050 5587 non
2078 5536 2241 5602 potest

656 5656 758 5692 non
789 5644 928 5706 fieri.
958 5652 1006 5696 et
1027 5642 1163 5705 quod
1186 5643 1374 5709 factum
1399 5648 1494 5702 est,
1520 5653 1688 5711 rerum
1718 5642 1823 5688 erat
1855 5632 2021 5687 dicere
2050 5640 2242 5693 semper

658 5734 899 5796 quoniam
930 5735 1045 5789 erit.
1076 5733 1224 5797 Quod
1245 5733 1415 5795 siluro
1444 5745 1543 5784 non
1566 5738 1681 5783 sunt
1709 5723 1991 5797 possibilia,
2018 5722 2242 5776 videmus

660 5819 795 5878 enim
824 5839 931 5877 me
956 5823 1263 5893 principium
1290 5823 1602 5889 futurorum,
1631 5829 1678 5874 et
1705 5819 1770 5875 ab
1793 5833 1851 5875 σο
1875 5815 2012 5887 quod
2041 5810 2243 5871 consut-

664 5927 853 5980 unuts,
878 5923 1026 5986 atque
1046 5916 1245 5984 agimus
1278 5914 1491 5979 aliquid.

2334 4775 2838 4851 prmnuntiationem
2864 4774 3223 4836 eveiitumqae
3252 4764 3588 4832 contingens,
3619 4766 3797 4814 rerum
3826 4770 3914 4810 ne.

2337 4850 2641 4931 cessitatem
2671 4884 2735 4925 ex
2763 4868 2873 4938 ipsa
2906 4858 3336 4936 propositionum
3370 4858 3595 4909 veritate
3643 4850 3915 4909 confirmat

2339 4969 2523 5024 dicens
2554 4982 2570 5023 :
2613 4964 2669 5021 Si
2702 4961 2815 5017 haec
2842 4960 2913 5015 ita
2943 4962 3096 5019 sunt,
3131 4958 3188 5006 ut
3229 4950 3282 5004 in
3312 4949 3457 5004 omni
3489 4954 3729 5015 tempore
3757 4957 3816 4997 se
3842 4942 3918 5001 sic

2341 5058 2563 5113 haberet
2587 5045 3001 5121 unumquodque
3025 5040 3166 5114 quod
3188 5041 3383 5095 faetum
3408 5050 3509 5103 est,
3538 5046 3597 5092 ut
3624 5037 3726 5090 hoc
3748 5035 3919 5102 ipsum

2346 5161 2474 5201 vere
2507 5142 2907 5214 praedic-eretur,
2954 5148 3175 5193 necesse
3218 5138 3364 5186 esset
3412 5131 3507 5181 ιισισλ
3555 5126 3695 5192 fieri,
3744 5125 3793 5178 id
3842 5132 3920 5182 est

2347 5254 2566 5298 necesse
2614 5247 2759 5293 esset
2808 5230 2949 5304 quod
2998 5228 3309 5301 prmdictum
3357 5232 3441 5279 est
3485 5234 3609 5277 vere
3660 5216 3922 5285 evenire,

2346 5330 2760 5404 unumquodque
2788 5332 2928 5382 enim
2959 5335 3143 5379 eorum
3172 5332 3291 5389 quae
3319 5316 3451 5371 tiuut
3490 5319 3544 5368 et
3570 5325 3699 5366 vere
3724 5308 3923 5379 praedi-

2346 5401 2543 5484 cuntur
2567 5427 2649 5479 sic‘
2665 5435 2723 5475 se
2748 5417 2927 5485 habet,
2952 5424 3010 5469 ut
3036 5429 3101 5468 ex
3130 5408 3450 5465 necessitate
3473 5410 3581 5457 nat.
3609 5401 3717 5455 Hoc
3745 5406 3922 5451 autem

2347 5537 2443 5577 cur
2464 5517 2555 5572 fiat
2581 5518 2693 5569 haec
2714 5510 2848 5568 ratio
2878 5516 2982 5575 est,
3005 5501 3147 5576 quod
3174 5498 3321 5556 enim
3341 5508 3469 5552 vere
3492 5494 3613 5565 quis
3635 5492 3782 5555 dicit,
3811 5485 3923 5543 fieri

2346 5627 2567 5674 necesse
2597 5619 2702 5665 est.
2732 5604 2823 5661 Ilia
2864 5601 3008 5659 enim
3047 5595 3246 5654 veritas
3285 5604 3363 5648 er
3396 5587 3713 5645 necessitate
3749 5594 3922 5636 rerum

2346 5717 2678 5785 procreatur.
2708 5696 2859 5769 Quod
2890 5696 2933 5751 si
2979 5692 3139 5751 etiam
3184 5687 3237 5745 id
3278 5684 3419 5757 quod
3448 5681 3643 5737 factum
3669 5687 3756 5785 est
3778 5687 3923 5785 vera.

2508 5763 2952 5871 praenuntiaretur
2982 5778 3243 5845 futurum,
3289 5775 3435 5833 nulla
3482 5780 3626 5827 esset
3671 5763 3924 5868 dubitatio

2350 5856 2530 5953 omni;
2555 5906 2623 5949 ex
2646 5883 2965 5945 necessitate
2988 5873 3289 5938 provenire.
3323 5866 3477 5930 Quod
3499 5865 3543 5934 si
3569 5864 3704 5922 hoc.
3734 5856 3925 5918 inquit.
