4270 6266
204 334 213 339 ’
296 373 403 434 suo

1027 369 1091 424 IN
1133 366 1387 429 LIBRUM
1429 365 1517 422 DE
1556 362 2197 422 lNTERPRE‘I’ATIONE
2238 364 2458 423 EDITIO
2497 366 2832 427 SECUNDA.

3445 372 3507 424 Si
3515 372 3549 425 ')

291 490 630 559 itnpo<sibile
657 496 742 545 est
770 486 1045 557 (videmus
1075 486 1217 539 enitr.
1240 483 1492 553 quasdam
1521 496 1607 535 res
1632 497 1699 536 ex
1728 482 1873 550 prin-
1905 484 1953 540 A
1983 498 2103 537 tntis
2131 482 2292 552 igitur
2318 498 2414 536 nos
2443 498 2655 553 quoque
2685 500 2859 540 rerum
2886 490 3157 554 principia,
3189 499 3243 543 et
3266 506 3329 543 ex
3353 491 3552 545 nostris

293 586 435 654 cip‘o
483 568 635 637 liberi
684 580 889 635 arbitrii
924 588 979 633 et
1017 595 1082 633 ex
1132 591 1434 632 nostrorum
1480 586 1693 639 actuum
1737 576 1879 631 fonte

294 678 660 745 descendere)
682 719 695 741 ,
730 673 856 745 quid
888 674 1189 728 dubitamus
1216 671 1451 725 frivolam
1476 671 1737 724 rationem
1764 684 1879 723 om-

297 770 443 823 nium
483 784 662 821 rerum
696 763 1029 819 necessitatis
1056 761 1381 816 excludere?
1403 768 1456 815 et
1486 760 1753 814 delectum
1784 759 1873 813 hu-

298 874 469 912 tnaute
500 857 617 911 vita}
646 854 1043 920 interpositione
1070 851 1401 906 necessitatis
1428 865 1534 903 non
1559 849 1879 904 absumere?

295 966 413 1018 qnze
444 949 583 1002 enim
616 948 716 1001 erit
750 946 852 998 ulla
882 943 1135 996 discretio
1163 943 1300 995 inter
1328 940 1606 1003 homines,
1645 940 1688 991 si
1725 938 1880 993 liberi

295 1041 496 1093 arbitrii
528 1038 785 1105 judicium
831 1033 1008 1103 perit?
1046 1032 1153 1085 Cur
1197 1039 1526 1099 postremum
1567 1028 1716 1096 leges
1751 1042 1878 1082 con-

297 1133 452 1185 diue?
480 1136 585 1185 tinr
616 1132 923 1199 ieipublicae
950 1129 1109 1199 jura?
1136 1128 1247 1182 Cur
1289 1141 1546 1196 responsa
1582 1129 1743 1180 sunt?
1769 1126 1882 1180 Cur

300 1229 574 1283 instituta?
604 1227 711 1281 Cor
739 1239 917 1279 mores
946 1224 1140 1293 publici
1179 1231 1231 1277 et
1264 1221 1461 1290 privati
1500 1234 1650 1274 actus
1680 1222 1877 1275 consti-

300 1320 587 1372 tutionibus
629 1318 930 1386 principum
978 1324 1031 1367 t-t
1072 1313 1392 1382 judiciorum
1441 1312 1664 1366 nexibus
1714 1312 1883 1365 conti-

298 1420 489 1461 nentur
508 1449 521 1473 ,
547 1410 588 1460 si
619 1418 827 1461 ct-rtum
857 1416 936 1459 est
961 1406 1093 1460 nihil
1116 1406 1365 1458 humanis
1383 1404 1541 1457 licere
1560 1404 1880 1473 propositis,

298 1497 498 1551 fru5tra
545 1498 688 1551 enim
717 1507 904 1551 cuncta
935 1505 1079 1561 sunt,
1122 1496 1167 1550 si
1211 1494 1436 1548 liberum
1465 1493 1741 1546 arbitrium
1776 1507 1878 1550 non

298 1595 403 1649 est,
449 1588 593 1654 leges
641 1588 782 1638 enim
828 1596 882 1640 et
927 1597 1121 1639 caetera
1162 1587 1225 1637 ad
1273 1584 1628 1638 continendos
1672 1585 1882 1639 animos

299 1672 576 1727 hominum
606 1676 849 1727 conditas
878 1679 1095 1727 scimus.
1128 1672 1278 1738 Quod
1320 1675 1363 1727 si
1398 1672 1557 1740 seipsi
1585 1673 1744 1726 animi
1773 1688 1879 1728 non

298 1775 507 1833 regunt,
541 1776 594 1820 et
624 1781 716 1818 eos
740 1768 914 1833 aliqua
960 1765 1201 1831 quaedam
1247 1764 1496 1819 violentia
1548 1767 1879 1821 necessitatis

1981 574 2221 629 consiliis
2242 584 2401 643 atque
2416 576 2622 629 actibus
2644 578 2695 630 in
2722 580 2880 631 rebus
2903 579 3049 643 plura
3066 580 3383 636 consistunt.
3398 582 3549 650 Quod

1982 669 2028 722 si
2054 682 2115 722 ea
2145 683 2263 736 qua)
2294 684 2387 735 per
2424 669 2561 723 hanc
2608 672 2872 728 rationem
2918 673 3227 742 atteruntur,
3273 682 3549 745 yierspEi'ua

1983 769 2132 824 sunt,
2156 762 2298 829 quod
2326 778 2454 815 vero
2481 764 2713 831 ponitur,
2744 765 2796 817 id
2825 775 2925 833 est,
2952 766 3358 822 aflirmationem
3380 784 3434 823 et
3459 787 3547 825 ne-

1982 851 2252 921 gationem
2302 844 2516 908 omnem
2555 854 2610 906 in
2640 855 2819 909 luturn
2859 870 3043 909 veram
3093 870 3231 921 esse,
3269 875 3374 912 non
3401 876 3551 927 atque

1984 944 2325 1014 perspicuum
2357 954 2458 1010 est,
2481 960 2577 1000 cur
2598 946 2902 1001 dubitamus
2951 948 3261 1001 mendacem
3289 950 3561 1004 subteiiu-

1981 1052 2109 1106 gere
2136 1038 2358 1092 rationis
2385 1039 2547 1103 viam,
2580 1049 2632 1092 et
2666 1048 2848 1094 tenere
2874 1051 2934 1092 ea
2961 1054 3081 1108 quas
3104 1048 3224 1094 cum
3266 1046 3409 1105 vero,
3445 1055 3549 1095 tum

1983 1130 2263 1186 manifesta
2296 1142 2440 1196 sunt,
2470 1133 2759 1200 repudiatis
2796 1132 2879 1187 his
2907 1147 3026 1201 qua
3066 1147 3163 1186 nec
3191 1134 3410 1187 veritate
3450 1136 3550 1185 ulla

1984 1223 2136 1278 ﬁrma
2187 1233 2331 1284 sunt.
2375 1240 2472 1279 nec
2516 1228 2793 1293 perspicue
2835 1227 3178 1284 clarescunt?
3211 1226 3273 1279 Et
3303 1226 3549 1293 quoniam

1978 1318 2089 1385 jam
2114 1331 2271 1385 supra
2297 1316 2525 1383 diserat,
2554 1332 2719 1386 quare
2748 1332 2851 1371 non
2882 1317 3147 1386 oportebit
3175 1330 3347 1385 neque
3377 1317 3547 1369 consi-

1985 1408 2121 1483 liari,
2148 1422 2321 1476 neque
2348 1409 2626 1477 negotiari,
2660 1423 2799 1462 nunc
2823 1409 2921 1462 hoe
2967 1394 3193 1462 reddidit
3232 1411 3295 1459 ad
3337 1407 3386 1459 id
3413 1406 3549 1468 quod

1982 1502 2057 1554 ait
2086 1516 2256 1571 neque
2277 1500 2571 1565 eonsiliari,
2602 1502 2784 1555 ilicone
2814 1516 2910 1555 nos
2928 1516 3046 1555 esse
3073 1500 3257 1567 prlttcig
3279 1501 3384 1554 inm
3416 1500 3553 1552 futu-

1985 1605 2188 1656 rorum,
2213 1592 2357 1644 etab
2376 1602 2442 1646 eo
2462 1594 2601 1660 quod
2622 1593 2988 1654 cotisilir-mur,
3015 1592 3079 1645 ad
3103 1591 3152 1644 id
3181 1592 3319 1661 quod
3345 1591 3440 1653 ait,
3464 1605 3553 1643 ne-

1984 1696 2090 1751 que
2119 1682 2375 1751 negotiari
2410 1684 2637 1738 reddidit
2666 1684 2717 1737 id
2747 1684 2883 1751 quod
2908 1683 3329 1755 subjecit,atque
3352 1682 3554 1751 agimus

1986 1783 2042 1827 ut
2070 1774 2289 1842 aliquid.
2308 1778 2481 1842 Quare
2505 1787 2649 1830 tanta
2674 1778 2933 1834 brevitate
2955 1779 3123 1832 oratio
3144 1776 3431 1830 con~tricta
3450 1784 3551 1837 est,

302 1855 543 1921 impellit.
576 1855 796 1908 dubium
830 1870 933 1907 "0"
958 1862 1041 1908 εει
1067 1857 1191 1920 qui"
1212 1868 1393 1908 νεουίὲ
1419 1854 1705 1926 “3810809
1735 1867 1878 1922 sum.
1913 1860 1961 1918 Β
1986 1874 2044 1919 ut
2077 1866 2129 1919 in
2158 1882 2217 1920 ea
2251 1876 2496 1922 teneatur
2514 1870 2738 1923 rationis
2763 1871 3066 1938 ordinisque
3104 1870 3410 1924 necessitas.

302 1966 415 2019 quae
445 1950 575 2003 nihil
620 1961 810 2017 sponte
863 1948 1177 2003 facientibus
1212 1959 1601 2017 proponuntur.
1630 1949 1734 2005 Sed
1768 1950 1882 2004 haec

302 2056 461 2109 quam
500 2042 605 2093 sint
642 2040 989 2109 impossibilia
1017 2040 1132 2108 ipse
1158 2039 1473 2094 Aristotele~~
1496 2040 1701 2107 prohat,
1732 2040 1882 2109 cujus

302 2141 443 2185 recta
472 2133 734 2185 sententia
764 2147 934 2200 neque
987 2146 1190 2194 casum,
1241 2146 1415 2199 neque
1479 2131 1874 2196 necessitatem,

302 2235 475 2291 neque
504 2223 913 2291 possibilitatem
942 2223 991 2275 in
1015 2232 1240 2291 utraque
1273 2230 1425 2291 parte
1447 2230 1673 2287 naturae,
1708 2238 1883 2290 neque

305 2312 523 2367 liberum
550 2312 682 2365 tollit
710 2311 1007 2376 arbitrium,
1028 2312 1118 2366 sed
1140 2321 1329 2366 cuncta
1350 2312 1698 2379 permiscens,
1725 2311 1882 2367 rebus

303 2404 541 2474 pluribus
566 2404 857 2457 arbitratur
882 2403 1136 2457 mundum
1165 2403 1515 2471 compositum
1545 2417 1649 2458 non
1674 2404 1883 2471 simpli-

305 2498 352 2550 ci
380 2497 462 2550 vel
503 2512 652 2560 casu,
684 2497 760 2549 vel
790 2496 1132 2560 necessitate,
1160 2495 1244 2549 vel
1269 2495 1451 2549 liberm
1478 2497 1763 2551 voluntatis
1793 2496 1885 2565 ju-

240 2621 247 2626 -
305 2585 442 2641 dicio
472 2586 749 2639 contineri.
785 2585 936 2649 Quod
966 2586 1010 2639 si
1033 2586 1147 2638 baro
1177 2596 1282 2638 neu
1304 2592 1428 2638 sunt
1477 2585 1775 2652 possibilia,
1808 2586 1884 2638 νὶ-

304 2684 489 2737 demtis
532 2684 672 2736 enim
704 2696 843 2735 esse
885 2680 1203 2748 principium
1264 2680 1561 2733 futurorum
1611 2690 1662 2733 et
1712 2680 1779 2733 ab
1818 2695 1884 2732 eo

303 2776 442 2845 quod
467 2775 816 2829 consiliamur
841 2785 1003 2842 atque
1027 2774 1233 2841 agimus
1253 2771 1474 2839 aliquid.
1509 2772 1880 2839 ltiipossibilia,

307 2869 496 2934 inquit,
526 2870 625 2920 ista
654 2874 779 2920 sunt
801 2875 854 2918 nt
884 2866 1063 2918 omnia
1093 2878 1159 2917 ex
1186 2864 1507 2917 necessitate
1548 2862 1880 2929 proveniant.

305 2961 497 3015 Sumus
528 2961 669 3014 enim
693 2958 1047 3028 quorumdam
1078 2970 1175 3011 nos
1215 2956 1316 3025 ipsi
1347 2971 1557 3025 quoque
1601 2955 1881 3025 principia,

305 3064 360 3108 et
383 3054 591 3107 animus
630 3063 810 3106 noster
839 3052 1049 3104 ratione
1094 3050 1371 3116 formatus,
1402 3048 1748 3115 actionesque
1783 3062 1883 3101 no-

308 3157 437 3201 stra:
477 3161 537 3200 ea
569 3146 769 3199 ratione
794 3144 1014 3198 direcm
1043 3140 1392 3210 quarumdam
1451 3153 1629 3192 rerum
1688 3138 1886 3206 princi-

2058 1958 2124 2011 Et
2156 1961 2398 2029 quoniam
2427 1969 2499 2033 est
2528 1962 2731 2014 omnino
2752 1962 2805 2014 in
2836 1962 2914 2014 Itis
2942 1976 3054 2028 que
3077 1977 3176 2013 non
3224 1974 3418 2029 semper
3438 1970 3554 2014 actu

1984 2060 2129 2114 sunt,
2179 2048 2417 2119 possibile
2458 2064 2565 2103 esse
2611 2059 2659 2103 et
2697 2064 2797 2103 non
2843 2066 2949 2104 esse
2998 2050 3257 2113 similiter,
3293 2051 3344 2102 la
3374 2050 3554 2119 quibus

1984 2150 2255 2205 utrumque
2280 2141 2553 2209 contingit,
2592 2150 2642 2194 st
2680 2155 2787 2195 esse
2822 2151 2868 2194 et
2890 2154 2988 2193 non
3011 2156 3134 2194 esse.
3164 2142 3332 2204 Quare
3370 2140 3480 2208 fieri
3507 2149 3554 2192 et

1985 2246 2085 2285 non
2108 2234 2239 2299 ﬁeri.
2271 2234 2343 2284 At:
2383 2233 2545 2285 multa
2570 2232 2715 2286 nobis
2742 2234 3015 2301 manifesta
3042 2241 3160 2285 sunt
3187 2232 3260 2284 sic
3289 2245 3341 2285 se
3367 2231 3555 2285 habens

1984 2326 2075 2392 tia,
2102 2334 2157 2379 ut
2181 2326 2317 2393 quod
2342 2325 2479 2379 hanc
2501 2334 2683 2380 uestem
2712 2324 2946 2393 possibile
2971 2334 3043 2378 est
3085 2325 3239 2377 incidi
3263 2334 3308 2377 et
3339 2339 3440 2376 non
3470 2324 3555 2376 in-

1985 2418 2202 2481 cidatur,
2224 2418 2312 2470 sed
2338 2419 2481 2487 prius
2510 2426 2783 2483 exteretur,
2808 2417 3041 2471 similiter
3067 2426 3236 2468 autem
3271 2423 3319 2468 et
3347 2426 3445 2466 non
3472 2415 3555 2467 ln-

1985 2510 2087 2575 sidi
2125 2509 2361 2579 possibile
2388 2518 2482 2562 est.
2517 2505 2637 2561 Non
2660 2508 2794 2561 enim
2837 2516 2962 2559 esset
3009 2501 3249 2574 possibile
3277 2517 3386 2556 eam
3415 2503 3557 2572 prius

1985 2602 2165 2667 uteri,
2197 2603 2299 2655 nisi
2326 2600 2575 2673 possibile»
2595 2611 2721 2654 esset
2748 2612 2849 2653 non
2880 2598 3054 2651 incidi.
3090 2598 3257 2664 Quare
3286 2607 3329 2650 et
3359 2595 3410 2648 lit
3440 2595 3557 2649 aliis

1992 2693 2174 2759 ﬂuidis
2199 2704 2314 2762 quia
2342 2693 2621 2745 secundum
2666 2691 2940 2760 potentium
2971 2689 3261 2758 hujusmodi
3295 2688 3555 2740 dicantur.

1988 2783 2317 2853 Manifestum
2348 2784 2506 2853 igitur
2534 2791 2635 2847 est,
2680 2783 2917 2851 quoniam
2961 2795 3062 2832 non
3092 2780 3262 2832 omnia
3298 2792 3362 2832 ea
3388 2790 3557 2830 neces-

1985 2877 2136 2929 nitate
2162 2877 2240 2928 vel
2270 2883 2389 2927 sunt
2413 2876 2489 2927 uel
2514 2875 2665 2943 ﬁunt,
2695 2874 2782 2927 sed
2804 2873 2909 2925 alia
2931 2871 3133 2938 quidem
3156 2867 3447 2923 utrumlibet
3469 2894 3485 2931 ο
3509 2874 3557 2920 et

1986 2980 2085 3019 non
2118 2966 2281 3037 magis
2309 2966 2387 3017 uel
2427 2965 2693 3034 afﬁrmatio
2722 2963 2796 3017 vel
2816 2964 3016 3033 negatio
3054 2974 3181 3015 vero
3195 2969 3289 3024 est,
3316 2960 3423 3012 alia
3440 2972 3557 3011 uero

1988 3059 2152 3128 magis
2189 3057 2393 3127 quidem
2434 3066 2479 3109 et
2505 3057 2559 3109 in
2587 3054 2817 3127 pluribus
2848 3056 3061 3109 alterum
3080 3082 3095 3119 ,
3116 3052 3207 3106 sed
3236 3060 3411 3106 tamen
3440 3062 3557 3104 cott-

1990 3152 2138 3223 tingit
2164 3150 2277 3219 ﬁeri
2293 3158 2341 3203 et
2367 3151 2603 3233 alterum,
2634 3148 2849 3201 alterum
2877 3161 2992 3201 vero
3020 3146 3241 3199 minime.

307 3240 454 3311 pium
481 3248 679 3293 tenent.
711 3237 799 3291 Sic
820 3236 964 3292 enim
996 3234 1049 3288 id
1071 3232 1211 3302 quod
1260 3231 1311 3284 in
1340 3228 1499 3283 nobis
1531 3236 1614 3283 est
1636 3243 1698 3282 se
1725 3221 1959 3284 habe-C
2001 3254 2008 3261 -
2061 3221 2358 3298 αοηιίηυυς
2409 3221 2628 3311 quidem
2685 3245 2876 3295 sensus
2922 3253 2989 3292 ex
3040 3234 3404 3306 superioribus
3458 3233 3558 3289 hoc

308 3343 366 3389 re
388 3334 609 3395 dicitur,
644 3331 894 3398 nulloque
933 3336 1083 3381 extra
1108 3321 1429 3392 impediente
1453 3320 1532 3375 vel
1564 3327 1789 3389 cogente
1816 3319 1883 3372 ad

307 3426 444 3496 quod
477 3426 629 3480 nobis
651 3424 863 3477 videtur
886 3422 1091 3474 ratione
1116 3417 1391 3486 iudicante
1420 3414 1744 3491 prosilimus.
1772 3414 1882 3468 Nec

306 3522 481 3576 omnia
504 3519 912 3574 necessitatibus
933 3513 1271 3583 surripienda
1288 3520 1428 3566 sunt.
1455 3511 1705 3564 Omnium
1730 3523 1885 3563 num-

307 3624 410 3686 que
441 3615 750 3668 animalium
779 3624 949 3679 genus
995 3602 1045 3662 in
1068 3622 1135 3661 eo
1170 3605 1308 3674 quod
1341 3602 1588 3657 animalia
1618 3612 1740 3656 sunt
1761 3600 1886 3655 sub-

308 3709 504 3779 jectum
536 3715 618 3761 est
654 3706 795 3760 aliud
826 3714 1052 3767 naturae,
1108 3700 1250 3754 aliud
1296 3695 1606 3753 coelestibus
1634 3695 1885 3750 “siderum

308 3798 576 3861 cursibus,
602 3795 743 3850 aliud
774 3794 963 3847 rationi
997 3805 1204 3861 quoque
1232 3789 1425 3844 mentis
1453 3796 1508 3841 et
1545 3786 1706 3839 animi
1735 3784 1883 3855 cogi-

310 3889 522 3943 tationi.
548 3887 781 3940 Arbores
803 3899 1026 3952 namque
1055 3894 1105 3938 et
1134 3882 1372 3952 quaedam
1394 3879 1641 3934 animalia
1666 3878 1887 3931 irratio-

310 3981 535 4035 nabilia.
581 3978 674 4032 lila
722 3975 1180 4045 quidem'tantum
1212 3983 1417 4028 natura:
1469 3971 1707 4037 subjecta
1736 3976 1881 4021 sunt.

310 4071 554 4125 Pecudes
585 4082 716 4123 vero
764 4067 884 4135 quit
932 4066 1154 4119 liberum
1208 4081 1311 4118 non
1360 4063 1558 4117 habent
1608 4060 1885 4114 arbitrium

311 4162 610 4217 caleatinm
640 4160 799 4213 etiam
823 4157 1073 4213 decretis.
1101 4158 1353 4212 llomiues
1389 4163 1568 4208 autem
1601 4162 1655 4209 et
1681 4162 1886 4207 naturae

310 4262 361 4308 et
390 4254 655 4308 sideribus
680 4261 734 4307 et
757 4252 981 4320 prOprit’e
1014 4252 1268 4307 voluntati
1298 4250 1523 4319 subjecti
1547 4260 1691 4304 sunt.
1725 4250 1888 4304 Multa

312 4347 454 4399 enim
485 4353 668 4397 natura
696 4344 1000 4398 dominante
1029 4344 1107 4397 vel
1147 4343 1391 4407 facimus,
1440 4343 1523 4397 vel
1549 4342 1798 4411 patimur,
1832 4352 1889 4397 ut

312 4448 541 4492 mortem
575 4437 653 4489 vel
680 4437 978 4505 hujusmodi
1016 4436 1375 4489 habitudinem
1416 4438 1673 4504 corporis.
1730 4436 1893 4492 Multa

311 4531 475 4585 etiam
505 4543 680 4583 secum
713 4542 889 4582 rerum
932 4528 1165 4596 ipsarum
1201 4531 1490 4583 necessltas
1540 4528 1717 4593 trahit,
1742 4538 1800 4583 ut
1828 4544 1889 4583 ea

1992 3334 2172 3387 modo.
2206 3334 2376 3401 Supra
2420 3332 2564 3387 enlm
2596 3332 2669 3385 ait
2696 3330 2837 3399 quod
2867 3329 2911 3383 si
2955 3328 3068 3382 haec
3096 3342 3201 3381 non
3230 3336 3355 3380 sunt
3385 3323 3557 3394 pessi-

1988 3424 2141 3491 bilia,
2174 3424 2224 3478 id
2256 3432 2337 3479 est
2365 3433 2423 3477 ut
2447 3423 2624 3498 omnia
2675 3421 2967 3477 necessitas
3007 3419 3367 3474 administreti
3405 3417 3559 3471 Vide—

1991 3532 2112 3572 mus
2138 3518 2279 3572 enlm
2309 3524 2337 3569 ο
2362 3515 2519 3570 nobis
2556 3514 2823 3584 quoddam
2848 3526 2968 3568 esse
2997 3510 3312 3581 principium
3358 3507 3560 3562 futuro-

1989 3624 2106 3665 rum
2151 3616 2205 3663 et
2231 3623 2258 3662 a
2293 3609 2490 3663 nostris
2517 3606 2756 3672 actibus,
2787 3617 2947 3675 atque
2988 3603 3264 3667 consiliis,
3310 3601 3393 3655 his
3432 3600 3560 3655 illud

1987 3701 2154 3767 addit,
2183 3702 2433 3771 quoniam
2464 3708 2588 3754 sunt
2613 3700 2785 3767 aliqua
2832 3710 2951 3765 qua:
2982 3695 3255 3764 possibilia
3284 3702 3409 3748 sunt
3439 3702 3561 3747 esse

1989 3812 2109 3853 cum
2137 3812 2242 3851 non
2268 3798 2393 3861 sint,
2426 3803 2480 3850 et
2513 3802 2617 3848 nt‘m
2658 3804 2777 3848 esse
2807 3805 2927 3846 cum
2959 3790 3085 3854 sint,
3117 3792 3229 3845 btet:
3251 3790 3362 3858 jam
3404 3788 3562 3842 simul

1992 3890 2307 3955 auferentur
2334 3890 2378 3941 si
2426 3886 2719 3941 necessitas
2757 3886 2811 3939 in
2857 3883 3107 3937 omnibus
3149 3883 3471 3946 dominetur,
3510 3892 3563 3936 et

1990 3994 2182 4036 sensus
2209 3978 2424 4049 quidem
2466 3990 2593 4041 cum
2625 3976 2991 4042 superioribus
3018 3974 3087 4026 ita
3120 3974 3436 4040 COIIjlmClus
3458 3976 3560 4023 est.

1996 4069 2132 4138 Quid
2163 4078 2342 4123 autem
2386 4065 2575 4119 habeat
2604 4063 3079 4135 argumentationis
3124 4071 3229 4115 tota
3261 4061 3560 4126 sententia,
3656 4061 3665 4084 '

1994 4163 2094 4217 hoc
2120 4160 2284 4216 modo
2312 4157 2740 4229 perspiciendum
2772 4165 2872 4212 est.
2902 4154 3163 4212 Possibile
3204 4166 3325 4211 esse
3369 4152 3565 4207 dlcitur

1992 4252 2135 4325 quod
2175 4252 2229 4307 in
2254 4259 2537 4321 utramque
2560 4256 2761 4317 partem
2805 4246 2955 4303 facile
2978 4256 3179 4302 naturae
3217 4259 3329 4301 sua:
3359 4245 3562 4299 ratione

1995 4355 2254 4412 vertatur,
2286 4354 2339 4398 ut
2366 4359 2487 4400 cum
2520 4356 2625 4397 non
2653 4340 2744 4408 sit,
2773 4341 3029 4411 possibile
3050 4341 3117 4394 sit
3143 4352 3282 4402 esse,
3316 4350 3413 4390 nec
3441 4345 3562 4387 eum

1994 4440 2098 4505 sit,
2128 4451 2184 4493 ut
2216 4454 2320 4492 non
2355 4440 2423 4491 sit
2473 4452 2559 4492 res
2589 4422 2690 4490 ulla
2723 4435 3029 4503 prohibeat,
3063 4432 3133 4485 ita
3173 4444 3299 4499 ergo
3328 4438 3381 4484 et
3423 4427 3565 4498 quod

2001 4530 2256 4599 possibile
2295 4528 2516 4581 dicimus
2558 4542 2584 4577 a
2628 4526 2950 4580 necessitate
2997 4524 3346 4591 sejungimus.
3398 4522 3567 4575 Aliter

313 4635 435 4691 qua:
458 4636 574 4673 cum
631 4619 806 4673 facere
833 4622 1100 4687 volumus,
1132 4635 1238 4674 non
1288 4631 1462 4674 tamen
1515 4618 1691 4675 facere
1721 4618 1896 4674 valea-
1924 4599 2144 4676 Denitn
2193 4617 2388 4672 dicitur
2418 4616 2668 4687 possibile
2710 4632 2793 4669 me
2841 4629 2961 4669 esse
3001 4613 3271 4667 ambulare
3312 4624 3430 4666 cum
3482 4622 3567 4665 se-

314 4712 619 4765 mus..\lulta
637 4722 809 4763 autem
827 4710 915 4763 dat
929 4711 1218 4764 voluntatis
1234 4712 1453 4766 liberum
1468 4708 1895 4781 arbitrium,qu:e

314 4802 468 4855 nobis
489 4802 786 4854 volentium
808 4800 959 4867 linat,
992 4817 1110 4869 quae
1135 4816 1240 4856 non
1268 4801 1457 4857 ﬁerent
1486 4802 1587 4855 nisi
1616 4802 1896 4867 vellemus,

209 4938 223 4950 .
315 4901 457 4952 unde
490 4900 545 4951 lit
574 4908 630 4951 nt
670 4911 855 4952 natura
878 4914 994 4967 quzn
1019 4911 1196 4954 motus
1218 4908 1301 4954 est
1325 4900 1639 4969 princlpium
1663 4907 1717 4955 et
1742 4899 1893 4954 liberi

313 4990 519 5044 arb‘trii
552 4989 840 5057 falcultate,
866 5000 918 5044 et
944 4990 1105 5045 animi
1128 5006 1340 5061 quoque
1360 4994 1566 5046 ratione
1594 4993 1895 5060 partlcipet.

316 5084 505 5135 Anima
535 5094 661 5135 vero
693 5082 834 5135 velut
871 5084 1083 5151 alligata
1125 5083 1459 5151 corporibus,
1486 5083 1679 5154 quibus
1710 5093 1899 5139 natura

316 5175 638 5240 dominatur,
685 5175 1154 5244 imaginationibus
1207 5182 1259 5230 et
1289 5172 1669 5245 cupiditatibus
1712 5185 1764 5229 et
1792 5176 1898 5228 ira-

315 5266 522 5319 condim
546 5266 827 5319 ardoribus
858 5282 915 5319 οι
938 5267 1106 5335 terisq
1149 5282 1208 5333 e,
1234 5284 1353 5333 qua:
1389 5266 1617 5320 alierum
1648 5278 1896 5333 corpora,

314 5370 383 5411 ex
417 5359 524 5426 ipsa
548 5358 631 5411 cui
660 5358 856 5425 itligata
884 5368 966 5413 cst
989 5369 1174 5412 natura
1200 5358 1498 5427 participat.
1519 5357 1706 5412 Cuncti
1725 5367 1900 5413 autem

314 5449 509 5501 divina!
534 5450 881 5516 providentia:
903 5450 1153 5519 subjecti,
1173 5467 1234 5503 ex
1264 5451 1350 5503 illa
1373 5465 1581 5519 quoque
1603 5449 1902 5506 divinorum

314 5545 596 5594 votnutate
624 5538 939 5605 pendemus,
964 5538 1145 5606 itaque
1172 5554 1269 5594 nec
1291 5540 1589 5594 caelestium
1616 5539 1903 5596 necessitas

317 5643 424 5685 tota
470 5630 765 5689 subruitur,
801 5640 897 5683 nec
941 5642 1121 5683 casum
1170 5633 1458 5700 diSputalio
1490 5633 1602 5689 hzec
1628 5633 1693 5690 de
1747 5634 1904 5690 rebus

316 5726 582 5784 eliminat,
608 5728 661 5775 et
693 5720 921 5775 liberum
944 5722 1121 5777 lirtnat
1142 5724 1440 5789 arbitrium,
1475 5726 1568 5782 sed
1598 5726 1709 5783 lucc
1734 5728 1902 5799 majo-

319 5833 378 5876 ra
409 5828 533 5877 sunt
560 5833 719 5888 quam
745 5828 801 5874 ut
826 5834 969 5877 nunc
1001 5819 1160 5890 digne
1204 5822 1515 5892 pertractari
1539 5834 1754 5895 queant.
1796 5823 1903 5881 Su.

2000 4710 2184 4775 deam,
2232 4708 2389 4763 aliter
2417 4707 2582 4762 solem
2616 4722 2754 4761 nunc
2798 4719 2920 4761 esse
2951 4707 3004 4759 in
3047 4704 3331 4774 Sagittario
3364 4713 3417 4757 et
3450 4709 3568 4770 post

2002 4812 2199 4873 pauCos
2227 4799 2342 4855 dies
2371 4803 2423 4854 in
2451 4799 2739 4869 Aquarium
2775 4796 3087 4868 transgredi.
3124 4797 3194 4851 Ita
3225 4796 3366 4851 enim
3398 4794 3570 4865 possi-

2003 4898 2107 4953 bile
2135 4905 2215 4953 est
2260 4894 2499 4952 utetiam
2548 4909 2669 4950 esse
2715 4908 2935 4949 necesse
2978 4894 3066 4948 sit.
3099 4892 3354 4950 Possihile
3393 4902 3571 4946 autem

2004 4992 2182 5047 dicere
2211 4991 2467 5054 solemus,
2495 4988 2634 5057 quod
2666 4997 2717 5042 et
2746 5002 2864 5043 cum
2898 5003 3000 5041 non
3033 4987 3120 5053 sit,
3152 5000 3272 5041 esse
3304 4984 3490 5054 possit,
3519 4989 3572 5037 ε*

2005 5094 2125 5139 cum
2156 5084 2252 5148 sit,
2288 5098 2393 5137 non
2423 5095 2543 5136 esse
2570 5082 2757 5136 iterum
2807 5082 2993 5151 possit.
3022 5079 3075 5135 Si
3105 5080 3219 5147 quis
3246 5092 3371 5147 ergo
3395 5077 3571 5130 omnia

2009 5174 2311 5229 necessitati
2342 5173 2649 5243 subiecerit,
2681 5172 2767 5227 ille
2821 5185 3062 5225 naturam
3104 5169 3464 5239 possibilitatis
3494 5168 3571 5222 in-

2007 5266 2237 5335 tercipit.
2290 5263 2422 5318 Tres
2449 5278 2577 5334 ergo
2620 5269 2743 5316 sunt
2787 5263 3063 5317 sententia:
3109 5260 3176 5314 de
3205 5259 3551 5326 possibilitate

2007 5356 2158 5414 Philo
2187 5363 2329 5413 enim
2356 5358 2483 5413 dicit
2511 5355 2761 5427 possibile
2803 5366 2943 5423 esse,
2978 5356 3118 5425 quod
3147 5362 3332 5408 natura
3366 5354 3572 5422 propria

2008 5451 2386 5507 enuntiationis
2424 5450 2679 5519 suscipiat
2720 5450 3032 5513 veritatem,
3084 5456 3141 5501 ut
3167 5458 3284 5501 cum
3328 5445 3449 5501 diro
3493 5460 3577 5498 me

2009 5541 2163 5597 hodie
2184 5550 2305 5598 esse
2327 5541 2591 5595 Theocriti
2617 5540 2857 5594 Bucolica
2887 5539 3228 5604 relecturutn,
3258 5536 3359 5593 hoc
3379 5541 3421 5591 si
3447 5538 3576 5599 nihil

2008 5644 2155 5691 extra
2191 5632 2487 5705 prohibeat,
2521 5636 2774 5703 quantum
2808 5632 2858 5686 in
2889 5642 2947 5687 se
2976 5640 3057 5686 est
3107 5641 3282 5701 potest
3317 5634 3576 5687 veraciter

2007 5726 2308 5800 praedicari.
2342 5724 2539 5782 Eodem
2578 5730 2753 5781 autem
2799 5728 2957 5783 modo
2986 5726 3123 5783 idem
3155 5729 3268 5797 ipse
3300 5725 3455 5783 Philo
3486 5740 3580 5783 ne.

2007 5823 2298 5883 cessarium
2326 5837 2447 5881 esse
2471 5821 2676 5889 deﬁnit,
2694 5824 2838 5889 quod
2858 5839 2977 5882 cum
3005 5836 3186 5879 verum
3212 5822 3303 5891 sit,
3326 5829 3581 5891 quantum
