4270 6266
710 386 807 443 ΒΗ
898 426 909 433 ν

1931 377 2039 433 AN.
2075 376 2283 432 MANL.
2313 375 2461 431 SEV.
2506 376 2727 434 BOE’I‘II

3852 378 3957 440 δη

710 496 765 554 in
794 512 853 552 se
881 504 962 551 est
985 506 1254 564 nunquam
1275 492 1443 562 possit
1468 492 1823 560 susceptivum
1847 503 1970 544 esse
1996 489 2280 553 mendacii,
2311 490 2365 549 Α
2392 491 2547 544 turali
2594 492 2823 561 quadam
2856 495 3175 563 cognatione
3223 494 3468 551 videnlur
3496 510 3613 552 esse
3637 498 3914 566 conjuncta
3934 541 3951 565 ,

711 603 818 644 non
849 588 1208 643 necessarium
1237 596 1411 641 autem
1443 586 1580 640 idem
1612 598 1733 639 esse
1756 582 2108 651 determinat,
2134 581 2277 651 quod

707 691 962 753 quantum
1006 681 1057 735 in
1102 697 1161 736 se
1185 690 1287 745 est,
1321 680 1485 747 possit
1514 678 1785 745 suscipere
1825 676 2129 731 falsitatem.
2172 676 2274 728 Im-

711 773 969 841 possihile
984 787 1110 826 vero
1130 772 1415 826 secundum
1442 768 1706 837 propriam
1725 778 1989 829 naturam,
2009 782 2276 837 nunquam

714 866 878 931 possit
904 866 1175 932 suscipere
1202 862 1498 916 veritatem.
1548 860 1690 915 Idem
1722 871 1900 915 tamen
1931 860 2043 929 ipse
2072 868 2126 915 et
2149 875 2279 914 eon-

715 955 928 1022 tingens
948 962 1000 1006 et
1031 950 1278 1020 possibile
1326 965 1491 1004 unum
1540 965 1660 1005 esse
1687 950 1986 1004 confirmat.
2016 950 2279 1006 Diodorus

694 1045 961 1115 possibile
1006 1058 1124 1097 esse
1148 1043 1489 1110 determinat,
1514 1044 1653 1113 quod
1684 1053 1777 1097 aut
1802 1053 1883 1098 est
1905 1053 1995 1097 aut
2020 1045 2143 1112 erit,
2174 1044 2278 1098 im-

711 1133 960 1200 possibile
987 1132 1127 1199 quod
1152 1148 1273 1187 cum
1312 1133 1501 1187 falsum
1541 1135 1640 1199 sit,
1673 1151 1776 1189 non
1804 1136 1910 1189 erit
1936 1150 2151 1200 verum,
2187 1150 2278 1189 ne-

708 1224 997 1276 cessarium
1027 1223 1318 1291 quodcum
1346 1238 1528 1277 verum
1555 1226 1625 1279 sit
1649 1241 1754 1280 non
1794 1226 1898 1279 erit
1919 1224 2137 1280 falsum.
2163 1225 2276 1280 Non

707 1312 1090 1375 necessarium,
1120 1314 1259 1383 quod
1292 1322 1381 1368 aut
1396 1316 1504 1385 jam
1530 1323 1610 1368 est
1630 1324 1720 1368 aut
1745 1316 1847 1368 erit
1872 1315 2084 1368 falsum.
2115 1315 2278 1371 Stoici

710 1416 838 1456 vero
893 1402 1145 1471 possibile
1167 1403 1380 1473 quidem
1429 1414 1739 1473 posuerunt,
1762 1405 1903 1473 qttod
1935 1406 2281 1474 susceptibile

705 1501 849 1547 esset
868 1508 1009 1547 verae
1032 1495 1442 1562 praedicationis,
1470 1496 1602 1549 nihil
1627 1494 1707 1549 his
1730 1494 2139 1565 prohibentibus
2161 1510 2279 1565 quae

705 1598 827 1640 cum
872 1597 1021 1640 extra
1067 1587 1203 1651 siut,
1232 1604 1350 1643 cum
1396 1588 1512 1657 ipso
1557 1597 1732 1643 tamen
1784 1586 1900 1643 fieri
1942 1588 2275 1657 contingunt.

714 1677 1042 1746 lmpossibile
1083 1688 1258 1732 autem
1306 1679 1445 1748 quod
1497 1680 1695 1733 nullam
1748 1694 1977 1747 unquam
2025 1680 2280 1748 suscipiat

713 1768 1011 1831 veritatem,
1043 1769 1161 1823 aliis
1190 1778 1340 1823 extra
1366 1779 1615 1824 eventum
1657 1769 1821 1837 ipsius
1853 1769 2273 1836 prohibentibus.

709 1857 1074 1913 Necessarium
1105 1860 1243 1927 quod
1276 1874 1395 1914 cum
1420 1875 1607 1913 verum
1643 1859 1742 1925 sit,
1791 1860 1973 1914 falsam
2020 1861 2276 1929 praedica-

709 1951 906 2005 tionem
935 1951 1076 2004 nulla
1106 1951 1312 2006 ratione
1352 1952 1627 2020 suscipiat.
1674 1951 1777 2005 Sed
1808 1954 1852 2005 si
1882 1952 2061 2005 omnia
2085 1967 2150 2006 ex
2185 1967 2277 2006 ne-

709 2041 954 2094 cessitate
1002 2042 1165 2103 liunt,
1197 2039 1249 2093 in
1298 2041 1513 2103 Diodori
1562 2030 1884 2095 sententiam
1928 2057 2037 2094 non
2077 2049 2277 2096 rectam

711 2130 826 2184 sine
857 2132 962 2185 ulla
989 2130 1315 2186 dubitatione
1344 2132 1663 2187 veniendum
1691 2140 1793 2187 est.
1838 2131 1937 2187 llle
1965 2134 2108 2188 enim
2137 2134 2278 2188 arbi-

714 2230 882 2276 tratus
914 2230 995 2276 est
1036 2223 1081 2276 si
1128 2222 1245 2291 quis
1275 2223 1326 2275 in
1377 2225 1508 2277 mari
1538 2232 1859 2289 moreretur,
1885 2238 2005 2278 eum
2048 2225 2103 2279 in
2140 2234 2277 2279 terra

713 2325 939 2367 mortem
995 2329 1100 2367 non
1132 2312 1367 2382 potuisse
1414 2315 1708 2384 suscipere,
1738 2315 1877 2384 quod
1909 2331 2081 2384 neque
2124 2316 2279 2371 Philo

710 2419 881 2469 neque
910 2403 1074 2459 Stoici
1103 2405 1305 2459 dicunt.
1334 2404 1441 2460 Sed
1469 2421 1768 2475 quanquam
1811 2406 1908 2460 ista
1940 2423 2047 2461 non
2077 2407 2275 2476 dicant,

712 2505 889 2551 tamen
920 2496 966 2550 si
996 2511 1153 2549 unam
1187 2507 1388 2563 partem
1418 2498 1861 2553 contradictionis
1880 2508 2073 2554 eventu
2094 2516 2278 2555 neces-

713 2589 886 2642 sitatis
913 2592 1223 2653 metiuntu'r,
1257 2590 1397 2643 idem
1432 2606 1551 2644 cum
1585 2590 1818 2646 Diodoro
1855 2592 2055 2648 sentire
2081 2607 2282 2663 cogun-

711 2684 815 2729 tur.
848 2675 980 2730 Nam
1008 2677 1051 2730 si
1075 2680 1193 2746 quis
1221 2677 1275 2732 in
1308 2679 1439 2733 mari
1471 2690 1711 2733 mortuus
1740 2690 1843 2748 est,
1869 2668 2016 2736 illum
2058 2697 2280 2739 necesse

709 2765 809 2822 fuit
830 2768 881 2822 in
912 2767 1044 2821 mari
1078 2768 1276 2830 necari,
1324 2769 1651 2837 impossibile
1673 2771 1815 2826 enim
1858 2787 1979 2826 eum
2011 2772 2111 2828 fuit
2139 2789 2282 2828 mor-

710 2866 817 2913 tem
848 2859 903 2913 in
948 2867 1086 2913 terra
1116 2860 1423 2929 suscipere,
1456 2860 1597 2929 quod
1640 2862 1926 2929 perfalsum
1969 2873 2071 2918 est.
2108 2866 2282 2934 Atque

714 2953 827 3008 hac
861 2952 1038 3007 omnia
1070 2952 1421 3020 impossibilia
1453 2954 1632 3022 subire
1659 2964 1941 3024 coguntur.
1969 2955 2281 3025 Quicunque

709 3048 851 3103 enim
883 3045 1101 3100 definite
1128 3045 1347 3099 alteram
1378 3045 1815 3100 contradictionis
1864 3056 2065 3114 partem
2099 3048 2147 3099 in
2194 3046 2277 3100 fu-

713 3150 832 3195 turo
859 3154 1037 3193 veram
1070 3152 1191 3192 esse
1231 3141 1579 3201 contendunt,
1612 3138 1777 3192 solam
1824 3141 2195 3193 necessitatem
2228 3140 2278 3192 in

714 3233 875 3288 rebus
907 3231 1178 3285 inducunt.
1213 3229 1393 3296 Neque
1419 3232 1560 3284 enim
1594 3232 1636 3284 si
1667 3230 1788 3299 quis
1826 3230 2100 3298 naufragio
2129 3232 2283 3299 periit

716 3323 770 3378 in
796 3321 1007 3390 pelago,
1030 3321 1230 3374 idcirco
1254 3320 1588 3388 si‘nunquam
1622 3306 1941 3388 navigasset,
1968 3320 2283 3389 immortalis

713 3414 767 3467 in
791 3423 927 3465 terra
950 3412 1155 3464 futurus
1181 3410 1384 3464 fuisset.
1411 3414 1477 3465 At
1504 3426 1630 3465 vero
1654 3425 1760 3465 non
1781 3426 1846 3465 ex
1863 3421 2056 3468 eventu
2077 3429 2279 3483 rerum,

714 3502 804 3556 sed
836 3516 902 3554 ex
932 3509 1116 3552 natura
1159 3508 1381 3554 eventus
1411 3500 1556 3567 ipsos
1593 3500 1994 3568 suscipientium
2036 3504 2281 3571 proposi-

715 3593 916 3647 tionum
939 3589 1389 3644 contradictiones
1410 3589 1712 3658 judicandae
1739 3578 1885 3646 sunt.
1908 3592 1967 3647 Si
1987 3594 2131 3647 enim
2155 3595 2282 3648 mihi

716 3684 893 3737 omnia
925 3686 1211 3749 suppetunt
1241 3693 1380 3734 nunc
1408 3690 1462 3733 ut
1487 3683 1721 3735 Athenas
1741 3696 1884 3748 eam,
1914 3683 2124 3738 etiamsi
2177 3699 2282 3739 non

717 3773 930 3836 vadam,
964 3786 1119 3839 posse
1148 3786 1233 3825 me
1261 3780 1435 3826 tamen
1466 3770 1545 3825 ire
1571 3773 1913 3826 manifestum
1944 3783 2050 3839 est,
2081 3785 2135 3830 et
2162 3790 2282 3830 cum

716 3866 834 3921 iero
864 3864 1098 3935 potuisse
1123 3880 1225 3919 non
1256 3863 1356 3918 ire.
1396 3863 1449 3918 Id
1481 3878 1692 3933 quoque
1720 3865 1857 3933 apud
1890 3879 1983 3920 eos
2005 3868 2094 3936 qui
2126 3882 2288 3922 even-

716 3965 799 4012 tus
827 3970 892 4011 ex
919 3971 1097 4010 rerum
1125 3965 1314 4009 natura
1336 3940 1481 4011 recta
1517 3957 1722 4010 ratione
1747 3956 2044 4025 dijudicant
2072 3958 2287 4014 indubi-

718 4057 885 4103 tatum
929 4058 1028 4102 est.
1063 4046 1177 4102 Non
1202 4062 1329 4116 ergo
1371 4047 1420 4101 id
1449 4057 1533 4101 est
1563 4048 1816 4115 possibile
1847 4057 1903 4102 ut
1923 4049 1991 4104 sit
2038 4036 2285 4106 necessa-

718 4141 875 4197 rium.
904 4139 1006 4195 Sed
1032 4155 1331 4209 quanquam
1358 4139 1496 4209 quod
1523 4142 1881 4194 necessarium
1905 4153 2012 4208 est,
2036 4143 2290 4212 possibile

718 4233 807 4297 sit,
835 4241 919 4287 est
940 4241 1117 4284 tamen
1143 4232 1242 4292 alia
1274 4232 1514 4299 quaedam
1546 4232 1877 4287 extrinsecus
1922 4236 2289 4301 possibilitatis

719 4332 927 4385 natura,
952 4336 1070 4390 quas
1087 4329 1141 4375 et
1160 4321 1227 4375 ab
1244 4321 1558 4389 impossibili
1586 4331 1640 4375 et
1657 4337 1686 4374 a
1710 4323 2029 4376 necessitate
2051 4324 2288 4393 sejuncta

720 4422 820 4467 est.
852 4412 1165 4468 Aristoteles
1202 4411 1344 4466 enim
1372 4412 1508 4463 hanc
1538 4410 1738 4465 habens
1768 4413 2074 4479 Opinionem
2106 4413 2173 4467 de
2205 4413 2290 4467 bis

720 4519 836 4568 qua:
856 4518 1070 4574 semper
1098 4518 1319 4559 necesse
1334 4519 1452 4557 esse
1473 4512 1577 4568 est,
1606 4519 1668 4558 ea
1696 4512 1840 4570 putat
1868 4505 2062 4559 nullam
2093 4506 2290 4562 habere

2384 581 2584 636 idcirco
2606 584 2671 637 ad
2698 594 2977 655 utramque
3010 600 3210 654 partem
3240 603 3422 642 eorum
3444 598 3666 643 eventus
3691 589 3955 655 possibilia

2382 683 2489 738 est,
2515 683 2572 727 ut
2602 673 2800 741 lignum
2833 675 2933 729 hoc
2979 686 3155 745 patest
3183 678 3394 746 quidem
3436 679 3628 739 secari,
3666 678 3759 732 sed
3793 679 3955 731 nihilo

2387 773 2564 817 tamen
2597 766 2773 818 minus
2798 765 2957 821 habet
2977 769 3043 820 ad
3067 771 3333 827 contraria
3359 776 3751 839 cognationem.
3781 770 3955 824 Potest

2382 855 2524 909 enim
2552 870 2654 908 non
2699 858 2890 911 secari.
2924 857 2989 910 Et
3028 875 3160 925 aqua
3210 870 3382 928 petest
3409 861 3622 928 quidem
3654 861 3950 922 calescere,

2381 949 2475 1002 sed
2520 948 2653 1001 nihil
2686 964 2803 1003 eam
2836 950 3082 1017 prohibet
3110 952 3290 1021 frigori
3317 968 3539 1025 quoque“
3584 968 3702 1006 esse
3731 953 3954 1019 conjuu-

2380 1048 2540 1092 ctam.
2575 1038 2643 1092 Et
2668 1041 3038 1096 universaliter
3065 1043 3243 1097 dicere
3283 1053 3386 1107 est,
3411 1060 3739 1113 quaecunque
3788 1058 3955 1110 neque

2382 1142 2595 1197 semper
2622 1141 2765 1196 sttnt,
2795 1147 2967 1200 neque
2996 1148 3205 1202 semper
3238 1151 3339 1187 non
3372 1144 3512 1198 sunt,
3546 1134 3637 1188 sed
3669 1136 3955 1201 aliquoties

2380 1228 2535 1284 sunt,
2562 1220 2845 1288 aliquoties
2895 1236 2999 1275 non
3031 1234 3181 1287 sunt,
3210 1240 3269 1276 ea
3312 1240 3402 1292 per
3448 1225 3547 1279 hoc
3592 1225 3761 1293 ipsum
3807 1225 3957 1293 quod

2382 1318 2533 1375 sunt,
2566 1319 2621 1365 et
2643 1326 2747 1365 non
2780 1323 2933 1377 sunt,
2966 1314 3159 1368 habent
3206 1316 3434 1383 aliquam
3458 1316 3523 1367 ad
3556 1317 3821 1368 contraria
3849 1330 3958 1370 co-

2382 1403 2705 1469 gnationem.
2748 1403 2873 1457 Haec
2901 1413 3075 1457 autem
3105 1406 3511 1472 impossibilium
3545 1418 3597 1459 et
3623 1406 3952 1459 necessario-

2382 1506 2499 1545 rum
2558 1492 2729 1544 media
2776 1502 2922 1546 sunt.
2956 1493 3290 1560 Impossibile
3333 1494 3475 1547 enim
3516 1508 3782 1562 nunquam
3832 1509 3951 1549 esse

2384 1586 2580 1648 potest.
2610 1579 2978 1634 Necessarium
3032 1596 3297 1649 nunquam
3326 1597 3433 1634 non
3477 1596 3616 1642 esse,
3654 1582 3790 1634 inter
3840 1583 3948 1636 hac

2385 1670 2592 1737 pr0pria
2639 1670 2990 1739 quorumdam
3035 1680 3219 1723 natura
3271 1679 3387 1736 est,
3420 1685 3538 1739 quae
3580 1670 3768 1722 horum
3802 1680 3947 1724 utro-

2383 1774 2605 1827 rumque
2630 1760 2699 1813 sit
2724 1760 2921 1825 media,
2951 1775 3069 1827 quas
3099 1768 3153 1811 et
3182 1774 3319 1818 esse.
3344 1759 3545 1813 scilicet
3567 1761 3732 1828 possit
3761 1769 3814 1813 et
3843 1774 3946 1814 non

2307 1855 2353 1915 Β
2380 1865 2519 1904 esse.
2552 1850 2689 1919 Ergo
2713 1851 2810 1903 hoc
2840 1866 2980 1904 nunc
3021 1849 3149 1903 dicit
3177 1866 3192 1903 :
3224 1849 3495 1913 Videmus,
3528 1851 3732 1918 inquit,
3762 1852 3814 1903 in
3844 1852 3948 1914 his,

2378 1959 2496 2012 quae
2526 1959 2629 1997 non
2653 1958 2865 2011 semper
2888 1954 3007 1996 actu
3028 1951 3170 1996 sunt.
3198 1941 3288 1994 llla
3316 1956 3445 1995 vero
3466 1957 3570 1996 non
3592 1956 3799 2009 semper
3824 1951 3947 1997 sunt

2378 2045 2520 2099 actu,
2543 2050 2662 2103 qua:
2694 2033 2760 2087 ad
2783 2042 3003 2102 utraque
3026 2034 3292 2087 contraria
3320 2031 3513 2087 habent
3543 2034 3949 2101 cognationem:

2381 2128 2516 2195 ignis
2563 2141 2779 2193 semper
2807 2133 2927 2179 actu
2960 2124 3169 2179 calidus
3195 2134 3298 2188 est,
3340 2138 3475 2193 aqua
3498 2139 3627 2177 vero
3659 2139 3763 2178 non
3811 2140 3948 2178 sem.

2382 2234 2496 2287 per.
2532 2218 2790 2285 Quocirca
2815 2215 3057 2269 videmus
3086 2216 3137 2267 in
3181 2215 3283 2279 his,
3312 2230 3431 2282 quae
3458 2229 3566 2268 non
3592 2228 3803 2283 semper
3831 2224 3946 2270 actu

2366 2321 2531 2388 sunt,
2572 2323 2695 2366 esse
2720 2311 2963 2380 quazdam
2994 2312 3298 2379 possibilia,
3330 2320 3383 2366 et
3416 2326 3552 2375 non,
3586 2312 3634 2364 id
3679 2320 3779 2375 εει,
3812 2321 3868 2364 ιιι
3897 2320 3948 2367 et

2379 2403 2485 2456 sint
2513 2409 2567 2455 et
2596 2417 2700 2456 non
2724 2403 2852 2465 sint,
2885 2403 3023 2470 quod
3058 2403 3109 2455 in
3133 2401 3216 2455 his
3236 2401 3416 2456 evenit
3442 2400 3493 2454 in
3523 2401 3713 2469 quibus
3744 2410 3948 2453 utrum-

2378 2506 2482 2560 que
2519 2491 2811 2559 contingit,
2843 2492 2892 2545 id
2915 2502 3019 2553 est,
3052 2501 3106 2544 et
3135 2506 3255 2545 esse
3280 2502 3333 2544 et
3362 2505 3469 2544 non
3499 2505 3646 2556 esse,
3676 2499 3734 2543 ut
3757 2505 3951 2559 aquam

2382 2590 2436 2635 et
2464 2596 2586 2636 esse
2615 2582 2841 2635 calidam
2883 2591 2938 2635 et
2980 2597 3087 2636 non
3132 2596 3255 2635 esse
3296 2581 3554 2645 calidam,
3587 2580 3704 2635 ﬁeri
3743 2594 3951 2650 quoque

2382 2675 2608 2728 calidam
2633 2686 2683 2729 et
2715 2688 2819 2727 non
2850 2674 2981 2728 fieri.
3013 2674 3279 2741 Multaque
3311 2675 3463 2727 nobis
3494 2674 3768 2742 perspicua
3806 2684 3950 2740 sunt,

2382 2766 2453 2820 ita
2494 2781 2615 2821 sese
2643 2766 2923 2831 habentia,
2960 2774 3014 2820 ut
3064 2767 3118 2820 in
3163 2776 3441 2833 utramque
3479 2775 3683 2833 partem
3735 2775 3953 2819 eventus

2384 2860 2503 2916 sine
2534 2860 2645 2914 ullo
2676 2859 2901 2929 alicujus
2941 2858 3015 2913 rei
3043 2857 3423 2926 impedimento
3466 2864 3725 2921 vertatur,
3768 2866 3825 2909 ut
3871 2870 3954 2910 ve-

2386 2963 2523 3007 stem
2561 2966 2719 3020 quam
2752 2950 3005 3019 possibile
3045 2958 3127 3004 est
3149 2946 3363 3017 quidem
3389 2949 3580 3011 secari,
3614 2947 3709 3001 sed
3733 2948 3955 3001 fortasse

2387 3047 2455 3099 ita
2490 3045 2773 3110 contingit,
2808 3052 2858 3096 ut
2888 3057 2991 3095 non
3010 3050 3135 3095 ante
3165 3041 3307 3095 ferro
3327 3040 3613 3103 dividatur,
3647 3054 3805 3108 quam
3838 3054 3954 3093 eam

2385 3144 2591 3189 exterat
2614 3142 2868 3197 vetustas,
2895 3141 2951 3187 et
2974 3133 3073 3185 hoc
3096 3132 3210 3186 ﬁeri
3234 3142 3429 3200 potest,
3452 3142 3509 3185 ut
3529 3132 3776 3201 qumlibet
3800 3135 3958 3185 vestis

2388 3242 2495 3281 non
2540 3225 2681 3279 ferro
2726 3226 2901 3293 potius
2947 3224 3222 3277 minuatim
3253 3232 3455 3291 pereat,
3498 3238 3655 3291 quam
3700 3236 3799 3276 usu
3842 3222 3958 3289 ipso

2389 3325 2688 3371 exteratur.
2722 3314 2985 3368 Similiter
3013 3323 3188 3368 autem
3240 3329 3343 3367 non
3398 3314 3570 3367 solum
3616 3327 3734 3367 eam
3786 3311 3958 3367 secari

2388 3407 2643 3473 possibile
2664 3415 2765 3471 est,
2792 3405 2885 3459 sed
2929 3420 3047 3459 eam
3074 3407 3223 3473 prius
3243 3406 3411 3459 exteri
3448 3419 3604 3475 quam
3635 3405 3824 3469 secari,
3852 3417 3959 3459 non

2387 3499 2529 3553 enim
2580 3506 2720 3573 esset
2773 3511 2891 3550 eam
2943 3496 3201 3565 possibile
3257 3512 3361 3550 non
3415 3495 3605 3558 secari,
3654 3495 3755 3549 nisi
3812 3494 3963 3563 prius

2388 3587 2643 3657 possibile
2699 3596 2844 3643 esset
2891 3588 3083 3644 exteri.
3130 3588 3268 3642 Cum
3320 3588 3460 3642 enim
3515 3588 3807 3651 exteritur,
3857 3601 3962 3641 non

2387 3687 2623 3743 secatur,
2671 3680 2772 3733 hoc
2801 3687 2978 3732 autem
3013 3679 3064 3731 in
3107 3679 3301 3747 quibus
3339 3680 3553 3733 eveniat
3595 3680 3963 3734 universaliter

2390 3777 2669 3822 monstrat.
2725 3768 2917 3823 Evenit
2968 3768 3072 3821 hoc
3116 3769 3300 3832 enim,
3354 3768 3561 3838 inquit,
3617 3769 3669 3823 in
3723 3768 3963 3823 facturis.

2393 3859 2635 3913 Facturaa
2665 3868 2843 3912 autem
2875 3868 3020 3923 sunt,
3054 3858 3105 3911 in
3134 3858 3538 3928 quibuscumque
3578 3859 3850 3929 generatio
3879 3868 3961 3912 est

2389 3962 2551 4021 atque
2573 3955 2864 4021 corruptio.
2893 3952 3014 4007 Sive
3036 3953 3176 4006 enim
3200 3953 3340 4021 quod
3366 3964 3551 4008 natura
3576 3954 3664 4008 fiat
3692 3955 3803 4009 sive
3822 3964 3957 4020 arte,

2391 4044 2445 4097 in
2478 4043 2560 4096 his
2591 4056 2622 4095 a
2650 4040 2896 4097 faciendo
2925 4044 3177 4095 facturam
3209 4044 3363 4096 dixit.
3399 4043 3453 4097 ln
3485 4044 3568 4098 his
3593 4061 3721 4114 ergo
3754 4048 3964 4100 iacturis

2393 4135 2493 4189 alia
2533 4134 2743 4203 quidem
2778 4141 3037 4201 potestate
3067 4146 3210 4198 sunt,
3234 4136 3336 4189 alia
3357 4146 3475 4190 actu
3494 4175 3509 4201 ,
3540 4146 3598 4190 ut
3622 4152 3757 4205 aqua
3793 4138 3965 4191 calida

2395 4227 2611 4295 quidem
2652 4236 2733 4279 est
2776 4225 3145 4295 possibilitate.
3192 4226 3369 4280 Potest
3408 4228 3550 4280 enim
3599 4227 3712 4280 ﬁeri
3756 4227 3966 4295 calida,

2397 4320 2583 4386 frigida
2637 4334 2765 4373 vero
2809 4329 2929 4373 actu
2978 4329 3079 4372 est.
3132 4320 3226 4372 Est
3260 4319 3398 4372 enim
3449 4318 3637 4388 frigida
3671 4329 3824 4385 actu,
3866 4318 3967 4375 hoc

2394 4419 2571 4463 autem
2599 4418 2719 4462 actu
2750 4419 2804 4463 et
2831 4419 3092 4477 potestate
3120 4410 3231 4464 ﬁeri
3266 4424 3331 4463 ex
3359 4409 3577 4463 materia
3618 4412 3781 4463 venit.
3833 4409 3966 4464 Nam

2397 4517 2516 4555 cum
2541 4501 2611 4555 sit
2650 4501 2868 4555 materia
2898 4502 3290 4555 contrarietatis
3333 4502 3629 4568 susceptrix
3652 4540 3666 4563 ,
3694 4508 3748 4554 et
3774 4501 3887 4568 ipsa
3916 4502 3967 4555 in

722 4598 788 4649 ad
817 4597 1079 4651 contraria
1120 4589 1491 4667 cognationem
1518 4638 1531 4658 ,
1567 4604 1623 4649 ut
1652 4588 1769 4663 nix,
1795 4597 2045 4665 quoniam
2079 4612 2293 4666 semper
2321 4578 2373 4638 Ῑ)
2400 4607 2460 4647 se
2494 4592 2770 4659 utriusque
2820 4593 3211 4646 contrarietatis
3252 4592 3441 4647 habeat
3480 4593 3881 4659 cognationem,
3922 4594 3966 4646 si

721 4697 803 4743 est
828 4688 1036 4757 frigida,
1070 4704 1336 4758 nunquam
1361 4690 1525 4744 calori
1550 4690 1833 4758 conjuncta
1859 4699 1962 4746 est.
1990 4691 2131 4760 Ignis
2159 4708 2291 4761 quo-

722 4794 825 4847 que
856 4794 1123 4848 nunquam
1174 4780 1351 4855 frigori
1384 4791 1637 4849 cognatus
1666 4791 1770 4835 est.
1813 4781 2013 4837 idcirco
2041 4784 2289 4849 quoniam

650 4902 656 4910 -
721 4884 936 4937 semper
962 4872 1012 4922 in
1062 4870 1273 4938 frigoris
1322 4872 1703 4926 contrarietate
1733 4882 1993 4938 versatur,
2031 4874 2080 4926 id
2124 4885 2204 4928 est
2236 4876 2288 4928 in

720 4958 921 5013 calore.
974 4958 1113 5025 Ergo
1162 4960 1341 5011 omnia
1400 4975 1728 5028 quamcunque
1778 4972 1903 5013 sunt
1955 4965 2290 5031 necessaria,

722 5051 922 5106 nullam
953 5050 1017 5104 ad
1044 5049 1365 5103 contrariam
1389 5050 1726 5118 qualitatem,
1752 5065 1908 5116 quam
1940 5052 2051 5117 ipsa
2073 5054 2289 5118 retinet,

724 5146 921 5197 habent
969 5141 1360 5209 COgnationem.
1403 5141 1555 5206 Quod
1608 5142 1650 5194 si
1708 5155 1866 5208 quam
1918 5141 2288 5210 cognationem

724 5237 944 5289 haberet
987 5233 1122 5303 ignis
1169 5232 1233 5286 ad
1266 5231 1453 5300 frigus,
1483 5231 1678 5286 frustra
1708 5242 1852 5286 esset
1890 5234 1979 5287 illa
2004 5238 2252 5304 cognatio
2272 5281 2287 5303 ,

724 5341 990 5395 nunquam
1016 5326 1121 5395 igni
1144 5340 1203 5379 se
1245 5326 1296 5378 in
1331 5323 1541 5393 frigoris
1567 5324 1876 5392 qualitatem
1907 5335 2169 5391 vertente,
2197 5329 2290 5381 sed

724 5420 969 5474 novimus
1001 5418 1131 5472 nihil
1176 5418 1447 5487 pmprium
1482 5426 1659 5470 natum
1694 5416 1883 5470 frustra
1926 5426 2168 5473 naturam
2197 5434 2287 5473 so-

724 5513 835 5566 lere
867 5510 1145 5579 perlicere.
1181 5509 1321 5579 Ergo
1350 5510 1436 5563 illa
1468 5519 1592 5564 sunt
1620 5509 1786 5577 posita
1819 5512 2116 5563 necessaria
2146 5526 2290 5580 quae-

720 5615 931 5670 eunque
970 5599 1037 5654 ad
1080 5603 1345 5656 contraria
1401 5602 1597 5656 nullam
1641 5600 1836 5655 habent
1881 5603 2249 5670 cognationem
2276 5645 2288 5662 ,

720 5706 1054 5762 quacunque
1080 5704 1254 5747 autem
1305 5693 1527 5759 habent,
1559 5692 1644 5746 illa
1677 5709 1783 5749 non
1813 5703 1936 5747 sunt
1966 5693 2287 5747 necessaria.

726 5783 834 5842 Sed
854 5785 1104 5855 quoniam
1145 5784 1210 5841 ad
1235 5792 1516 5855 utramque
1548 5793 1751 5854 partem
1778 5784 2168 5842 contrarietatis
2198 5798 2295 5840 na-

2401 4685 2512 4753 ipsa
2544 4699 2638 4752 per
2683 4697 2743 4738 se
2768 4683 3051 4751 cogitetur,
3100 4682 3230 4736 nihil
3268 4697 3452 4737 eorum
3489 4682 3645 4736 habet
3673 4698 3788 4751 qua:
3816 4683 3867 4734 in
3912 4696 3971 4735 se

2400 4776 2655 4843 suscipit,
2689 4784 2744 4830 et
2764 4776 2878 4846 ipsa
2904 4776 3118 4841 quidem
3152 4776 3283 4828 nihil
3306 4785 3427 4828 actu
3455 4784 3560 4840 est,
3589 4776 3765 4829 omnia
3795 4784 3969 4828 tamen

2402 4876 2683 4932 potestate.
2727 4868 3032 4935 Snscipiens
3079 4875 3256 4921 autem
3306 4867 3574 4920 contraria
3605 4908 3619 4933 ,
3670 4881 3971 4935 quanquam

2402 4976 2560 5014 unam
2595 4960 2788 5014 haheat
2810 4967 3262 5023 contrarietatem,
3291 4958 3448 5011 habet
3472 4970 3645 5012 tamen
3668 4967 3721 5012 et
3751 4958 3971 5011 alteram
4032 5022 4039 5030 '

2406 5053 2595 5116 simul,
2627 5052 2720 5105 sed
2750 5066 2854 5104 non
2886 5062 3034 5114 actu,
3061 5060 3117 5104 ut
3154 5051 3205 5104 in
3243 5051 3427 5106 eadem
3450 5067 3607 5115 aqua.
3635 5050 3801 5119 llujus
3827 5051 3967 5103 enim

2408 5141 2626 5193 materia
2656 5149 2709 5193 et
2736 5140 2928 5195 caloris
2955 5143 3248 5209 susceptrix
3271 5150 3353 5195 est
3372 5149 3427 5196 et
3462 5141 3691 5208 frigoris.
3716 5139 3819 5193 Sed
3848 5154 3967 5191 cum

2400 5230 2709 5286 utrumlibet
2743 5229 2931 5284 horum
2954 5233 3251 5300 susceperit
3281 5232 3362 5287 vel
3384 5232 3617 5285 calorem
3649 5232 3731 5285 vel
3774 5231 3965 5299 frigus,

2398 5332 2478 5378 est
2506 5322 2718 5392 quidem
2741 5363 2754 5385 ,
2784 5323 2829 5376 si
2870 5322 2941 5376 ita
2968 5325 3243 5393 contingit,
3271 5325 3470 5388 calida,
3501 5335 3583 5377 est
3619 5324 3780 5377 etiam
3811 5322 3967 5376 simul

2399 5415 2621 5485 frigida,
2665 5416 2757 5470 sed
2804 5431 2906 5470 non
2964 5415 3151 5470 eodem
3193 5417 3373 5471 modo.
3413 5415 3541 5470 Nam
3584 5415 3811 5471 fortasse
3853 5428 3969 5470 actu

2400 5509 2570 5563 calida
2595 5518 2703 5574 est,
2744 5508 2924 5577 frigida
2952 5518 3231 5577 potestate.
3264 5509 3403 5578 Ergo
3432 5510 3574 5578 quod
3603 5518 3863 5579 potestate
3889 5518 3973 5564 est

2402 5602 2453 5655 in
2480 5600 2659 5665 rebus,
2686 5615 2753 5655 ex
2779 5599 2998 5653 materia
3023 5600 3187 5654 venit.
3216 5600 3423 5667 Alioqui
3447 5601 3642 5655 divinis
3659 5600 3972 5669 corporibus

2402 5690 2532 5744 nihil
2569 5691 2782 5744 omnino
2816 5700 2899 5743 est
2941 5699 3225 5759 potestate,
3271 5692 3364 5746 sed
3395 5708 3555 5748 omne
3583 5700 3703 5748 actu
3730 5733 3745 5755 ,
3787 5699 3842 5744 ut
3869 5690 3971 5745 soli

2403 5797 2669 5852 nunquam
2698 5788 2780 5839 est
2800 5781 2977 5838 lumen
3001 5790 3286 5853 potestate,
3306 5784 3401 5842 sed
3422 5793 3567 5852 actu,
3590 5800 3687 5844 nec
3711 5789 3977 5855 potestate
