4270 6266
342 358 444 415 325

1059 355 1123 409 IN
1158 351 1412 409 LIBRUM
1454 350 1542 405 DE
1580 348 2222 405 INTERPRETATIONE
2261 324 2493 406 EiDlTlO
2532 351 2869 409 SECUNDA.

3493 350 3598 406 5H

340 466 544 533 quidem
574 462 686 518 ulla
707 463 1033 525 obscuritas,
1048 464 1133 515 vel
1157 470 1271 516 toto
1297 463 1434 515 coelo
1458 459 1598 514 nulla
1628 460 1799 527 quies.
1836 457 1911 511 Ita
1938 466 1986 518 Α
2088 459 2294 529 Duplex
2318 463 2507 515 modus
2529 462 2858 517 necessitatis
2875 463 3193 529 ostenditur,
3210 477 3350 520 unus
3366 478 3454 532 qui
3471 477 3595 518 cum

339 569 464 625 ergo
489 568 611 609 sese
646 554 846 608 habent
867 569 933 607 ex
967 552 1186 606 materia
1212 591 1224 613 ,
1277 561 1333 603 ιιι
1370 552 1545 603 omnia
1594 552 1700 617 ipsa
1734 557 1917 601 essent

338 656 640 716 potestate,
689 647 821 700 nihil
864 655 1039 698 autem
1077 653 1196 696 actu
1224 642 1556 701 introducta,
1589 639 1684 693 sed
1728 648 1912 717 natura

338 754 457 808 qua:
479 738 530 792 in
554 739 661 806 ipsa
680 737 897 801 materia
917 745 1017 793 est,
1047 733 1284 802 singulos
1300 746 1395 801 pro
1419 733 1627 784 ratione
1644 729 1915 783 distribuit

338 840 546 895 motus,
597 838 652 884 et
675 828 907 896 singulas
937 829 1250 895 qualitatum
1294 825 1646 893 proprietates
1696 822 1915 892 singulis

338 920 573 975 materia:
623 919 861 989 partibus
894 918 1065 986 ponit,
1090 925 1147 968 ut
1169 915 1298 968 alias
1326 913 1539 983 quidem
1570 924 1755 966 natura
1800 917 1912 981 ipsa

342 1011 665 1066 necessarias
687 1009 1044 1071 ordinaverit,
1076 1009 1145 1061 ita
1189 1015 1245 1058 ut
1271 1006 1506 1073 quandiu
1536 1019 1624 1058 res
1652 1004 1739 1055 illa
1772 1012 1917 1058 esset

339 1104 486 1173 ejus,
520 1104 572 1155 in
610 1098 722 1170 ipsa
766 1102 1061 1170 proprietas
1094 1107 1462 1168 permaneret,
1508 1108 1562 1151 ut
1593 1100 1697 1168 igni
1741 1098 1910 1151 calor.

341 1193 465 1247 Nam
496 1193 730 1261 quandiu
760 1193 896 1261 ignis
934 1200 1039 1258 est,
1071 1189 1251 1245 tandiu
1296 1191 1475 1257 ignem
1517 1189 1744 1242 calidum
1793 1202 1914 1243 esse

340 1297 558 1337 necesse
579 1291 684 1348 est,
708 1283 828 1337 aliis
852 1296 980 1335 vero
1001 1281 1160 1335 rebus
1183 1281 1316 1335 tales
1338 1281 1621 1348 qualitates
1645 1280 1911 1348 apposuit,

338 1377 527 1443 quibus
579 1389 763 1428 carere
814 1374 1050 1442 possint.
1102 1373 1169 1425 Et
1213 1373 1304 1425 illa
1343 1371 1556 1439 quidem
1613 1370 1915 1424 necessaria

338 1468 564 1537 qualitas
622 1466 874 1519 informat
925 1462 1343 1530 uniuscujusque
1391 1462 1763 1515 substantiam.
1818 1460 1921 1512 llla

337 1562 480 1615 enim
550 1558 667 1626 ejus
714 1558 1109 1627 qualitascum
1162 1556 1272 1622 ipsa
1327 1555 1547 1607 materia
1606 1568 1669 1607 ex
1726 1561 1913 1606 natura

337 1656 621 1724 conjuncta
646 1666 747 1708 est.
778 1655 898 1708 Ista:
935 1668 1063 1706 vero
1104 1652 1222 1705 alia:
1260 1650 1540 1719 qualitates
1568 1652 1715 1701 extra
1751 1655 1910 1709 sunt,

336 1761 454 1815 qua:
483 1758 536 1799 et
556 1746 761 1799 admitti
790 1753 1012 1813 possunt
1033 1752 1087 1796 et
1117 1757 1219 1794 non
1247 1741 1475 1801 admitti,
1510 1749 1665 1808 atque
1689 1740 1809 1791 hinc
1832 1746 1915 1790 est

2020 551 2245 626 alicujus
2274 551 2567 605 accidentis
2592 553 2907 607 necessitate
2932 556 3266 625 proponitur,
3308 557 3439 609 alter
3496 552 3590 622 qui
3675 612 3690 627 ,

2018 642 2246 710 simplici
2268 642 2649 710 praedicatione
2673 643 2957 709 profertur,
2974 653 3028 697 ut
3042 660 3161 697 cum
3179 645 3407 700 dicimus
3424 644 3595 699 solem

2020 737 2222 791 moveri
2248 751 2469 791 necesse
2491 744 2605 801 est,
2629 750 2734 788 non
2759 736 2902 789 enim
2927 737 3095 789 solem
3112 738 3234 805 quia
3260 753 3401 793 nunc
3417 753 3600 792 move-

2022 836 2124 890 tur,
2142 825 2235 881 sed
2261 828 2383 895 quia
2404 840 2670 895 nunquam
2696 841 2801 879 non
2825 826 3147 891 movebitur,
3170 825 3369 881 idcirco
3390 828 3442 881 in
3467 828 3613 900 solis.

2020 925 2163 969 motu
2179 917 2469 971 necessitas
2490 916 2653 969 venit.
2677 914 2847 969 Aliter
2876 928 3001 968 vero
3028 915 3117 983 qui
3144 930 3263 968 cum
3287 918 3596 973 conditione

2019 1008 2213 1061 dicitur
2251 1009 2369 1061 talis
2404 1017 2521 1075 est,
2554 1015 2612 1061 ut
2632 1023 2751 1061 cum
2784 1006 3044 1073 dicimus,
3090 998 3365 1062 Socratem
3414 1011 3600 1065 sedere

2021 1114 2242 1155 necesse
2278 1112 2392 1167 est,
2437 1115 2557 1154 cum
2585 1100 2765 1162 sedet,
2797 1108 2852 1155 et
2879 1114 2983 1153 non
3012 1098 3203 1153 sedere
3231 1114 3449 1152 necesse
3484 1110 3598 1167 est,

2020 1206 2140 1245 cum
2168 1207 2270 1246 non
2296 1193 2471 1246 sedet.
2493 1192 2622 1246 Nam
2640 1207 2759 1246 cum
2786 1192 2922 1251 idem
2947 1190 3136 1245 eodem
3162 1198 3403 1256 tempore
3415 1189 3602 1244 sedere

2017 1290 2071 1334 et
2101 1296 2204 1335 non
2234 1282 2427 1336 sedere
2452 1297 2555 1335 non
2574 1285 2758 1350 possit,
2780 1282 3079 1351 quicunque
3116 1280 3267 1335 sedet
3288 1296 3392 1334 non
3429 1290 3601 1348 potest

2020 1388 2123 1426 non
2168 1373 2389 1438 sedere,
2441 1384 2564 1428 tunc
2594 1389 2714 1427 cum
2741 1376 2929 1436 sedet,
2970 1374 3132 1443 igitur
3158 1374 3348 1428 sedere
3382 1387 3601 1427 necesse

2019 1473 2123 1527 est,
2155 1478 2282 1531 ergo
2314 1475 2437 1519 tttnc
2458 1466 2672 1532 quando
2687 1465 2809 1534 quis
2826 1464 2998 1530 sedet,
3018 1480 3139 1519 eum
3170 1466 3358 1520 sedere
3382 1480 3600 1519 necesse

1978 1586 1981 1587 ν
2018 1563 2121 1618 est;
2149 1555 2264 1609 fieri
2293 1555 2436 1608 enim
2464 1570 2568 1609 non
2602 1564 2775 1624 potest
2804 1566 2860 1609 ut
2890 1571 3014 1610 cum
3042 1557 3214 1621 sedet,
3260 1573 3364 1609 non
3395 1557 3598 1611 sedeat.

2024 1644 2223 1697 ltursus
2253 1644 2467 1712 quando
2508 1646 2629 1715 quis
2658 1660 2762 1699 non
2794 1646 2965 1712 sedet,
2993 1656 3121 1701 tunc
3142 1662 3262 1702 cum
3291 1663 3394 1700 non
3425 1648 3601 1712 sedet,

2022 1750 2126 1789 non
2157 1736 2345 1790 sedere
2386 1750 2506 1790 eum
2536 1751 2762 1792 necesse
2791 1745 2894 1792 est.
2924 1737 3041 1792 Non
3076 1738 3219 1793 enim
3258 1746 3431 1806 p0test
3462 1739 3600 1791 ident

336 1835 607 1906 generatio
628 1844 681 1888 et
706 1834 1001 1901 corruptio.
1032 1832 1105 1885 Ex
1136 1842 1329 1884 natura
1357 1845 1484 1899 ergo
1512 1837 1566 1882 et
1594 1844 1660 1881 ex
1695 1827 1913 1881 materia
1943 1834 1990 1893 Β
2021 1826 2213 1881 sedere
2248 1838 2304 1881 et
2336 1844 2443 1882 non
2472 1816 2680 1893 sedere,
2714 1838 2767 1883 et
2787 1839 2965 1900 potest
2995 1830 3092 1884 ista
3134 1845 3254 1884 esse
3276 1846 3395 1884 cum
3419 1830 3601 1885 coudi—
3662 1830 3667 1837 “

337 1926 437 1981 ista
466 1927 519 1979 in
539 1925 695 1979 rebus
720 1921 1043 1991 possibilitas
1065 1922 1228 1984 venit,
1251 1935 1351 1988 qua
1374 1919 1427 1973 iu
1453 1934 1509 1971 re
1530 1932 1685 1971 casus
1704 1932 1914 1987 quoque

338 2018 623 2087 aliquando
654 2018 922 2081 subrepit,
949 2028 1070 2083 qua:
1098 2022 1181 2068 est
1231 2012 1641 2073 indeterminata
1672 2024 1830 2064 causa
1862 2018 1916 2064 et

339 2109 455 2163 sine
485 2108 591 2163 ulla
635 2108 839 2161 ratione
883 2106 1108 2168 cadens,
1154 2119 1326 2173 neque
1359 2104 1501 2158 enim
1534 2116 1690 2157 casus
1728 2112 1914 2156 natura

338 2207 451 2265 est,
476 2213 595 2265 quas
622 2198 813 2250 frustra
840 2197 971 2249 nihil
1008 2194 1196 2248 efficit.
1241 2193 1351 2249 Nec
1379 2194 1603 2248 liberum
1636 2204 1717 2247 est
1761 2208 1917 2247 casus

340 2289 615 2342 arbitrium
629 2290 768 2357 quod
784 2290 835 2341 in
850 2288 1054 2355 judicio
1065 2296 1118 2340 et
1136 2287 1343 2339 ratione
1361 2286 1622 2340 consistit.
1643 2286 1746 2339 Sed
1765 2294 1914 2338 extra

339 2389 421 2433 est
444 2394 601 2433 casus
622 2418 639 2443 ,
682 2378 771 2447 qui
803 2375 1017 2447 promer
1048 2378 1201 2429 aliam
1251 2392 1362 2431 rem
1400 2376 1715 2446 quibusdam
1766 2376 1915 2430 factis

340 2470 453 2537 ipse
475 2469 679 2521 subitus
700 2478 753 2521 et
781 2468 1102 2536 improvisus
1125 2467 1383 2520 exoritur.
1424 2467 1487 2519 Et
1517 2482 1585 2519 ex
1613 2467 1710 2519 hac
1735 2472 1915 2519 autem

340 2575 457 2629 quae
469 2559 866 2614 estutrutnlibet
882 2559 1233 2627 possibilitate
1247 2558 1405 2611 etiam
1431 2558 1516 2611 illa
1535 2558 1686 2611 liberi
1705 2556 1917 2612 arbitrii

339 2654 473 2707 ratio
502 2652 664 2705 venit.
689 2652 743 2704 Si
775 2651 913 2705 enim
947 2665 1051 2705 non
1082 2660 1227 2705 esset
1258 2650 1373 2703 fieri
1403 2649 1601 2718 aliquid
1631 2650 1916 2718 possibile,

339 2743 429 2797 sed
456 2743 631 2797 omnia
672 2752 763 2796 aut
790 2757 855 2797 ex
897 2743 1216 2797 necessitate
1236 2750 1442 2807 essent,
1470 2750 1563 2795 aut
1587 2756 1652 2795 ex
1684 2744 1916 2795 necessi-

341 2846 443 2890 tate
489 2852 594 2890 non
636 2844 850 2901 essent,
897 2836 1123 2888 liberum
1170 2835 1452 2888 arbitrium
1502 2849 1608 2887 non
1652 2842 1912 2889 maneret.

340 2926 499 2981 Recte
525 2910 684 2996 igitur
730 2940 830 2980 nec
868 2927 1049 2980 omnia
1076 2940 1237 2992 casu,
1271 2934 1331 2979 ut
1360 2924 1653 2993 Epicurus,
1687 2940 1785 2979 nec
1823 2942 1916 2981 ne-

338 3021 585 3076 cessitate
617 3020 824 3085 omnia,
859 3026 913 3071 ut
960 3006 1201 3083 Stoicus,
1246 3031 1341 3071 nec
1389 3030 1572 3070 rursus
1620 3017 1795 3071 omnia
1844 3017 1915 3071 li-

339 3115 469 3169 bero
544 3113 762 3167 arbitrio
812 3111 925 3165 fieri
980 3112 1272 3179 preposuit.
1330 3108 1436 3164 Sed
1480 3118 1667 3163 cuneta
1714 3110 1911 3176 permi-

2023 1920 2167 1974 tione
2210 1922 2534 1985 necesSitas,
2578 1930 2636 1975 ut
2672 1937 2792 1977 cum
2836 1922 2990 1977 sedet
3041 1923 3264 1993 aliquis,
3308 1932 3433 1977 tunc
3482 1940 3601 1980 cum

2021 2012 2193 2077 sedet,
2228 2029 2293 2065 ex
2322 2012 2641 2066 necessitate
2681 2012 2886 2089 sedeat,
2911 2021 2965 2067 et
2991 2027 3114 2067 cum
3139 2028 3248 2067 non
3276 2016 3449 2077 sedet,
3479 2026 3601 2069 tunc

2020 2118 2140 2157 cum
2194 2118 2298 2157 non
2341 2104 2516 2169 sedet,
2546 2119 2610 2158 ex
2643 2106 2961 2158 necessitate
2992 2120 3098 2158 non
3119 2108 3325 2160 sedeat.
3367 2098 3471 2162 Sed
3503 2108 3601 2163 ists

2021 2210 2140 2249 cum
2163 2195 2470 2250 conditione
2498 2211 2615 2263 qua
2640 2199 2954 2265 proponitur
2978 2198 3292 2264 necessitas,
3325 2215 3431 2253 non
3458 2199 3601 2255 illam

2021 2287 2320 2355 simplicem
2351 2302 2530 2341 secum
2556 2287 2736 2342 trahit.
2765 2288 2880 2342 Non
2922 2290 3062 2343 enim
3092 2293 3398 2360 quicunque
3426 2294 3599 2359 sedet,

2022 2378 2335 2446 simpliciter
2378 2393 2500 2431 eum
2531 2378 2723 2433 sedere
2753 2394 2972 2434 necesse
3002 2390 3113 2446 est,
3144 2381 3239 2436 sed
3266 2396 3387 2436 cum
3451 2383 3599 2451 adje-

2021 2470 2199 2523 ctione
2251 2484 2313 2523 ea
2344 2485 2463 2538 qua:
2503 2480 2608 2536 est,
2640 2473 2768 2527 tunc
2792 2488 2910 2526 cum
2933 2473 3101 2537 sedet,
3124 2474 3261 2528 sicut
3284 2475 3450 2528 solem
3473 2476 3599 2530 dici-

2022 2576 2140 2615 mus
2167 2576 2387 2616 necesse
2418 2571 2501 2617 est
2529 2563 2756 2618 moveri.
2784 2563 2892 2618 Nec
2920 2564 3020 2618 hoc
3041 2565 3307 2631 addimus,
3347 2576 3403 2620 ut
3433 2568 3597 2622 solent

2024 2653 2227 2707 moveri
2248 2668 2466 2708 necesse
2489 2655 2701 2709 sitcum
2731 2650 3000 2720 titovetur,
3030 2640 3122 2711 ἔειι
3155 2666 3360 2713 tantum
3388 2660 3599 2729 simpli-

2020 2746 2156 2800 citer
2194 2748 2421 2801 dicimus
2459 2748 2629 2802 solem
2662 2749 2867 2802 moveti
2891 2764 3111 2803 necesse
3151 2762 3262 2816 est,
3289 2761 3344 2806 et
3369 2751 3481 2806 haec
3504 2768 3598 2807 ue-

2019 2839 2243 2893 cessitas
2263 2840 2488 2907 simplex
2519 2838 2586 2892 de
2623 2837 2735 2891 sole
2763 2838 2902 2892 dicta
2922 2879 2936 2902 ,
2967 2840 3240 2894 veritatem
3271 2841 3323 2894 in
3354 2844 3596 2899 oratione

1972 2990 1975 2991 ν
2020 2927 2282 2996 perficiet.
2329 2931 2395 2982 At
2438 2942 2565 2981 vero
2596 2927 2685 2980 illa
2719 2943 2837 2996 quae
2865 2925 2987 2981 cuin
3037 2929 3343 2984 conditione
3380 2930 3595 2997 dicitur,

2023 3028 2077 3070 ut
2121 3032 2243 3071 cum
2274 3018 2499 3072 dicimus
2529 3017 2805 3071 Socratem
2836 3018 3023 3073 sedere
3052 3023 3276 3074 necesse
3303 3030 3416 3086 cst,
3473 3031 3596 3079 tunc

2020 3122 2141 3162 cum
2166 3107 2336 3174 svdet,
2373 3109 2421 3161 id
2447 3108 2587 3177 quod
2617 3108 2864 3173 dicimus,
2898 3118 3023 3162 tunc
3044 3124 3163 3162 cum
3187 3109 3359 3174 sedet,
3390 3122 3441 3164 et
3459 3110 3596 3169 hanc

339 3218 518 3273 scens,
552 3206 605 3259 in
634 3206 884 3275 permisto
927 3203 1124 3256 mundo
1170 3202 1452 3270 permistas
1481 3215 1693 3267 quoque
1732 3216 1912 3254 rerum
1938 3191 1984 3253 C
2017 3200 2377 3256 conditionem
2404 3201 2690 3270 temporis,
2721 3201 2765 3255 si
2814 3216 2843 3253 a
2877 3203 3239 3271 propositione
3269 3201 3594 3273 dividamus,

339 3313 525 3353 causas
546 3295 984 3366 esse.proposuit,
1019 3302 1076 3348 ut
1104 3293 1221 3347 alite
1243 3293 1458 3362 quidem
1480 3306 1545 3345 ex
1572 3291 1908 3355 necessitate,

339 3392 453 3445 alia:
469 3405 597 3446 vero
612 3404 759 3453 casu,
786 3390 865 3442 vel
890 3389 1058 3441 libero
1078 3386 1320 3449 arbitrio,
1346 3384 1428 3437 vel
1453 3393 1721 3453 postremo
1743 3385 1912 3451 possi-

338 3489 538 3543 bilitate
569 3488 959 3557 contingerent.
993 3484 1230 3550 Quorum
1264 3480 1500 3535 omnium
1526 3496 1688 3533 unum
1713 3494 1908 3534 nomen

336 3593 443 3643 est,
470 3580 809 3643 utrumlibet,
841 3578 922 3631 vel
954 3578 1004 3630 in
1037 3590 1185 3638 casu,
1218 3574 1302 3627 vel
1330 3575 1381 3626 itt
1413 3573 1685 3626 voluntate
1708 3612 1722 3636 ,
1752 3572 1830 3625 vel
1857 3573 1908 3625 in

336 3671 702 3739 possibilitate.
727 3669 833 3724 Sed
859 3671 1045 3721 horum
1062 3666 1376 3721 divisionem
1401 3664 1543 3717 facit.
1570 3663 1698 3717 Nam
1724 3678 1906 3717 eorum

336 3782 450 3837 quae
476 3775 600 3822 sunt
624 3764 962 3825 utrumlibet,
988 3764 1087 3816 alia
1125 3772 1249 3815 sunt
1274 3751 1699 3829 quae'aaqualiter
1720 3758 1786 3812 ad
1828 3758 1903 3811 af-

334 3862 691 3917 firmationem
714 3868 767 3912 et
787 3857 1114 3924 negationem
1138 3870 1196 3909 se
1220 3854 1437 3911 habent.
1463 3860 1520 3905 ut
1538 3862 1621 3905 est
1645 3852 1905 3905 lecturum

335 3967 424 4007 me
450 3966 570 4005 esse
621 3948 781 4003 hodie
804 3947 1075 4014 Virgilium
1104 3958 1157 4000 et
1199 3961 1304 3998 non
1339 3944 1623 3998 lecturum.
1672 3942 1909 4010 Utroque

334 4044 477 4097 enim
508 4040 667 4095 modo
694 4048 975 4104 utrumque
999 4047 1107 4103 est,
1139 4036 1236 4089 hoc
1267 4043 1347 4089 est
1374 4033 1515 4086 enim
1546 4031 1684 4100 quod
1716 4032 1808 4095 ait,
1842 4031 1909 4085 Et

332 4147 437 4187 non
466 4130 637 4199 magis
666 4130 748 4182 vel
783 4127 1066 4182 affirmatio
1095 4126 1174 4180 vel
1212 4124 1422 4193 negatio
1464 4130 1566 4176 est.
1611 4118 1907 4188 )Equaliter

332 4226 474 4280 enim
497 4230 553 4277 et
577 4236 787 4291 possum
808 4220 986 4289 legere
1007 4217 1278 4286 Virgilium
1302 4229 1464 4280 nunc,
1488 4222 1543 4267 et
1567 4225 1779 4280 possum
1799 4226 1905 4265 non

331 4316 529 4385 legere.
577 4314 689 4367 Alia
737 4327 863 4365 vero
895 4319 1017 4365 sunt
1062 4324 1181 4376 ηυδε
1223 4323 1327 4361 non
1363 4311 1426 4359 'se
1486 4304 1763 4374 aequaliter
1809 4302 1905 4355 ha-

331 4408 487 4470 bent,
538 4406 635 4460 sed
664 4419 962 4474 quanquam
992 4404 1043 4456 in
1067 4416 1169 4455 una
1202 4414 1259 4453 re
1308 4398 1632 4467 frequentius
1660 4394 1903 4459 eveniat,

330 4513 438 4552 non
471 4506 643 4551 tamen
669 4494 989 4564 prohibitum
1014 4501 1097 4548 est
1118 4493 1170 4545 in
1199 4492 1362 4545 altera
1387 4488 1669 4557 provenire
1689 4527 1704 4551 ,
1751 4495 1808 4539 ιιι
1851 4486 1905 4538 in

2018 3292 2084 3346 de
2102 3301 2208 3347 tota
2236 3292 2601 3360 propositione
2627 3292 2823 3345 veritas
2847 3293 3002 3361 'perit.
3026 3292 3138 3347 Non
3154 3294 3295 3347 enim
3312 3308 3593 3363 possumus

2016 3382 2196 3438 dicere
2218 3384 2469 3450 quoniam
2501 3398 2565 3437 ex
2602 3383 2919 3438 necessitate
2944 3384 3193 3439 Socrates
3214 3385 3384 3439 sedet.
3414 3386 3593 3444 Potest

2015 3477 2157 3529 enim
2190 3486 2243 3528 et
2284 3490 2389 3528 non
2438 3476 2649 3530 sedere.
2698 3475 2861 3530 liabet
2889 3477 3029 3530 enim
3072 3478 3355 3544 quamdam
3400 3493 3593 3536 conve-

2014 3568 2271 3621 nientiam
2304 3577 2357 3621 et
2404 3568 2778 3636 cognationem
2823 3576 3057 3636 potestas
3088 3569 3323 3623 Socratis
3349 3569 3487 3626 sicut
3526 3572 3592 3626 ad

2014 3660 2329 3725 sedendum,
2350 3658 2428 3714 sic
2449 3663 2610 3713 etiam
2634 3659 2697 3713 ad
2724 3675 2829 3712 non
2858 3660 3169 3714 sedendum.
3207 3662 3343 3728 Ergo
3373 3662 3422 3715 id
3450 3664 3591 3730 quotl

2012 3749 2235 3805 dicimus
2264 3765 2331 3804 ex
2373 3752 2697 3805 necessitate
2736 3750 3011 3804 Socratem
3052 3751 3270 3816 sedere,
3301 3764 3423 3807 tunc
3466 3770 3587 3809 cum

2013 3844 2201 3909 sedet,
2255 3843 2322 3897 ad
2354 3843 2602 3896 accidens
2654 3842 3001 3910 respicientes
3044 3846 3411 3909 proponimus.
3455 3847 3589 3902 Nam

2012 3933 2225 4001 quando
2246 3933 2442 3987 accidit
2481 3932 2683 3985 Socrati
2711 3932 2931 3992 sedere,
2954 3946 3019 3984 eo
3052 3938 3292 3999 tempore
3322 3950 3427 4002 quo
3454 3938 3590 3990 acci.

2010 4024 2123 4086 dit,
2175 4024 2226 4077 ei
2282 4038 2387 4076 nou
2430 4022 2691 4075 accidisse
2736 4035 2840 4072 non
2870 4028 3065 4087 potest.
3096 4020 3185 4073 Sic
3232 4024 3374 4075 enim
3405 4027 3497 4077 lict
3536 4034 3591 4078 ut

2011 4111 2186 4164 eidem
2204 4108 2388 4163 eadem
2415 4123 2500 4161 res
2528 4106 2732 4160 accidat
2747 4115 2801 4158 et
2824 4121 2931 4159 non
2947 4105 3149 4160 accidat
3170 4122 3275 4160 uno
3293 4108 3590 4176 eademque

2013 4213 2275 4271 tempore,
2303 4200 2443 4267 quod
2474 4196 2806 4267 impossibile
2832 4208 2937 4251 est.
2971 4196 3171 4251 ldcirco
3194 4198 3444 4253 accidens
3475 4201 3591 4268 ejus

2012 4296 2354 4365 inspicientes
2383 4292 2610 4347 dicimus
2632 4333 2645 4357 ,
2693 4306 2915 4347 necesse
2941 4301 3022 4347 est
3064 4292 3339 4348 Socratem
3367 4294 3586 4359 sedere,

2013 4396 2104 4446 sed
2132 4405 2236 4445 non
2270 4390 2620 4456 simpliciter,
2673 4387 2765 4441 sed
2797 4396 2919 4442 tunc
2950 4402 3068 4442 cum
3115 4387 3285 4441 sedet.
3342 4387 3407 4440 Et
3456 4388 3590 4442 sicut

2010 4484 2325 4551 simpliciter
2372 4481 2679 4549 AithiOpem
2714 4481 2896 4534 dicere
2925 4494 3047 4534 esse
3080 4480 3359 4535 Candidum
3401 4479 3590 4535 falsum

329 4604 398 4643 eo
421 4587 560 4655 quod
601 4596 680 4641 est
712 4587 977 4641 hominem
1020 4586 1075 4637 in
1118 4590 1335 4639 senecta
1357 4593 1663 4635 canescere.
1708 4578 1761 4631 ln
1791 4577 1906 4645 plu-
1930 4553 1985 4613 Ῑ)
2013 4585 2116 4639 εει,
2142 4588 2325 4627 verum
2358 4581 2534 4625 tamen
2591 4581 2675 4626 est
2718 4571 2770 4623 in
2813 4570 2992 4637 aliquo
3021 4584 3137 4623 esse
3169 4570 3454 4625 candidum
3511 4573 3591 4643 (In

328 4683 491 4737 ribus
516 4682 726 4749 quidem
775 4679 876 4732 hoc
917 4676 1212 4743 contingit,
1263 4675 1355 4729 sed
1398 4671 1656 4741 contingit
1700 4670 1811 4740 fieri
1850 4676 1905 4723 et

329 4766 579 4837 alterum,
602 4772 651 4825 id
668 4781 751 4826 est
774 4780 829 4823 ιιι
846 4785 951 4825 non
974 4780 1215 4822 canescat
1228 4808 1240 4820 .
1259 4767 1499 4821 Alterum
1517 4779 1644 4819 vero
1659 4762 1902 4824 minime,

328 4864 381 4916 id
403 4873 482 4917 est
504 4872 563 4916 ut
577 4869 843 4917 canescat.
874 4858 946 4912 Ita
971 4874 1098 4928 ergo
1122 4867 1175 4912 et
1205 4857 1576 4925 possibilitate.
1602 4864 1655 4909 et
1677 4868 1823 4913 casu,
1850 4860 1905 4905 et

328 4954 496 5009 libero
538 4953 781 5015 arbitrio,
813 4950 1294 5006 contradictionem
1322 4949 1372 5002 in
1406 4962 1507 5000 una
1547 4955 1695 5015 parte
1726 4944 1793 4997 de
1820 4941 1902 4995 fu-

327 5057 448 5099 turo
483 5045 700 5099 definite
727 5059 835 5115 pon
859 5057 977 5097 esse
1002 5057 1180 5096 veram
1216 5040 1298 5093 vel
1333 5040 1519 5092 falsam
1539 5078 1552 5099 ,
1596 5050 1689 5103 per
1713 5034 1903 5086 ﬁrmis-

323 5139 516 5193 simam
557 5146 611 5192 et
640 5135 1023 5190 validissimam
1054 5131 1570 5201 argumentationem
1601 5125 1898 5181 coustituit.

318 5228 422 5285 His
441 5240 616 5284 autem
640 5227 820 5296 adjicit
849 5226 953 5280 hoc

397 5319 565 5391 Igitur
589 5336 695 5374 esse
713 5319 851 5388 quod
868 5326 965 5381 ut,
986 5314 1194 5386 quando
1213 5321 1307 5376 est,
1334 5321 1379 5365 et
1402 5327 1502 5363 non
1522 5325 1627 5362 esse
1646 5308 1781 5376 quod
1800 5323 1902 5359 non

317 5421 415 5478 at,
432 5412 639 5482 quando
661 5428 763 5463 non
782 5420 876 5475 est,
900 5422 1099 5461 necesse
1119 5414 1211 5459 est.
1237 5404 1341 5458 Sed
1363 5418 1465 5455 non
1491 5415 1636 5453 omne
1654 5402 1788 5468 quod
1807 5408 1902 5461 est,

316 5521 521 5561 necesse
548 5512 619 5557 est
638 5518 766 5564 esse,
798 5515 887 5552 nec
914 5515 1061 5552 omne
1088 5499 1224 5567 quod
1248 5512 1345 5548 non
1369 5504 1465 5557 est,
1484 5506 1681 5545 necesse
1706 5498 1778 5543 est
1805 5504 1907 5542 non

316 5614 469 5652 esse.
492 5593 611 5647 Non
635 5592 768 5645 enim
788 5590 925 5642 idem
947 5598 1017 5641 est
1046 5605 1191 5641 omne
1211 5588 1346 5652 quod
1370 5594 1464 5647 est,
1495 5581 1777 5636 necessario
1801 5595 1908 5634 esse

316 5686 525 5759 quando
556 5692 658 5743 est,
688 5690 733 5733 et
759 5678 1057 5747 simpliciter
1084 5695 1187 5734 esse
1214 5694 1278 5732 ea:
1307 5676 1617 5731 necessitate.
1655 5671 1905 5727 Similiter

316 5790 491 5832 autem
521 5784 565 5829 et
589 5773 642 5825 is:
662 5786 722 5824 so
740 5771 877 5830 quod
905 5784 1005 5821 non
1030 5779 1121 5823 est.

2014 4665 2181 4719 oculis
2203 4664 2344 4717 enim
2366 4670 2417 4716 et
2450 4661 2703 4714 dentibus
2733 4658 2814 4713 illi
2838 4659 3037 4713 candor
3066 4660 3252 4726 inest),
3277 4662 3349 4715 ita
3378 4676 3592 4732 quoque

2014 4758 2202 4812 falsum
2226 4763 2307 4808 est
2324 4754 2602 4807 Socratem
2626 4766 2690 4803 ex
2715 4749 3034 4803 necessitate
3052 4748 3240 4804 sedere
3255 4750 3586 4819 simpliciter.

2016 4850 2208 4903 Verum
2232 4854 2408 4899 autem
2432 4851 2515 4897 est
2536 4842 2673 4895 hanc
2688 4838 3058 4895 necessitatem
3083 4839 3134 4893 in
3157 4841 3337 4911 aliquo
3360 4846 3590 4911 quodam

2014 4952 2229 5009 [.Ottere,
2257 4945 2313 4992 et
2334 4950 2439 4988 non
2464 4931 2778 5002 simpliciter
2801 4930 3100 4999 praedicari,
3128 4943 3183 4985 ut
3207 4931 3444 4985 dicamus
3468 4946 3590 4988 tunc

2009 5048 2133 5086 cum
2182 5026 2353 5084 sedet.
2382 5022 2842 5093 Quemadmodum
2891 5022 3032 5076 enim
3065 5022 3117 5076 in
3166 5023 3281 5077 sole
3322 5024 3588 5089 dicimus,

2007 5123 2261 5194 quoniam
2292 5120 2461 5175 solem
2494 5116 2697 5173 moveri
2728 5129 2946 5169 necesse
2974 5125 3056 5169 est
3078 5115 3408 5183 simpliciter.
3440 5116 3482 5170 si
3515 5118 3586 5170 ita

2010 5216 2278 5277 dicamus,
2330 5210 2609 5267 Socratem
2644 5207 2830 5263 sedere
2867 5218 3088 5260 necesse
3118 5217 3231 5270 est,
3257 5206 3447 5260 falsum
3480 5218 3585 5261 est.

2011 5310 2105 5366 Sin
2136 5321 2263 5361 vero
2315 5318 2674 5359 marmoreum
2715 5301 2992 5355 Socratem
3022 5297 3294 5361 dicamus,
3335 5300 3583 5367 quoniam

2013 5410 2371 5455 marmoreum
2393 5396 2667 5449 Socratem
2692 5389 2882 5445 sedere
2910 5402 3132 5441 necesse
3155 5396 3256 5440 εει.
3282 5389 3327 5440 εἰ
3355 5387 3579 5444 fortasse

2008 5492 2202 5545 sedens
2234 5487 2494 5541 formatus
2514 5484 2607 5546 sit,
2632 5494 2812 5534 verum
2843 5488 2943 5543 cst,
2975 5487 3029 5532 et
3058 5478 3372 5545 simpliciter
3396 5480 3463 5533 de
3493 5481 3584 5535 tali

2008 5586 2231 5639 Socrate
2259 5578 2552 5636 necessitas
2592 5574 2786 5643 poterit
2830 5570 3125 5639 prtedicari.
3162 5570 3378 5640 De'ipso
3406 5582 3584 5630 autem

2010 5678 2231 5735 Socrate
2252 5669 2571 5739 simpliciter
2586 5666 2703 5741 talis
2728 5665 3019 5720 necessitas
3041 5678 3146 5717 non
3168 5663 3379 5719 dicitur.
3404 5666 3585 5735 Neque

2007 5769 2149 5825 enim
2202 5764 2315 5821 ﬁeri
2350 5769 2529 5829 potest
2574 5770 2631 5815 ut
2658 5761 2912 5818 Socrates
2952 5772 3019 5814 ex
3046 5757 3365 5817 necessitate
3401 5760 3584 5819 sedeat
