4270 6266
647 296 749 355 515

1856 300 1965 361 AN.
2007 304 2213 361 MANL.
2256 256 2675 363 sem-nomn

3800 302 3858 363 5|
3869 302 3911 360 6.

645 424 741 481 nisi
770 424 995 479 fortasse
1022 436 1141 479 cum
1180 422 1361 487 sedet,
1393 429 1520 476 tunc
1548 420 1689 477 enim
1717 434 1834 476 cum
1866 419 2047 483 sedet,
2074 435 2211 490 quo.
2242 426 2292 481 Α
2318 418 2448 473 falsa
2467 460 2482 486 ,
2512 427 2601 473 aut
2624 418 2768 474 enim
2796 419 3033 474 lecturus
3059 426 3163 487 est,
3195 428 3285 475 aut
3306 434 3409 475 non
3438 421 3691 485 lecturus,
3714 434 3764 477 et
3804 426 3905 480 hoc

645 516 963 572 niani-sedet
993 523 1049 569 et
1073 528 1176 567 non
1208 521 1382 581 potest
1412 528 1515 566 non
1542 515 1752 573 sedere,
1778 526 1841 566 ex
1895 512 2214 566 necessitate

586 652 595 659 .
644 611 793 665 sedet
822 605 1021 676 alioqui
1052 606 1363 675 simpliciter
1388 614 1442 658 et
1466 620 1569 657 non
1596 618 1661 658 ex
1694 598 2015 657 neces‘sitate
2040 602 2214 667 sedet,

645 703 738 757 sed
760 701 1149 769 rontingeuter.
1183 696 1363 751 Potest
1392 679 1530 750 enim
1572 710 1814 764 surgere.
1849 694 2003 762 Quod
2036 704 2213 749 autem

646 811 707 852 ex
740 795 1057 849 necessitate
1078 790 1394 860 simpliciter
1422 798 1533 855 est,
1558 790 1701 842 illam
1746 804 1851 843 non
1887 795 2062 857 potest
2086 803 2217 857 per-

646 896 849 942 mutare
899 884 1290 945 nrcessitatem,
1321 889 1378 934 ut
1407 880 1658 949 quoniam
1692 880 2006 946 simpliciter
2046 878 2214 933 solem

646 978 843 1034 moveri
874 989 1092 1031 necesse
1121 984 1234 1038 εει,
1268 972 1347 1027 sol
1386 983 1529 1026 stare
1570 972 1713 1025 nulla
1762 972 1970 1026 ratione
2018 978 2213 1039 potest.

647 1066 756 1124 Hoc
786 1068 945 1136 igitur
984 1064 1300 1119 Aristoteles
1330 1061 1490 1129 dicit,
1535 1077 1695 1115 omne
1722 1062 1863 1131 quod
1894 1070 1975 1116 est
2003 1062 2217 1131 quando

646 1173 742 1225 est,
774 1168 827 1215 et
865 1172 1024 1211 omne
1051 1156 1190 1225 quod
1240 1169 1346 1208 non
1378 1162 1488 1217 est,
1532 1154 1749 1223 quando
1796 1169 1902 1206 non
1939 1162 2053 1217 est,
2098 1166 2217 1208 esse

645 1267 758 1307 cum
780 1250 1085 1306 conditione
1106 1260 1159 1303 et
1178 1263 1285 1301 non
1309 1262 1449 1311 esse,
1478 1260 1698 1301 necesse
1718 1256 1821 1308 est,
1850 1245 1945 1299 scd
1974 1259 2078 1299 non
2102 1246 2220 1299 sine

644 1343 945 1401 conditione
992 1350 1086 1395 aut
1130 1354 1249 1394 esse
1278 1348 1367 1393 aut
1416 1354 1521 1391 non
1552 1352 1671 1392 esse
1710 1336 2045 1405 simpliciter.
2095 1335 2220 1391 Hac

642 1438 781 1493 anim
826 1436 953 1490 solis
994 1434 1098 1487 illis
1148 1431 1555 1487 necessitatibus
1601 1428 1852 1483 attributa
1898 1435 2026 1481 sunt
2074 1442 2222 1496 qua:-

643 1543 851 1599 cunque
877 1526 1072 1581 nullius
1102 1525 1350 1593 potentiae
1378 1531 1470 1576 aut
1508 1520 1843 1591 cognationis
1878 1520 1942 1573 ad
1975 1518 2221 1589 opposita

642 1629 792 1682 sunt,
826 1628 884 1673 ut
920 1618 997 1672 sol
1029 1616 1093 1669 ad
1125 1616 1356 1685 quietem
1378 1657 1390 1676 ,
1424 1614 1503 1666 vel
1536 1613 1674 1681 ignis
1715 1613 1779 1664 ad
1819 1612 2005 1679 frigus.
2039 1610 2221 1679 Neque

644 1716 780 1772 enim
810 1713 948 1767 idem
992 1721 1094 1774 cst,
1141 1710 1339 1778 inquit,
1380 1707 1695 1761 Arismteles
1721 1746 1736 1769 ,
1777 1722 1844 1760 ex
1901 1707 2221 1759 necessitate

2316 512 2541 566 confuse
2570 522 2625 565 et
2668 512 2856 565 intota
2886 512 3129 567 oratione
3177 523 3539 582 perspectum.
3580 514 3683 571 Sed
3731 519 3903 571 nullus

2319 613 2489 673 potest
2512 603 2751 658 dividere
2771 613 2823 658 et
2845 604 3189 671 respondere,
3214 607 3467 674 quoniam
3486 621 3605 659 vera
3629 614 3711 659 est
3759 609 3902 662 etle-

2320 704 2530 749 cturum
2553 709 2673 747 cum
2697 709 2837 761 esse,
2858 695 2942 748 vel
2970 708 3116 749 certe
3138 696 3387 762 quoniam
3408 711 3531 750 vera
3553 705 3636 750 est
3658 712 3762 751 non
3783 711 3906 752 eum

2319 800 2439 842 esse
2462 786 2741 841 lecturum.
2768 786 2878 840 Hoc
2906 796 3086 840 autem
3117 802 3222 841 non
3254 788 3407 853 quod
3423 789 3702 847 audientes
3730 789 3796 842 de
3831 789 3910 842 [ιι-ι

2322 889 2443 934 turo
2481 880 2800 943 nesciamus,
2833 879 2926 933 sed
2948 879 3087 948 quod
3115 879 3302 933 eadem
3331 894 3417 933 res
3444 890 3497 934 et
3524 895 3642 935 esse
3665 883 3832 951 possit
3857 890 3911 934 et

2323 983 2427 1023 non
2466 985 2605 1024 esse.
2642 969 2851 1037 Alioqui
2891 968 2938 1023 si
2968 984 3032 1022 ex
3063 979 3241 1023 nostra
3273 970 3493 1024 scientia
3522 970 3623 1024 hoc
3647 972 3910 1038 eveniret,

2321 1069 2374 1115 et
2403 1077 2507 1116 non
2545 1077 2607 1116 ex
2640 1060 2873 1131 ipsarum
2902 1076 3079 1116 rerum
3111 1062 3348 1115 variabili
3376 1074 3427 1117 et
3460 1064 3735 1119 indefinito
3791 1080 3914 1131 tro-

2326 1163 2488 1208 ventu
2508 1198 2521 1221 ,
2564 1154 2657 1208 illa
2686 1168 2871 1208 rursus
2894 1155 3299 1224 impossibilitas
3321 1156 3690 1225 contingeret,
3717 1169 3773 1211 ut
3796 1173 3914 1212 om-

2323 1244 2406 1298 nia
2438 1248 2725 1299 necessitas
2740 1245 3158 1299 administraret.
3182 1245 3298 1300 Non
3319 1250 3459 1302 enim
3490 1258 3708 1317 propter
3728 1249 3913 1303 scien-

2327 1338 2455 1389 tiam
2474 1346 2710 1390 nostram
2741 1336 2880 1405 quod
2903 1351 2967 1391 ex
2992 1339 3307 1391 necessitate
3335 1347 3438 1403 est,
3469 1349 3780 1392 eventurum
3806 1347 3914 1395 est.

2328 1428 2431 1483 Sed
2460 1428 2668 1482 etiamsi
2697 1443 2793 1482 nos
2818 1430 3120 1482 nesciamus
3140 1469 3154 1493 ,
3186 1429 3291 1482 erit
3317 1438 3491 1485 tamen
3517 1433 3633 1497 ejus
3659 1434 3730 1484 rei
3756 1445 3915 1485 even.

2328 1530 2414 1576 tus
2460 1522 2804 1587 constitutus,
2860 1531 2913 1577 et
2962 1522 3324 1577 indubitanter
3354 1524 3497 1576 illam
3546 1540 3658 1578 rem
3690 1524 3915 1581 futuram

2284 1624 2289 1631 '
2327 1628 2446 1669 esse
2491 1630 2709 1669 necesse
2737 1624 2838 1669 est.
2885 1615 3023 1685 Ergo
3053 1615 3303 1684 quoniam
3335 1616 3435 1670 hoc
3470 1618 3581 1671 tieri
3616 1623 3831 1685 nequit,
3864 1626 3917 1679 et

2328 1714 2453 1760 sunt
2468 1692 2709 1773 quaedam
2742 1720 2861 1775 qua:
2887 1722 2990 1759 non
3019 1721 3085 1760 ex
3114 1707 3431 1762 necessitate
3454 1710 3798 1776 proveniant,
3823 1710 3917 1766 sed

645 1824 759 1867 esse
802 1806 997 1877 aliquid
1033 1805 1243 1874 qttaudo
1276 1813 1357 1857 est
1378 1803 1429 1855 in
1461 1801 1797 1863 conditione,
1831 1799 1913 1852 vel
1951 1814 2056 1851 non
2100 1812 2220 1852 esse
2251 1797 2299 1857 B
2325 1797 2720 1867 contingenter,
2758 1798 2810 1851 in
2844 1799 2927 1852 his
2953 1812 3254 1868 quanquam
3290 1800 3450 1852 totius
3476 1801 3917 1858 contradictiouis

645 1903 851 1976 quando
881 1917 983 1955 non
1014 1907 1132 1965 est,
1179 1906 1232 1951 et
1260 1896 1573 1963 simpliciter
1604 1892 1783 1947 dicere
1815 1891 1993 1944 omnia
2027 1907 2093 1945 ex
2123 1906 2221 1946 ne-

646 1995 891 2051 cessitate
915 2006 1066 2055 esse,
1100 1991 1179 2042 vel
1211 2003 1317 2041 non
1351 2001 1490 2040 esse.
1518 1984 1652 2037 Illud
1688 1984 1828 2037 enim
1860 1981 2096 2036 conditio
2131 1996 2221 2036 ve.

647 2064 759 2141 min
786 2084 927 2146 fecit,
954 2082 1004 2135 in
1027 2080 1129 2133 hoc
1157 2077 1513 2145 simplicitatis
1529 2084 1713 2128 natura
1728 2073 1891 2128 efficit
1918 2073 2215 2126 veritatem.

648 2170 898 2232 Similiter
919 2180 1117 2235 autem,
1146 2171 1335 2239 inquit,
1379 2177 1429 2220 et
1463 2169 1513 2220 in
1542 2182 1606 2220 eo
1634 2165 1774 2235 quod
1803 2180 1905 2219 non
1936 2174 2049 2232 est,
2080 2164 2219 2217 idem

646 2278 745 2326 est.
775 2267 888 2322 Non
918 2265 1060 2321 enim
1091 2280 1248 2319 omne
1276 2262 1415 2332 quod
1447 2276 1551 2315 non
1574 2271 1675 2325 εει,
1707 2275 1811 2313 non
1840 2273 1959 2313 esse
2001 2271 2221 2312 necesse

647 2369 755 2426 est,
785 2358 880 2413 sed
924 2367 1048 2413 tunc
1074 2372 1195 2411 cum
1227 2369 1333 2409 non
1365 2363 1479 2418 est,
1512 2363 1635 2405 tunc
1677 2366 1783 2405 non
1834 2365 1953 2404 csse
2002 2361 2224 2403 necesse

646 2460 747 2517 est,
780 2460 834 2505 et
879 2450 1065 2504 hocin
1118 2445 1425 2502 conditione
1463 2459 1682 2507 rursus,
1720 2459 1825 2498 non
1884 2440 2220 2511 simplit-iter.

650 2539 856 2596 Duabus
905 2540 1062 2608 igitur
1105 2538 1186 2591 his
1218 2536 1627 2591 neces~itatibus
1658 2534 2069 2598 demonstratis,
2121 2547 2225 2587 una

578 2630 583 2634 ’
654 2633 851 2690 scilicet
880 2627 1251 2691 conditionali,
1278 2628 1444 2681 altera
1475 2627 1728 2694 simplici.
1764 2625 1968 2679 Rursus
1997 2624 2061 2675 ad
2092 2638 2225 2677 con-

647 2720 1016 2778 tradictionem
1040 2717 1106 2770 de
1137 2718 1309 2770 futuro
1333 2716 1773 2785 contingentique
1798 2715 2104 2773 revertitur.

720 2810 785 2864 Et
813 2811 864 2862 in
893 2806 1295 2862 contradictione
1340 2808 1517 2860 eadem
1548 2809 1680 2860 ratio
1710 2818 1801 2861 cat.
1851 2805 1977 2860 Esse
2023 2805 2227 2873 quidem

649 2904 724 2959 vel
749 2920 847 2957 non
877 2918 981 2956 esse
1011 2917 1171 2965 omne,
1209 2916 1406 2954 necesse
1437 2908 1531 2963 est,
1560 2911 1606 2953 et
1624 2899 1857 2969 futurum
1879 2914 1983 2953 esse
2006 2899 2081 2951 vel
2104 2913 2226 2950 non.

656 2995 772 3051 Non
822 3005 989 3049 tamen
1036 2994 1341 3047 dividentem
1385 2992 1550 3045 dicere
1599 2994 1816 3044 alterum
1866 2992 2225 3045 necessarium.

656 3087 779 3142 Dico
807 3099 975 3141 autem
996 3096 1049 3140 ut
1078 3102 1277 3139 necesse
1302 3096 1373 3139 est
1416 3084 1615 3152 quidem
1646 3099 1752 3136 esse
1781 3086 2011 3151 futurum
2044 3080 2229 3135 bellum

2328 1894 2379 1946 in
2403 1891 2642 1961 qualibet
2663 1891 2776 1961 ejus
2809 1891 2956 1961 parte
2986 1893 3188 1945 veritas
3218 1890 3519 1945 inveniatur
3545 1902 3635 1945 aut
3675 1894 3919 1963 falsitas,

2328 2000 2431 2038 nou
2475 1993 2654 2038 tamen
2688 1992 2745 2037 ut
2784 1982 2974 2050 aliquis
3018 1983 3221 2036 dividat
3265 1993 3317 2037 et
3349 1984 3490 2036 dicat
3518 1984 3657 2037 hanc
3701 1985 3919 2053 quidem

2329 2091 2507 2129 veram
2537 2091 2679 2141 esse,
2701 2075 2848 2128 illam
2870 2090 2998 2129 vero
3028 2076 3234 2141 falsam,
3263 2076 3401 2143 quod
3435 2076 3737 2142 hujustnodi
3764 2091 3921 2131 tuon-

2328 2167 2519 2221 stravit
2545 2167 2814 2236 exemplo.
2845 2166 2978 2220 Cras
3006 2166 3148 2219 enim
3190 2166 3385 2220 bellum
3424 2168 3613 2219 navale
3646 2166 3763 2221 ﬁeri
3786 2208 3798 2231 ,
3830 2175 3922 2224 aut

2330 2275 2435 2314 non
2466 2258 2580 2312 fieri
2623 2272 2842 2312 necesse
2871 2267 2981 2320 est,
3022 2273 3125 2310 non
3160 2264 3336 2311 tamen
3368 2272 3433 2311 ex
3468 2258 3791 2311 necessitate
3832 2258 3919 2315 fiet

2328 2367 2467 2418 cras,
2499 2360 2589 2405 aut
2623 2350 2946 2404 necessitate
2981 2364 3101 2403 cras
3135 2350 3392 2424 non‘iiet.
3431 2348 3496 2403 Ut
3533 2349 3707 2417 possit
3731 2348 3920 2418 aliquis

2332 2443 2573 2498 dividere
2599 2454 2649 2497 et
2680 2440 2973 2511 praedicare
3017 2441 3205 2495 dicens
3227 2482 3241 2505 ,
3274 2454 3393 2493 cras
3426 2440 3547 2504 fiet,
3579 2452 3633 2491 ut
3666 2441 3765 2491 llO‘
3800 2456 3920 2499 vere

2329 2533 2490 2598 dicat,
2514 2545 2565 2587 et
2593 2532 2663 2586 ita
2688 2549 2751 2586 ex
2779 2532 2998 2585 detinito
3023 2531 3328 2600 contingat,
3359 2531 3444 2585 vel
3468 2545 3651 2585 rursus
3673 2545 3793 2585 cras
3815 2545 3919 2586 non

2332 2624 2443 2693 ﬁet,
2474 2635 2527 2679 et
2558 2627 2657 2679 hoc
2686 2625 2873 2679 eodem
2908 2622 3067 2677 modo
3088 2624 3387 2692 proveniat,
3423 2624 3521 2678 hoc
3550 2625 3664 2677 fieri
3696 2640 3800 2677 non
3828 2640 3921 2691 pu-

2333 2728 2469 2784 test,
2504 2717 2595 2771 sed
2631 2728 2832 2770 tantum
2861 2714 3133 2770 indefinite
3154 2730 3487 2785 quaecunque
3518 2733 3617 2770 um
3645 2733 3768 2786 pars
3790 2727 3920 2770 con:

2330 2810 2666 2866 tradictionis
2697 2824 2820 2862 vera
2851 2817 2952 2872 est,
2984 2809 3147 2862 altera
3182 2808 3334 2874 falsa,
3367 2808 3460 2861 sed
3490 2826 3608 2878 qttte
3646 2814 3916 2865 evenerit.

2337 2904 2575 2958 Eventus
2627 2910 2804 2956 autem
2857 2901 3094 2970 ipsorum
3151 2899 3476 2957 indiscretus
3514 2910 3628 2966 est,
3679 2910 3733 2955 et
3784 2900 3914 2955 illud
3959 2912 3967 2920 ‘

2332 2996 2473 3049 enim
2498 3004 2552 3049 et
2579 2993 2708 3048 illud
2745 2993 2937 3061 poterit
2965 2992 3199 3047 evenire.
3251 2991 3361 3045 lloc
3389 3002 3566 3044 autem
3610 2992 3811 3046 idcirco
3840 3000 3920 3047 est

2335 3087 2587 3155 quoniam
2618 3101 2723 3138 non
2750 3094 2831 3137 est
2870 3099 2936 3138 ex
2965 3082 3360 3153 antiquioribus
3390 3083 3711 3151 quibusdam
3744 3083 3920 3137 causis

654 3179 825 3233 navale
843 3196 975 3246 cras,
1006 3178 1079 3232 vel
1109 3195 1210 3231 non
1244 3180 1474 3247 futurum
1506 3191 1633 3239 esse,
1668 3174 1754 3228 sed
1785 3191 1887 3227 non
1921 3189 2117 3227 necesse
2153 3163 2304 3227 estC
2334 3178 2573 3248 pendens
2625 3190 2802 3230 rerum
2852 3185 3097 3229 eventus.
3139 3174 3209 3229 Ut
3231 3175 3473 3243 quaedam
3528 3175 3921 3242 quodammodo

654 3276 880 3342 Murum
907 3286 1012 3324 esse
1032 3285 1143 3322 cras
1165 3268 1349 3321 bellum
1380 3267 1579 3331 navale,
1622 3267 1698 3319 vel
1728 3282 1829 3317 non
1853 3265 2078 3333 futurum
2102 3277 2228 3316 esse.

653 3360 908 3415 Futurum
928 3369 1098 3412 autem
1123 3360 1199 3411 vel
1249 3374 1356 3411 8850
1397 3355 1485 3409 νει
1505 3372 1603 3408 ηοη
1632 3368 1740 3407 8888
1764 3368 1961 3406 11868868
1991 3360 2085 3405 δεῖ.

723 3449 1035 3503 Planissime
1065 3462 1184 3515 quae
1212 3446 1474 3501 sententia
1506 3444 1800 3497 haberetur
1820 3442 1889 3495 de
1918 3442 2232 3510 contingen-

651 3540 791 3596 tibus
831 3537 1280 3607 propositionibus
1313 3543 1367 3589 et
1398 3534 1591 3587 futuris
1621 3535 1870 3601 exposuit
1894 3532 2079 3586 dicens
2106 3550 2121 3584 :
2176 3530 2230 3585 In

651 3628 730 3686 his
780 3628 991 3699 quidem
1050 3637 1214 3682 totam
1273 3625 1756 3681 contradictionem
1814 3625 2009 3680 dictam
2067 3640 2228 3679 unam

650 3724 938 3796 quamlibet
959 3731 1160 3793 partem
1187 3737 1367 3776 verant
1384 3720 1603 3785 habere,
1633 3721 1855 3773 alteram
1890 3718 2078 3774 falsam
2097 3762 2109 3784 ,
2138 3718 2232 3771 sed

652 3829 753 3873 non
779 3826 836 3871 ut
855 3816 1045 3885 aliquis
1064 3813 1265 3869 dividat
1287 3823 1446 3883 atque
1476 3814 1813 3883 respondeat.
1847 3814 1994 3867 llanc
2014 3812 2231 3882 quidem

652 3920 712 3960 ex
742 3907 1062 3960 necessitate
1088 3919 1210 3959 esse
1240 3919 1442 3963 veram.
1479 3904 1623 3958 illam
1648 3918 1779 3957 vero
1811 3918 1878 3958 ex
1912 3903 2235 3957 necessitate

650 4000 866 4055 alteram
907 3998 1118 4066 falsam,
1167 4008 1224 4053 ut
1275 3998 1324 4052 iu
1382 4013 1448 4053 eo
1489 3995 1631 4067 quod
1661 3995 1923 4061 dicimus,
1958 3996 2037 4049 sol
2072 3994 2235 4050 hodie

651 4088 873 4155 occidet,
901 4089 981 4143 sol
1014 4088 1171 4143 hodie
1220 4104 1325 4141 non
1358 4086 1569 4143 occidet
1595 4128 1610 4153 ,
1660 4086 1910 4140 facillime
1940 4086 1993 4139 in
2022 4085 2105 4139 his
2136 4084 2237 4139 ali-

651 4186 766 4253 quis
803 4181 1045 4236 dividens
1082 4178 1242 4244 dit-it,
1277 4179 1524 4248 quoniam
1555 4176 1725 4231 solem
1759 4175 1919 4230 hodie
1951 4176 2229 4243 occidere,

651 4286 712 4330 ex
739 4275 1053 4330 necessitate
1080 4287 1261 4326 verum
1293 4279 1405 4333 est,
1441 4287 1546 4324 non
1573 4271 1841 4331 occidere,
1886 4282 1954 4323 ex
2002 4267 2237 4322 necessi-

651 4371 754 4420 tate
778 4366 987 4427 falsum.
1013 4361 1085 4417 Ita
1112 4377 1233 4417 sese
1258 4361 1419 4414 habet
1444 4360 1744 4413 divinorum
1774 4371 2061 4426 corporum
2095 4358 2235 4410 ratio

651 4470 702 4514 et
729 4468 913 4513 natura
936 4498 949 4521 ,
984 4467 1039 4512 ut
1070 4457 1123 4509 in
1156 4456 1238 4509 his
1268 4454 1418 4508 nulla
1462 4454 1713 4523 cognatio
1749 4453 1818 4506 sit
1850 4451 1918 4506 ad
1945 4452 2189 4523 opposita
2215 4493 2229 4516 ,

2339 3267 2676 3324 necessitatis
2703 3276 2889 3320 catena
2921 3268 3019 3330 sit,
3051 3267 3142 3320 sed
3172 3267 3348 3333 potius
3374 3265 3501 3319 haec
3528 3281 3592 3319 ex
3622 3275 3811 3319 nostro
3837 3280 3922 3318 ar-

2336 3359 2501 3414 bitrio
2525 3370 2579 3411 et
2610 3358 2777 3411 libera
2817 3358 3093 3411 voluntate
3139 3364 3294 3422 sunt,
3344 3357 3398 3408 in
3448 3355 3639 3424 quibus
3667 3366 3748 3408 est
3780 3355 3922 3412 nulla

2336 3449 2649 3503 necessitas.
2681 3446 2835 3514 Quod
2864 3449 2934 3510 si,
2964 3447 3160 3515 inqult,
3195 3447 3440 3502 similiter
3468 3448 3738 3501 orationes
3781 3461 3922 3503 verae

2335 3549 2459 3594 sunt
2502 3537 2953 3608 quemadmodum
2978 3547 3034 3590 et
3081 3552 3196 3601 res,
3230 3538 3332 3591 hoc
3358 3537 3583 3606 su'n'ipsit
3623 3551 3653 3590 a
3680 3536 3921 3599 Platone,

2336 3630 2423 3699 qui
2451 3628 2587 3682 dixit
2613 3627 2858 3681 similiter
2890 3643 2946 3681 se
2990 3627 3187 3682 habere
3230 3628 3499 3682 orationes
3532 3627 3692 3682 rebus
3712 3669 3727 3695 ,
3757 3636 3812 3681 et
3836 3642 3924 3681 co-

2336 3732 2525 3793 gnatas
2553 3721 2945 3790 quodammodo
2978 3736 3099 3775 es~e
3134 3724 3184 3774 in
3208 3722 3321 3787 ipsa
3353 3722 3766 3791 significatione,
3800 3730 3855 3773 ut
3883 3720 3923 3779 si

2336 3815 2442 3869 sint
2470 3831 2555 3869 res
2591 3796 3049 3882 impermutablles
3078 3822 3132 3866 et
3164 3813 3374 3867 ratione
3412 3813 3583 3867 stabili
3610 3827 3923 3881 permaneat.

2339 3917 2417 3962 tes
2436 3949 2449 3970 ,
2475 3907 2648 3962 oratio
2666 3922 2876 3977 quoque
2901 3907 2968 3960 de
2986 3906 3065 3960 liis
3089 3921 3211 3959 vera
3236 3914 3383 3959 esset
3403 3916 3456 3960 et
3480 3906 3803 3961 necessaria.
3825 3906 3922 3962 Sin

2336 4014 2468 4055 vero
2497 4013 2636 4055 esset
2670 4014 2756 4052 res
2803 4012 2923 4067 quae
2951 3998 3211 4051 varietate
3257 4007 3465 4051 naturae
3502 4013 3774 4064 nunquam
3803 4012 3920 4063 per-

2338 4100 2499 4159 petuo
2530 4096 2885 4157 permaneret,
2918 4086 2970 4140 in
2996 4087 3330 4141 orationibus
3358 4102 3569 4156 quoque
3600 4087 3698 4139 lixa
3729 4089 3926 4142 veritas

2341 4199 2445 4236 non
2472 4191 2637 4245 esset,
2673 4190 2725 4234 et
2754 4180 2900 4233 nulla
2933 4195 3027 4247 per
3059 4178 3362 4247 huiusmodi
3382 4180 3657 4233 orationes
3696 4181 3923 4233 demon-

2344 4275 2531 4327 stratio
2571 4272 2895 4339 proveniret.
2945 4272 3054 4324 lloc
3083 4285 3208 4336 ergo
3248 4284 3464 4324 sumens
3503 4267 3819 4323 Aristoteles
3868 4279 3923 4325 ut

2342 4365 2541 4435 Optime
2562 4364 2789 4427 dictum,
2817 4364 2892 4417 sic
2932 4363 3036 4417 ait:

2388 4446 2582 4521 Quare
2601 4457 2844 4525 quoniam
2871 4455 3129 4507 orationes
3156 4452 3385 4506 similiter
3413 4467 3546 4507 uerte
3568 4462 3717 4516 sunt,
3748 4469 3925 4523 quem,

650 4559 805 4623 atque
830 4550 950 4604 ideo
978 4547 1062 4603 vel
1097 4546 1237 4617 quod
1280 4554 1444 4611 sunt,
1485 4560 1547 4600 ex
1582 4544 1909 4600 necessitate
1937 4554 2100 4610 sunt,
2147 4545 2232 4599 vel
2260 4528 2619 4605 Dadmodum
2668 4560 2714 4603 et
2751 4565 2860 4617 res,
2907 4551 3235 4616 manifestum
3284 4557 3357 4602 est
3396 4547 3639 4618 quoniam
3687 4565 3923 4614 quacun-

650 4639 789 4711 quod
837 4653 942 4693 non
992 4647 1150 4704 sunt,
1185 4652 1249 4692 ex
1300 4635 1618 4703 necessitate
1657 4651 1765 4689 non
1796 4644 1939 4689 sunt.
1986 4635 2059 4688 Ea
2100 4651 2231 4689 vero

652 4720 766 4801 quas
789 4732 840 4783 in
865 4730 1213 4799 generatione
1239 4737 1295 4783 et
1321 4727 1661 4795 corruptione
1689 4736 1835 4793 sunt,
1856 4744 1957 4781 non
1984 4729 2056 4781 ita
2079 4736 2230 4794 sunt,

652 4821 847 4877 habent
888 4822 1031 4877 enim
1065 4822 1167 4875 hoc
1194 4822 1309 4889 ipso
1334 4819 1476 4889 quod
1503 4829 1555 4874 et
1580 4819 1869 4890 gignuntur
1900 4830 1954 4873 et
1983 4835 2233 4875 corrum-

653 4923 843 4985 puntur
884 4912 949 4966 ad
981 4912 1225 4981 opposita
1251 4911 1621 4979 cognationem
1642 4952 1657 4976 ,
1689 4920 1847 4978 atque
1896 4910 2017 4964 ideo
2048 4912 2101 4965 in
2144 4912 2230 4966 his

652 5022 757 5060 non
781 5016 861 5057 est
894 5018 1052 5057 unam
1103 5010 1307 5070 partem
1347 5000 1793 5054 contradictionis
1833 5015 2105 5054 assumere
2129 5045 2142 5069 ,
2178 5012 2232 5057 et

653 5111 767 5151 eam
797 5095 1105 5151 necessario
1134 5108 1253 5149 esse
1287 5094 1611 5160 praedicare,
1644 5102 1699 5145 et
1726 5108 1911 5147 rursus
1942 5093 2101 5147 aliam
2133 5111 2232 5149 ne-

653 5192 890 5243 cessario
936 5204 1041 5243 non
1070 5202 1189 5242 esse
1240 5199 1567 5256 proponere,
1617 5186 1860 5253 quamvis
1905 5185 2071 5241 totius
2105 5203 2234 5241 con-

654 5280 989 5335 tradictionis
1012 5294 1115 5334 una
1140 5276 1389 5348 qumlibet
1420 5289 1545 5342 pars
1571 5290 1692 5330 vera
1715 5276 1818 5342 sit,
1861 5277 2025 5331 altera
2074 5277 2229 5345 falsa,

655 5371 746 5427 sed
778 5373 1059 5441 incognita:
1082 5380 1135 5426 et
1178 5368 1500 5434 indelinitm,
1541 5376 1595 5421 et
1642 5382 1749 5421 non
1803 5366 1976 5422 nobis.
2035 5368 2228 5425 Verum

656 5465 777 5533 quia
830 5474 1018 5520 natura
1070 5466 1303 5534 ipsarum
1350 5476 1527 5517 rerum
1579 5477 1698 5530 quae
1746 5475 2110 5531 proponuntur
2136 5467 2233 5519 du-

656 5554 889 5610 bitabilis
911 5565 1027 5622 est,
1059 5564 1117 5612 ut
1144 5558 1195 5612 in
1226 5571 1288 5611 ea
1312 5554 1675 5625 propositione
1703 5569 1823 5625 qua:
1845 5565 1947 5619 est,
1982 5556 2232 5613 Socrates

660 5648 815 5704 hodie
846 5649 1078 5704 lecturus
1108 5659 1213 5724 est,
1242 5650 1490 5705 Socrates
1515 5649 1673 5705 hodie
1709 5650 1946 5727 lecturus
1980 5667 2083 5705 non
2116 5661 2229 5717 est,

661 5737 820 5792 totius
868 5738 1080 5805 quidem
1134 5739 1700 5797 contradictionis~una
1750 5758 1872 5799 vera
1904 5753 2017 5809 est,
2066 5742 2231 5800 altera

2336 4661 2433 4716 que
2463 4642 2537 4696 sic
2564 4660 2615 4695 se
2643 4641 2847 4706 habent,
2894 4653 2948 4693 ut
2977 4642 3268 4695 utrumlibet
3300 4642 3433 4701 sint,
3480 4650 3525 4691 et
3557 4642 3813 4694 contraria
3844 4642 3923 4710 ip-

2339 4752 2513 4789 sorum
2554 4736 2843 4800 contingere
2864 4734 3105 4804 .possint,
3154 4749 3353 4786 necesse
3386 4741 3457 4785 est
3487 4732 3724 4786 similiter
3749 4750 3801 4787 se
3829 4734 3925 4786 ha-

2340 4828 2454 4881 bere
2482 4836 2526 4880 ct
2565 4825 3043 4879 contradictionem.
3115 4825 3264 4890 Quod
3305 4824 3550 4891 contingit
3590 4824 3643 4876 in
3693 4824 3773 4877 his
3814 4840 3925 4893 qua

2340 4935 2441 4972 non
2461 4933 2656 4987 semper
2682 4925 2827 4979 sunt,
2860 4924 2907 4968 et
2938 4931 3036 4966 non
3071 4929 3273 4985 semper
3302 4932 3401 4968 non
3431 4911 3569 4974 sunt.

2411 5010 2672 5075 Quoniam
2696 5048 2710 5073 ,
2745 5007 2936 5076 inquit,
2971 5008 3246 5062 orationes
3277 5009 3526 5065 similiter
3564 5027 3684 5065 sese
3729 5011 3926 5064 habent

2338 5098 2786 5169 quemadmodum
2820 5107 2876 5152 et
2904 5114 2988 5152 res
3013 5100 3351 5154 manifestum
3377 5112 3480 5165 est,
3507 5106 3757 5173 quoniam
3783 5117 3928 5171 (μηδ’

2340 5204 2552 5256 cunque
2579 5204 2665 5243 res
2708 5190 2777 5242 ita
2808 5200 2934 5243 sunt
2963 5200 3021 5244 ut
3048 5194 3363 5246 utrumlibet
3402 5196 3511 5247 sint
3552 5203 3609 5248 et
3653 5194 3924 5249 contraria

2336 5281 2574 5352 ipsorum
2620 5284 2929 5352 contingere
2987 5286 3233 5355 possint,
3284 5302 3502 5343 necesse
3527 5297 3612 5343 est
3658 5290 3924 5344 centradi-

2340 5380 2569 5435 ctionem
2597 5379 2666 5434 ita
2690 5394 2748 5434 se
2774 5378 2993 5445 habere,
3022 5396 3139 5450 qna!
3168 5381 3233 5434 de
3256 5380 3401 5435 il‘ius
3432 5393 3635 5436 natura:
3666 5383 3924 5437 instabili-

2341 5474 2439 5529 bus
2465 5483 2623 5543 atque
2664 5474 2957 5530 indefinitis
2989 5478 3145 5531 rebus
3178 5488 3280 5532 est.
3317 5480 3465 5544 Quod
3496 5477 3540 5532 si
3571 5493 3659 5532 res
3693 5478 3801 5532 sint
3828 5478 3924 5530 du-

2342 5567 2586 5622 bitabiles
2613 5576 2667 5622 et
2695 5567 2976 5624 indefinito
3015 5570 3368 5637 variabilique
3399 5580 3682 5638 proventu,
3714 5580 3923 5623 contra-

2343 5660 2506 5715 dictio
2537 5676 2747 5731 quoque
2773 5678 2889 5733 qua:
2920 5663 2986 5718 de
3021 5663 3105 5718 his
3130 5664 3288 5719 rebus
3316 5664 3393 5727 fit,
3425 5664 3667 5718 variabili
3693 5672 3744 5717 et
3774 5660 3924 5716 inde-

2344 5750 2493 5808 linito
2510 5763 2775 5814 proventu
2797 5755 2886 5811 sit.
2910 5756 3040 5819 Quae
3070 5763 3248 5813 autem
3278 5763 3461 5812 essent
3482 5752 3786 5821 hujusmodi
3810 5763 3920 5815 res.
