4270 6266
644 382 738 439 διε

1857 378 1967 430 ΑΝ.
2011 376 2221 431 MANL.
2265 376 2416 430 SEV.
2462 371 2686 427 BOETII

3801 367 3909 423 329

563 488 583 555 f
642 504 732 564 pra
758 499 1111 544 moaStratum
1143 497 1243 554 est,
1269 492 1321 543 in
1346 490 1521 543 futuro
1560 489 1989 557 contingentium
2024 505 2214 556 propo-
2242 491 2299 550 Α
2320 499 2496 541 autem
2523 488 2777 542 Socrates
2808 486 3065 550 ambulat,
3087 485 3331 554 quamvis
3380 484 3560 555 plures
3606 480 3904 549 ambulent,

578 571 582 575 ’
641 583 897 639 sitionum
953 579 1223 633 veritatem
1272 590 1328 632 et
1373 580 1654 631 falsitatem
1711 594 1814 630 non
1846 578 2020 630 stabili
2051 594 2220 646 neque

644 674 859 729 deﬁnita
909 671 1112 725 ratione
1150 685 1268 723 esse
1298 670 1543 731 divisam,
1586 678 1638 723 ct
1674 670 1926 738 quidquid
1957 684 2115 736 supra
2148 671 2223 722 la-

647 766 852 822 tissima
881 762 1242 832 diSputatione
1265 761 1540 827 complexa
1569 770 1672 825 est,
1703 775 1841 813 nunc
1866 760 1983 829 ejus
2010 760 2119 813 haec
2141 761 2221 811 in-

644 859 813 912 tentio
842 864 944 919 est,
992 863 1050 907 ut
1088 853 1512 921 categoricarum
1560 852 1983 919 propositionum
2037 865 2224 905 nume-

646 964 761 1005 rum
808 948 999 1013 tradat,
1026 960 1354 1014 quaecunque
1382 960 1503 997 cum
1528 944 1757 999 difﬁnito
1784 945 1865 998 vel
1897 944 2104 997 inﬁnito
2135 958 2224 997 no-

646 1042 787 1095 mine
812 1038 1126 1107 simpliriter
1156 1038 1306 1089 liuut.
1335 1036 1517 1089 Primo
1545 1036 1690 1088 enim
1722 1036 1993 1089 volumine
2018 1036 2219 1087 dictum

644 1142 945 1187 estnomen
996 1142 1134 1191 esse,
1166 1138 1221 1180 ut
1278 1128 1479 1189 homo;
1532 1126 1797 1180 inﬁnitum
1846 1140 2041 1180 nomen
2072 1140 2219 1188 vero,

645 1238 701 1281 ut
728 1240 830 1279 non
863 1227 1041 1277 homo.
1073 1221 1437 1276 Praedicativa:
1463 1231 1640 1276 autem
1670 1231 1723 1275 et
1749 1221 2067 1290 categoricc
2100 1234 2221 1288 pro-

645 1318 934 1386 positiones
963 1324 1087 1369 sunt
1116 1329 1234 1383 qua:
1275 1309 1482 1367 duobus
1514 1322 1718 1366 tantum
1748 1313 2088 1382 simplicibus
2120 1324 2227 1367 ter-

644 1409 801 1461 minis
821 1416 1087 1461 constant.
1120 1406 1233 1470 Hre,
1260 1406 1373 1459 sive
1398 1420 1519 1459 cum
1553 1405 1704 1458 ﬁnito
1734 1406 1953 1459 nomine
1983 1417 2127 1468 sunt,
2171 1414 2230 1458 ut

643 1505 745 1563 est,
782 1496 941 1550 homo
968 1494 1229 1559 ambulat,
1258 1494 1370 1548 sive
1398 1510 1515 1548 cum
1542 1495 1757 1548 nomine
1788 1494 2014 1562 inﬁnito,
2043 1505 2096 1548 ut
2120 1506 2226 1559 est,

645 1602 749 1641 non
774 1586 933 1640 homo
962 1586 1219 1639 ambulat.
1252 1587 1452 1638 llarum
1486 1587 1647 1653 igitur
1681 1588 2108 1655 prOpositionum
2138 1604 2229 1641 ca-

644 1680 998 1746 tegoricarum
1058 1668 1217 1745 atque
1284 1676 1605 1745 simplicium
1670 1679 1884 1732 tradere
1944 1694 2227 1733 numerum

645 1771 935 1832 contendit,
987 1784 1313 1837 quaecunque
1344 1768 1799 1836 tiuntadjectione
1848 1770 2087 1823 nominis
2138 1772 2223 1822 in-

2322 578 2425 630 nisi
2448 578 2558 645 ipsc
2588 578 2844 632 Socrates
2866 578 3125 643 ambulet,
3156 576 3232 630 sic
3264 578 3425 631 etiam
3476 577 3527 629 in
3570 591 3637 630 eo
3664 576 3801 645 quod
3824 584 3909 630 est

2323 668 2482 720 homo
2511 677 2563 720 et
2611 681 2714 719 non
2759 670 2939 730 homo,
2969 667 3058 735 qui
3101 667 3231 719 dicit
3273 667 3433 722 homo
3475 667 3733 732 ambulat,
3783 668 3911 721 dicit

2323 760 2572 827 quoniam
2603 757 2869 825 quoddam
2903 758 3099 811 animal
3143 757 3400 822 ambulat,
3449 766 3505 812 et
3550 758 3649 809 hoc
3694 757 3912 811 nomine

2322 859 2373 902 et
2403 848 2659 916 qualitate
2689 847 3032 911 determinat,
3059 847 3267 910 dicens,
3302 851 3462 901 homo
3500 848 3760 901 ambulat.
3808 848 3909 913 Qui

2324 954 2454 993 vero
2477 939 2605 992 dicit
2630 954 2733 992 non
2754 939 2912 993 homo
2940 933 3197 1001 ambulat,
3223 938 3559 1005 nonqttidem
3590 940 3768 991 omnia
3788 939 3912 991 sub-

2326 1030 2454 1093 ruit,
2508 1029 2601 1081 sed
2635 1029 2902 1082 hominem
2951 1036 3179 1079 tantum.
3227 1027 3432 1080 Czetera
3475 1042 3605 1079 vero
3658 1027 3914 1080 animalia

2327 1120 2668 1172 ambulabilia
2707 1132 2829 1173 esse
2867 1118 3193 1186 pronuntiat.
3242 1117 3379 1185 Ergo
3420 1117 3533 1169 sive
3573 1133 3761 1185 equus,
3797 1119 3915 1174 sive

2329 1212 2445 1275 bos,
2478 1212 2589 1263 sive
2641 1212 2723 1265 leo
2750 1210 3007 1274 ambulat,
3039 1224 3223 1261 verum
3276 1219 3378 1272 est,
3424 1225 3533 1263 non
3583 1207 3745 1263 homo
3793 1225 3909 1264 am-

2331 1304 2494 1367 bulat,
2520 1302 2612 1355 scd
2639 1318 2742 1356 non
2765 1312 2847 1355 est
2868 1317 3049 1356 verum
3080 1301 3242 1354 homo
3268 1302 3527 1363 ambulat,
3552 1302 3593 1352 si
3618 1317 3721 1354 non
3748 1301 3913 1357 homo

2332 1393 2447 1461 ipse
2475 1394 2729 1446 ambulet.
2759 1395 2934 1457 Quare
2954 1392 3401 1461 quemadmodum
3428 1406 3486 1443 se
3509 1389 3669 1444 habet
3695 1393 3911 1459 quidam

2333 1484 2496 1539 homo
2540 1484 2796 1547 ambulat,
2842 1485 2905 1535 ad
2938 1484 3209 1537 Socratem
3258 1481 3515 1535 ambulat.
3548 1482 3699 1546 Quod
3731 1484 3839 1535 illic
3871 1483 3918 1540 si

2336 1582 2513 1646 plures
2564 1578 2807 1631 homines
2851 1576 3207 1638 ambularent,
3268 1591 3449 1627 verum
3504 1584 3640 1634 erat.
3698 1574 3912 1642 quidam

2336 1670 2496 1723 homo
2533 1670 2797 1723 ambulat;
2849 1668 2961 1722 Non
2990 1668 3150 1721 etiam
3199 1666 3448 1721 Socrates
3497 1665 3757 1727 ambulat,
3814 1668 3914 1733 nisi

2337 1762 2449 1829 ipse
2478 1761 2723 1814 Socrates
2754 1760 3068 1825 ambularet,
3120 1760 3191 1811 ita
3224 1772 3434 1827 quoque
3462 1758 3513 1809 in
3546 1774 3609 1810 eo
3639 1760 3778 1826 quod
3809 1768 3915 1825 est,

646 1863 798 1916 ﬁniti.
828 1862 932 1917 Sed
955 1863 1203 1930 quoniam
1237 1862 1633 1931 propositiones
1678 1876 1866 1915 omnes
1898 1873 1990 1915 aut
2035 1878 2220 1917 secun-

2340 1852 2500 1906 homo
2538 1853 2792 1918 ambulat,
2824 1861 2878 1905 et
2926 1867 3028 1904 non
3079 1852 3237 1903 homo
3280 1849 3533 1914 ambulat,
3564 1850 3669 1903 dici
3719 1860 3910 1920 potest.

646 1953 769 2006 dum
792 1954 1104 2021 qualitatem
1132 1952 1404 2019 differunt,
1428 1954 1825 2006 autsecundum
1844 1956 2222 2021 quantitatem.

646 2043 946 2098 Secundum
999 2043 1309 2112 qualitatem
1340 2042 1481 2109 quod
1512 2044 1623 2096 haec
1652 2042 1864 2111 quidem
1894 2044 2219 2097 allirmativa

646 2144 747 2199 est,
782 2135 867 2188 illa
900 2148 1026 2187 vero
1054 2136 1316 2202 negativa.
1352 2133 1655 2187 Secundum
1687 2134 2042 2203 quantitatem
2078 2151 2225 2201 vero,

646 2225 786 2296 quod
818 2224 933 2281 hmc
956 2225 1173 2295 quidem
1200 2226 1343 2293 plura
1361 2225 1755 2294 complectitur,
1782 2228 1868 2279 illa
1891 2242 2017 2280 vero
2035 2243 2223 2296 pauca,

646 2320 935 2371 secundum
963 2332 1120 2387 quam
1149 2316 1502 2370 diﬁ‘erentiam
1544 2317 1624 2370 hm
1660 2320 2074 2386 propositiones,
2108 2336 2228 2389 qua:

645 2409 913 2474 dicuntur,
956 2408 1116 2462 homo
1158 2408 1417 2475 ambulat,
1464 2417 1519 2462 et
1548 2423 1754 2473 rursus,
1785 2424 1890 2462 non
1922 2411 2085 2463 homo
2112 2426 2228 2463 am-

647 2503 812 2565 bulat,
836 2518 863 2553 a
886 2517 943 2555 se
972 2499 1246 2565 diﬁerunt,
1276 2510 1367 2554 aut
1402 2503 1697 2555 secundum
1729 2503 1995 2569 quantitat
2032 2519 2105 2566 ιιι,
2134 2511 2229 2556 aut

645 2590 935 2645 secundum
971 2590 1303 2658 qualitatem.
1332 2590 1462 2643 Nam
1495 2591 1634 2658 quod
1664 2591 1805 2655 dico,
1839 2591 1999 2645 homo
2042 2593 2228 2646 ambu-

644 2682 736 2747 lat,
765 2681 1072 2751 qualitatem
1093 2681 1375 2752 quamdam
1400 2683 1733 2748 substantim,
1760 2683 1809 2736 id
1836 2696 1919 2737 est
1950 2686 2223 2739 hominem

644 2775 915 2830 ambulare
941 2775 1203 2844 designat,
1235 2781 1290 2829 et
1317 2792 1428 2830 rem
1456 2776 1731 2831 deﬁnitam
1781 2787 1939 2845 atque
1970 2779 2228 2831 substan-

644 2868 792 2931 tiam,
821 2882 937 2936 qua:
966 2882 1126 2921 unam
1159 2868 1393 2936 speciem
1436 2869 1810 2922 ambulabilem
1836 2884 1953 2922 esse
1976 2885 2225 2938 pronun-

644 2960 759 3013 tiat.
786 2958 934 3027 Quod
958 2968 1133 3013 autem
1156 2958 1295 3023 dico,
1327 2973 1429 3013 non
1462 2959 1621 3012 homo
1651 2958 1910 3019 ambulat,
1946 2960 2221 3015 hominem

643 3050 855 3120 quidem
886 3064 995 3104 rem
1040 3049 1314 3104 dellnitam
1349 3049 1500 3117 tollo,
1543 3048 1950 3103 innumerabilia
1982 3034 2113 3103 vero
2163 3051 2230 3101 si-

643 3144 855 3212 gniﬁco,
883 3157 1046 3211 quare
1084 3142 1174 3196 illa
1212 3140 1424 3211 quidem
1452 3157 1570 3209 qua:
1596 3141 1745 3204 dicit,
1790 3141 1952 3194 homo
1982 3144 2225 3195 ambulat

2318 1943 2466 1997 Nam
2510 1943 2557 1996 si
2590 1944 2765 2011 plures
2812 1942 2899 2011 qui
2933 1950 3055 1993 sunt
3086 1955 3190 1993 non
3223 1939 3465 1993 homines
3498 1941 3788 2005 ambulent,
3822 1957 3912 1996 ve-

2332 2047 2448 2086 rum
2481 2041 2563 2085 est
2606 2033 2807 2095 dicere,
2858 2030 3104 2099 quoniam
3158 2045 3261 2083 non
3312 2028 3473 2082 homo
3501 2033 3755 2097 ambulat,
3808 2046 3915 2087 non

2333 2133 2508 2176 autem
2538 2138 2720 2176 verum
2749 2131 2830 2175 est
2858 2121 3036 2174 dicere
3060 2121 3306 2189 quoniam
3334 2119 3494 2172 homo
3521 2121 3780 2187 ambulat,
3806 2123 3912 2177 nisi

2334 2215 2446 2282 ipse
2476 2213 2637 2267 homo
2675 2214 2930 2278 ambulet,
2963 2211 3251 2265 secundum
3272 2212 3637 2265 deﬁnitionem
3661 2228 3790 2283 ergo
3819 2229 3916 2283 po-

2332 2303 2439 2358 tius
2465 2315 2519 2359 et
2549 2304 2925 2374 proprietatem
2960 2303 3208 2356 videntur
3244 2302 3570 2370 discrepare,
3616 2318 3771 2372 quam
3812 2310 3915 2359 se:

2332 2395 2563 2449 cundum
2615 2394 2843 2463 aliquam
2902 2403 3067 2446 totam
3117 2393 3503 2461 quantitatem,
3565 2394 3645 2447 vel
3703 2405 3906 2462 partem

2330 2489 2659 2554 quantitatis,
2687 2488 2771 2540 vel
2796 2501 2978 2540 rursus
2997 2486 3287 2538 secundum
3309 2487 3542 2553 aliquam
3572 2486 3907 2554 qualitatem.

2330 2577 2463 2631 Nam
2510 2580 2645 2632 sicut
2696 2577 2958 2647 posterius
3013 2577 3471 2629 demonstrabitur
3518 2592 3577 2631 ea
3619 2594 3736 2645 qua:
3765 2578 3912 2647 dicit,

2331 2686 2438 2723 non
2471 2670 2627 2723 homo
2674 2670 2930 2733 ambulat,
2980 2669 3268 2723 afﬁrmatio
3302 2670 3478 2737 pctius
3504 2686 3663 2739 quam
3696 2673 3909 2742 negatio

2329 2771 2435 2827 est,
2463 2772 2621 2833 atque
2649 2764 2762 2817 hmc
2791 2765 3045 2817 hactenus
3072 2765 3390 2832 praedixisse
3434 2766 3683 2824 sufﬁciat.

2683 2874 2749 2910 DE
2789 2872 3261 2911 ENUNTIATIONIBUS
3300 2875 3572 2914 INFINITIS.

2405 2946 2656 3013 Quoniam
2683 2957 2848 3000 autem
2876 2957 2946 3000 est
2975 2948 3238 3016 a/firmatt'o
3289 2950 3349 3001 de
3388 2951 3558 3015 a’iquo
3615 2951 3907 3020 signiﬁcant

2328 3040 2543 3107 aliquid,
2576 3042 2669 3093 Itoc
2708 3048 2973 3093 autemest
3021 3040 3096 3093 rel
3150 3058 3333 3094 nomen
3381 3044 3461 3095 vel
3517 3046 3907 3101 innominalum.

2333 3129 2505 3184 Unum
2553 3142 2721 3183 autem
2762 3140 2958 3199 oportet
3000 3147 3123 3195 esse,
3164 3143 3214 3184 et
3266 3133 3329 3184 de
3360 3136 3559 3201 uno,id
3596 3137 3731 3204 quod
3758 3146 3833 3190 est
3861 3139 3914 3192 in

643 3234 937 3288 secundum
965 3234 1297 3302 qualitatem,
1338 3250 1457 3301 qua:
1483 3248 1610 3287 vero
1659 3248 1764 3287 non
1797 3235 1958 3287 homo
1988 3234 2225 3287 ambulat,
2253 3229 2300 3293 ρ
2328 3222 2677 3291 afﬁrmatione.
2711 3222 2908 3275 Nomen
2938 3233 3101 3275 autem
3129 3223 3320 3276 dictant
3343 3237 3438 3290 est,
3470 3240 3515 3283 et
3538 3229 3910 3284 innominatum

643 3324 907 3377 videbitur
936 3325 1228 3378 secundum
1275 3326 1625 3390 quantitatem
1680 3324 1855 3391 potius
1891 3323 2220 3394 discrepare.

644 3414 725 3468 An
754 3421 898 3465 certe
940 3412 1067 3465 illud
1096 3413 1265 3480 magis
1286 3422 1368 3466 est
1394 3416 1595 3476 verius,
1626 3422 1682 3465 ut
1709 3413 1850 3481 quod
1879 3414 2022 3478 dico,
2063 3416 2225 3470 homo

643 3504 896 3569 ambulat,
922 3503 1081 3556 homo
1110 3504 1334 3570 simplex
1370 3517 1563 3556 nomen
1586 3504 1737 3571 quasi
1760 3503 2103 3559 afﬁrmationi
2138 3515 2220 3559 est

644 3594 967 3665 proximum,
994 3592 1137 3663 quod
1161 3593 1461 3655 verodico,
1495 3607 1601 3646 non
1638 3594 1799 3646 homo
1822 3595 2081 3661 ambulat,
2114 3611 2220 3650 non

644 3688 801 3743 homo
828 3687 1089 3739 inﬁnitum
1119 3699 1313 3739 nomen
1362 3685 1629 3755 negationi
1662 3686 1870 3740 videtur
1893 3701 2013 3741 esse
2038 3688 2219 3741 consi-

643 3777 787 3831 mile.
811 3776 917 3831 Sed
942 3776 1225 3831 al‘ﬁrmatio
1251 3784 1305 3830 et
1333 3776 1545 3845 negatio
1574 3778 1870 3831 secundum
1902 3780 2221 3847 qualitatem

641 3868 908 3924 diﬁ'erunt.
942 3870 1064 3924 Hice
1092 3879 1266 3923 autem
1289 3870 1631 3923 al‘tirmationi
1674 3881 1799 3924 sunt
1840 3872 2218 3941 negationique

642 3961 954 4015 consimilia.
977 3962 1243 4027 Qualitate
1264 3961 1425 4031 igitur
1446 3962 1623 4031 potius
1648 3977 1807 4030 quam
1838 3962 1986 4016 nulla
2016 3963 2221 4017 discre-

643 4061 769 4122 pant
819 4054 1130 4122 quantitate.
1189 4057 1269 4106 An
1324 4055 1492 4121 magis
1540 4053 1665 4106 illud
1702 4065 1784 4107 est
1827 4056 2028 4119 verius,
2081 4057 2221 4122 quod

644 4144 1094 4211 quemadmodum
1115 4158 1173 4197 se
1191 4142 1348 4196 habet
1360 4144 1652 4211 propositio
1666 4158 1785 4213 qua:
1800 4146 1951 4209 dicit,
1970 4146 2222 4201 Socrates

644 4240 876 4293 ambulat
894 4240 980 4303 ,ad
1001 4253 1118 4293 eam
1138 4253 1255 4305 qua;
1275 4237 1424 4301 dicit,
1448 4240 1661 4307 quidam
1683 4243 1841 4294 homo
1853 4256 1938 4294 am
1953 4243 2119 4295 bulat.
2140 4244 2215 4296 lta

642 4345 761 4385 sese
775 4331 932 4383 habet
946 4330 1104 4382 homo
1127 4328 1385 4392 ambulat,
1402 4328 1466 4380 ad
1484 4344 1600 4382 eam
1624 4346 1738 4397 qua:
1762 4330 1911 4390 dicit,
1932 4334 2038 4382 non
2057 4332 2219 4383 homo

642 4421 895 4475 ambulat.
926 4418 1227 4486 Propositio
1256 4433 1485 4487 namque
1508 4434 1629 4489 qua:
1672 4430 1755 4473 est
1803 4420 2021 4488 quidam
2057 4421 2217 4474 homo

642 4510 896 4577 ambulat,
927 4511 971 4564 si
1000 4511 1176 4578 plures
1204 4510 1497 4573 ambulant,
1529 4525 1748 4565 necesse
1770 4520 1856 4565 est
1885 4522 1938 4565 ut
1968 4528 2095 4567 vera
2125 4515 2214 4566 sit.

644 4603 699 4659 Si
712 4612 889 4657 autem
904 4602 1383 4671 plurcsambulent,
1405 4613 1462 4657 ut
1482 4604 1735 4660 Socrates
1762 4605 2002 4660 ambulet
2018 4621 2122 4659 non
2138 4614 2221 4662 est

642 4708 880 4748 necesse.
909 4693 1137 4748 Possunt
1162 4696 1301 4747 enim
1343 4695 1518 4763 plures
1547 4696 1846 4762 ambulare,
1880 4705 1933 4751 et
1962 4698 2216 4753 Socrates

643 4801 745 4839 non
789 4786 1080 4841 ambulare.
1131 4786 1235 4841 Sed
1278 4802 1397 4840 cum
1431 4788 1610 4857 plures
1660 4789 1955 4853 ambulant,
2000 4791 2215 4861 quidam

642 4877 801 4931 homo
830 4878 1083 4940 ambulat,
1110 4878 1209 4931 hoc
1231 4886 1407 4931 autem
1434 4880 1552 4932 ideo
1577 4880 1773 4934 evenit.
1799 4879 1933 4945 Quia
1956 4882 2097 4948 quod
2129 4883 2215 4935 di-

641 4969 829 5039 cimus,
863 4970 1075 5039 quidam
1106 4969 1265 5024 homo
1294 4970 1547 5034 ambulat,
1582 4973 2054 5038 particularitatem
2081 4954 2208 5042 jun;

640 5067 813 5135 simus
840 5062 1249 5126 universalitati,
1308 5064 1360 5115 id
1413 5074 1496 5115 est
1527 5063 1749 5127 homini,
1777 5073 1831 5117 et
1876 5065 1923 5117 si
1969 5066 2060 5133 qui
2113 5067 2214 5120 sub

640 5155 751 5225 ipsa
784 5153 1183 5211 universalitate
1226 5162 1369 5217 sunt,
1419 5152 1470 5205 id
1511 5161 1595 5207 est
1639 5155 1739 5205 sub
1784 5154 2001 5209 homine
2025 5157 2213 5211 ambu-

640 5252 809 5305 tantes
836 5256 981 5312 sunt,
1025 5260 1145 5301 eam
1172 5259 1290 5315 quae
1338 5244 1464 5298 dicit
1496 5244 1709 5313 quidam
1765 5245 1925 5299 homo
1978 5249 2211 5302 ambulat

635 5347 813 5386 veram
839 5348 958 5387 esse
980 5347 1202 5385 necesse
1229 5339 1330 5384 est.
1354 5330 1423 5382 At
1442 5343 1567 5381 veto
1596 5343 1715 5381 cum
1738 5327 1950 5391 dICillll',
1970 5329 2223 5383 Socrates

636 5424 895 5486 ambulat,
944 5424 1194 5491 quoniam
1240 5424 1487 5476 Socrates
1532 5420 1673 5474 circa
1737 5423 1892 5473 unius
1942 5422 2219 5491 cujusdam

640 5520 1018 5584 praprietatem
1057 5524 1159 5570 est.
1212 5514 1324 5569 Nisi
1350 5516 1465 5583 ipse
1532 5514 1785 5569 Socrates
1847 5514 2219 5579 ambulaverit,

639 5622 938 5675 quanquam
968 5621 1158 5661 omnes
1186 5606 1436 5661 homines
1458 5607 1756 5668 ambulent,
1781 5622 1887 5661 non
1919 5616 2002 5662 est
2040 5624 2221 5662 verum

640 5698 816 5750 dicere
837 5700 1085 5753 Socrates
1115 5700 1371 5753 ambulat.
1419 5700 1565 5753 Sicut
1610 5714 1739 5768 ergo
1786 5700 2000 5768 quidam
2063 5703 2222 5753 homo

639 5787 893 5845 ambulat,
925 5788 1140 5842 deﬁnite
1169 5804 1350 5842 verum
1377 5802 1478 5857 est,
1504 5794 1546 5847 si
1583 5797 1761 5862 plures
1783 5793 2081 5848 ambulant.
2108 5795 2221 5849 Non

1122 5881 1204 5895 Ν

2332 3316 2493 3383 prius,
2525 3332 2624 3367 non
2666 3316 2815 3367 homo
2853 3317 2983 3367 enim
3028 3332 3207 3369 nomen
3253 3319 3456 3386 quidem
3484 3337 3584 3373 non
3634 3323 3768 3385 dico,
3814 3323 3906 3377 sed

2329 3422 2509 3458 nomen
2542 3406 2816 3470 inﬁnitum.
2853 3405 3026 3458 Unum
3053 3407 3187 3460 enim
3234 3390 3488 3479 signiﬁcat
3528 3412 3907 3479 quodammodo

2328 3484 2583 3572 iri/initum
2623 3511 2823 3548 nomen.
2871 3496 3317 3561 Quemadmodum
3358 3508 3404 3553 et
3450 3517 3552 3553 non
3583 3505 3766 3568 currit,
3804 3522 3907 3561 non

2327 3585 2531 3639 verbum
2575 3587 2709 3650 dico,
2757 3587 2847 3639 sed
2886 3588 3166 3655 inﬁnitum.
3220 3590 3335 3643 Erit
3376 3595 3541 3646 omnis
3568 3596 3835 3665 afﬁrmatio
3862 3611 3911 3655 et

2326 3679 2547 3745 negatio,
2576 3678 2652 3730 vel
2681 3695 2741 3729 ex
2774 3679 2973 3732 nomine
3014 3691 3062 3733 et
3088 3683 3255 3747 verba,
3282 3684 3360 3737 rel
3389 3702 3451 3737 ex
3480 3688 3681 3754 inﬁnito
3706 3695 3910 3748 nomine

2326 3778 2373 3821 et
2397 3770 2560 3821 verbo.
2585 3770 2994 3824 Prtelert'erbum
3015 3784 3181 3826 autem
3218 3776 3365 3827 nulla
3378 3779 3642 3845 aﬂirmatio
3660 3786 3732 3835 vel
3750 3800 3908 3855 nega—

2328 3862 2397 3913 tio
2417 3873 2599 3927 est,est
2622 3866 2776 3932 enim,
2806 3865 2880 3917 vel
2903 3866 3014 3929 erit,
3042 3867 3118 3918 vel
3144 3868 3260 3937 fuit,
3294 3872 3369 3922 vel
3396 3874 3473 3938 lit,
3510 3873 3584 3925 vel
3604 3891 3908 3947 quiscunque

2326 3953 2430 4005 alia
2485 3952 2779 4023 Imjusmodi
2828 3957 2994 4020 verba,
3031 3973 3093 4009 ex
3137 3960 3213 4012 Itis
3262 3971 3377 4013 sunt
3416 3980 3531 4032 qua:
3569 3978 3687 4018 sunt
3717 3969 3903 4037 posita,

2328 4046 2711 4114 consigni/icant
2752 4049 2883 4099 enim
2910 4057 3126 4117 tempus.
3166 4052 3334 4117 Quare
3361 4058 3529 4123 prima
3559 4059 3653 4109 erit
3681 4060 3906 4127 aﬂirmac

2329 4140 2395 4191 lio
2418 4148 2464 4191 et
2494 4144 2709 4209 negatio,
2741 4153 2811 4195 est
2834 4142 3004 4210 homo,
3039 4163 3139 4199 non
3174 4158 3245 4201 est
3268 4152 3436 4214 homo,
3473 4154 3674 4216 deinde,
3701 4164 3773 4207 est
3799 4172 3903 4209 non

2328 4235 2497 4299 homo,
2521 4249 2621 4284 non
2651 4243 2723 4286 est
2744 4252 2841 4287 non
2862 4237 3030 4291 homo.
3058 4240 3273 4301 Rursus,
3302 4251 3372 4294 est
3406 4244 3567 4296 omnis
3597 4242 3769 4312 homo,
3799 4264 3903 4302 non

2325 4334 2395 4375 est
2423 4326 2583 4376 omnis
2613 4326 2783 4389 homo,
2818 4339 2889 4380 est
2935 4332 3097 4383 omnis
3142 4349 3239 4383 non
3268 4334 3438 4396 homo,
3489 4350 3592 4387 non
3632 4346 3704 4389 est
3739 4340 3903 4392 omnis

2324 4430 2423 4465 non
2450 4414 2620 4478 homo,
2651 4426 2698 4469 et
2715 4419 2766 4470 in
2791 4422 3103 4476 extrinsecus
3131 4425 3435 4491 temporibus
3452 4428 3625 4478 eadem
3646 4437 3720 4481 est
3746 4432 3900 4485 ratio.

2398 4507 2453 4558 In
2479 4508 2713 4561 secundo
2742 4509 2835 4579 (ut
2861 4511 3129 4582 arbitror)
3161 4514 3293 4568 libro
3322 4516 3663 4583 praediximus
3688 4534 3900 4575 omnem

2328 4598 2745 4653 enuntiationem
2794 4601 3087 4668 simplicem
3117 4604 3206 4667 ,id
3255 4615 3353 4669 εει,
3403 4608 3799 4673 prmilicativam
3838 4628 3903 4665 ex

2328 4689 2566 4757 subjecto
2610 4702 2663 4743 et
2710 4693 2996 4759 pra-dicato
3044 4696 3358 4751 consistere.
3410 4700 3643 4761 Quorum
3693 4702 3937 4771 semper'

2329 4784 2632 4848 praedicatio
2658 4793 2749 4835 aut
2787 4789 3003 4837 verbum
3036 4795 3176 4838 esset
3196 4826 3211 4850 ,
3241 4797 3328 4839 aut
3359 4789 3500 4854 quod
3532 4790 3667 4843 idem
3700 4803 3899 4859 posset,

2325 4880 2573 4941 tanquam
2614 4875 2656 4925 si
2699 4874 2841 4927 verbi
2872 4875 3032 4929 dictio
3064 4888 3381 4945 poneretur,
3418 4890 3475 4932 ut
3505 4896 3623 4933 cum
3654 4883 3898 4948 dicimus,

2325 4952 2491 5015 homo
2512 4962 2779 5027 ambulat,
2804 4964 3020 5017 verbum
3073 4968 3315 5033 ponitur;
3347 4985 3465 5022 cum
3497 4985 3623 5025 vero
3651 4972 3895 5039 dicimus,

2322 5049 2480 5101 homo
2507 5050 2798 5116 rationalis,
2824 5056 3169 5108 subaud’atur
3194 5056 3276 5109 hic
3306 5059 3522 5111 verbum
3548 5064 3647 5125 est,
3678 5071 3733 5115 ut
3758 5072 3899 5117 totus

2317 5139 2614 5193 intellectus
2637 5142 2705 5194 sit
2727 5144 2885 5197 homo
2912 5147 3239 5200 rationabilis
3264 5158 3367 5213 est.
3392 5151 3650 5213 Quocirca
3678 5168 3898 5209 necesse

2315 5240 2395 5284 εει
2426 5241 2515 5283 aut
2542 5233 2759 5286 verbum
2790 5252 3002 5303 semper
3024 5254 3141 5292 esse
3167 5241 3532 5308 praedicatum,
3557 5255 3646 5297 aut
3672 5247 3810 5312 quod
3839 5246 3902 5302 ﬁt

2315 5322 2476 5375 verbo
2506 5323 2781 5376 consimile
2807 5364 2820 5385 ,
2854 5326 3099 5395 idemque
3138 5329 3187 5379 in
3216 5331 3673 5386 enuntiationibus
3704 5335 3892 5402 possit.

2315 5411 2463 5477 Quod
2490 5427 2616 5465 vero
2640 5414 2933 5482 subjectum
2965 5427 3125 5482 esset,
3155 5429 3239 5470 aut
3273 5421 3491 5473 omnino
3514 5436 3706 5478 nomen
3728 5435 3890 5487 esset,

2316 5515 2405 5558 aut
2442 5506 2579 5575 quod
2632 5508 2744 5561 vice
2792 5508 3020 5561 nominis
3076 5511 3404 5578 fungeretur.
3452 5514 3712 5580 Quocirca
3758 5516 3889 5569 illud

2315 5600 2545 5652 maxime
2571 5601 2924 5671 colligendum
2951 5612 3068 5665 est,
3102 5618 3261 5658 omne
3291 5604 3340 5657 in
3372 5608 3665 5673 categorica
3697 5620 3885 5674 propo-

2313 5701 2505 5755 sitione
2531 5702 2825 5769 subjectum
2846 5743 2859 5765 ,
2889 5717 3009 5755 esse
3035 5719 3227 5757 nomen
3253 5744 3265 5764 ,
3299 5720 3459 5759 onine
3486 5722 3612 5760 vero
3639 5705 3886 5775 prmdica-

2313 5808 2441 5867 tum,
2479 5804 2713 5858 verbum.
2754 5806 2855 5880 Sed
2886 5809 3133 5869 quoniam
3166 5825 3285 5863 eum
3311 5809 3378 5865 de
3403 5811 3619 5867 nomine
3646 5813 3863 5879 loquere
