4270 6266
313 327 409 383 5:21

314 530 527 597 quidem
559 536 614 582 et
643 543 737 596 per
768 541 826 580 se
856 538 1049 579 nomen
1082 535 1185 575 non
1215 525 1387 579 esset,
1424 511 1686 565 inﬁnitum
1719 514 1896 560 tamen

315 638 512 679 nomen
554 628 872 683 vocaretur,
905 616 955 670 id
1000 613 1139 684 quod
1189 625 1307 665 cum
1359 604 1600 673 negativa
1643 595 1898 667 particula

318 720 608 787 profertur.
656 712 840 766 Omnis
866 718 1041 763 autem
1089 701 1379 774 pr0positio
1408 713 1472 753 ex
1505 692 1735 749 nominis
1775 688 1903 743 sub-

319 810 554 881 jectione
596 804 855 861 consistit.
899 801 991 854 Est
1031 808 1207 852 auten:
1258 789 1555 861 categorica
1606 780 1901 854 propositio

321 876 442 963 uuae
468 898 667 970 aliquid
710 897 777 951 de
810 895 984 964 aliquo
1016 890 1271 960 praedicat
1297 887 1377 938 vel
1418 888 1594 951 negat,
1624 886 1678 931 et
1704 876 1770 930 de
1796 887 1904 943 quo

325 967 577 1063 praedicat
604 989 815 1059 quidem
847 1000 1040 1040 nomen
1070 992 1171 1037 est.
1223 977 1553 1046 Quandoque
1598 973 1649 1024 in
1690 967 1905 1022 nomine

323 1086 588 1140 inﬁnitum
616 1084 774 1137 etiam
806 1094 997 1134 nomen
1038 1076 1265 1142 dicitur,
1309 1085 1527 1125 necesse
1570 1074 1650 1119 εει
1696 1076 1908 1129 semper

324 1177 678 1247 categoricatn
713 1171 1135 1243 propositionem
1164 1176 1256 1219 aut
1302 1177 1495 1217 nomen
1542 1157 1740 1211 habere
1781 1152 1909 1207 sub-

326 1275 520 1347 jectum
549 1314 564 1336 ,
607 1280 700 1326 aut
729 1272 856 1325 illud
900 1266 1042 1338 quod
1079 1263 1346 1319 inﬁnitum
1376 1257 1587 1312 dicitur.
1640 1250 1907 1306 lnlinitttm

328 1380 455 1420 vero
487 1380 680 1418 nomen
708 1369 792 1417 est
831 1358 1111 1429 quodipse
1153 1368 1293 1407 nunc
1324 1347 1709 1402 innomiuatum
1736 1349 1908 1396 vocat.

254 1486 255 1489 η
330 1462 517 1516 Omnis
545 1472 674 1527 ergo
710 1450 1003 1524 propOsitio
1035 1446 1372 1517 prmdicativa
1422 1443 1473 1493 in
1506 1439 1637 1493 duas
1665 1434 1914 1489 dividitur

332 1552 543 1621 species
573 1564 588 1605 :
621 1556 712 1600 aut
740 1546 879 1599 enim
911 1556 974 1595 ex
1007 1537 1212 1591 inﬁnito
1242 1532 1456 1586 nomine
1484 1528 1779 1597 subjectum
1811 1534 1912 1588 eSl,

333 1615 428 1698 aut
452 1657 516 1696 et
546 1637 775 1707 simplici
803 1646 855 1689 et
884 1632 1050 1686 ﬁnito.
1082 1629 1158 1682 Ex
1189 1626 1394 1680 inﬁnito
1421 1621 1632 1690 quidem
1663 1615 1916 1688 quemad-

336 1736 553 1791 modum
585 1746 704 1785 cmn
734 1728 883 1794 dico,
919 1739 1024 1777 non
1057 1723 1217 1773 homo
1241 1715 1506 1778 ambulat,
1538 1726 1605 1766 ex
1640 1710 1788 1763 linito
1816 1721 1915 1759 au-

662 396 678 412 .
1054 314 1119 373 IN
1157 307 1415 370 LIBRUM
1446 304 1534 362 DE
1573 294 2220 359 INTERPRETATIONE
2257 289 2485 349 EDlTlO
2522 286 2855 348 SECUNDA.

312 448 417 502 tur,
445 435 590 492 aliud
615 411 883 506 quoddam
915 442 1109 485 nomen
1139 420 1457 484 introduxit,
1492 425 1550 471 ut
1577 411 1890 482 simpliciter
1920 413 1975 474 Α

3396 354 3401 365 ,γ
3477 280 3583 343 sae

2194 402 2489 458 Indi-ﬁnitm
2528 417 2593 455 ex
2633 402 2838 455 inﬁnito
2880 398 3093 454 nomine
3124 398 3383 469 subjecto.

2002 477 2116 533 Non
2150 475 2310 530 homo
2343 474 2577 526 ambulat
2787 472 2897 524 Non
2929 471 3085 523 homo
3116 487 3220 525 non
3252 469 3492 524 ambulat

2186 547 2523 601 Universales
2555 560 2615 596 ex
2644 542 2869 611 simpl=ci
2905 545 3114 597 nomine
3143 546 3406 601 sobccto.

2005 619 2190 675 Omnis
2233 618 2391 671 homo
2431 615 2669 669 ambulat
2801 612 2983 665 Nullus
3026 613 3181 665 homo
3220 616 3455 668 ambulat

2190 687 2526 743 Universales
2556 702 2619 739 ex
2666 685 2887 755 infinio
2906 686 3117 737 nomine
3144 685 3407 755 subjecto.

2008 762 2194 817 Omnis
2217 777 2321 813 non
2346 765 2503 810 homo
2521 757 2755 810 ambulat
2795 754 2978 808 Nullus
3007 771 3108 807 non
3130 754 3289 809 homo
3320 755 3557 811 ambulat

2175 831 2520 885 Particulares
2560 844 2623 881 ex
2663 826 2888 894 simplici
2923 825 3137 878 nomine
3171 827 3433 894 subjecto.

2011 903 2235 973 Quidam
2277 903 2438 955 homo
2466 899 2703 973 ambulat
2738 890 3015 973 JQuidam
3041 897 3209 973 ΔΙιυιῐιο
3233 890 3335 951 non
3361 896 3595 957 ambulat

2203 973 2552 1027 l‘articulares
2580 987 2641 1024 ex
2675 969 2881 1022 inﬁnito
2913 967 3125 1021 nomine
3150 968 3414 1036 subjecto.

2015 1046 2237 1113 Quidam
2268 1060 2372 1099 non
2404 1044 2565 1097 homo
2583 1042 2726 1096 amb.
2758 1041 2981 1107 Quidam
3016 1054 3120 1092 non
3144 1041 3302 1093 homo
3326 1057 3429 1094 non
3452 1042 3594 1095 amb.

2016 1179 2143 1233 llaec
2169 1194 2295 1247 ergo
2328 1178 2563 1245 partiens
2584 1219 2597 1243 ,
2631 1185 2684 1231 et
2713 1176 2781 1228 de
2810 1172 3267 1244 propositionibus
3296 1188 3361 1227 ex
3392 1172 3601 1228 duobus

2018 1272 2262 1327 terminis
2316 1271 2619 1323 constitutis
2670 1266 2871 1321 faciens
2917 1266 3376 1335 propositionem,
3434 1264 3605 1335 inquit

2020 1381 2208 1421 omnes
2242 1380 2307 1419 ex
2335 1364 2575 1433 subjecto
2606 1364 2721 1416 ﬁeri
2749 1363 2964 1416 nomine
2994 1363 3407 1431 propositiones,
3439 1369 3493 1414 et
3515 1374 3607 1414 eas

2021 1468 2224 1514 tantum
2252 1459 2318 1512 ad
2348 1458 2661 1511 divisionem
2693 1456 2855 1509 sumit
2883 1471 3003 1525 qua:
3043 1472 3108 1510 ex
3138 1456 3342 1510 inﬁnito
3368 1456 3606 1521 nomine,

2021 1562 2076 1605 et
2105 1550 2253 1604 ﬁnito
2284 1549 2500 1609 nomine
2535 1550 2686 1612 ﬁunt,
2721 1548 2921 1603 faciens
2952 1548 3251 1617 Itujusmodi
3292 1548 3459 1603 divisi
3486 1563 3609 1603 nem

2024 1643 2396 1712 principalem,
2419 1650 2476 1693 ιιι
2497 1640 2566 1693 sit
2590 1657 2603 1693 :
2632 1639 3064 1708 l’r0positionum
3088 1640 3203 1691 aliae
3227 1648 3437 1694 suntex
3461 1640 3611 1694 ﬁnito

2026 1735 2261 1798 nomine,
2291 1732 2411 1787 alia:
2440 1746 2507 1786 ex
2539 1732 2706 1785 ﬁnito.
2752 1731 3071 1801 Oportuerat
3099 1730 3311 1800 quidem
3342 1731 3613 1786 volentem

336 1835 444 1882 tem
475 1834 529 1877 et
555 1820 781 1890 simplici
802 1858 816 1883 .
852 1826 906 1869 Ul
933 1814 1091 1869 homo
1116 1809 1372 1865 ambula“
1409 1805 1574 1873 ¹¹¹¹Ῐ¹¹⁵
1602 1811 1778 1856 “nem
1803 1814 1920 1869 (³³³⁸
1950 1807 2000 1867 Β
2025 1836 2214 1882 Cuncta
2234 1825 2413 1894 partiri
2438 1824 2503 1878 ad
2522 1823 2848 1878 differentias
2868 1824 3287 1892 propositionum
3312 1838 3415 1877 non
3435 1822 3610 1879 stilum

340 1933 403 1973 ex
434 1916 583 1970 ﬁnito
611 1926 663 1968 et
702 1908 933 1980 simplici
969 1915 1086 1969 est,
1118 1903 1322 1972 species
1349 1909 1471 1953 sunt
1501 1898 1618 1950 dure
1640 1937 1653 1960 ,
1686 1907 1803 1963 qua:
1833 1900 1924 1945 aut

342 2004 645 2064 universale
690 2016 881 2057 nomen
929 1996 1181 2067 subjicit,
1222 2002 1280 2046 ut
1321 1994 1480 2044 homo
1522 1986 1798 2049 ambulat,
1835 1990 1927 2036 aut

342 2100 613 2171 singulare
632 2139 647 2163 ,
679 2108 736 2150 ut
762 2096 1008 2151 Socrates
1036 2086 1290 2142 ambulat.
1325 2085 1498 2151 Quare
1527 2082 1599 2135 ita
1631 2080 1688 2133 ﬁt
1712 2076 1924 2132 divisio.

345 2192 596 2249 Otnnium
625 2188 1044 2243 enuntiationum
1072 2178 1412 2249 simplicimn,
1444 2191 1560 2244 qua:
1587 2173 1793 2226 duobus
1822 2184 1930 2222 ter-

346 2289 509 2344 minis
528 2290 795 2345 constant,
820 2280 939 2334 alia:
961 2288 1083 2331 sunt
1107 2290 1171 2327 ex
1200 2270 1407 2327 inﬁnito
1429 2267 1643 2321 nomine
1666 2265 1926 2334 subjecto,

348 2384 466 2437 alite
491 2394 619 2435 vero
646 2394 709 2432 ex
744 2375 895 2430 ﬁnito
926 2381 980 2428 et
1017 2369 1265 2439 simplici.
1316 2366 1509 2419 Earum
1553 2376 1671 2431 quae
1700 2358 1931 2425 simplex

350 2478 548 2534 habent
573 2472 907 2541 subjectum,
936 2466 1054 2520 alia:
1085 2474 1207 2518 sunt
1234 2476 1354 2531 quae
1383 2455 1681 2512 universale
1704 2452 1931 2521 simplex

352 2571 671 2641 subjiciunt,
725 2565 844 2619 alia:
875 2576 993 2631 qua:
1020 2558 1309 2628 singulare.
1359 2552 1528 2622 Supra
1577 2565 1706 2603 vero
1755 2546 1937 2601 datuit

355 2638 475 2733 qua:
505 2660 608 2714 sint
638 2652 955 2711 difTerentire
1000 2646 1421 2719 prapositionum
1441 2683 1455 2705 ,
1488 2638 1712 2707 simplex
1740 2648 1937 2688 nomen

358 2726 411 2811 in
442 2751 685 2822 subjecto
714 2745 1044 2818 ponentium.
1096 2738 1247 2806 Quod
1280 2737 1402 2790 alia:
1435 2741 1557 2787 sunt
1582 2726 1936 2792 universales,

362 2849 476 2903 alia:
502 2855 627 2902 sunt
652 2840 1025 2913 particulares,
1048 2835 1168 2889 alia:
1189 2839 1315 2885 sunt
1336 2826 1644 2888 indeﬁnitaa,
1672 2835 1724 2880 et
1750 2837 1941 2875 secun-

359 2943 483 2999 dum
506 2938 853 3011 quantitatem
882 2930 1096 3001 quidem
1125 2928 1225 2980 hoc
1252 2923 1410 2978 modo
1437 2919 1711 2975 differunt.
1735 2915 1942 2971 Secun-

361 3036 487 3092 dum
525 3032 833 3103 qualitatem
874 3040 1035 3089 vero,
1079 3021 1217 3092 quod
1262 3018 1380 3071 alia:
1422 3011 1757 3074 afﬁrmativa:
1793 3017 1938 3071 sunt,

362 3130 483 3185 alia:
519 3101 793 3195 negativae.
836 3119 981 3174 Idem
1019 3128 1230 3186 quoque
1273 3111 1326 3164 in
1367 3108 1450 3161 bis
1492 3101 1944 3174 propositionibus

2029 1922 2235 1976 inﬁnita
2278 1933 2492 1974 sumere
2522 1918 2735 1971 nomina
2757 1958 2772 1983 ,
2814 1916 2908 1971 sed
2938 1919 3097 1971 etiam
3127 1916 3314 1971 verba.
3347 1916 3453 1971 Sed
3484 1931 3615 1981 quo-

2030 2015 2171 2067 niam
2220 2020 2442 2066 noverat
2488 2026 2681 2064 nomen
2730 2009 2941 2077 quidem
2991 2008 3251 2063 inﬁnitum
3293 2021 3617 2062 conservare

2033 2103 2452 2174 propositionem
2494 2118 2649 2171 quam
2692 2102 2979 2155 invvnisset
3006 2145 3019 2168 ,
3052 2110 3109 2154 ιιι
3138 2100 3181 2154 si
3210 2100 3261 2154 in
3298 2098 3615 2153 afﬁrmativa

2033 2195 2322 2263 diceretur,
2340 2192 2713 2248 aflirmativam
2737 2202 2975 2248 servaret
2996 2194 3437 2259 enuntiationem,
3460 2204 3513 2247 ut
3534 2202 3619 2248 est

2036 2304 2140 2343 non
2172 2288 2333 2342 homo
2362 2289 2618 2342 ambulat.
2652 2286 2708 2342 Si
2740 2287 2979 2357 negativa
3006 2328 3019 2354 ,
3053 2264 3350 2356 negativatn
3381 2294 3620 2341 servaret

2036 2374 2485 2447 enuntia'tionem,
2517 2380 2758 2451 negativa
2791 2392 2964 2436 autem
2992 2390 3109 2442 est,
3136 2390 3192 2432 ut
3219 2388 3299 2433 est
3327 2394 3432 2432 non
3459 2379 3620 2431 homo

2038 2476 2271 2529 ambulat
2323 2473 2493 2527 Verba
2522 2488 2649 2525 vero
2677 2487 2795 2540 qua:
2824 2483 2945 2524 sunt
2975 2470 3179 2523 inﬁnita
3205 2470 3384 2538 juncta
3412 2468 3464 2523 in
3498 2481 3622 2537 pro:

2038 2567 2304 2637 positione
2337 2580 2440 2618 non
2481 2564 2894 2618 afﬁrmationem
2917 2604 2932 2627 ,
2970 2564 3061 2617 sed
3101 2562 3357 2633 perﬁct're
3388 2562 3626 2633 negatio-

2041 2675 2184 2721 nem,
2218 2657 2415 2712 ldCert)
2446 2656 2511 2710 de
2544 2656 2625 2709 his
2654 2656 2885 2711 reticuit.
2922 2654 3073 2722 Quod
3107 2658 3186 2709 lue
3218 2655 3385 2724 magis
3416 2670 3533 2723 qua:
3559 2670 3627 2710 ex

2042 2752 2206 2806 verbo
2246 2750 2458 2804 infinito
2496 2760 2620 2803 sunt
2665 2749 2730 2802 ad
2795 2763 2954 2802 unam
3006 2748 3314 2817 qualitatem
3362 2748 3629 2817 pertinent

2042 2843 2451 2914 propositionis,
2485 2841 2535 2895 id
2564 2851 2645 2896 est
2674 2842 2740 2894 ad
2781 2843 3102 2911 negativam.
3149 2839 3374 2910 Semper
3400 2841 3541 2893 enim
3574 2841 3632 2894 ﬁt

2045 2954 2109 2993 ex
2147 2938 2354 2991 infinito
2394 2937 2561 2989 verbo
2596 2934 2827 3005 negatio.
2874 2934 2997 2989 Haec
3040 2934 3200 3003 igitur
3241 2934 3497 3003 colligens
3533 2934 3627 2988 ait.

2045 3031 2307 3097 Quoniam
2354 3042 2529 3083 autem
2584 3040 2665 3083 est
2727 3031 2792 3083 de
2841 3029 3018 3098 aliquo
3065 3028 3305 3097 subjecto
3348 3013 3669 3083 affirmatio

2048 3124 2353 3192 signiﬁcans
2373 3122 2593 3187 aliquid,
2619 3121 2672 3175 id
2695 3130 2775 3175 est
2799 3120 3117 3189 prmdicans,
3144 3121 3243 3175 hoc
3272 3130 3352 3175 est
3378 3121 3633 3191 quoniam

366 3238 484 3295 qua?
515 3237 578 3276 εἰ
608 3217 810 3273 inlini“)
856 3211 1072 3268 nomine
1116 3205 1358 3275 sutilem
1395 3198 1763 3295 enu'lllf'“_l“'°
1967 3187 2013 3251 ί)
2046 3214 2223 3269 omnis
2256 3213 2548 3284 propositio
2578 3225 2660 3267 est
2690 3228 2759 3267 ex
2791 3187 2872 3266 sul
2890 3212 3034 3283 jecto
3062 3187 3116 3268 et
3154 3187 3461 3282 praedictio,
3494 3213 3637 3281 quod

366 3286 598 3386 namque
626 3326 808 3370 earum
842 3303 1131 3363 indeﬁnitae
1164 3306 1325 3361 sunt,
1358 3295 1476 3349 alite
1507 3290 1761 3346 deﬁnitae.
1796 3286 1941 3340 Deﬁ-

367 3409 594 3466 nitarum
625 3405 742 3459 alia:
769 3408 894 3458 sunt
922 3393 1247 3453 universales
1267 3431 1281 3454 ,
1312 3389 1429 3442 alia:
1458 3383 1827 3455 particulares,
1861 3380 1946 3434 hic

370 3516 575 3572 quoque
602 3495 894 3554 secundum
923 3488 1291 3561 quantitatem,
1322 3496 1419 3535 nec
1446 3479 1621 3533 minus
1650 3472 1945 3530 secundum

370 3569 676 3665 qualitatem
709 3587 913 3642 etedem
954 3580 1279 3635 inﬁnitorum
1309 3587 1518 3643 quoque
1548 3569 1822 3623 nominum
1844 3610 1859 3635 ,
1894 3569 1949 3619 in

370 3657 822 3758 propositionibus
851 3671 1165 3730 differentia:
1195 3675 1340 3722 sunt.
1386 3664 1622 3718 Dicimus
1646 3660 1787 3715 enim
1818 3657 1951 3711 alias

372 3747 491 3832 esse
519 3769 864 3843 afﬁrmativas
888 3806 901 3828 ,
930 3764 1062 3817 alias
1091 3758 1396 3829 negativns;
1425 3753 1662 3822 subjecta
1696 3765 1823 3804 vero
1851 3747 1952 3802 de-

375 3868 595 3937 scriptio
617 3864 794 3927 docet,
818 3873 935 3929 qua:
962 3858 1069 3910 sint
1088 3850 1415 3907 alﬁrmativaa
1436 3846 1728 3914 simplices,
1757 3851 1811 3897 et
1836 3855 1955 3910 qua:

381 3972 508 4015 sunt
534 3954 816 4026 negativae,
841 3960 892 4004 et
913 3960 1098 4002 rursus
1124 3959 1241 4013 quae
1271 3951 1393 3996 sunt
1420 3937 1751 3993 afﬁrmativte
1774 3949 1842 3986 ex
1870 3934 1956 3986 in-

380 4050 534 4106 finito
567 4046 781 4101 nomine
807 4084 822 4108 ,
855 4051 908 4095 et
947 4054 1065 4109 qua:
1109 4033 1363 4103 negativa:
1390 4073 1403 4095 ,
1448 4044 1646 4099 easque
1687 4039 1874 4080 omnes
1901 4024 1957 4077 in

377 4140 613 4214 propriis
654 4128 1190 4192 determinationibus
1235 4123 1603 4194 adjunximus,
1642 4133 1743 4173 nec
1784 4119 1959 4169 minus

378 4207 533 4291 etiam
584 4227 886 4285 indefinitas
932 4224 985 4276 in
1037 4232 1258 4288 utraque
1304 4214 1483 4284 specie
1533 4207 1959 4281 prepositionum

377 4326 672 4399 posuimus,
690 4319 954 4389 singulare
968 4313 1281 4368 habentibus
1298 4308 1617 4376 siibjectum,
1634 4298 1963 4370 simplicibus

380 4394 831 4489 propositionibus
880 4407 1115 4477 rejectis.
1171 4404 1307 4456 Sunt
1361 4401 1504 4454 enim
1562 4394 1783 4449 inﬁnitae
1842 4405 1964 4461 pro-

384 4486 674 4579 positiones
703 4503 968 4571 simplices
995 4499 1080 4553 ba:
1106 4516 1131 4549 ελ
1153 4498 1314 4550 homo
1359 4490 1631 4556 ambulat,
1664 4486 1825 4541 homo
1859 4499 1963 4539 non

382 4601 647 4663 ambulat;
682 4604 862 4652 con’tra
903 4608 994 4648 eas
1032 4605 1160 4645 vero
1202 4587 1388 4642 divisze
1430 4582 1725 4639 secundum
1767 4593 1963 4634 nomen
1991 4577 2046 4640 D

385 4694 649 4751 inﬁnitum
694 4691 776 4743 lia:
811 4706 824 4740 :
859 4701 963 4741 non
1001 4684 1164 4738 homo
1203 4679 1480 4741 ambulat,
1512 4691 1617 4730 non
1655 4675 1817 4728 homo
1863 4686 1970 4726 non

388 4786 643 4851 ambulat;
662 4781 991 4839 universales
1011 4792 1076 4833 ex
1094 4773 1323 4844 simplici
1344 4771 1587 4839 subjecto
1611 4767 1825 4823 nomine
1847 4772 1974 4821 sunt

389 4884 471 4935 ha:
499 4895 515 4935 :
547 4879 719 4934 omnis
767 4876 926 4929 homo
973 4868 1254 4932 ambulat,
1299 4865 1475 4920 nullus
1520 4864 1679 4917 homo
1712 4859 1967 4916 ambulat.

387 4974 581 5031 Contra
614 4970 707 5025 bas
734 4982 862 5023 vero
888 4964 1079 5020 divisae
1119 4977 1185 5016 ex
1216 4959 1423 5014 inﬁnito
1452 4957 1667 5012 nomine
1699 4956 1973 5008 universa-

390 5067 466 5120 les
489 5082 503 5119 :
529 5060 700 5118 omnis
728 5075 833 5114 nou
865 5058 1024 5111 homo
1052 5052 1308 5116 ambulat,
1340 5050 1515 5105 nullus
1540 5065 1644 5103 non
1674 5046 1833 5100 homo
1861 5057 1975 5097 am-

389 5157 553 5212 bulat.
590 5156 791 5209 Rursus
822 5148 1165 5217 particulares
1194 5159 1260 5199 ex
1300 5142 1533 5209 simplici
1582 5138 1799 5195 nomine
1844 5136 1975 5191 sub-

386 5251 529 5322 jecto
557 5256 679 5301 sunt
709 5248 788 5299 ha:
814 5260 828 5298 :
851 5241 1065 5313 quidam
1098 5239 1261 5293 homo
1289 5234 1548 5299 ambulat,
1573 5232 1787 5302 quidam
1817 5229 1977 5281 homo

391 5357 496 5398 non
526 5338 781 5395 ambulat.
830 5335 1033 5389 Rursus
1073 5329 1423 5398 particulares
1450 5336 1635 5379 contra
1669 5323 1764 5374 bas
1790 5314 1978 5373 divisze

391 5451 454 5492 ex
490 5434 700 5489 inﬁnito
739 5429 953 5482 nomine
992 5425 1236 5493 subjecto
1279 5429 1405 5477 sunt
1446 5417 1531 5470 hie
1561 5433 1574 5469 :
1610 5412 1824 5482 quidam
1874 5424 1978 5463 non

393 5530 556 5582 homo
586 5519 845 5584 ambulat,
872 5518 1088 5588 quidam
1120 5530 1225 5569 non
1252 5513 1418 5566 homo
1442 5524 1550 5563 non
1578 5504 1837 5561 ambulat.
1871 5501 1982 5555 lloc

395 5633 572 5677 autem
610 5612 847 5683 subjecta
878 5610 1234 5678 descriptione
1266 5603 1590 5660 declaratur.

574 5795 871 5855 lndeﬁnita:
920 5810 988 5853 ex
1030 5790 1257 5860 simplici
1301 5789 1515 5842 nomine
1544 5782 1799 5860 subjecto.

397 5874 568 5934 llonto
595 5873 833 5928 ambulat
1137 5858 1145 5860 ⁷
1192 5862 1362 5917 llomo
1394 5876 1497 5916 non
1532 5858 1765 5913 ambulat

678 5969 952 6031 Panos.
998 5958 1225 6024 LXIV.

2051 3318 2227 3364 autem
2257 3307 2555 3377 subjectum
2588 3316 2702 3373 est,
2738 3304 2819 3359 vel
2853 3319 3083 3370 nomen,
3116 3305 3200 3359 vel
3225 3306 3634 3361 innomiuatum.

2052 3404 2639 3457 lnnominatumautem
2667 3400 2907 3469 estquod
2928 3401 3258 3469 propositum
3290 3416 3482 3456 nomen
3514 3400 3641 3455 sub-

2054 3502 2181 3562 ruit,
2209 3507 2265 3551 ut
2295 3508 2375 3553 est
2409 3512 2512 3549 non
2545 3497 2726 3551 homo.
2757 3496 2960 3551 Nomen
2993 3498 3135 3552 enim
3164 3496 3302 3568 quod
3343 3504 3426 3552 est
3477 3496 3640 3550 immo

2054 3590 2232 3644 dill'ert
2254 3591 2482 3645 nominis
2508 3593 2696 3646 inﬁniti
2719 3594 3034 3661 privatione,
3062 3592 3199 3662 quod
3222 3598 3305 3647 est
3326 3605 3430 3644 non
3458 3588 3640 3658 homo,

2056 3692 2215 3754 atque
2262 3685 2381 3740 ideo
2424 3696 2477 3739 et
2524 3685 2911 3742 innomiuatum
2956 3690 3182 3741 vocavit.
3234 3684 3418 3751 Qualis
3464 3693 3644 3738 autem

2058 3778 2253 3833 debeat
2279 3796 2395 3833 esse
2425 3782 2717 3849 propositio
2743 3783 2809 3837 de
2836 3797 2936 3849 qua
2965 3789 3178 3845 tractat,
3200 3777 3408 3833 ostendi
3438 3777 3645 3843 dicens,

2061 3886 2225 3925 unum
2259 3884 2435 3926 autem
2466 3882 2681 3939 Oportet
2707 3889 2825 3927 esse
2856 3884 2910 3925 et
2932 3874 2996 3924 de
3034 3887 3138 3925 uno
3177 3870 3279 3923 hoc
3310 3868 3450 3938 quod
3483 3876 3567 3923 est
3596 3870 3650 3925 in

2063 3960 2439 4025 afﬁrmatiooe,
2465 3963 2515 4015 id
2537 3972 2620 4015 est
2640 3978 2705 4015 ex
2734 3962 2940 4015 duobus
2963 3960 3202 4014 terminis
3232 3958 3650 4028 propositionem

1994 4088 1997 4089 ν
2062 4067 2313 4125 Oportere
2360 4057 2677 4109 consistere.
2731 4054 3126 4109 Commemorat
3165 4066 3375 4121 quoque
3414 4051 3541 4120 quid
3584 4050 3654 4105 sit

2066 4149 2454 4203 innomiuatum
2479 4162 2536 4201 se
2559 4162 2719 4216 supra
2741 4146 2960 4212 dixisse,
2985 4146 3235 4216 quoniam
3258 4146 3397 4215 quod
3427 4143 3653 4197 dicimus

2068 4258 2173 4298 non
2221 4242 2380 4295 homo
2404 4284 2417 4308 ,
2464 4257 2659 4296 nomen
2700 4241 2914 4311 quidem
2945 4240 3260 4296 Aristoteles
3290 4256 3395 4294 non
3427 4239 3653 4304 diceret,

2069 4338 2163 4392 sed
2192 4338 2330 4406 quod
2362 4350 2553 4390 nomen
2586 4336 2901 4405 simpliciter
2932 4350 3039 4389 non
3061 4345 3279 4390 vocaret
3299 4373 3315 4398 ,
3348 4333 3446 4386 hoc
3471 4330 3656 4387 addito

2002 4454 2005 4457 ·
2070 4429 2279 4485 inﬁnito
2317 4445 2509 4484 nomen
2550 4430 2753 4484 diceret
2796 4428 3065 4483 inﬁnitum
3092 4470 3105 4492 ,
3159 4428 3359 4483 idcirco
3405 4428 3659 4498 quoniam

2072 4536 2232 4575 unum
2264 4520 2475 4590 quidem
2505 4521 2803 4590 signiﬁcat,
2840 4520 2934 4573 sed
2967 4517 3253 4583 inﬁnitum,
3285 4535 3479 4574 nomen
3511 4522 3656 4575 enim

2074 4614 2214 4684 quod
2247 4615 2415 4684 ipsam
2458 4613 2898 4683 signiﬁcationem
2930 4611 3046 4680 ejus
3075 4612 3217 4681 quod
3245 4613 3474 4668 dicimus
3503 4613 3664 4667 homo

2078 4711 2252 4777 tollit,
2290 4709 2341 4763 id
2374 4718 2456 4764 est
2486 4723 2591 4762 non
2622 4707 2783 4760 homo
2806 4747 2821 4771 ,
2862 4722 3022 4759 unum
3055 4717 3176 4770 est,
3217 4716 3271 4760 et
3297 4721 3456 4761 unam
3486 4721 3581 4775 per
3607 4718 3667 4760 se

2078 4803 2521 4874 signiﬁcationem
2544 4800 2868 4868 subripiens.
2895 4800 3053 4853 Multa
3081 4809 3205 4854 sunt
3226 4817 3345 4870 qua:
3368 4801 3669 4871 intelligen-

2081 4899 2212 4953 titun
2244 4894 2489 4950 sensibus
2518 4895 2909 4961 relinquuntur,
2939 4906 3325 4949 commemorat
3348 4894 3506 4948 etiam
3536 4907 3671 4962 quo-

2082 4993 2247 5058 niam,
2280 5005 2384 5044 non
2411 4992 2573 5044 currit
2604 4989 2824 5043 verbum
2855 4989 3103 5053 superius
3140 4986 3404 5041 infinitum
3436 4986 3669 5053 vocavit,

2083 5094 2135 5139 et
2166 5099 2270 5137 non
2306 5083 2620 5152 simpliciter
2651 5082 2892 5137 verbum.
2935 5081 3195 5147 Quoniam
3220 5096 3345 5149 ergo
3376 5078 3573 5147 aliquid
3603 5077 3673 5131 de

2083 5179 2261 5246 aliquo
2289 5179 2573 5232 affirmatio
2597 5185 2699 5239 est,
2734 5176 2834 5230 hoc
2863 5185 3039 5229 autem
3067 5176 3206 5244 quod
3238 5175 3538 5241 subjectum
3566 5179 3672 5236 est,

2084 5279 2173 5323 aut
2200 5284 2397 5323 nomen
2427 5284 2547 5325 esse
2579 5276 2810 5336 Oportet,
2843 5277 2931 5321 aut
2962 5267 3372 5327 innomiuatum,
3407 5264 3456 5318 id
3485 5271 3568 5318 est
3596 5264 3679 5317 in-

2084 5362 2292 5417 ﬁnitum
2334 5379 2551 5419 nomen.
2596 5364 2797 5431 Duplex
2847 5361 3223 5431 ptOpositionis
3273 5360 3482 5429 species
3524 5360 3678 5415 inve-

2092 5460 2255 5515 nitur.
2284 5460 2469 5515 Omnis
2492 5460 2631 5513 enim
2656 5457 2938 5510 afﬁrmatio
2967 5456 3045 5510 vel
3078 5471 3145 5510 ex
3175 5456 3325 5509 ﬁnito
3355 5455 3570 5508 nomine
3595 5461 3680 5507 est

2092 5563 2146 5609 et
2186 5554 2386 5617 verbo,
2420 5552 2502 5606 vel
2534 5566 2598 5605 ex
2633 5548 2837 5603 inﬁnito
2889 5550 3103 5601 nomine
3150 5557 3204 5602 et
3246 5548 3409 5601 verbo
3432 5588 3445 5612 ,
3488 5545 3682 5601 eodem

2095 5662 2304 5717 quoque
2335 5643 2492 5697 modo
2522 5652 2573 5697 et
2604 5643 2832 5710 negatio.
2867 5639 3045 5708 Neque
3075 5634 3217 5694 enim
3250 5640 3549 5708 reperietur
3579 5654 3683 5692 un-

2095 5754 2254 5808 quam
2295 5736 2396 5788 ulla
2452 5734 2780 5799 afﬁrmatio,
2835 5733 2988 5800 cujus
3047 5733 3255 5801 negatio
3308 5731 3534 5785 inveniri
3579 5745 3686 5790 non

2094 5831 2284 5906 possit.
2340 5828 2487 5895 Quod
2532 5828 2575 5883 si
2625 5826 2822 5895 duplex
2861 5834 2943 5881 est
2980 5824 3183 5896 species
3229 5824 3684 5887 al'lirmationum,

3379 5917 3451 5978 17
