4270 6266
635 365 738 422 523

1854 362 1962 421 ΑΝ.
2008 361 2213 420 MANL.
2252 354 2409 417 BEV.
2451 354 2672 414 ΒΟΕΤΙΙ

3816 352 3921 419 324

636 480 835 549 duplex
873 492 1085 548 quoque
1113 486 1198 532 est
1225 477 1433 548 species
1454 476 1832 548 negationum,
1858 475 1986 531 illud
2014 489 2229 547 quoque
2255 476 2311 536 Δ
2334 467 2565 524 dicimus
2615 483 2725 523 non
2774 469 2955 536 homo,
3002 483 3067 523 an
3116 469 3379 527 inﬁnitum
3420 484 3616 530 nomen
3654 485 3816 545 esset,
3846 496 3916 537 an

632 582 1025 627 commemorat
1054 572 1195 641 quod
1244 585 1402 640 supra
1442 570 1553 642 jam
1600 569 1753 625 dixit.
1802 568 1934 624 Nam
1984 569 2110 625 licet
2158 584 2221 622 ex

634 674 851 729 nomine
879 686 933 728 et
959 674 1145 738 verbo,
1183 681 1237 727 et
1278 686 1465 726 rursus
1487 687 1547 725 ex
1581 687 1647 725 eo
1675 671 1817 741 quod
1860 687 1966 725 non
1994 681 2080 724 est
2125 685 2225 725 no-

636 783 781 830 men,
815 768 913 822 sed
943 766 1208 821 inﬁnitum
1240 780 1459 831 nomen,
1492 773 1545 818 et
1572 765 1738 819 verbo
1765 763 1827 818 ﬁt
1854 764 2141 819 afﬁrmatio
2170 773 2225 819 et

635 862 851 928 negatio
893 859 1254 926 praedicativa,
1288 857 1341 911 id
1371 866 1453 911 est
1482 857 1808 927 categorica,
1843 864 1901 911 ut
1941 867 2120 912 autem
2153 857 2225 911 sit

635 961 832 1020 praeter
854 952 1077 1006 verbum
1106 952 1209 1003 ulla
1238 950 1525 1003 afﬁrmatio
1548 959 1707 1018 atque
1729 950 2067 1019 negatio,aut
2087 965 2224 1019 prae-

640 1054 723 1097 ter
754 1044 803 1097 id
835 1043 976 1112 quod
1014 1043 1155 1097 idem
1197 1042 1464 1111 signiﬁcet
1504 1043 1724 1119 verbum
1751 1044 1837 1096 .vel
1871 1044 1921 1095 in
1967 1043 2226 1096 subaudi-

628 1128 806 1204 'tione,
834 1139 917 1192 vel
946 1137 1127 1206 aliquo
1173 1138 1281 1189 alio
1322 1135 1505 1199 modo,
1537 1135 1650 1189 ﬁeri
1697 1151 1802 1190 non
1840 1145 2037 1205 potest.
2067 1133 2227 1189 Ponit

637 1247 847 1301 quoque
878 1232 1039 1285 verba
1071 1246 1190 1299 quae
1221 1244 1359 1299 pene
1388 1230 1439 1283 in
1468 1229 1716 1283 omnibus
1740 1229 2225 1297 propositionibus,

635 1335 728 1379 aut
777 1326 884 1392 ipsa
917 1323 1133 1387 cadant,
1162 1331 1252 1376 aut
1282 1337 1401 1391 qua:
1450 1322 1590 1375 idem
1642 1320 1871 1375 valeant.
1920 1321 2013 1375 Est
2060 1321 2225 1387 enim,

637 1414 841 1481 inquit,
877 1414 959 1468 vel
1002 1413 1105 1467 erit
1129 1454 1143 1475 ,
1175 1412 1257 1467 vel
1291 1412 1415 1477 fuit,
1449 1412 1534 1466 vel
1565 1426 1902 1481 quaecunque
1952 1411 2057 1466 alia
2097 1425 2227 1465 cou-

636 1507 937 1576 signiﬁcant
966 1513 1200 1572 tempus,
1224 1503 1383 1558 verba
1414 1514 1559 1567 sunt,
1594 1514 1650 1557 ut
1680 1504 1860 1559 doceri
1890 1519 1956 1558 ex
1988 1503 2071 1558 his
2102 1518 2227 1572 pos-

634 1615 821 1654 sumus
862 1615 981 1669 qute
1028 1606 1150 1653 ante
1194 1597 1365 1666 posita
1396 1605 1543 1664 sunt,
1572 1607 1734 1667 atque
1777 1612 2058 1663 concessa,
2102 1612 2224 1651 cum

634 1690 885 1744 difﬁnitio
927 1689 1238 1755 verborum,
1271 1689 1490 1743 daretur
1513 1729 1528 1753 ,
1564 1688 1725 1743 verba
1775 1702 1898 1743 esse
1935 1704 2055 1756 qua:
2094 1703 2228 1742 con-

633 1783 999 1851 signiﬁcarent
1049 1792 1281 1851 tempus.
1330 1781 1509 1847 Quare
1554 1781 1597 1835 si
1646 1780 1762 1835 haec
1815 1780 2226 1850 consigniﬁcant

630 1890 864 1943 tempus,
900 1890 1007 1927 non
1038 1884 1120 1928 est
1148 1873 1366 1927 dubium
1394 1873 1523 1943 quin
1545 1872 1711 1927 verba
1739 1871 1992 1935 sint;sed
2026 1881 2222 1941 praeter

631 1967 749 2022 haec
790 1977 882 2022 aut
912 1977 1106 2037 przeter
1136 1967 1273 2021 idem
1316 1966 1571 2034 valentia,
1604 1965 1747 2019 nulla
1786 1965 2085 2036 propositio
2114 1973 2217 2020 est.

629 2059 800 2115 Recte
834 2061 997 2131 igitur
1032 2060 1232 2114 dictum
1260 2069 1343 2113 est
1382 2066 1577 2127 praeter
1620 2057 1783 2112 verba
1824 2057 2220 2126 praedicativam

627 2152 1052 2221 propositionem
1083 2166 1188 2205 non
1221 2164 1379 2219 posse
1418 2149 1693 2204 constitui.
1726 2148 1877 2204 Juste
1912 2158 2090 2205 tamen
2127 2150 2224 2204 ali-

630 2244 748 2313 quis
775 2243 1126 2313 quaestionem
1160 2242 1399 2296 videatur
1428 2256 1703 2309 opponere
1723 2281 1737 2304 ,
1768 2256 1865 2295 cur
1890 2241 1999 2309 jam
2026 2241 2224 2297 dixerit

630 2344 827 2403 prmter
878 2335 1098 2389 verbum
1147 2332 1545 2389 enuntiationes
1602 2332 1743 2387 nulla
1795 2335 2004 2387 ratione
2060 2348 2219 2402 posse

628 2431 902 2495 constitui,
928 2445 1068 2483 nunc
1100 2430 1239 2483 idem
1268 2430 1478 2495 repetit,
1506 2428 1654 2496 quasi
1680 2427 1811 2481 nihil
1844 2426 1910 2481 de
1943 2429 2043 2481 hoc
2063 2437 2223 2482 antea

628 2522 987 2592 prmdixisset,
1018 2521 1109 2574 sed
1140 2520 1469 2587 superﬂuum
1508 2518 1685 2572 videri
1721 2533 1824 2573 non
1867 2518 2047 2573 debet.
2079 2518 2225 2586 Quo-

628 2618 771 2671 niam
816 2618 958 2668 enirn
1013 2614 1218 2666 ﬁnitum
1251 2628 1444 2667 nomen
1488 2626 1610 2666 cum
1647 2615 1888 2682 negativa
1935 2614 2223 2681 particula,

628 2722 827 2762 nomen
871 2692 1290 2768 estlinﬁuiturn,
1326 2704 1530 2758 idcirco
1565 2713 1839 2773 putaretur
1867 2704 2101 2760 fortasse
2129 2722 2225 2760 ne-

627 2802 772 2871 gatio
802 2814 943 2867 esse,
979 2798 1117 2869 quod
1149 2798 1378 2853 dicimus
1399 2811 1504 2851 non
1532 2796 1713 2851 homo.
1746 2798 1899 2862 Quod
1925 2798 1971 2852 si
2005 2798 2118 2853 haec
2145 2806 2230 2853 est

626 2892 860 2962 negatio,
895 2892 1055 2946 homo
1084 2900 1169 2947 est
1198 2890 1506 2946 aflirmatio.
1539 2888 1616 2943 Ne
1654 2889 1707 2942 in
1738 2889 1879 2945 hunc
1915 2906 2047 2960 ergo
2076 2894 2227 2962 quis-

626 3000 787 3054 quam
844 2985 1110 3038 laberetur
1151 2999 1417 3051 errorem,
1452 2983 1554 3039 hoc
1612 2984 1767 3048 dixit,
1799 2992 1853 3038 et
1880 2998 2118 3053 congrue
2143 2998 2228 3036 re-

626 3078 839 3150 petivit,
874 3079 1127 3148 quoniatn
1157 3088 1352 3147 praeter
1372 3078 1595 3132 verbum
1638 3076 1936 3132 enuntiatio
1966 3091 2089 3130 esse
2120 3089 2225 3127 non

624 3192 822 3252 potest,
873 3192 1121 3252 tanquam
1164 3182 1207 3234 si
1240 3180 1468 3245 diceret,
1502 3195 1661 3235 nemo
1708 3181 1998 3235 arbitretur
2040 3176 2222 3231 inﬁni-

625 3280 740 3328 tum
770 3288 963 3327 nomen
990 3286 1112 3328 esse
1135 3272 1495 3340 negationem,
1530 3287 1629 3326 nec
1668 3286 1864 3325 nomen
1905 3267 2221 3323 afﬁrmatio-
2248 3242 2299 3309 ε

626 3384 775 3425 nem.
804 3368 1004 3421 l’rzeter
1024 3368 1246 3422 verbum
1270 3367 1413 3422 enim
1439 3367 1724 3421 afﬁrmatio
1744 3376 1800 3422 et
1831 3366 2043 3435 negatio
2074 3365 2221 3420 nulla

624 3470 805 3533 potest
854 3476 1086 3529 unquam
1131 3460 1340 3515 ratione
1370 3460 1646 3515 constitui.
1680 3460 1737 3512 ln
1771 3459 1873 3513 hoc
1906 3457 2036 3512 illud
2088 3472 2221 3526 quo-

625 3566 731 3623 que
753 3559 1033 3605 notaverat
1058 3550 1199 3619 quod
1231 3552 1451 3605 verbum
1488 3549 1751 3605 inﬁnitum
1786 3561 1839 3605 et
1878 3551 2218 3620 negationem

625 3643 975 3713 signiﬁcaret,
1002 3652 1057 3698 et
1086 3642 1351 3698 inﬁnitum
1384 3644 1629 3699 verbum.
1664 3626 1747 3699 ld'
1769 3645 1914 3699 enim
1962 3645 2103 3714 quod
2139 3646 2215 3699 di-

626 3738 799 3794 cimus
826 3751 930 3791 non
977 3736 1219 3791 ambulat
1242 3746 1295 3791 et
1328 3736 1595 3791 inﬁnitum
1632 3738 1855 3792 verbum
1900 3748 2003 3806 est,
2037 3750 2091 3793 et
2124 3755 2221 3793 ne-

626 3830 795 3901 gatio,
818 3828 913 3884 sed
946 3843 1041 3899 per
1061 3842 1120 3884 se
1150 3828 1365 3898 quidem
1397 3830 1441 3884 si
1464 3829 1671 3884 dicatur
1693 3831 1920 3900 simplex
1958 3832 2076 3887 sine
2118 3833 2221 3887 ali-

628 3914 824 3994 quibus
858 3922 977 3977 aliis
1005 3921 1393 3991 adjectionibns
1437 3923 1701 3978 inﬁnitum
1735 3925 1961 3980 verbum
1986 3933 2090 3980 est.
2125 3927 2217 3979 Sin

624 4028 755 4070 vero
783 4029 904 4095 cum
947 4014 1164 4069 nomine
1203 4023 1297 4070 aut
1320 4030 1441 4070 cum
1483 4014 1694 4071 inﬁnito
1728 4018 1947 4073 nomine
1977 4017 2219 4086 profera-

622 4119 733 4175 tur,
763 4123 868 4164 non
907 4109 1015 4178 jam
1046 4109 1271 4165 verbum
1304 4110 1593 4177 inﬁnitum,
1639 4112 1735 4166 sed
1768 4114 1984 4183 negatio
2018 4115 2220 4180 accipi-

624 4212 733 4271 tur,
769 4213 825 4257 ut
856 4218 983 4265 non,
1012 4204 1250 4271 negativa
1296 4203 1574 4271 particula,
1605 4204 1791 4272 juncta
1822 4221 1943 4260 cum
1977 4206 2218 4261 ambulat

626 4297 894 4351 inﬁnitum
929 4297 1150 4349 verbum
1200 4294 1398 4348 efﬁciat
1446 4312 1551 4350 non
1584 4299 1848 4363 ambulat,
1882 4298 1974 4351 sed
2009 4300 2060 4352 in
2091 4279 2215 4367 pro-

623 4388 889 4457 positione
920 4402 1039 4457 qua:
1070 4395 1152 4441 est
1178 4386 1340 4440 homo
1373 4402 1478 4441 non
1510 4388 1772 4453 ambulat,
1805 4388 2074 4442 hominem
2109 4405 2215 4443 non

625 4480 901 4534 ambulare
922 4478 1189 4547 designat,
1220 4488 1380 4546 atque
1418 4479 1540 4533 ideo
1583 4482 1657 4533 ait
1702 4480 1942 4548 subjecta
1994 4481 2210 4549 quidem

625 4570 680 4625 in
708 4572 1166 4641 prOpOSitionibtts
1191 4585 1349 4641 posse
1370 4586 1493 4627 esse
1522 4572 1605 4627 vel
1631 4573 1873 4638 nomina,
1894 4573 1977 4627 vel
2009 4574 2215 4627 inﬁnita

626 4669 879 4729 nomina,
942 4666 1226 4735 praedicata
1279 4680 1407 4721 vero
1464 4677 1660 4737 praeter
1712 4666 1876 4721 verba
1934 4682 2053 4723 esse
2109 4639 2301 4722 non”

626 4773 804 4826 posse.
822 4759 950 4813 Nam
983 4762 1095 4815 sive
1124 4761 1174 4813 in
1200 4760 1645 4815 al’ﬁrmationibns
1665 4762 1785 4831 quis
1808 4771 1989 4829 ponat,
2012 4763 2063 4815 id
2096 4779 2220 4817 ver-

627 4849 753 4904 bum
789 4852 905 4903 sine
935 4850 1098 4905 dubio
1127 4851 1455 4920 praedicavit,
1488 4853 1598 4906 sive
1632 4854 1680 4906 in
1714 4854 2104 4923 negatiooibus,
2136 4866 2221 4910 est

627 4956 733 4994 non
766 4941 1027 4994 inﬁnitum
1060 4942 1306 5009 verbum,
1340 4942 1432 4996 sed
1484 4954 1689 4996 tantum
1733 4945 1977 5009 verbum,
2009 4946 2091 4999 cui
2124 4946 2221 4999 ad-

627 5034 735 5087 dita
782 5048 887 5086 non
941 5033 1201 5102 particula
1256 5041 1422 5087 totam
1471 5035 1782 5104 qualitatem
1833 5037 2219 5103 propositionis

627 5141 693 5180 ex
724 5126 1040 5180 afﬁrmativa
1084 5126 1133 5178 in
1168 5124 1464 5194 negativam
1517 5134 1829 5179 commutat.
1864 5127 2041 5189 Quare
2072 5139 2219 5182 recte

528 5208 531 5213 ’
626 5219 831 5273 nullam
858 5216 1211 5271 differentiam
1236 5218 1664 5287 propositionum
1687 5217 1754 5271 de
1786 5216 2012 5271 inﬁnitis
2040 5219 2221 5274 verbis

625 5310 769 5385 fecit.
790 5310 995 5365 Inﬁnita
1025 5326 1166 5365 enim
1196 5310 1358 5364 verba
1388 5320 1511 5364 tunc
1536 5318 1659 5363 sunt
1687 5311 1911 5375 inlinita,
1944 5325 2066 5367 cum
2101 5312 2217 5367 sola

626 5414 771 5456 sunt.
806 5404 862 5459 Si
911 5419 1039 5458 vero
1085 5418 1205 5457 cum
1258 5402 1464 5459 inﬁnito
1521 5404 1738 5457 nomine
1785 5405 2077 5474 jungantur
2127 5416 2224 5460 aut

624 5492 777 5548 ﬁnito
831 5498 1087 5563 nomine,
1150 5512 1253 5551 non
1314 5498 1517 5552 inﬁnita
1567 5498 1726 5553 verba
1766 5499 1876 5568 jam
1934 5513 2077 5568 sunt,
2121 5501 2216 5555 sed

625 5585 794 5643 ﬁnita.
844 5586 977 5641 Cum
1037 5590 1321 5658 negatione
1376 5590 1637 5645 tamenin
1701 5599 1808 5646 tota
1848 5590 2219 5662 propositione

626 5677 1014 5749 intelliguntur.
1048 5681 1104 5735 Si
1135 5696 1285 5751 ergo.
1318 5683 1769 5753 quemadmodum
1806 5684 1970 5739 Stoici
2007 5685 2217 5750 volunt,

616 5768 694 5829 ,ad
762 5773 975 5825 nomina
1035 5775 1342 5843 negationes
1407 5788 1716 5844 ponentur,
1777 5787 1835 5832 ut
1887 5789 2031 5833 esset
2104 5793 2212 5834 non

625 5859 789 5915 homo
827 5863 1061 5915 ambulat
1093 5868 1321 5949 negatio,
1348 5869 1653 5938 ambiguum
1686 5883 1808 5925 esse
1851 5880 2056 5939 posset,
2089 5886 2213 5928 cum

2329 575 2459 615 vero
2502 561 2710 616 ﬁnitum
2739 576 2859 616 cum
2907 566 3190 633 negatione
3228 565 3594 635 conjunctum.
3630 567 3732 625 Sed
3780 587 3915 640 quo-

2327 656 2468 709 niam
2508 656 2785 709 Aristoteli
2835 656 3010 726 placet
3054 658 3234 712 verbis
3292 660 3607 729 negationes
3656 648 3916 731 oportere

2333 749 2604 819 conjungi,
2656 748 2858 803 inﬁnita
2909 750 3077 820 magis
3123 750 3284 805 verba
3329 753 3563 822 ambigui
3616 753 3917 810 intellectus

2331 854 2476 913 sunt,
2510 862 2577 901 an
2600 848 2804 902 inﬁnita
2840 847 3139 914 videantur,
3171 863 3237 903 an
3273 865 3394 905 cum
3429 854 3712 923 negatione
3744 853 3913 908 ﬁnita.

2330 939 2504 1008 Atque
2552 940 2672 993 ideo
2717 939 2790 992 ita
2838 940 3166 995 discernitur
3208 955 3480 1011 sumptum
3530 958 3652 999 cum
3697 948 3917 999 nomine

2328 1029 2593 1086 inﬁnitum
2624 1029 2847 1084 verbum
2890 1030 3102 1100 negatio
3130 1033 3188 1085 ﬁt
3224 1042 3278 1087 et
3318 1036 3562 1104 negativa
3595 1036 3915 1104 propositio,

2329 1129 2389 1173 ut
2420 1132 2521 1188 est,
2552 1121 2713 1175 homo
2741 1136 2848 1175 non
2877 1122 3133 1179 ambulat.
3162 1124 3267 1178 Per
3290 1138 3350 1179 se
3381 1140 3508 1180 vero
3549 1127 3750 1181 dictum
3796 1129 3917 1181 inti-

2332 1213 2499 1267 nituiu
2540 1213 2759 1269 verbum
2798 1224 2903 1281 est,
2934 1225 2991 1268 ut
3029 1230 3135 1269 non
3165 1216 3422 1271 ambulat.
3472 1222 3643 1287 Atque
3675 1218 3795 1272 ideo
3827 1218 3918 1273 hic

2330 1306 2499 1359 solam
2549 1306 2906 1361 diﬁerentiam
2950 1310 3224 1363 nominum
3265 1320 3320 1365 et
3349 1310 3678 1365 inﬁnitorum
3733 1312 3913 1365 nomi-

2331 1412 2459 1451 num
2487 1399 2539 1452 in
2570 1399 3023 1469 propositionibus
3049 1402 3218 1467 dedit,
3251 1417 3357 1457 non
3388 1405 3551 1458 etiam
3582 1405 3913 1459 inﬁnitorum

2322 1491 2639 1561 verborum,
2680 1493 2882 1548 idcirco
2934 1494 3075 1563 quod
3123 1494 3193 1549 de
3238 1496 3538 1565 conjunctis
3574 1497 3911 1567 loquebatur,

2330 1582 2535 1637 scilicet
2561 1585 2630 1638 de
2668 1587 2977 1640 nominibus
3026 1586 3111 1640 vel
3155 1585 3381 1641 infinitis
3423 1590 3729 1643 nominibus
3758 1600 3915 1661 atque

2330 1676 2533 1731 verbis.
2568 1678 2625 1729 lu
2649 1692 2754 1747 qua
2781 1678 3157 1747 conjunctione
3186 1678 3239 1732 id
3264 1678 3404 1749 quod
3436 1695 3532 1750 per
3560 1695 3620 1737 se
3650 1681 3913 1738 inﬁnitum
4010 1668 4011 1671 ¹

2330 1768 2552 1821 verbum
2581 1768 2794 1834 dicitur,
2826 1771 3038 1840 negatio
3066 1780 3168 1827 est.
3199 1770 3384 1841 Neque
3419 1774 3561 1826 enim
3603 1783 3814 1842 Oportet
3841 1776 3914 1830 si-

2252 1857 2302 1919 Β
2326 1878 2416 1921 cut
2442 1869 2617 1923 omnis
2648 1874 2942 1939 propositio
2974 1882 3063 1927 aut
3095 1887 3159 1927 ex
3188 1872 3339 1927 ﬁnito
3369 1875 3584 1929 nomine
3613 1885 3703 1929 aut
3728 1890 3791 1929 ex
3826 1877 3911 1930 irr-

2328 1959 2481 2014 ﬁnito
2508 1970 2738 2029 constat,
2777 1963 2831 2017 id
2860 1963 3072 2034 quoque
3101 1974 3193 2020 aut
3223 1981 3286 2019 ex
3321 1967 3471 2020 ﬁnito
3501 1967 3684 2032 verbo,
3716 1976 3807 2022 aut
3847 1984 3913 2024 ex

2328 2049 2540 2105 inﬁnito
2568 2063 2841 2108 constare.
2869 2053 3137 2109 luﬁniturn
3170 2056 3310 2109 enim
3338 2056 3555 2111 verbum
3584 2058 3636 2111 in
3669 2059 3915 2127 proposi-

2328 2143 2565 2199 tionibus
2588 2160 2693 2199 non
2732 2157 2836 2210 est,
2870 2147 2962 2201 sed
2994 2148 3201 2216 quoties
3225 2146 3421 2216 aliquid
3455 2153 3546 2218 (ut
3575 2147 3775 2202 dictum
3802 2150 3916 2220 est)

2329 2236 2435 2290 tale
2465 2252 2563 2305 per
2590 2250 2650 2291 se
2682 2240 2921 2307 ponitur,
2946 2239 3151 2292 ﬁnitum
3184 2239 3399 2308 quidem
3435 2241 3657 2293 verbum
3686 2250 3788 2307 est,
3821 2242 3916 2296 sed

2329 2330 2405 2384 illi
2435 2332 2718 2400 conjuncta
2756 2333 2970 2402 negatio
3000 2342 3163 2387 totam
3190 2333 3604 2401 propositionem
3636 2332 3814 2402 privat
3855 2350 3920 2390 ac

2329 2421 2579 2487 destruit,
2604 2430 2657 2475 et
2687 2422 2912 2476 verbum
2934 2425 3150 2492 quidem
3182 2422 3447 2476 inﬁnitum
3466 2424 3709 2492 junctum
3742 2427 3919 2478 norni-

2332 2514 2489 2567 nibus
2517 2516 2854 2583 negationem
2884 2526 2941 2570 ut
2970 2517 3127 2571 faciat
3167 2532 3392 2572 necesse
3422 2528 3525 2584 est,
3556 2533 3751 2573 nomen
3788 2534 3920 2576 vero

2334 2610 2599 2664 inlinitum
2638 2611 2880 2679 junctum
2927 2612 3091 2667 verbo
3124 2627 3229 2667 non
3278 2626 3505 2668 necesse
3553 2624 3637 2668 est
3666 2623 3725 2668 ut
3760 2615 3921 2671 faciat

2335 2705 2867 2774 negationem.Quod
2898 2706 3040 2759 enim
3070 2705 3300 2760 dicimus
3332 2722 3437 2760 non
3471 2706 3631 2760 homo
3658 2706 3915 2774 ambulat,

2334 2782 2637 2865 afﬁrmatio,
2668 2815 2773 2854 non
2816 2803 3028 2869 negatio
3068 2812 3171 2854 est.
3216 2801 3357 2871 Ergo
3384 2804 3638 2870 quoniam
3685 2800 3919 2855 afﬁrma-

2337 2896 2537 2971 tionem
2568 2904 2783 2963 oportet
2810 2894 3008 2965 aliquid
3039 2894 3107 2949 de
3144 2895 3324 2965 aliquo
3361 2893 3694 2965 signiﬁcare,
3724 2910 3918 2950 nomen

2336 2998 2513 3043 autem
2561 2989 2828 3043 inﬁnitum
2873 2999 2956 3042 est
3002 2989 3223 3057 aliquid,
3258 2988 3469 3057 quoties
3515 2990 3764 3055 dicimus,
3810 3002 3916 3045 non

2335 3083 2499 3136 homo
2527 3084 2786 3149 ambulat,
2818 3083 3259 3147 ambulationem,
3292 3081 3342 3135 id
3373 3093 3455 3137 est
3484 3081 3685 3150 aliquid
3717 3082 3783 3137 de
3814 3098 3917 3141 non

2337 3174 2576 3244 homine,
2609 3176 2661 3231 id
2701 3185 2784 3230 est
2827 3181 2896 3231 de
2922 3178 3101 3245 aliquo
3144 3175 3517 3245 prtedicamus.
3552 3177 3657 3231 Sed
3701 3176 3743 3231 si
3776 3179 3917 3232 dica-

2326 3282 2448 3323 mus
2478 3285 2585 3323 non
2616 3271 2876 3335 ambulat,
2909 3286 3015 3323 non
3046 3274 3222 3339 potius
3249 3270 3316 3325 de
3344 3270 3527 3338 aliquo
3568 3270 3916 3340 praedicamus

2325 3362 2548 3430 aliquid,
2581 3364 2676 3415 εωά
2707 3362 2776 3416 ab
2805 3362 2987 3431 aliquo
3015 3363 3391 3428 tollimus.Qui
3416 3363 3561 3417 enim
3593 3358 3720 3416 dicit
3751 3362 3911 3415 homo

2325 3473 2433 3512 non
2476 3458 2730 3521 ambulat,
2777 3456 3195 3511 ambulationem
3242 3457 3310 3510 ab
3358 3458 3570 3513 homine
3620 3457 3774 3523 tollit,
3806 3472 3910 3513 non

2324 3550 2392 3603 de
2424 3548 2641 3604 bomirre
2686 3550 2964 3618 praedicat.
2992 3550 3167 3616 Quare
3196 3553 3409 3621 negatio
3440 3553 3613 3621 potius
3642 3567 3801 3622 quam
3826 3556 3905 3607 af-

2324 3641 2566 3696 ﬁrmatio
2600 3651 2703 3695 est.
2734 3640 2791 3696 Si
2821 3642 2967 3695 enim
3009 3642 3294 3697 afﬁrmatio
3330 3655 3492 3707 esset,
3522 3644 3571 3697 id
3612 3655 3692 3697 est
3720 3645 3765 3697 si
3798 3660 3913 3700 ver-

2325 3718 2459 3786 bum‘
2498 3741 2643 3787 esset
2686 3733 2976 3798 inﬁnitum,
3009 3735 3210 3802 aliquid
3242 3735 3308 3789 de
3352 3738 3529 3806 aliquo
3578 3739 3912 3805 praedicaret.

2326 3824 2478 3880 Nunc
2526 3838 2705 3880 autem
2736 3826 2934 3895 aliquid
2966 3828 3033 3881 ab
3082 3828 3262 3897 aliqtto
3295 3830 3453 3885 tollit.
3485 3830 3599 3884 Non
3645 3842 3728 3887 est
3757 3833 3915 3902 igitur

2326 3920 2552 3973 verbum
2582 3919 2868 3988 inﬁnitum,
2892 3920 2985 3975 sed
3016 3922 3191 3990 poﬁus
3214 3924 3450 3993 negatio,
3477 3925 3688 3993 quoties
3718 3926 3769 3981 in
3804 3936 3912 3980 tota

2326 4014 2560 4070 sumitur
2588 4014 2972 4084 propositione.
2992 4013 3280 4069 Numerurn
3308 4031 3438 4073 vero
3466 4020 3913 4089 propositionum,

2327 4121 2461 4176 quas
2507 4121 2603 4160 nos
2633 4122 2791 4175 supra
2833 4122 3045 4178 quoque
3074 4107 3479 4177 descripsimus,
3508 4111 3623 4180 ipse
3664 4112 3911 4180 subjecit,

2327 4206 2383 4251 et
2420 4198 2652 4253 inﬁnitas
2678 4198 2891 4268 quidem
2922 4200 3088 4268 prius,
3123 4211 3242 4267 post
3282 4214 3406 4254 vero
3449 4202 3907 4271 contrajacentes;

2326 4292 2468 4360 quod
2512 4293 2555 4345 si
2599 4292 2718 4360 quis
2750 4291 2814 4345 ad
2846 4292 2932 4345 illa
2979 4295 3271 4348 revertitur
3298 4294 3377 4347 vel
3420 4294 3505 4348 hic
3535 4296 3763 4349 intendit
3792 4297 3913 4349 ani-

2328 4382 2566 4445 mum,in
2606 4398 2711 4453 quo
2738 4384 2818 4439 vel
2842 4396 3020 4439 nostra
3054 4386 3135 4441 vel
3165 4388 3467 4441 Aristotelis
3498 4386 3782 4458 dispositio
3803 4387 3911 4443 dis-

2326 4485 2530 4544 crepet,
2562 4474 2845 4545 diligenter
2884 4480 3144 4546 agnoscit.
3176 4479 3282 4534 Nos
3323 4482 3465 4534 enim
3512 4492 3565 4535 et
3613 4482 3913 4537 contrarias

2330 4569 2707 4638 prOposuimus
2727 4578 2779 4623 et
2797 4570 3215 4627 subcoutrarias.
3246 4575 3559 4629 Aristoteles
3586 4591 3714 4629 vero
3741 4576 3913 4633 solum

2326 4661 2742 4715 contradictorie
2791 4662 3006 4718 sibimet
3040 4670 3485 4736 icontrajacentes
3538 4669 3915 4738 oppositasque

2330 4754 3067 4824 proposuit;sedAristoteles
3092 4774 3194 4812 non
3218 4761 3388 4814 solum
3420 4761 3470 4815 in
3503 4762 3751 4830 prmsenti
3782 4772 3913 4817 tern-

2328 4862 2460 4917 pore
2505 4849 2717 4902 easdem
2775 4851 3195 4918 propositionum
3238 4851 3369 4907 dicit
3417 4868 3536 4908 esse
3588 4850 3913 4909 diﬁ'erentias

2328 4955 2461 5009 quas
2506 4939 2804 5010 preposuit,
2845 4940 2939 4995 sed
2986 4944 3147 4996 etiam
3191 4944 3243 4996 in
3294 4944 3413 4998 aliis
3459 4959 3670 5015 quoque
3709 4945 3915 5000 duobus

2328 5034 2658 5100 temporibus
2688 5046 2807 5101 qua:
2837 5036 3169 5089 extrinsecus
3187 5045 3343 5090 sunt:
3368 5039 3704 5093 extrinsecus
3733 5048 3909 5094 autem

2332 5133 2570 5189 tempora
2605 5136 2757 5177 vocat
2779 5141 2895 5195 qua:
2921 5138 3115 5194 praeter
3148 5144 3384 5197 prtesens
3416 5140 3558 5195 sunt,
3584 5134 3910 5200 praeteritum

2330 5218 2537 5271 scilicet
2568 5228 2619 5271 et
2648 5218 2904 5273 futurum.

2388 5309 2626 5376 ‘Quando
2655 5320 2818 5363 autem
2850 5322 2923 5365 est
2957 5314 3159 5367 tertium
3188 5315 3431 5384 adjacr'ns
3462 5316 3790 5383 praedicatur,
3820 5317 3915 5369 du-

2332 5404 2532 5473 pliciter
2562 5415 2681 5457 Iunc
2707 5404 2945 5459 dicuntur
2988 5408 3350 5477 oppositiones.
3390 5407 3515 5462 Dico
3542 5418 3732 5477 autem,
3757 5420 3813 5464 ut
3840 5417 3916 5464 est

2323 5500 2501 5567 justus
2531 5497 2699 5552 homo.
2734 5498 2823 5551 Est
2867 5501 3068 5555 tertium
3094 5503 3207 5556 dico
3236 5504 3472 5577 adjacere
3499 5521 3683 5559 nomen
3707 5506 3786 5560 vel
3804 5520 3916 5559 ver-

2334 5590 2451 5642 bum
2482 5591 2535 5643 in
2581 5591 2933 5661 afﬁrmatione.
2976 5596 3146 5656 Quare
3186 5607 3406 5664 quatuor
3431 5607 3578 5650 crum
3618 5597 3750 5665 ista,
3779 5613 3915 5670 qua-

2331 5704 2445 5739 rum
2469 5688 2585 5741 dua:
2624 5690 2825 5758 quidem
2854 5690 2921 5742 ad
2950 5691 3347 5760 aﬂirmazionem
3383 5704 3431 5746 et
3460 5696 3777 5765 negationem
3807 5709 3914 5749 seu

2334 5780 2585 5832 habebunt
2612 5780 2888 5832 secundum
2911 5784 3341 5848 consequentiam,
3368 5793 3421 5836 ut
3451 5786 3779 5854 privationes,
3798 5786 3917 5839 dum

2338 5889 2448 5925 vero
2489 5874 2710 5926 minimc.
2755 5873 2880 5925 Dira
2907 5884 3076 5927 autem
3102 5876 3340 5931 quoniam
3386 5884 3479 5942 est,
3526 5888 3613 5929 aut
3640 5891 3791 5943 justo
3822 5896 3933 5939 ωας,
