4270 6266
386 342 492 401 535

1112 347 1179 403 IN
1216 344 1601 409 LIBRUMDE
1639 342 2286 402 INTERPRETATIONE
2330 343 2560 401 EDITIO
2597 344 2941 403 SECUNDA.‘

3550 332 3666 400 526

390 460 594 533 iacebit,
624 469 715 515 aut
758 477 861 516 non
892 464 1055 535 justo.
1090 464 1259 528 Quare
1301 464 1449 518 etiam
1482 459 1967 529 negatio.‘Quatuor
1995 460 2050 522 Α
2074 456 2476 526 propositionis.
2509 458 2615 514 Sed
2668 460 2847 529 potius
2902 456 3294 514 demonstratio
3348 453 3667 527 qualitatis,

389 571 512 626 ergo
554 563 724 609 erunt.
769 554 1115 627 Intelligimus
1150 574 1265 611 vero
1303 558 1435 633 quod
1463 556 1648 609 dicitur
1684 554 1831 607 exiis
1857 567 1971 622 qua

390 648 676 713 subscripta
717 660 856 713 sunt,
890 659 962 701 est
987 650 1161 720 justus
1201 654 1372 703 homo.
1401 648 1572 720 Hujus
1602 647 1823 716 negatio,
1871 662 1973 699 non

392 749 465 791 est
478 743 653 808 justus
679 738 851 793 homo.
882 738 976 793 Est
1000 758 1098 795 non
1136 745 1311 812 justus
1339 741 1508 795 homo.
1539 738 1718 811 Hujus
1748 739 1970 808 negatio,

392 846 495 885 non
531 843 599 886 est
624 850 724 887 non
740 836 914 905 justus
947 840 1116 891 homo.
1140 835 1231 889 Est
1256 838 1388 889 enim
1415 837 1509 889 hoc
1539 836 1652 890 loco
1676 845 1721 888 et
1753 853 1851 888 non
1879 844 1971 898 est,

394 926 530 997 iusto
561 936 606 977 et
634 942 733 979 non
751 928 895 998 justo
924 929 1144 999 adjuvet.
1173 926 1301 981 Ηιεσ
1344 928 1522 999 igitur,
1547 926 1976 996 quemadmodum

392 1019 446 1070 in
477 1020 790 1072 resalutat-iis
812 1020 1004 1073 dictant
1028 1034 1123 1084 est,
1147 1022 1219 1075 sic
1248 1031 1369 1075 sunt
1398 1022 1670 1091 disposita.

464 1108 614 1174 Quod
660 1117 835 1163 autem
883 1111 1080 1165 dicitur
1108 1113 1492 1181 perobscurnm
1538 1121 1622 1166 est
1671 1122 1725 1164 et
1766 1110 1979 1178 exposi-

391 1210 500 1255 tmn
533 1218 560 1253 a
586 1200 824 1269 pluribus
850 1204 1109 1267 incurate,
1134 1220 1363 1273 quorum
1396 1219 1516 1259 cum
1542 1202 1743 1271 iudicio
1764 1218 1979 1269 compe-

391 1292 523 1345 tenti
556 1295 882 1347 cnumcrubo
913 1296 1225 1350 sententias.
1252 1294 1539 1364 Postquam
1565 1297 1632 1349 de
1673 1295 1755 1349 his
1784 1310 1979 1364 propo-

392 1385 677 1439 sitionibus
698 1387 995 1455 expedivit,
1026 1404 1144 1451 qute
1170 1389 1381 1443 duobus
1410 1391 1762 1443 constiterant
1793 1388 1979 1440 termi-

395 1477 499 1542 nis,
533 1488 589 1532 et
612 1480 915 1546 subjectum
947 1481 1244 1535 habuerant
1274 1490 1363 1535 aut
1394 1496 1610 1544 nomen,
1639 1491 1731 1533 aut
1754 1482 1847 1551 (ut
1869 1480 1982 1549 ipse

396 1572 505 1638 ait)
527 1571 938 1637 innominatutn,
975 1573 1025 1626 id
1055 1584 1137 1630 est
1169 1574 1433 1628 inﬁnitum
1478 1590 1695 1629 nomen.
1727 1574 1877 1627 Nunc
1916 1574 1983 1628 ad

398 1674 491 1715 eas
515 1662 702 1716 transit
734 1663 785 1717 in
827 1664 1018 1734 quibus
1055 1676 1137 1719 est
1180 1667 1398 1722 tertium
1441 1668 1690 1735 adiacens
1724 1667 1983 1737 prtedica-

397 1765 487 1810 tur
514 1772 621 1810 uno
661 1757 899 1827 subjecto
937 1759 1146 1814 duobus
1191 1762 1511 1831 praedicatis,
1541 1772 1598 1815 ut
1640 1762 1692 1817 in
1733 1778 1799 1817 eo
1842 1762 1983 1831 quod

2080 549 2181 603 boc
2200 549 2342 603 enim
2385 550 2526 619 quod
2556 550 2785 603 dicimus
2810 560 2913 615 est,
2955 563 3063 604 non
3107 546 3387 605 constituit
3414 544 3666 617 proposi-

2079 642 2277 697 tionem
2309 651 2501 708 totam,
2524 643 2617 699 sed
2652 644 2824 712 qualis
2853 645 2943 709 sit,
2958 644 3010 697 id
3033 652 3115 699 est
3132 644 3383 711 quoniam
3407 648 3493 696 est
3520 638 3672 696 afﬁr-

2080 733 2280 786 mativa
2333 734 2691 799 demonstrat,
2722 744 2880 801 atque
2934 733 3054 787 ideo
3104 748 3210 787 non
3262 732 3404 787 dixit
3452 731 3672 787 tertium

2081 821 2402 889 praedicatur
2429 833 2658 885 tantum,
2681 824 2775 879 sed
2799 823 3016 878 tertium
3046 823 3299 892 adiacens
3321 822 3673 893 praedicatur.

2078 912 2195 967 Non
2223 915 2365 968 enim
2391 913 2620 983 positum
2649 926 2732 969 εει
2759 915 2974 968 tertium
3001 912 3320 982 prtedicatur
3342 916 3537 970 solum.
3562 915 3670 972 Sed

2081 1012 2333 1082 adiacens
2378 1014 2593 1068 tertium
2626 1012 2864 1068 secundo
2895 1010 3049 1079 loco,
3094 1020 3147 1065 et
3188 1012 3673 1077 (quemadmodum

2080 1102 2281 1157 dictum
2328 1105 2445 1173 est)
2477 1103 2782 1158 accidenter
2827 1101 3168 1170 prmdicatur.
3201 1099 3387 1155 Potest
3416 1111 3593 1157 autem
3623 1112 3681 1157 et

2083 1193 2161 1245 sic
2191 1191 2436 1263 intelligi,
2490 1192 2692 1246 idcirco
2721 1191 2923 1245 dixisse
2971 1187 3319 1244 Aristotelem
3371 1198 3453 1244 est
3498 1190 3552 1244 in
3596 1191 3682 1245 his

2086 1284 2299 1337 tertium
2333 1283 2587 1352 adiacens
2618 1280 2925 1352 pra-dicari,
2958 1281 3214 1350 quoniam
3262 1281 3434 1351 possit
3471 1281 3681 1352 aliquo-

2086 1376 2187 1430 ties
2228 1385 2281 1430 et
2324 1390 2419 1445 per
2461 1390 2521 1430 se
2575 1374 2876 1444 praedicari,
2910 1381 2969 1427 ut
3003 1374 3049 1427 si
3082 1372 3200 1442 quis
3246 1372 3393 1428 dicat
3433 1372 3685 1428 Socrates

2087 1466 2437 1535 pltilosOpbus
2462 1474 2565 1529 est,
2584 1475 2641 1519 ut
2665 1464 2959 1534 propositio
2986 1462 3103 1518 haec
3123 1462 3224 1517 hoc
3247 1464 3472 1517 sentiat:
3491 1465 3686 1519 Socra-

2089 1578 2171 1619 tes
2196 1566 2547 1634 pltilosopbus
2575 1564 2722 1618 vivit.
2741 1563 2834 1617 Est
2859 1563 3002 1617 enim
3046 1578 3145 1632 pro
3167 1563 3297 1617 vivit
3331 1550 3560 1631 positum
3579 1572 3683 1620 est.

2088 1656 2143 1711 Si
2177 1658 2295 1727 quis
2321 1674 2450 1728 ergo
2478 1658 2555 1712 sic
2585 1659 2747 1723 dicat,
2775 1658 2880 1711 duo
2912 1658 3260 1713 inveniuntur
3289 1656 3554 1727 subjecta.
3585 1658 3683 1713 Est

2090 1764 2223 1802 vero
2262 1751 2436 1805 solum
2490 1751 2832 1819 praedicatur,
2879 1765 2983 1803 non
3024 1751 3186 1802 etiam
3223 1748 3499 1820 adiacens.
3533 1752 3685 1819 Quod

395 1848 647 1912 dicimus,
683 1849 842 1903 homo
869 1851 1046 1918 justus
1092 1862 1193 1916 est,
1244 1852 1407 1906 homo
1437 1854 1734 1922 subjectum
1786 1864 1888 1920 est,
1931 1843 2063 1908 etB

2014 1843 2233 1905 Benim
2283 1842 2512 1897 dicimus
2568 1843 2819 1898 Socrates
2869 1842 3245 1911 philosOphus,
3278 1853 3509 1915 utroque
3560 1846 3684 1903 sub-

397 1940 570 2008 iustus
590 1953 642 1995 et
672 1952 775 2008 est,
807 1950 1031 2011 utraque
1059 1944 1439 2012 praedicantur.
1474 1945 1615 2015 Ergo
1656 1945 1707 1999 in
1740 1944 1840 1998 hoc
1879 1944 1987 1998 duo

398 2044 523 2088 sunt
545 2035 849 2104 praedicata,
903 2050 1063 2089 unum
1117 2052 1246 2091 vero
1292 2038 1615 2108 subjectum,
1654 2046 1708 2093 et
1756 2036 1986 2092 fortasse

400 2127 595 2189 aliquis
636 2128 870 2197 inquirat
919 2144 1015 2184 cur
1056 2128 1127 2183 ita
1174 2130 1390 2185 dixerit.
1441 2130 1666 2196 Quando
1697 2141 1873 2183 autem
1906 2138 1988 2185 est

403 2220 618 2275 tertium
640 2221 888 2289 adiacens
917 2222 1255 2291 praedicatur,
1289 2240 1395 2277 non
1434 2228 1576 2278 enim
1602 2225 1823 2278 tertium
1851 2240 1986 2293 prac-

398 2310 628 2377 dicatur,
658 2318 752 2367 sed
799 2314 1112 2368 secundum.
1162 2315 1274 2368 Duo
1302 2317 1444 2370 enim
1490 2324 1615 2370 sunt
1644 2330 1765 2385 quae
1798 2316 1991 2385 praedi-

399 2415 607 2471 cantur,
644 2420 806 2460 unum
835 2422 963 2461 vero
1005 2406 1305 2477 subjectum
1337 2417 1441 2463 est.
1485 2409 1592 2463 Sed
1638 2424 1744 2463 non
1790 2411 1861 2463 ita
1907 2409 1990 2463 di-

398 2502 544 2550 ctum
575 2506 658 2550 est
685 2498 839 2566 quasi
868 2508 950 2552 est
995 2500 1045 2551 in
1082 2501 1447 2568 propositione
1477 2516 1598 2570 qua:
1642 2501 1793 2566 dicit,
1826 2500 1990 2555 homo

399 2586 573 2661 iustus
597 2597 700 2655 est,
726 2591 939 2645 tertium
971 2592 1369 2661 praedicaretur.
1402 2594 1506 2648 Sed
1554 2596 1806 2664 quoniam
1836 2596 1989 2663 adja-

400 2690 484 2736 cet
512 2683 729 2736 tertium
761 2692 814 2736 et
845 2683 1183 2752 prmdicatur,
1209 2699 1338 2754 ergo
1362 2686 1500 2754 quod
1529 2687 1724 2740 dicitur
1751 2688 1986 2749 tertium,

400 2774 465 2827 ad
494 2776 742 2841 adiacere
766 2775 1026 2841 refertur;
1060 2780 1256 2831 etenim
1289 2778 1339 2831 in
1364 2793 1425 2832 ea
1464 2779 1577 2847 ipsa
1624 2780 1992 2848 propositione

400 2879 518 2935 quae
564 2866 714 2931 dicit,
768 2867 929 2921 homo
966 2867 1144 2937 justus
1198 2878 1302 2933 est,
1347 2878 1433 2922 est
1488 2869 1703 2922 tertium
1752 2871 1987 2939 adiacet,

399 2960 746 3028 praedicatum
774 2970 950 3013 autem
979 2960 1091 3030 jam
1124 2975 1227 3014 non
1266 2960 1503 3025 tertium,
1530 2962 1623 3015 sed
1669 2964 1988 3019 secundum.

402 3049 540 3120 Ergo
564 3050 778 3105 tertiqu
809 3062 1147 3106 numeratum
1170 3053 1303 3120 adjai
1325 3062 1397 3117 et,
1422 3052 1711 3106 secundum
1734 3069 1866 3108 vero
1895 3071 1992 3108 nu-

403 3153 661 3197 meratum
691 3144 1030 3213 praedicatur,
1056 3143 1159 3199 hoc
1185 3155 1265 3197 est
1295 3143 1454 3213 igitur
1472 3144 1613 3212 quod
1644 3145 1735 3196 ait.
1764 3144 1992 3211 Quando

2086 1935 2226 2005 jecta
2254 1944 2398 1988 sunt.
2431 1936 2521 1990 list
2544 1934 2687 1988 enim
2716 1932 3039 2003 praedicatur
3066 1934 3273 2002 solum;
3303 1938 3346 1991 si
3369 1941 3489 2009 quis
3512 1949 3689 1999 autem

2090 2025 2235 2080 dicat
2253 2025 2331 2079 sic
2356 2041 2369 2078 :
2398 2024 2650 2078 Socrates
2681 2024 3030 2093 philosophus
3048 2034 3151 2093 est,
3171 2036 3227 2080 ut
3248 2042 3354 2081 non
3370 2029 3479 2097 iam
3496 2029 3689 2084 Socra~

2093 2126 2199 2172 tem
2248 2116 2627 2186 philosophum
2668 2131 2789 2169 esse
2844 2126 3006 2185 atque
3036 2118 3238 2187 vivere,
3288 2121 3381 2173 sed
3407 2119 3689 2177 Socratem

2095 2210 2458 2279 philosophari
2489 2218 2541 2261 et
2574 2208 2956 2278 philosOphum
2983 2224 3102 2264 esse
3128 2211 3498 2267 enuntiatione
3523 2212 3690 2284 signi-

2095 2303 2244 2367 ﬁcet,
2300 2311 2426 2357 tunc
2481 2303 2755 2357 invenitur
2795 2319 2957 2358 unum
2989 2304 3286 2374 subjectum
3334 2314 3392 2361 et
3417 2306 3525 2361 duo
3554 2322 3691 2378 prte-

2094 2394 2290 2449 dicata.
2340 2396 2591 2450 Socrates
2640 2395 2783 2449 enim
2834 2395 3136 2466 subjectum
3182 2409 3292 2463 est,
3344 2397 3694 2470 philosophus

2095 2499 2271 2542 autem
2303 2500 2356 2542 et
2382 2500 2463 2542 cst
2490 2488 2799 2558 praedicata,
2832 2504 3058 2560 quorum
3090 2490 3447 2561 philosophus
3475 2492 3693 2563 quidem

2096 2580 2467 2650 principaliter
2510 2578 2851 2651 praedicattir.
2913 2584 3007 2636 Est
3061 2591 3240 2638 autem
3294 2584 3550 2654 adiacens
3594 2600 3695 2642 uo-

2096 2674 2249 2735 mini,
2280 2672 2420 2739 quod
2469 2683 2552 2728 est
2598 2673 2972 2744 philosoiihus,
3015 2683 3073 2730 et
3122 2676 3294 2745 ipsum
3338 2678 3691 2746 praedicatur,

2096 2767 2191 2821 sed
2240 2780 2345 2820 non
2419 2765 2743 2833 simpliciter
2809 2766 3165 2835 praedicatur,
3242 2766 3339 2822 sed
3411 2768 3696 2839 adiacens.

2097 2859 2233 2915 Sunt
2275 2870 2452 2915 autem
2479 2858 2597 2913 alia:
2630 2860 3028 2930 proposuioncs
3076 2862 3179 2916 hoc
3211 2861 3410 2917 modo:
3442 2862 3530 2918 So:
3551 2876 3698 2922 rates

2098 2954 2151 3006 in
2206 2953 2398 3024 Lycaeo
2448 2954 2700 3022 disputat.
2769 2952 2833 3006 Et
2902 2962 3030 3007 sunt
3078 2954 3160 3006 hae
3230 2969 3299 3009 ex
3358 2954 3528 3012 tribus
3587 2965 3698 3011 ter-

2096 3048 2277 3100 minis.
2334 3045 2439 3101 Sed
2489 3044 2558 3099 de
2599 3044 2698 3099 hac
2740 3044 2950 3099 interim
3015 3045 3446 3114 pr0positionum
3498 3057 3698 3105 natura

2099 3139 2230 3192 nihil
2272 3146 2481 3204 tractat,
2532 3134 2630 3192 sed
2690 3135 2759 3191 de
2808 3135 2891 3190 his
2943 3136 3117 3193 solum
3150 3140 3202 3191 in
3232 3138 3429 3209 quibus
3470 3148 3555 3195 est
3582 3150 3697 3197 tel-

404 3242 487 3288 est
510 3236 720 3289 tertium
753 3234 1003 3304 adiacens
1036 3235 1379 3303 prmdicatur,
1427 3249 1533 3288 non
1587 3235 1839 3303 quoniam
1876 3251 1982 3291 ter-
2014 3233 2063 3299 C
2096 3236 2229 3288 tium
2281 3230 2533 3300 adiacens
2585 3228 2928 3299 praadicatur,
2980 3238 3037 3285 ut
3058 3239 3142 3284 est
3174 3232 3337 3285 homo
3376 3232 3554 3301 justus
3581 3240 3695 3301 est,

402 3325 537 3379 tium
584 3326 917 3396 praedicatur,
965 3327 1060 3381 sed
1107 3327 1431 3396 praediCatur
1460 3328 1671 3381 tertium
1702 3328 1980 3396 adiacens,

399 3419 453 3474 id
483 3429 567 3475 est
596 3421 750 3475 tertio
785 3425 921 3474 loco.
955 3420 1103 3474 Facit
1132 3418 1294 3490 igitur
1323 3434 1464 3474 nunc
1507 3420 1559 3473 in
1610 3420 1693 3473 bis
1739 3424 1984 3489 proposi-

396 3514 633 3570 tionibus
658 3513 1142 3568 considerationem
1175 3514 1227 3565 in
1258 3512 1450 3580 quibus
1487 3520 1569 3566 est
1597 3520 1811 3566 tertium
1839 3513 1989 3581 adja-

400 3618 528 3660 cens
562 3614 664 3669 e~t,
697 3606 989 3659 secundum
1041 3604 1415 3673 praedicatum,
1448 3613 1503 3657 et
1543 3603 1682 3657 sicut
1723 3603 1775 3657 in
1822 3604 1904 3657 bis
1935 3606 1985 3658 in

401 3698 596 3768 quibus
637 3707 840 3753 tantum
891 3696 1214 3767 prasdncamr
1243 3706 1347 3763 est,
1388 3714 1493 3752 non
1542 3698 1700 3752 etiam
1733 3697 1987 3767 adiacens

402 3793 799 3862 praedicabitur,
826 3803 883 3845 ut
924 3792 1085 3846 homo
1112 3801 1193 3847 est
1221 3793 1288 3847 de
1329 3793 1572 3862 subiecto
1600 3794 1987 3849 c0nsideratio-

403 3900 525 3938 nem
558 3884 715 3949 fecit,
745 3895 877 3953 quot
905 3884 1079 3937 modis
1109 3886 1405 3955 subiectum
1436 3898 1705 3956 sumptum
1736 3887 1988 3942 diﬁ'eren-

406 3978 506 4029 tias
534 3975 732 4029 faceret
753 3976 1196 4044 pr0positionum.
1231 3982 1337 4031 Aut
1374 3979 1514 4033 enim
1554 3995 1745 4033 nomen
1774 3982 1989 4035 dicebat

407 4082 528 4123 esse
549 4068 717 4136 subici
740 4078 976 4134 tum,aut
1008 4070 1269 4123 inﬁnitum
1305 4074 1609 4130 nomen.lta
1645 4072 1729 4126 hic
1758 4088 1897 4126 nunc
1919 4074 1987 4127 de

404 4162 1025 4232 praedicatoloquitur,et
1049 4162 1116 4217 de
1138 4163 1407 4230 praedicati
1433 4165 1747 4219 differentiis
1773 4176 1984 4219 tractat.

403 4256 457 4309 In
504 4254 589 4309 bis
636 4255 779 4309 enim
830 4254 1283 4325 propositionibus
1314 4257 1363 4309 iu
1412 4260 1602 4326 quibus
1633 4267 1714 4311 cst
1768 4264 1985 4311 tertium

403 4349 649 4418 adiacens
679 4349 1017 4416 iirzedicatur,
1051 4360 1319 4420 sumptum
1346 4352 1694 4419 praedicatum
1729 4354 1859 4406 alias
1890 4368 1988 4407 no-

404 4456 547 4508 men,
574 4443 704 4497 alias
727 4441 987 4497 inﬁnitum
1037 4444 1397 4497 nomen-facit
1427 4444 1758 4500 differentias
1794 4461 1990 4514 pmpo-

407 4534 678 4589 sitionum.
714 4533 1060 4589 Prtedicatuzn
1093 4543 1270 4590 autem
1301 4536 1425 4591 dico
1453 4538 1505 4589 in
1528 4553 1588 4590 ea
1624 4540 1991 4608 propositione

2094 3328 2188 3383 sed
2221 3327 2289 3382 de
2317 3325 2401 3379 bis
2432 3326 2567 3379 duas
2592 3323 2807 3394 quidem
2834 3325 3225 3393 oppositiones.
3259 3325 3526 3396 Quocirca
3550 3336 3700 3385 recte

2092 3421 2215 3474 dua:
2238 3418 2603 3487 oppositiones
2627 3424 2857 3487 quatuor
2903 3418 3327 3486 propositionum
3379 3425 3523 3473 sunt.
3567 3416 3689 3475 Hoc

2093 3523 2269 3566 autem
2303 3508 2609 3580 huiusmodi
2640 3517 2743 3564 εει.
2794 3507 3021 3578 Quando
3060 3517 3144 3563 est
3174 3510 3395 3565 tertium
3440 3510 3698 3581 adiacens

2095 3605 2437 3675 praedicatur,
2488 3603 2628 3673 quod
2678 3603 3052 3673 principaliter
3101 3603 3426 3671 praedicatur
3466 3616 3558 3662 aut
3597 3620 3696 3661 uo-

2095 3714 2216 3751 men
2244 3702 2367 3760 erit,
2401 3706 2493 3749 aut
2532 3695 2800 3750 inﬁnitum
2830 3710 3049 3751 nomen.
3085 3695 3152 3751 Et
3181 3698 3295 3752 haec
3332 3705 3428 3752 aut
3453 3698 3694 3754 afﬁrma-

2095 3794 2205 3850 tive
2245 3794 2581 3864 praedicanda
2620 3802 2768 3855 sunt,
2803 3802 2894 3845 aut
2927 3793 3193 3859 negativc.
3246 3793 3535 3877 Quocirca
3560 3796 3692 3850 sim-

2094 3889 2249 3959 plicis
2273 3887 2505 3941 nominis
2527 3884 2814 3940 afﬁrmatio
2837 3892 2892 3938 et
2911 3884 3175 3952 simplicis
3200 3886 3429 3939 nominis
3449 3888 3697 3957 negatio,

2094 3996 2199 4034 una
2222 3990 2304 4034 est
2331 3978 2621 4047 oppesitio,
2646 3986 2701 4030 et
2723 3974 2843 4029 duae
2877 3974 3293 4043 propositiones.
3324 3974 3560 4031 Finitum
3590 3994 3690 4033 au-

2096 4083 2205 4127 tem
2249 4082 2300 4126 et
2335 4070 2596 4123 inﬁnitum
2644 4068 2734 4122 hic
2789 4080 2896 4120 non
2944 4066 3267 4134 subjectmn,
3320 4068 3412 4121 sed
3460 4070 3696 4124 sumitur

2098 4162 2466 4232 praedicatum,
2504 4169 2563 4213 ut
2587 4160 2638 4214 in
2670 4174 2737 4214 eo
2767 4157 2909 4227 quod
2939 4166 3041 4221 est,
3087 4157 3249 4211 homo
3273 4157 3451 4228 justus
3481 4170 3585 4226 est,
3609 4163 3697 4228 ju-

2096 4263 2210 4308 stus
2240 4252 2578 4323 prtedicatur,
2604 4251 2706 4305 hoc
2739 4261 2918 4306 autem
2950 4265 3146 4305 nomen
3169 4241 3291 4316 erit,
3317 4260 3409 4305 aut
3425 4250 3696 4309 inﬁnitum

2100 4367 2316 4406 nomen.
2354 4348 2510 4404 Fiunt
2537 4364 2667 4419 ergo
2697 4363 2760 4402 ex
2791 4347 2873 4402 bis
2912 4348 3033 4401 dua:
3082 4339 3468 4401 afﬁrmat-ones
3502 4355 3557 4402 et
3596 4362 3696 4403 ne-

2096 4445 2362 4511 gationes,
2393 4441 2553 4493 homo
2578 4439 2758 4508 justus
2788 4448 2890 4503 est,
2924 4438 3087 4494 homo
3118 4448 3201 4493 est
3222 4454 3327 4491 non
3353 4439 3549 4505 justus,
3583 4454 3693 4495 non

2099 4545 2315 4589 estnon
2343 4534 2517 4604 iustus
2563 4532 2743 4596 homo,
2781 4548 2887 4586 non
2918 4542 3001 4587 est
3066 4532 3247 4601 justus
3296 4530 3483 4588 homo.
3517 4533 3694 4604 Atque

402 4640 524 4695 quae
572 4629 837 4694 proponit,
870 4626 1032 4680 homo
1081 4629 1257 4695 justus
1304 4638 1408 4692 est,
1454 4629 1648 4696 justus,
1701 4630 1799 4684 hoc
1846 4633 1990 4688 enim
2022 4630 2077 4695 ι)
2104 4628 2205 4681 hoc
2231 4625 2444 4695 quidem
2475 4628 2527 4677 in
2552 4625 2862 4679 indeﬁnitis.
2899 4625 3177 4679 Posterius
3220 4639 3397 4680 autem
3424 4641 3696 4683 monstra-

407 4718 748 4787 prtcdicatutn
774 4720 839 4773 de
864 4720 1081 4774 homine
1121 4731 1222 4787 est,
1261 4731 1342 4774 est
1378 4732 1555 4775 autem
1590 4740 1698 4776 non
1729 4727 1990 4794 pradica-

404 4823 508 4864 tur.
541 4811 643 4865 Sed
678 4814 890 4866 tertium
914 4812 1169 4877 adiacens
1193 4811 1529 4879 prtrdicatur,
1558 4814 1610 4867 id
1638 4825 1719 4869 est
1748 4818 1989 4871 secundo

405 4902 545 4967 loco,
576 4914 630 4956 et
660 4904 912 4973 adiacens
950 4903 1118 4971 iusto,
1152 4904 1367 4957 tertium
1400 4920 1530 4959 vero
1560 4908 1611 4960 in
1645 4916 1752 4963 tota
1786 4925 1987 4979 propo-

406 4996 596 5051 sitione
643 4998 985 5067 praedicatur,
1016 5012 1120 5050 non
1166 4998 1322 5067 quasi
1367 5000 1609 5068 quaedam
1655 5017 1781 5072 pars
1821 5007 1988 5060 totius

1081 5088 1378 5145 Afﬁrmatio
1406 5092 1653 5160 simplex.

1084 5182 1255 5236 Homo
1278 5185 1453 5252 iustus
1481 5192 1585 5239 est.

1086 5274 1387 5330 Afﬁrtnatio
1413 5292 1477 5329 ex
1506 5276 1737 5334 inﬁnito.

1084 5369 1257 5423 llomo
1289 5386 1394 5422 non
1423 5371 1601 5436 iustus
1628 5379 1729 5425 est.
1808 5373 2089 5442 Oppositio
2117 5389 2246 5430 una.

406 5484 685 5554 Simplices
724 5484 776 5536 in
807 5483 1141 5550 supraposita
1190 5483 1552 5550 descriptione
1598 5480 1994 5550 proiiosittones

404 5574 614 5639 vocavi,
644 5573 695 5626 in
737 5572 929 5641 quibus
953 5588 1144 5626 nomen
1181 5573 1523 5641 praedicatur,
1557 5572 1795 5626 utltomo
1821 5573 1998 5643 justus

404 5679 511 5733 εει,
545 5668 707 5722 homo
729 5666 904 5734 justus
932 5681 1037 5719 non
1062 5675 1163 5719 est.
1184 5667 1259 5718 Ex
1286 5664 1512 5717 inﬁnitis
1532 5676 1707 5717 autem
1732 5664 1783 5717 in
1806 5665 1997 5733 quibus

406 5778 602 5818 notncn
652 5760 913 5815 infinitum
948 5759 1312 5828 principaliter
1361 5756 1697 5826 prtedicatur,
1744 5765 1800 5809 ut
1836 5754 1997 5811 homo

406 5871 510 5911 non
529 5854 705 5913 iustus
730 5863 832 5912 est.
867 5851 1028 5907 homo
1064 5866 1167 5913 non
1204 5851 1371 5907 iustus
1402 5863 1505 5905 non
1531 5856 1631 5904 est.
1659 5846 1785 5903 Sive

1803 5189 2086 5260 Oppositio
2115 5205 2244 5246 una.

2100 4722 2246 4775 bitur
2270 4727 2372 4773 hoc
2397 4717 2558 4771 etiam
2586 4717 2636 4771 in
2667 4716 2750 4769 his
2765 4731 2908 4780 esse,
2932 4733 3050 4787 qua:
3071 4718 3574 4775 determinationem
3602 4720 3697 4775 ιω-

2100 4815 2228 4868 bent
2252 4810 2669 4865 universalitatis
2715 4812 2796 4864 vel
2831 4811 3287 4877 particularitatis.
3317 4812 3469 4869 Nunc
3519 4824 3698 4871 autem

2100 4915 2290 4968 horum
2356 4910 2494 4967 ordo
2542 4909 2815 4981 subjectus
2869 4926 3149 4967 numerum
3195 4914 3699 4988 oppositionernqua

2099 5006 2361 5061 deciarat.
2890 5062 2891 5065 η

2143 5080 2149 5086 ’
2539 5090 2761 5162 Negatio
2806 5094 3053 5163 simplex.

2539 5184 2715 5239 Homo
2736 5184 2913 5254 justus
2937 5201 3040 5240 non
3069 5196 3165 5242 est

2527 5275 2747 5345 Negatio
2775 5290 2840 5332 ex
2870 5277 3092 5333 infinito.

2532 5371 2704 5425 Homo
2734 5385 2837 5425 non
2864 5371 3038 5441 iustus
3069 5389 3173 5428 non
3199 5384 3300 5430 est.

2106 5496 2189 5541 est
2213 5486 2386 5555 primo
2405 5482 2727 5555 praedicatur
2764 5484 2875 5538 sive
2904 5495 3108 5552 postea,
3150 5486 3289 5542 idem
3315 5498 3417 5545 est.
3448 5490 3559 5546 Nec
3588 5493 3693 5547 hoc

2106 5579 2284 5632 turbet
2311 5578 2453 5647 quod
2488 5576 2799 5630 Aristoteles
2822 5586 2923 5645 est,
2970 5579 3201 5647 primum
3232 5582 3391 5647 dixit,
3422 5600 3519 5641 nos
3567 5602 3695 5641 vero

2111 5679 2465 5737 postremum;
2506 5667 2598 5721 sed
2638 5668 2776 5720 idem
2820 5676 2921 5733 est,
2966 5670 3097 5725 ﬁunt
3136 5671 3296 5743 igitur
3324 5679 3695 5745 oppositiones

2113 5762 2250 5823 dum,
2284 5759 2677 5829 propositiones
2709 5772 2838 5812 vero
2864 5768 3108 5827 quatuor,
3137 5773 3191 5819 et
3213 5765 3292 5819 har
3313 5780 3541 5836 quatuor
3570 5785 3694 5842 pro-

2113 5840 2401 5921 positiones
2421 5868 2485 5907 ex
2516 5852 2729 5908 senario
2761 5852 3181 5923 propositionum
3212 5874 3436 5919 numero
3468 5862 3532 5917 ad
3561 5840 3692 5931 pau-
