4270 6266
621 366 729 432 527

1856 370 1966 428 AN.
2008 368 2217 428 MANL.
2257 368 2408 429 επεν.
2448 368 2674 431 ΒΟΕΤΙΙ

3788 372 3893 436 52':

622 492 768 547 ciora
800 487 1031 544 reducm
1061 492 1200 540 sunt.
1246 482 1301 541 Si
1337 488 1476 541 enim
1524 485 1801 554 simplices
1828 497 1883 542 et
1908 504 1968 542 ex
2001 488 2207 542 duobus
2236 490 2286 551 Α
2314 487 2648 557 praedicatur.
2681 487 2943 557 Quoniam
2984 500 3237 562 quantum
3284 487 3351 546 ad
3397 486 3635 546 ordinem
3673 507 3778 547 non
3824 494 3889 549 ad

624 581 865 637 terminis
894 579 1133 644 fuis~ent,
1170 578 1269 631 hoc
1298 578 1455 631 modo
1484 589 1685 642 e~sent,
1719 578 1878 633 homo
1916 592 2017 644 εει,
2050 581 2208 635 homo

624 689 729 727 non
756 682 855 736 εει,
882 672 1056 736 justus
1078 679 1181 735 est,
1199 670 1368 738 justus
1399 687 1500 724 non
1528 680 1630 735 est,
1657 670 1946 739 uonjnslus
1968 682 2072 735 est,
2102 687 2207 725 non

622 764 795 833 justus
820 776 921 815 non
946 770 1117 824 εει,‹ιι
1144 771 1319 816 essent
1354 762 1432 815 ha:
1454 777 1551 815 sex
1584 763 1993 829 propositiones.
2021 763 2208 818 Posset

620 855 836 923 qu'dem
870 853 1024 918 adjici
1062 854 1160 907 hoc
1184 852 1364 917 etiam,
1402 864 1455 906 ut
1483 854 1549 908 de
1589 854 1798 907 infinito
1829 855 2041 909 nomine
2080 856 2208 909 sub-

619 947 762 1015 jecto
794 948 979 1001 fierent
1011 946 1420 1015 propositiones,
1446 957 1498 998 ut
1527 957 1630 1009 est,
1658 964 1760 998 non
1788 946 1948 998 homo
1971 956 2070 1012 est,
2100 962 2202 1000 non

622 1039 785 1092 homo
815 1055 919 1092 non
948 1049 1050 1094 est.
1084 1038 1189 1093 Sed
1214 1040 1278 1092 dc
1307 1039 1385 1091 bis
1410 1038 1669 1100 posterius
1691 1038 1836 1092 dicit.
1856 1037 2005 1092 Nunc
2026 1052 2203 1093 autem

620 1149 713 1189 sex
766 1134 869 1189 illa:
896 1135 1167 1203 simplices
1197 1136 1247 1188 in
1280 1144 1507 1199 quatuor
1536 1134 1769 1188 reductae
1813 1144 1955 1195 sunt.
2006 1134 2205 1189 idcirco

620 1228 760 1297 quod
796 1243 880 1282 res
923 1228 1191 1297 simplices
1235 1229 1433 1297 junctae
1476 1229 1789 1282 naturaliter
1817 1229 2043 1283 redeunt
2072 1244 2205 1297 pau-

619 1321 814 1374 ciores.
845 1320 1165 1387 Conjnnctio
1191 1321 1331 1373 enim
1366 1321 1479 1387 ipsa
1521 1337 1799 1375 numerum
1834 1322 2043 1385 minuit,
2077 1322 2206 1375 utsi

617 1411 722 1464 sint
746 1412 928 1465 dect-tn
950 1427 1057 1473 res,
1082 1423 1135 1464 et
1168 1412 1387 1477 singulm
1410 1413 1633 1481 singulis
1650 1413 1961 1482 junguntur,
1986 1422 2039 1466 ut
2068 1413 2207 1467 b’nce

620 1502 771 1564 fiant,
790 1504 1062 1572 quinarius
1084 1520 1336 1557 numerus
1365 1506 1753 1572 conjunctionis
1783 1505 1943 1559 redit.
1968 1506 2041 1559 lta
2065 1507 2206 1559 enim

619 1595 723 1650 hoc
773 1597 930 1649 modo
961 1610 1050 1650 sex
1085 1605 1237 1649 erant
1279 1597 1667 1664 propositiones
1710 1607 1791 1650 rut
1832 1614 1992 1666 supra
2026 1595 2205 1665 docui)

618 1705 739 1759 qua:
764 1698 819 1743 et
845 1690 1155 1756 simpliciter
1172 1689 1498 1754 dicerentur,
1527 1691 1618 1742 sed
1652 1690 1732 1742 hic
1756 1694 1992 1744 astricue
2013 1702 2131 1743 sunt
2155 1697 2210 1744 et

618 1782 995 1852 c0njunctione
1016 1783 1290 1835 diminutae
1316 1793 1455 1835 sunt.
1490 1780 1619 1835 Nam
1644 1783 1784 1850 quod
1814 1791 2209 1849 proposuerunt
2256 1828 2259 1831 .

2313 586 2742 655 prandeationem
2773 587 3024 653 refertur,
3056 590 3238 644 subter
3265 589 3514 659 exposuit
3539 601 3663 658 quot
3705 588 3893 644 ﬁerent

2314 680 2704 747 propositiones
2753 682 2936 736 dicens
2980 698 2995 736 :
3045 682 3221 750 Quare
3259 693 3484 750 quatuor
3538 682 3651 737 ista:
3696 681 3894 736 erunt?

2311 772 2452 828 Dixit
2487 785 2661 828 autem
2692 776 2743 829 in
2788 775 2869 829 bis
2895 787 3123 843 quatuor
3150 792 3488 830 communem
3517 776 3893 841 accidentium,

2309 882 2465 936 quam
2524 869 2679 933 paulo
2709 879 2829 937 post
2876 870 3158 937 diligenter
3206 884 3490 937 exponam.
3523 867 3673 935 Quod
3720 877 3894 921 autem

2310 960 2501 1013 accidit
2552 958 2653 1013 hoc
2704 969 2786 1014 est
2816 978 2829 1012 ε
2864 961 2991 1014 Cum
3046 962 3153 1015 sint
3198 977 3427 1031 quatuor
3479 962 3893 1030 propositiones,

2310 1063 2443 1117 quas
2471 1050 2743 1118 positurus
2768 1059 2871 1118 est,
2914 1052 3032 1104 duae
3076 1052 3307 1118 ip~arum
3340 1066 3459 1106 sese
3490 1052 3555 1104 ad
3587 1052 3899 1105 affirmatio-

2312 1158 2433 1194 nem
2477 1153 2528 1197 et
2582 1144 2918 1214 negatiOuem
2968 1145 3035 1197 ita
3070 1143 3342 1200 habebunt
3371 1145 3661 1199 secundum
3706 1159 3898 1198 conse-

2312 1235 2606 1301 quentiam,
2664 1246 2721 1289 ut
2777 1236 3121 1304 privationes,
3154 1237 3270 1291 duae
3320 1253 3448 1292 vero
3500 1238 3735 1292 minimc.
3790 1236 3896 1292 Sed

2313 1325 2449 1378 hanc
2479 1326 2529 1379 in
2566 1326 2648 1380 his
2696 1328 3157 1396 propositionibus
3200 1329 3550 1385 accidentium
3591 1331 3748 1394 paulo
3778 1339 3900 1398 post

2312 1416 2712 1473 demonstrabo.
2757 1419 2908 1473 Nunc
2936 1431 3111 1474 autem
3144 1421 3271 1474 illud
3309 1424 3679 1489 respiciamus,
3713 1437 3901 1489 quem-

2312 1510 2599 1563 admodum
2628 1511 2756 1580 ipsm
2780 1520 3007 1580 quatuor
3046 1510 3158 1566 fieri
3193 1514 3585 1580 propositiones
3614 1514 3779 1565 dicat.
3809 1511 3900 1564 Ait

2312 1602 2479 1666 enim,
2508 1605 2632 1658 Dico
2662 1614 2837 1659 autem
2860 1607 3111 1675 quoniam
3136 1616 3323 1660 estattt
3344 1605 3488 1674 justo
3510 1605 3794 1673 adjacebit,
3814 1613 3901 1657 aut

2314 1710 2421 1747 non
2443 1695 2608 1764 justo.
2643 1696 2759 1751 Fiet
2799 1698 2938 1751 enim
2966 1696 3161 1764 duplex
3196 1697 3511 1765 propositio.
3542 1698 3596 1751 Si
3624 1708 3715 1751 aut
3757 1697 3901 1766 justo

2315 1799 2406 1842 aut
2439 1803 2543 1841 n0n
2567 1788 2713 1859 justo
2730 1800 2814 1845 est
2840 1791 3047 1859 :zdjacet
3080 1792 3177 1845 hoc
3208 1793 3386 1856 modo,
3413 1800 3495 1845 est
3517 1791 3691 1861 justus
3718 1790 3900 1857 homo,

620 1873 739 1929 isur.
778 1886 1023 1943 quatuor,
1056 1875 1215 1928 homo
1244 1883 1344 1936 est,
1400 1876 1557 1927 homo
1591 1889 1694 1927 non
1741 1883 1844 1937 est,
1882 1872 2060 1942 justus
2102 1882 2204 1940 εει,
2241 1875 2288 1936 Β
2316 1892 2397 1935 εει
2432 1897 2536 1934 non
2558 1883 2733 1950 justus
2763 1882 2942 1935 homo.
2970 1882 3165 1950 Quare,
3198 1884 3387 1947 inquit,
3413 1885 3455 1938 si
3478 1894 3559 1938 est
3581 1882 3901 1936 affirmativo

618 1968 763 2038 jnstu
778 1998 789 2008 ε
808 1980 1027 2021 nonest.
1044 1967 1134 2020 ll;e
1156 1965 1563 2035 conjnnctiones
1585 1966 1634 2019 itt
1658 1966 1790 2019 duas
1807 1965 2040 2019 reducta:
2065 1978 2208 2033 sunt,

618 2060 837 2130 juncms
864 2064 1005 2114 enim
1038 2062 1196 2114 homo
1228 2058 1513 2129 cumjnsto
1539 2059 1674 2113 duas
1708 2060 2102 2128 propositiones
2130 2060 2213 2114 fe-

621 2164 827 2217 cerunt,
864 2154 1023 2207 homo
1048 2153 1223 2221 justus
1254 2165 1356 2218 est,
1406 2152 1567 2207 homo
1594 2153 1768 2219 justus
1800 2170 1902 2207 non
1941 2162 2042 2208 est.
2072 2154 2213 2208 Rur-

621 2258 715 2299 sus
743 2245 807 2299 ad
838 2247 1086 2300 eumdem
1116 2245 1289 2313 ipsum
1324 2246 1595 2299 hominem
1626 2244 1891 2299 infinitum
1924 2262 2043 2300 cum
2076 2264 2214 2315 pra:-

623 2336 851 2391 dicatur.
880 2338 1012 2392 Aliae
1034 2339 1149 2391 dua:
1176 2338 1572 2406 propositiones
1594 2352 1658 2391 ex
1685 2338 1892 2405 infinito
1924 2339 2214 2407 przedicato

621 2430 1015 2484 rationabiliter
1057 2432 1322 2494 oriuntur,
1374 2429 1534 2483 homo
1565 2446 1670 2483 non
1712 2430 1888 2499 justus
1918 2440 2016 2496 est,
2054 2431 2214 2485 homo

621 2536 728 2577 non
751 2520 931 2591 justus
962 2536 1065 2575 non
1114 2530 1217 2588 εει,
1261 2536 1486 2591 quarum
1527 2523 1648 2577 duae
1676 2524 2042 2593 oppositiones
2070 2535 2213 2591 sunt,

619 2615 1018 2684 propositiOues
1053 2629 1177 2668 vero
1207 2623 1456 2683 quatuor.
1494 2614 1567 2668 ita
1614 2615 1777 2687 igitur
1803 2631 1867 2670 ex
1896 2632 1990 2671 sex
2022 2632 2219 2686 propo-

621 2703 932 2768 sitionibus,
959 2704 1009 2758 id
1034 2715 1111 2760 est
1139 2704 1320 2771 homo,
1340 2720 1447 2759 non
1470 2718 1551 2760 est
1577 2706 1760 2772 homo,
1785 2717 1867 2762 est
1885 2707 2081 2777 justus,
2110 2725 2218 2763 non

621 2805 707 2853 est
746 2798 921 2867 justus
954 2790 1056 2853 ἐει
1086 2814 1191 2853 non
1227 2798 1425 2866 justus,
1462 2814 1566 2853 non
1605 2809 1688 2853 est
1723 2814 1826 2853 non
1861 2800 2063 2871 justus.
2090 2804 2219 2871 Qua:

622 2905 745 2947 cum
774 2891 886 2944 sint
908 2905 1001 2945 sex
1042 2889 1461 2960 prepositioues,
1493 2899 1604 2945 tres
1646 2900 1850 2946 tantum
1884 2892 2083 2947 habent
2123 2911 2219 2962 op-

621 2984 939 3058 positiones,
988 2983 1149 3039 ltomo
1176 2983 1323 3054 justo
1349 2994 1404 3039 et
1436 2989 1559 3039 hom
1588 3010 1593 3025 ι
1634 3000 1741 3039 non
1771 2987 1917 3056 justo
1944 2988 2221 3058 subjectus

596 3062 854 3151 quatuor
883 3080 1027 3134 solas
1052 3079 1446 3148 propositiones
1483 3079 1629 3146 fecit,
1661 3081 1926 3149 duplicem
1960 3099 2090 3138 vero
2119 3099 2220 3152 0p-

621 3172 965 3243 positionem.
985 3171 1089 3238 Qui
1112 3178 1242 3225 ‘vero
1267 3172 1297 3225 d
1323 3183 1513 3226 xerunt
1538 3175 1936 3230 numerosiores
1961 3176 2072 3229 fieri
2100 3191 2222 3245 pro-

2318 1974 2477 2029 modo
2509 1976 2760 2043 positum,
2786 1991 2926 2029 nunc
2955 1977 3169 2044 quidem
3197 1991 3316 2031 cum
3344 1968 3517 2046 justo,
3550 1992 3690 2031 nunc
3722 1985 3903 2031 autem

2318 2084 2438 2121 cum
2474 2082 2578 2120 non
2602 2064 2747 2136 justo
2765 2068 3003 2135 geminas
3034 2068 3154 2122 fecit
3177 2068 3569 2136 propositiones
3600 2069 3805 2123 scilicet
3827 2066 3907 2121 ει.

2321 2160 2636 2223 firmativas,
2674 2159 2811 2213 idem
2859 2176 2927 2229 qu
2968 2174 3069 2228 que
3106 2168 3187 2213 est
3216 2174 3336 2213 cum
3367 2160 3649 2229 negatione
3685 2159 3899 2228 conjun-

2320 2264 2488 2319 ctum,
2521 2254 2569 2307 id
2602 2264 2681 2307 est
2714 2267 2843 2319 non,
2876 2253 3117 2321 geminas
3142 2269 3353 2323 quoque
3403 2254 3528 2307 facit
3577 2254 3904 2323 negationes,

2322 2361 2417 2400 eas
2448 2346 2649 2400 scilicet
2678 2360 2798 2415 qua:
2832 2356 2979 2409 sunt,
3020 2361 3124 2399 non
3153 2354 3234 2399 est
3277 2345 3436 2399 homo
3460 2345 3652 2413 justus,
3690 2361 3791 2399 non
3823 2352 3907 2399 est

2323 2437 2484 2493 homo
2511 2454 2615 2491 non
2651 2440 2861 2507 justus:
2896 2438 2995 2491 hoc
3022 2448 3104 2491 est
3134 2445 3311 2490 autem
3337 2436 3478 2506 quod
3501 2437 3573 2489 ait
3605 2452 3620 2490 :
3655 2435 3783 2490 Dico
3810 2450 3907 2490 au-

2299 2513 2430 2585 ltem
2463 2532 2714 2600 quoniam
2747 2541 2852 2595 est,
2880 2541 2969 2586 aut
2995 2530 3142 2601 justo
3172 2542 3263 2585 aut
3304 2546 3408 2585 non
3432 2531 3578 2598 justo
3619 2529 3905 2601 adjacebit.

2325 2619 2381 2675 Si
2408 2622 2550 2675 enim
2589 2622 2984 2692 adjacctjttsto,
3021 2624 3145 2678 facit
3186 2624 3324 2678 hanc
3351 2623 3786 2689 affirmationem,
3828 2633 3911 2680 est

2321 2713 2498 2784 justus
2521 2715 2685 2771 homo
2709 2733 2722 2782 ;
2752 2719 2797 2770 si
2826 2717 3033 2787 adjacet
3056 2734 3159 2772 non
3180 2718 3346 2788 justo,
3374 2719 3496 2773 facit
3523 2718 3658 2775 hanc
3685 2720 3911 2775 affirma-

2298 2802 2547 2875 tioncm,
2590 2820 2673 2864 est
2720 2828 2824 2865 non
2852 2812 3029 2880 justus
3066 2814 3247 2868 homo.
3279 2813 3457 2879 Quare
3503 2815 3661 2869 etiam
3702 2816 3914 2886 negatio

2324 2898 2507 2969 juncta
2555 2918 2674 2957 cum
2705 2914 2783 2958 est
2829 2903 2968 2959 idem
3020 2904 3165 2960 facit.
3215 2906 3340 2961 lia-c
3369 2905 3531 2977 igitur
3560 2909 3773 2979 negatio
3798 2915 3913 2979 qua

2327 3004 2411 3047 est
2442 3012 2565 3061 non,
2601 2998 2844 3070 copulata
2872 2997 3021 3067 justo
3052 3009 3107 3054 et
3137 3016 3240 3055 non
3267 2999 3435 3070 justo,
3465 3000 3597 3058 duas
3644 3002 3799 3060 faciet
3824 3022 3914 3062 ne-

2328 3086 2565 3152 gatioiies
2587 3098 2772 3140 contra
2804 3103 2916 3153 eas,
2953 3106 3085 3159 quas
3117 3107 3275 3162 supra
3307 3092 3563 3160 diximus,
3591 3096 3916 3166 prepositio-

2330 3189 2445 3229 nes.
2479 3174 2533 3229 Si
2581 3178 2720 3230 enim
2751 3177 3160 3251 addaturjusto,
3196 3183 3354 3237 talem
3384 3182 3513 3239 facit
3552 3188 3914 3261 negationem,

622 3263 915 3334 positiones
944 3278 1008 3318 ex
1041 3263 1121 3317 his
1153 3263 1205 3317 in
1232 3264 1425 3332 quibus
1461 3272 1545 3319 est
1582 3264 1838 3334 adjacens
1869 3268 2213 3335 prmdicatur,
2244 3259 2291 3324 C
2324 3278 2430 3317 non
2464 3276 2547 3319 est
2570 3266 2745 3335 justus
2772 3267 2951 3336 homo,
2979 3271 3025 3325 si
3047 3288 3153 3328 non
3179 3274 3342 3342 justo.
3377 3291 3483 3331 non
3506 3259 3588 3332 est
3617 3295 3721 3335 non
3739 3281 3913 3350 justus

592 3354 781 3426 quam
811 3371 880 3411 ex
910 3354 993 3410 his
1027 3371 1144 3425 qua:
1190 3357 1398 3411 duobus
1430 3357 1672 3412 terminis
1712 3370 2045 3427 constarent,
2096 3360 2215 3415 illos

623 3461 733 3503 non
762 3447 1087 3502 intellexisse
1117 3462 1297 3503 rerum
1322 3458 1567 3504 naturam
1600 3450 1945 3508 manifestum
1968 3464 2071 3521 εει,
2098 3471 2217 3524 quin

594 3530 698 3596 'ita
728 3539 867 3606 fert,
898 3549 955 3594 ut
980 3555 1193 3609 semper
1220 3557 1285 3595 ex
1335 3543 1576 3610 pluribus
1613 3546 1944 3614 simplicibus
1984 3550 2216 3602 rariores

622 3632 847 3688 redeant
877 3648 963 3687 res
988 3632 1373 3704 paucioresque
1402 3635 1723 3706 conjuncta.
1742 3637 1829 3692 Ait
1858 3638 2017 3707 igitur
2046 3640 2098 3693 in
2132 3639 2215 3694 his

598 3712 679 3781 Vin
709 3724 902 3796 quibus
942 3734 1026 3780 est
1071 3726 1287 3781 tertium
1337 3727 1591 3799 adjacens
1640 3732 1980 3799 praedicatur,
2017 3741 2073 3785 ut
2115 3732 2216 3787 hoc

624 3819 765 3886 quod
795 3818 864 3871 ait
897 3820 1113 3873 tertium
1144 3834 1248 3874 non
1279 3820 1345 3875 ad
1370 3822 1805 3891 praedicationem
1836 3823 2098 3879 referatur
2124 3840 2219 3891 po-

596 3912 729 3963 'tius
758 3925 915 3979 quam
945 3911 1011 3965 ad
1037 3910 1304 3975 ordinem,
1339 3924 1394 3967 ut
1424 3914 1539 3982 ipse
1569 3914 1811 3968 distinxit
1833 3914 2019 3969 dicens
2045 3933 2057 3968 :
2091 3915 2216 3971 Dico

624 4009 803 4057 autem
835 4010 891 4056 ut
919 4012 1002 4058 est
1025 4002 1203 4073 justus
1237 4006 1414 4067 homo.
1446 4017 1529 4059 est
1563 4004 1775 4061 tertium
1809 4006 1931 4061 dico
1972 4007 2219 4077 adjicere

623 4108 819 4148 nomen
847 4094 930 4149 vel
964 4095 1181 4151 verbum
1217 4095 1269 4150 in
1299 4095 1682 4162 affirmatione,
1724 4112 1854 4163 non,
1883 4098 2078 4169 inquit,
2113 4112 2220 4155 ter-

624 4184 755 4239 tium
788 4186 1085 4256 praedicari.
1138 4186 1243 4242 Sed
1288 4186 1538 4255 adjacere
1570 4192 1806 4252 tertium,
1838 4189 1932 4243 sed
1979 4189 2043 4243 ad
2074 4190 2220 4245 ordi-

624 4290 748 4331 nem
775 4276 997 4341 scilicet,
1027 4292 1133 4331 non
1163 4277 1231 4331 ad
1262 4279 1694 4345 prtedicationem
1727 4279 1891 4334 refert
1918 4292 1974 4334 ut
2003 4282 2216 4337 tertium

593 4362 841 4441 quidem
890 4370 1178 4441 adjaceret.
1225 4370 1493 4441 Adjacens
1522 4384 1697 4426 autem
1732 4374 2132 4443 praedicaretur,
2166 4376 2219 4431 id

626 4474 708 4519 est
733 4480 839 4519 non
869 4465 1185 4537 simpliciter
1225 4465 1627 4535 praedicaretur.
1667 4465 1850 4536 Neque
1890 4469 2030 4522 enim
2061 4483 2221 4538 supc-

625 4556 739 4613 rius
768 4566 851 4613 est
878 4560 1242 4623 terminatum,
1282 4568 1341 4613 ut
1383 4560 1433 4613 in
1466 4561 1852 4628 prepositione,
1880 4570 1985 4628 est,
2015 4562 2083 4617 sit
2114 4571 2221 4617 ter—

628 4653 826 4708 minus.
860 4648 1209 4724 Atque‘ideo
1259 4655 1304 4707 si
1347 4656 1465 4724 quis
1513 4656 1781 4711 resolvere
1814 4659 2218 4727 praepositiones

625 4745 757 4800 velit
780 4747 832 4801 in
855 4746 968 4801 suis
1000 4748 1260 4812 terminis,
1295 4747 1383 4801 ille
1412 4763 1518 4802 non
1562 4750 1780 4805 resolvit
1809 4749 1861 4804 in
1901 4761 2001 4805 est.
2027 4751 2133 4807 Sed
2163 4753 2219 4807 in

627 4852 695 4894 eo
714 4839 856 4909 quod
884 4847 968 4893 est
997 4838 1155 4895 homo
1172 4840 1435 4909 etjustus,
1462 4850 1516 4895 et
1540 4853 1693 4897 erunt
1718 4843 1824 4898 duo
1853 4845 2066 4899 termini
2093 4845 2219 4899 sub-

623 4928 802 5002 jectus
853 4930 1086 5000 quidem,
1123 4934 1303 4996 homo,
1350 4935 1669 5002 praedicatus
1694 4953 1845 5005 vero,
1892 4939 2089 5008 justus.
2125 4941 2220 4995 Est

626 5029 809 5077 autem
843 5021 983 5093 quod
1008 5021 1261 5092 adjacens
1292 5024 1614 5092 praedicatur
1641 5036 1694 5081 et
1719 5029 1933 5081 tertium
1966 5028 2220 5097 adjacens

624 5137 737 5177 nou
766 5122 820 5177 in
853 5122 1113 5187 terminis,
1157 5122 1249 5177 sed
1295 5121 1348 5176 in
1391 5124 1644 5192 qualitate
1686 5130 1861 5194 potius
1891 5129 2219 5196 propositio-

626 5214 713 5270 nis
739 5213 822 5287 (ut
841 5214 1037 5269 dictum
1069 5214 1172 5283 εει)
1207 5214 1488 5282 accipitur.
1532 5214 1735 5271 Nomen
1778 5227 1961 5291 autem
1982 5218 2061 5273 vel
2100 5234 2220 5274 ver-

625 5306 755 5361 bum
786 5306 861 5361 ait
886 5314 970 5361 est
999 5316 1217 5376 propter
1248 5307 1384 5362 hanc
1415 5322 1655 5375 causam,
1701 5310 1912 5365 tertium
1947 5312 2088 5366 enim
2120 5327 2219 5367 no-

626 5413 751 5455 men
800 5399 1045 5469 adjacere
1072 5400 1209 5455 dixit
1251 5411 1352 5465 est,
1388 5411 1446 5456 ut
1473 5402 1689 5458 doceret
1722 5406 1889 5474 prima
1935 5407 2041 5462 duo
2073 5422 2218 5470 esse.

627 5488 790 5546 homo
815 5491 1021 5546 scilicet
1057 5502 1111 5547 et
1136 5494 1330 5561 justus,
1366 5495 1564 5549 idcirco
1595 5510 1771 5552 autem
1802 5499 1879 5553 ait
1912 5515 2104 5555 nomen
2134 5499 2221 5555 vel

626 5590 874 5654 verbum,
904 5592 1155 5660 quoniam
1206 5592 1366 5649 verba
1420 5611 1632 5667 quoque
1677 5600 1889 5654 nomina
1933 5612 2075 5655 sunt.
2111 5601 2223 5655 Hoc

630 5687 806 5734 autem
839 5681 983 5749 prius
1010 5680 1142 5735 dixit
1186 5682 1394 5751 dicens,
1430 5688 1542 5754 ipsa
1575 5688 1787 5754 quidem
1840 5691 2132 5743 secundum
2164 5705 2221 5745 se

630 5767 770 5824 dicta
806 5774 963 5825 verba
993 5774 1206 5827 nomina
1237 5786 1380 5829 sunt.
1420 5778 1706 5847 Postquam
1740 5783 1899 5851 igitur
1916 5785 2067 5847 dixit,
2093 5784 2219 5852 quid

626 5859 789 5915 vellet
818 5861 1099 5917 ostendere
1123 5878 1220 5931 per
1236 5866 1287 5921 id
1309 5868 1459 5932 quod
1476 5871 1570 5937 ait,
1604 5882 1686 5927 est
1718 5868 1937 5933 tertium
1957 5874 2218 5944 adjacent

2325 3354 2513 3409 hoino.
2551 3356 2663 3412 Hoc
2695 3369 2871 3413 autem
2903 3374 2999 3415 cur
3018 3365 3220 3427 evenit,
3250 3367 3498 3435 quoniam
3521 3380 3605 3424 est
3626 3381 3675 3424 et
3703 3387 3807 3425 non
3828 3382 3913 3428 est

2318 3452 2487 3515 justo,
2509 3459 2562 3501 et
2588 3464 2692 3503 non
2715 3451 2859 3520 justo
2886 3454 3115 3523 adjaCct,
3145 3467 3227 3510 est
3254 3473 3375 3513 cum
3397 3459 3543 3529 justo
3563 3477 3617 3516 et
3646 3478 3749 3517 non
3766 3463 3912 3533 justo

2304 3539 2454 3615 vdUaS
2478 3540 2675 3597 faciens
2688 3546 3100 3613 prepositiones.
3115 3549 3228 3603 Non
3242 3561 3324 3606 est
3350 3554 3536 3608 iterum
3557 3557 3769 3625 negatio
3790 3571 3911 3613 cum

2290 3634 2464 3703 .jnsto
2486 3644 2540 3689 et
2565 3651 2667 3691 non
2694 3638 2839 3707 justo
2860 3640 2992 3695 alias
3015 3642 3145 3698 duas
3197 3649 3530 3715 negationes.
3589 3650 3664 3704 Ex
3719 3651 3911 3720 quibus

2323 3738 2555 3798 quatuor
2574 3731 2694 3785 dua:
2724 3733 3094 3801 Oppositiones
3121 3748 3262 3805 sunt,
3309 3742 3453 3806 utait
3476 3757 3656 3813 supra.
3686 3746 3910 3813 Quando

2322 3832 2406 3875 est
2432 3827 2649 3877 tertium
2680 3826 2933 3895 adjacens
2949 3831 3290 3901 praedicatur,
3322 3833 3609 3904 dupliciter
3662 3839 3911 3895 dicuntur

2322 3913 2713 3979 oppositiones.
2766 3916 2944 3983 Quare
3005 3935 3195 3976 sensus
3246 3940 3364 3979 sese
3421 3934 3564 3981 tetus
3607 3928 3707 3984 hoc
3755 3932 3912 3987 modo

2324 4002 2483 4057 habet
2501 4022 2513 4057 :
2533 4004 2636 4061 Sed
2651 4012 2901 4075 quoniam
2918 4019 3222 4081 estquoqne
3245 4016 3346 4069 alia
3372 4016 3659 4084 descriptio
3674 4022 3771 4077 loci
3795 4038 3911 4093 qua:

2324 4097 2404 4153 sic
2433 4098 2564 4154 dicit
2595 4119 2606 4152 :
2635 4103 2761 4157 Dico
2788 4114 2961 4158 autem
2991 4110 3240 4175 quoniam
3263 4118 3345 4165 est
3373 4122 3464 4166 aut
3486 4113 3685 4169 homini
3705 4116 3913 4185 adjace-

2322 4190 2422 4256 bit,
2449 4204 2541 4247 aut
2570 4210 2675 4249 non
2715 4197 2937 4261 homini,
2968 4215 3133 4267 quare
3155 4213 3207 4256 et
3238 4206 3483 4272 negatio;
3529 4219 3757 4276 quatuor
3779 4225 3907 4278 ergo

2303 4288 2720 4368 propositiones
2747 4301 2925 4346 erunt.
2941 4292 3295 4366 Intelligimus
3316 4309 3489 4355 autem
3509 4304 3647 4371 quod
3676 4304 3906 4361 diximus

2324 4400 2390 4441 ex
2414 4385 2495 4440 his
2521 4403 2641 4458 qurc
2658 4393 2957 4461 subscripta
2984 4407 3128 4453 sunt.
3164 4400 3258 4455 Est
3297 4401 3472 4471 justus
3527 4404 3706 4469 homo,
3752 4403 3908 4477 hujus

2325 4480 2559 4547 negatio,
2585 4498 2689 4536 non
2717 4495 2797 4539 est
2831 4486 3007 4554 justus
3049 4491 3229 4546 homo.
3262 4493 3355 4548 Est
3384 4510 3489 4549 non
3524 4496 3700 4566 justus
3730 4499 3909 4566 homo,

2328 4569 2487 4641 hujus
2509 4575 2743 4643 negatio,
2786 4594 2891 4633 non
2923 4591 3003 4635 est
3048 4598 3153 4637 non
3206 4586 3377 4655 justus
3417 4588 3598 4654 homo,
3655 4599 3739 4645 est
3769 4594 3910 4648 enim

2244 4641 2300 4705 Ῑ)
2325 4663 2428 4721 hoc
2450 4666 2565 4722 loco
2592 4678 2779 4723 etnon
2805 4682 2907 4738 est,
2943 4673 3142 4730 homini
3173 4688 3226 4732 et
3276 4695 3380 4733 non
3440 4682 3641 4736 homini
3681 4685 3908 4754 adjacet,

2302 4761 2574 4833 turbabat
2603 4766 2962 4834 expositorcs,
2995 4779 3048 4823 et
3084 4769 3396 4828 dubitabant
3448 4777 3573 4845 quid
3616 4777 3716 4833 hoc
3769 4789 3912 4835 esset

2304 4855 2611 4927 quodcum
2639 4874 2797 4927 supra
2842 4860 3107 4916 dixisset:
3147 4862 3273 4919 Dico
3321 4875 3497 4921 autem
3537 4872 3785 4939 quoniam
3828 4880 3912 4928 est

2326 4956 2420 5001 aut
2474 4947 2675 5003 homini
2728 4951 3011 5021 adjacebit,
3053 4963 3144 5009 aut
3211 4973 3315 5013 non
3372 4960 3597 5030 homini,
3631 4964 3683 5018 iu
3726 4981 3910 5022 eorum

2329 5041 2574 5108 exemplo
2596 5052 2645 5095 et
2669 5041 3020 5112 dispositione
3051 5058 3133 5103 est
3158 5065 3265 5105 non
3298 5055 3546 5122 apposuit
3582 5056 3804 5126 homini,
3825 5067 3911 5114 aut

2329 5158 2435 5197 non
2468 5142 2691 5210 homini,
2715 5148 2807 5201 sed
2834 5148 2978 5216 justo
3019 5168 3123 5207 non
3149 5154 3293 5223 justo
3322 5157 3529 5215 dicens.
3563 5159 3914 5232 Intelligimus

2329 5251 2459 5291 vero
2489 5238 2631 5307 quod
2659 5237 2855 5295 dicitur
2877 5258 2942 5298 ex
2972 5245 3036 5299 iis
3067 5262 3185 5316 qua:
3214 5249 3516 5320 subscripta
3544 5261 3688 5319 sunt,
3714 5262 3797 5309 est
3830 5255 3916 5324 ju-

2312 5338 2443 5385 ‘stus
2470 5330 2650 5393 homo.
2683 5331 3099 5411 bujusvnegatio,
3126 5354 3229 5394 non
3261 5352 3345 5395 est
3371 5341 3547 5411 justus
3578 5343 3759 5400 homo.
3818 5348 3911 5401 Est

2331 5438 2437 5477 non
2460 5422 2636 5493 justus
2660 5424 2840 5494 homo,
2874 5428 3027 5498 hujus
3060 5432 3305 5502 negatio,
3333 5450 3437 5487 non
3467 5444 3549 5490 est
3594 5454 3701 5493 non
3740 5439 3912 5505 jusms

2342 5514 2523 5583 homo,
2549 5526 2601 5571 et
2632 5529 2906 5589 postquam
2931 5521 3073 5591 justo
3104 5536 3157 5578 et
3188 5540 3290 5580 non
3310 5526 3457 5596 justo
3482 5538 3563 5584 est
3592 5540 3646 5584 et
3699 5546 3801 5586 non
3835 5536 3912 5584 est

2338 5608 2583 5677 apposuit
2601 5611 2739 5678 quod
2770 5623 2893 5668 ante
2917 5630 3019 5669 non
3041 5615 3193 5682 dixit,
3216 5619 3309 5673 sed
3342 5619 3406 5673 ad
3429 5602 3697 5677 herninein
3730 5632 3781 5677 et
3808 5637 3910 5676 non

2339 5698 2609 5755 hominem
2636 5704 2981 5773 estadjacere
3010 5712 3306 5777 proposuit.
3354 5711 3540 5767 Postea
3588 5715 3789 5770 infert:
3825 5717 3910 5769 Est

2335 5801 2511 5844 autem
2552 5792 2651 5847 hoc
2683 5794 2801 5849 loco
2832 5796 3029 5852 homini
3081 5800 3308 5870 adjacet,
3339 5814 3393 5859 et
3423 5821 3527 5860 non
3568 5808 3789 5874 homini,
3822 5808 3910 5877 qui

2335 5884 2742 5953 posueratjusto
2773 5894 2950 5945 etnon
2970 5888 3140 5961 justo,
3185 5903 3268 5949 est
3304 5904 3357 5950 ct
3396 5913 3500 5952 non
3530 5911 3612 5955 est
3644 5903 3910 5971 adjacere.
