4270 6266
370 384 475 443 529

1087 381 1153 438 ΙιΝ
1190 378 1574 437 LIBRUMth
1613 374 2284 436 ΙΝἸῈΙὶΡῐὶΕΊἊΊΊΟΝΕΔ
2308 373 2535 429 EDITIO
2571 372 2912 429 SECUNDA.

3534 369 3639 428 550

371 500 523 558 Unde
540 499 853 557 Alexander
884 513 1093 571 quoque
1118 498 1250 553 dicit
1266 499 1540 568 scripturae
1565 510 1686 551 esse
1714 496 1946 564 culpam,
1978 498 2031 559 Α
2056 494 2193 548 sicut
2220 492 2370 561 prius
2396 504 2607 560 quoque
2631 490 2977 558 exposuimus
3020 509 3031 542 :
3065 489 3161 545 Est
3189 489 3332 545 enim
3380 487 3483 542 hoc
3522 487 3649 543 loco

370 607 476 647 non
508 592 809 662 philosophi
835 601 979 647 recte
1019 590 1274 653 dicemis,
1316 596 1371 643 et
1408 586 1793 641 emendandam
1837 602 1956 644 esse

372 686 711 753 sciipturam,
745 684 838 738 sed
862 697 969 737 non
996 699 1119 737 eum
1164 682 1396 752 Oportuit
1438 678 1710 741 confundi,
1764 679 1806 731 si
1861 693 1956 733 nro

372 774 593 830 homine
617 786 670 830 et
701 791 803 829 non
830 774 1044 829 homine
1056 775 1257 844 justum
1286 783 1339 828 et
1380 787 1483 826 non
1527 771 1720 833 iustum
1752 769 1950 823 intulit.

374 869 500 925 Hmc
522 870 660 923 enim
691 870 931 937 exempla
956 879 1076 923 sunt
1106 868 1282 937 potius
1318 881 1475 937 quam
1530 864 1952 935 propositionum

372 962 680 1027 necessitas,
702 960 838 1031 quod
864 960 1005 1015 enim
1035 960 1170 1015 dixit
1196 969 1281 1014 est
1310 958 1719 1014 hominioet-non
1750 954 1954 1011 homini

371 1053 616 1121 adjacere
639 1053 708 1106 ita
744 1054 992 1120 sumpsit,
1047 1061 1296 1121 tanquam
1346 1051 1390 1105 si
1421 1051 1597 1104 homo
1628 1050 1952 1120 prmdicare-

370 1153 475 1211 tur,
502 1154 557 1198 ut
587 1144 638 1198 in
661 1158 725 1199 eo
754 1143 895 1214 quod
923 1151 1007 1198 est
1034 1144 1282 1199 Socrates
1312 1144 1473 1199 homo
1519 1152 1621 1211 est,
1645 1144 1727 1198 vel
1768 1158 1954 1198 rursus

368 1235 611 1291 Socrates
632 1252 735 1291 non
787 1241 1066 1293 homoest.
1114 1238 1253 1307 Ergo
1300 1239 1484 1292 volens
1538 1252 1749 1293 sumere
1784 1236 1953 1307 quod-

368 1343 576 1400 cunque
616 1330 988 1400 prtedicatum,
1016 1346 1158 1387 nunc
1178 1332 1391 1401 quidem
1418 1333 1664 1402 simplex,
1690 1348 1830 1387 nunc
1852 1348 1951 1386 au-

368 1433 474 1479 tem
504 1424 789 1490 inﬁnitum,
821 1424 1217 1495 intulitjustum
1262 1436 1316 1481 et
1344 1442 1449 1479 non
1491 1428 1690 1494 justum
1748 1424 1955 1482 indiffe-

367 1523 551 1571 renter
599 1515 821 1579 habens,
860 1531 927 1569 an
976 1515 1137 1569 homo
1157 1524 1211 1569 et
1242 1532 1345 1569 non
1371 1515 1529 1569 homo
1554 1500 1951 1583 praedicaretur,

369 1619 437 1660 an
455 1610 631 1674 justus
656 1615 711 1659 et
732 1621 834 1660 non
853 1606 1050 1675 justus,
1068 1606 1243 1662 solum
1267 1606 1317 1660 in
1352 1607 1640 1675 praedicata
1688 1610 1818 1661 alias
1866 1624 1954 1663 su-

369 1703 607 1749 meretur
628 1710 847 1761 nomen,
894 1696 1028 1751 alias
1079 1696 1346 1750 inﬁnitum
1400 1711 1616 1751 nomen.
1664 1696 1779 1751 Non
1824 1713 1951 1768 ergo

368 1789 607 1858 oportuit
650 1787 1011 1842 Alexandrum
1071 1789 1401 1844 conturbari.
1449 1791 1705 1860 Aliosque
1754 1793 1806 1845 in
1854 1793 1951 1847 hac

2061 593 2116 638 et
2145 596 2249 636 non
2280 590 2384 647 est,
2407 581 2551 651 justo
2577 588 2632 634 et
2662 595 2765 633 non
2791 579 2937 648 justo
2968 580 3196 651 adjacet.
3229 581 3334 635 Sed
3362 578 3495 635 ordo
3532 577 3652 648 qui-

2060 674 2180 729 dem
2208 674 2371 725 totius
2407 670 2691 726 sentenlize
2736 670 3018 741 diligenter
3070 672 3343 742 expositus
3382 680 3487 737 est,
3536 670 3651 726 sive

2061 764 2150 820 illa
2180 764 2399 833 scriptio
2437 763 2528 828 sit,
2562 758 2673 817 sive
2698 762 2809 827 illa,
2840 772 3027 816 neutra
3073 764 3213 818 enim
3266 764 3519 817 mutanda
3543 770 3649 820 est.

2059 860 2127 913 Et
2157 874 2258 912 una
2286 856 2501 927 quidem
2533 856 2653 925 plus
2686 855 2847 909 habet
2869 855 3133 920 exercitii,
3176 856 3339 910 altera
3358 870 3487 911 vero
3519 856 3651 910 iaci-

2058 948 2247 1014 litatis,
2278 949 2372 1002 sed
2404 948 2470 1001 ad
2505 962 2663 1001 uuam
2709 944 3119 1015 intelligentiam
3176 955 3400 1015 utraque
3456 962 3652 1017 ρει-γει

2057 1042 2228 1095 niunt.
2262 1039 2451 1095 Restat
2474 1039 2635 1109 igitur
2658 1046 2717 1092 ut
2743 1035 2884 1106 quod
2916 1035 2989 1090 ait
3020 1053 3034 1090 :
3065 1036 3239 1101 Quare
3280 1036 3478 1090 idcirco
3520 1052 3653 1105 qua-

2056 1143 2175 1189 tuor
2197 1135 2311 1187 ista:
2340 1138 2519 1195 erunt,
2553 1145 2776 1199 quarum
2809 1127 3023 1199 quidem
3050 1127 3169 1181 dua:
3222 1127 3288 1180 ad
3339 1129 3651 1184 afﬁrmatio.

2056 1244 2179 1284 nem
2202 1244 2321 1284 sese
2353 1228 2552 1282 habent
2573 1225 2867 1282 secundum
2898 1226 3360 1293 consequentiam,
3386 1234 3444 1279 ut
3480 1225 3654 1295 priva-

2056 1323 2253 1392 ti0nes,
2301 1322 2419 1377 dum
2472 1335 2599 1375 vero
2644 1321 2882 1386 minime,
2934 1318 3245 1389 diligentius
3300 1332 3651 1387 exponamus.

2057 1415 2233 1471 Locus
2262 1416 2403 1469 enim
2422 1430 2611 1487 magna
2636 1414 2897 1468 brevitate
2921 1412 3241 1467 constrictus
3267 1418 3368 1469 est.
3399 1419 3453 1464 et
3492 1410 3654 1465 nimia

2054 1508 2350 1564 Subtilitate
2375 1524 2437 1563 ac
2459 1508 2790 1563 obscuritate
2821 1505 3079 1570 difﬁcilis,
3108 1515 3163 1561 et
3192 1508 3332 1559 hunc
3359 1505 3571 1576 quidem
3599 1505 3653 1559 in

2058 1603 2228 1673 prima
2253 1602 2486 1657 editione
2510 1600 2669 1672 hujus
2695 1602 2877 1670 operis
2930 1608 3359 1655 transcurrentes
3402 1615 3464 1654 ex
3476 1599 3654 1668 posui-

2055 1711 2196 1761 mus,
2228 1705 2389 1765 atque
2415 1695 2467 1749 in
2499 1709 2564 1747 eo
2591 1693 2986 1759 brevissimam,
3012 1705 3067 1746 ut
3106 1692 3158 1747 in
3189 1695 3309 1747 aliis
3329 1686 3538 1763 quoque
3559 1692 3655 1747 de-

2056 1789 2234 1846 dinms
2262 1788 2678 1857 expositionem.
2710 1788 2859 1841 hunc
2887 1800 3063 1841 autem
3087 1787 3213 1856 quid
3247 1786 3299 1839 in
3324 1765 3416 1839 ἐε
3460 1799 3653 1841 sensus

368 1881 660 1950 scriptione
691 1882 743 1935 in
773 1896 874 1950 qua
919 1897 1019 1936 nos
1064 1882 1412 1951 philosophus
1430 1899 1713 1963 ‘exercere
1761 1884 1949 1958 voluit,
1983 1880 2031 1941 B
2062 1882 2253 1936 habeat
2288 1881 2420 1947 veri,
2466 1880 2659 1949 quidve
2692 1878 2793 1933 hac
2843 1879 3103 1932 brevitate
3152 1877 3355 1941 latitet,
3394 1888 3653 1946 quantum

368 1974 507 2030 sicut
536 1973 909 2045 Porphyrium,
935 1975 1324 2030 etllerminum
1378 1992 1481 2029 non
1539 1976 1801 2043 turbabat,
1860 1979 1949 2047 qui

370 2067 555 2122 dicunt
583 2067 827 2137 exempla
854 2068 939 2122 hic
960 2081 1081 2122 esse
1105 2068 1239 2123 ﬁtiiti
1267 2067 1539 2135 praedicati
1566 2080 1617 2123 et
1650 2068 1860 2134 inﬁniti,
1900 2072 1952 2124 in

370 2159 561 2229 quibus
584 2160 723 2228 quod
752 2160 884 2214 liber
912 2161 1251 2229 priedicatum
1274 2161 1362 2225 sit,
1394 2176 1547 2230 atque
1585 2161 1752 2231 accipi
1803 2176 1954 2231 opor-

371 2262 508 2319 tere,
534 2254 617 2309 vel
643 2254 720 2308 sic
748 2269 868 2308 cum
904 2254 1125 2309 dixisset
1178 2253 1381 2308 homini
1411 2264 1465 2309 et
1494 2270 1597 2308 non
1628 2254 1830 2309 homini
1859 2254 1954 2309 ad-

371 2347 669 2415 jacere.est
691 2353 743 2399 et
768 2360 876 2400 non
905 2358 1009 2413 est,
1040 2346 1220 2399 album
1252 2354 1307 2400 et
1356 2359 1461 2399 non
1511 2346 1716 2411 album,
1742 2378 1745 2379 ν
1770 2360 1954 2413 postea

371 2436 639 2494 intuliSset
663 2438 951 2493 sulﬁccret.
987 2438 1098 2493 Hoc
1126 2439 1265 2493 enim
1298 2451 1352 2494 et
1407 2440 1530 2494 illud
1586 2440 1953 2509 prmdicatum,

373 2530 502 2584 alias
534 2530 759 2597 ﬁnitum,
788 2532 921 2585 alius
947 2532 1211 2586 inﬁnitum
1241 2548 1453 2589 sumere
1484 2534 1537 2588 in
1554 2535 1958 2604 quibuscuuque

376 2625 675 2680 nominibus
703 2641 855 2695 aeque
876 2635 1112 2696 oportet,
1140 2632 1194 2680 et
1223 2627 1362 2695 quod
1408 2628 1608 2682 homini
1660 2629 1731 2681 ait
1752 2639 1804 2683 et
1852 2643 1957 2685 non

375 2716 576 2772 homini
615 2718 860 2785 adjacere
888 2728 989 2782 est,
1015 2729 1070 2772 et
1099 2732 1279 2788 pOStea
1327 2720 1505 2774 intulit
1548 2719 1693 2789 justo
1745 2730 1799 2776 et
1854 2737 1959 2776 non

377 2810 538 2883 justo,
574 2817 629 2865 et
655 2810 881 2880 subjecit
923 2811 1216 2874 hominem,
1259 2825 1363 2865 non
1421 2812 1489 2865 ita
1544 2811 1833 2881 putandum
1881 2822 1962 2868 est

375 2913 623 2974 tanquam
646 2904 713 2958 de
731 2903 1005 2972 subjectis,
1032 2901 1084 2956 id
1105 2913 1188 2958 est
1214 2903 1448 2971 homine,
1484 2912 1537 2959 et
1586 2918 1690 2957 non
1746 2904 1963 2961 homine

374 2997 521 3067 loqui
545 2997 789 3064 voluerit,
815 3006 870 3051 et
894 3004 1074 3065 postea
1108 3012 1201 3065 per
1226 3010 1462 3050 errorem
1490 2996 1725 3051 intulerit
1752 2998 1803 3051 in
1837 3012 1964 3067 ιιι-ιε-

380 3091 556 3146 dicato
577 3091 721 3160 jus:o
743 3098 798 3145 et
823 3105 929 3144 non
958 3090 1125 3160 ju~to,
1154 3089 1248 3145 sed
1282 3092 1454 3159 potius
1478 3090 1649 3160 ipsum
1682 3091 1882 3145 homini
1912 3101 1966 3147 et

381 3199 489 3240 non
508 3186 705 3239 homini
736 3184 805 3238 ita
835 3186 1084 3254 sumpsit,
1122 3194 1370 3254 tanquam
1420 3184 1471 3238 in
1504 3184 1682 3254 aliquo
1713 3186 1966 3253 pra-dica-

383 3290 548 3347 retur,
582 3288 634 3333 ut
660 3279 793 3333 sicut
817 3279 1016 3334 dictum
1048 3289 1151 3344 est,
1177 3284 1423 3333 Socrates
1451 3279 1613 3332 homo
1636 3287 1739 3343 est,
1768 3277 1961 3335 Socra-

382 3384 460 3430 tes
490 3388 591 3428 non
622 3373 779 3426 homo
804 3383 907 3438 est,
963 3372 1049 3427 hic
1074 3386 1201 3441 ergo
1232 3372 1394 3426 homo
1415 3381 1470 3426 et
1498 3386 1601 3426 non
1636 3372 1795 3426 homo
1826 3388 1961 3441 pra:-

380 3468 601 3524 dicatur.
638 3467 840 3523 Rursus
875 3468 919 3521 si
969 3468 1086 3537 quis
1141 3465 1473 3521 dicat‘homo
1516 3465 1686 3533 justus
1723 3472 1825 3528 est,
1859 3464 1959 3518 ho-

382 3588 468 3628 mo
495 3587 599 3626 non
620 3570 791 3641 justus
823 3582 926 3637 est,
978 3569 1109 3624 nihil
1136 3567 1332 3623 diﬁ'ert.
1363 3566 1561 3622 Eodem
1608 3569 1751 3622 enim
1802 3568 1961 3627 modo

383 3666 721 3738 pradicatutu
753 3664 806 3720 in
844 3678 944 3718 una
1003 3662 1367 3732 prepositione
1423 3660 1646 3729 simplex
1694 3668 1959 3727 sumptum

382 3771 483 3817 est.
514 3760 568 3816 in
595 3759 761 3813 altera
794 3758 1075 3820 inﬁnitum,
1110 3755 1257 3810 velut
1278 3754 1324 3808 si
1353 3753 1526 3808 dicam
1576 3753 1664 3807 nix
1691 3753 1809 3807 alba
1856 3763 1961 3817 e~t,

383 3854 473 3909 nix
503 3867 608 3906 non
637 3851 754 3905 alba
781 3859 884 3915 est,
923 3848 1112 3903 eodem
1168 3846 1348 3911 modo,
1382 3861 1487 3900 non
1529 3860 1655 3914 ergo
1703 3845 1964 3913 culpanda

384 3954 470 4000 est
491 3946 749 4011 scriptura
776 3956 897 4011 qnae
922 3954 1041 3993 cum
1104 3938 1251 4007 prius
1277 3938 1645 4008 pr0p05uisset
1688 3936 1887 3991 homini
1914 3946 1967 3991 et

387 4048 493 4089 non
525 4031 727 4085 homini
755 4030 998 4101 adjacere
1021 4038 1104 4084 est
1123 4028 1322 4098 justunt
1349 4039 1403 4084 et
1423 4044 1527 4083 non
1540 4028 1740 4098 justum
1765 4028 1962 4082 intulit.

384 4126 526 4182 Nihil
550 4126 691 4179 enim
720 4123 943 4197 interest
994 4123 1105 4176 sive
1135 4121 1333 4191 justum
1359 4132 1447 4176 aut
1467 4138 1571 4175 non
1596 4119 1797 4191 justum
1828 4135 1966 4188 prae-

384 4218 609 4284 dicetur,
639 4220 751 4271 sive
775 4216 936 4270 homo
963 4224 1055 4269 aut
1083 4229 1186 4269 non
1218 4213 1399 4282 homo,
1435 4212 1726 4269 dummodo
1774 4211 1969 4280 praedi-

383 4315 646 4369 cationem
678 4310 814 4365 alias
851 4309 1130 4377 inﬁnitam,
1158 4307 1292 4363 alias
1346 4316 1522 4362 sumat
1570 4306 1792 4371 ﬁnitam,
1844 4315 1970 4360 tunc

383 4421 505 4461 cum
528 4414 610 4459 est
640 4403 851 4457 tertium
899 4400 1147 4472 adjacens
1188 4399 1527 4471 praedicatur.
1577 4399 1843 4464 Exercere
1872 4397 1969 4467 igi-

348 4510 475 4555 tur
531 4498 927 4568 intelligentiam
994 4507 1230 4550 nostram
1312 4495 1685 4562 actionemque
1733 4492 1970 4562 philoso-

386 4592 525 4664 phus
571 4590 732 4645 voluit
760 4604 935 4645 rerum
965 4589 1203 4643 omnium
1248 4587 1650 4655 solertissimus,
1682 4598 1786 4639 non
1832 4583 1965 4638 scri-

1990 3262 2038 3327 ϐ

2055 1976 2279 2032 facultas
2304 1974 2557 2044 suppetit,
2593 1988 2691 2028 nos
2720 1972 2819 2041 ipsi
2859 1972 3268 2040 patefaciemus,
3300 1980 3355 2027 et
3392 1982 3653 2040 quantum

2056 2069 2196 2123 valet
2216 2066 2452 2121 animum
2481 2066 2650 2119 lector
2675 2064 2931 2119 intendat.
2956 2064 3049 2118 Cui
3072 2063 3117 2117 si
3163 2064 3298 2117 forte
3348 2066 3507 2131 paulo
3558 2062 3654 2117 ob-

2056 2161 2296 2217 scuriora
2326 2159 2597 2221 videntur,
2618 2172 2795 2213 rerum
2830 2158 3048 2228 imputet
3102 2156 3423 2222 difﬁcultati,
3452 2157 3496 2211 si
3527 2171 3653 2213 vero

2058 2255 2298 2326 planiora
2329 2268 2485 2323 quam
2515 2256 2804 2319 putaverit,
2854 2267 2953 2306 suo
2998 2254 3223 2320 gratiam
3274 2249 3489 2305 debebit
3529 2263 3654 2305 acu-

2059 2346 2209 2402 mini.
2243 2345 2347 2401 Sed
2379 2346 2523 2413 prius
2550 2344 2676 2414 quid
2706 2344 2774 2398 de
2805 2342 2851 2397 hi
2875 2358 2906 2399 c
2938 2343 3057 2396 loco
3096 2340 3378 2396 Herminus
3424 2340 3654 2395 arbitre-

2060 2450 2167 2505 tur,
2195 2455 2351 2510 quant
2379 2439 2707 2510 possibiliter
2733 2437 3032 2507 expediam.
3066 2435 3156 2489 Ait
3176 2436 3459 2490 llerminus
3484 2435 3654 2490 tribus

2061 2533 2236 2589 modis
2266 2547 2387 2587 cum
2431 2534 2640 2586 ἰηιὶηὶιο
2687 2532 2905 2586 nomine
2933 2531 3322 2601 propositiones
3342 2544 3497 2597 posse
3535 2544 3656 2599 pro«

2063 2624 2214 2694 ferri,
2240 2637 2327 2678 aut
2361 2626 2501 2679 enim
2534 2626 2801 2679 inﬁnitum
2835 2625 3134 2694 subjevtum
3172 2624 3389 2690 habent,
3442 2636 3496 2676 ut
3547 2636 3656 2680 non

2064 2718 2419 2789 homojustus
2450 2731 2552 2783 εει,
2586 2728 2677 2771 aut
2709 2716 2969 2771 inﬁnitum
3006 2716 3376 2787 prirdicatum,
3410 2724 3464 2769 ut
3496 2713 3656 2771 homo

2063 2836 2170 2877 non
2194 2822 2369 2889 justus
2398 2829 2500 2886 est,
2523 2828 2613 2873 aut
2656 2820 2921 2874 inﬁnitum
2956 2816 3256 2888 sohjectum
3280 2828 3337 2873 et
3390 2819 3654 2872 inﬁnitum

2068 2921 2434 2992 praedicatum,
2464 2931 2520 2974 ut
2545 2935 2647 2973 non
2674 2919 2832 2972 homo
2857 2932 2959 2971 non
2988 2918 3163 2986 justus
3185 2926 3299 2971 est.-
3322 2918 3517 2971 llartu‘n
3555 2917 3654 2984 igi-

2067 3022 2176 3080 tur,
2206 3014 2398 3083 inquit,
2420 3026 2754 3082 qumcutique
2784 3010 2849 3065 ad
2871 3010 3214 3078 prmilicntuin
3246 3012 3530 3064 terminum
3562 3010 3655 3065 ha-

2066 3109 2192 3166 bent
2212 3123 2404 3162 nomen
2436 3107 2719 3168 inﬁnitum,
2752 3104 2956 3159 similes
2996 3117 3118 3156 sunt
3154 3102 3234 3156 his
3258 3119 3377 3171 quae
3428 3104 3657 3172 aliquam

2068 3201 2385 3256 denuntiant
2416 3200 2794 3268 privaiionem.
2828 3197 3149 3251 Denuutiant
3189 3206 3366 3248 autem
3408 3196 3658 3263 privatiov

2067 3301 2187 3352 nem
2219 3296 2299 3349 hic
2328 3309 2449 3364 qum
2478 3293 2684 3357 dicunt,
2728 3292 2887 3344 homo
2942 3286 3171 3357 injustu~
3223 3298 3326 3351 est,
3382 3286 3541 3340 homo
3582 3288 3658 3343 in.

2060 3390 2235 3461 justus
2289 3394 2546 3451 nonest;
2628 3399 2754 3455 ergo
2821 3379 3152 3442 istiusmodi,
3187 3392 3308 3449 qua:
3336 3386 3658 3448 proponunt,

2065 3480 2228 3535 homo
2292 3477 2520 3547 injustus
2547 3483 2679 3550 ρει,
2762 3473 2921 3527 homo
2964 3471 3139 3541 justus
3197 3482 3302 3524 nun
3361 3479 3462 3525 et.
3498 3467 3609 3524 Illa:
3641 3509 3659 3537 ,

2066 3574 2284 3643 inquit,
2324 3569 2671 3625 consentiunt
2741 3583 2860 3638 quae
2925 3573 3052 3620 sunt
3098 3579 3167 3620 ex
3257 3563 3467 3618 inﬁnito
3520 3578 3661 3633 prte-

2067 3677 2242 3730 dicato
2284 3717 2298 3743 ,
2342 3682 2399 3727 ut
2450 3687 2513 3727 ea
2562 3685 2680 3740 quae
2738 3678 2823 3724 est
2888 3668 3049 3723 homo
3111 3681 3218 3722 non
3282 3665 3458 3735 justus
3518 3672 3605 3720 est
3639 3705 3658 3733 ,

2069 3764 2231 3820 homo
2276 3779 2380 3818 non
2431 3765 2606 3832 justus
2662 3776 2766 3814 non
2815 3767 2919 3814 est.
2983 3756 3129 3812 Idem
3186 3756 3329 3810 enim
3384 3767 3489 3821 εει,
3578 3757 3662 3811 in-

2069 3866 2205 3935 quit,
2229 3878 2348 3917 es~e
2381 3862 2652 3914 hominem
2680 3860 2955 3926 injustum,
2980 3855 3119 3917 quod
3145 3854 3419 3910 hominem
3446 3871 3550 3911 non
3579 3857 3661 3925 ju<

2071 3966 2234 4010 stum.
2266 3954 2376 4009 Illae
2400 3967 2529 4007 vero
2555 3958 2674 4020 quae
2705 3949 2902 4003 habent
2927 3958 3019 3999 aut
3041 3948 3339 4013 suhjectmn
3368 3948 3658 4015 inﬁnitum,

2072 4058 2131 4103 ut
2155 4056 2255 4113 est,
2286 4062 2393 4101 non
2430 4045 2588 4097 homo
2610 4042 2785 4110 justus
2812 4048 2917 4101 est,
2949 4046 3039 4090 aut
3067 4050 3294 4106 utraque
3334 4038 3559 4103 inﬁnita,
3604 4050 3662 4096 ut

2073 4152 2176 4207 est,
2229 4155 2333 4195 non
2386 4142 2547 4204 homo
2579 4150 2683 4189 non
2712 4134 2887 4203 justus
2929 4139 3031 4197 est,
3081 4145 3186 4184 non
3229 4130 3567 4183 consentiunt
3595 4131 3662 4189 ad

2073 4232 2419 4308 priratoriam
2470 4226 2910 4299 propositionem,
2957 4238 3077 4294 quae
3111 4231 3195 4277 est
3225 4220 3386 4276 homo
3432 4221 3662 4289 injustus

2074 4338 2178 4385 est.
2209 4326 2363 4382 Nulla
2391 4325 2534 4379 enim
2560 4317 2852 4375 similitudo
2877 4327 2959 4372 est
2981 4317 3095 4385 ejus
3126 4312 3505 4383 propositionis
3544 4328 3663 4381 qua

2074 4432 2177 4487 est,
2201 4438 2303 4476 non
2338 4420 2497 4473 homo
2527 4417 2703 4486 justus
2732 4422 2835 4479 est,
2858 4422 2911 4465 et
2941 4410 3057 4478 ejus
3078 4424 3195 4478 quin
3211 4406 3361 4470 dicit,
3393 4405 3553 4459 homo
3574 4404 3659 4458 iii-

2071 4516 2248 4586 justus
2276 4522 2378 4568 est.
2413 4512 2520 4566 Nec
2541 4523 2668 4563 vero
2688 4508 2805 4576 ejus
2825 4519 2945 4575 quae
2974 4499 3219 4572 proponit
3240 4515 3344 4554 non
3373 4500 3532 4553 homo
3554 4513 3659 4553 non

2069 4609 2244 4681 justus
2270 4615 2372 4671 est,
2415 4616 2466 4658 et
2494 4602 2611 4671 ejus
2630 4616 2747 4670 qum
2786 4596 3049 4660 enuntiat,
3088 4595 3248 4647 homo
3288 4592 3515 4661 injustus
3555 4609 3661 4649 non

387 4695 542 4758 Ρῑητδ
570 4684 695 4739 ms"
722 4682 1082 4747 εοηῖυηάθτθὲ
1117 4682 1330 4751 quam“
1359 4690 1537 4735 amem
1569 4694 1630 4735 ea
1657 4692 1775 4747 qui”
1804 4691 1964 4746 supra
1992 4653 2047 4716 Β
2069 4653 2174 4755 εει.
2195 4653 2552 4765 έεπιιιίιεὶηιίε
2577 4653 2697 4760 qua:
2720 4685 2983 4742 inﬁnitum
3008 4653 3203 4737 nomen
3230 4653 3429 4737 habent
3452 4683 3502 4736 in
3527 4698 3662 4753 prat-

386 4782 522 4839 dixit
548 4781 801 4852 colligens
829 4780 903 4834 ait
933 4796 947 4832 :
978 4779 1071 4833 Est
1098 4778 1243 4832 enim
1272 4778 1373 4831 hoc
1393 4777 1510 4832 loco
1540 4819 1555 4841 ,
1587 4784 1641 4830 et
1692 4790 1798 4830 non
1851 4785 1965 4846 est,

388 4876 589 4933 homini
620 4876 847 4943 adjacet,
882 4872 986 4927 hoc
1016 4871 1200 4937 sentit,
1228 4871 1479 4940 quoniam
1508 4871 1559 4924 in
1588 4870 1685 4926 hac
1725 4874 1968 4941 proposi-

387 4972 550 5040 tione,
583 4984 703 5040 qua:
726 4968 874 5034 dicit,
906 4968 1066 5021 homo
1100 4966 1277 5037 justus
1298 4974 1401 5031 est,
1446 4980 1603 5035 quam
1655 4980 1813 5037 supra
1844 4982 1967 5036 pro-

350 5100 355 5104 ν
388 5072 657 5135 posuerat;
681 5055 858 5133 jus’tus
881 5061 947 5116 de
974 5061 1190 5115 homine
1244 5059 1585 5130 praedicatur.
1644 5058 1741 5115 Est
1788 5072 1969 5116 autem

388 5158 635 5228 adjacens
661 5156 804 5226 juSto
832 5154 1094 5225 adjacebit
1115 5164 1171 5209 et
1194 5154 1421 5221 homini,
1452 5162 1507 5209 et
1560 5154 1613 5208 in
1650 5168 1712 5209 ea
1738 5170 1856 5225 quae
1894 5154 1976 5207 di-

342 5256 343 5259 “
389 5251 480 5319 cit,
513 5250 677 5305 homo
695 5247 872 5318 justus
902 5263 1009 5302 non
1033 5256 1137 5314 est,
1161 5246 1412 5317 quoniam
1437 5246 1612 5317 justus
1658 5247 1976 5316 prmdicatur

388 5352 454 5408 de
473 5351 714 5416 homine,
738 5364 846 5405 non
871 5361 955 5437 εει
979 5359 1160 5405 autem
1182 5348 1415 5418 adjacet.
1454 5347 1570 5402 Non
1613 5358 1696 5403 est
1721 5364 1850 5419 ergo
1876 5349 1977 5403 ho-

389 5446 518 5503 mini
542 5458 756 5514 quoque
784 5442 1067 5511 adjacebit.
1094 5441 1212 5510 Hoc
1232 5440 1376 5495 enim
1402 5448 1506 5506 est,
1563 5438 1707 5509 quod
1758 5439 1855 5506 ait,
1897 5450 1980 5496 est
2038 5450 2041 5451 '

388 5552 536 5607 enim
556 5546 662 5601 hoc
682 5547 801 5601 loco
827 5553 882 5600 et
896 5560 1002 5599 non
1021 5553 1105 5599 est
1130 5544 1333 5599 homini
1359 5542 1584 5611 adjacet.
1617 5542 1749 5597 Nam
1798 5542 1843 5595 si
1891 5543 1977 5613 ju-

389 5663 506 5709 stus
530 5648 847 5721 praedicatur
876 5645 946 5701 de
970 5645 1209 5711 homine,
1240 5653 1324 5701 est
1348 5654 1527 5700 autem
1552 5652 1605 5699 et
1634 5659 1739 5699 non
1765 5653 1845 5699 est
1888 5644 1980 5699 ad-

390 5745 719 5819 iacetjusto,
744 5748 798 5797 et
827 5739 1026 5795 homini
1079 5753 1289 5810 quoque
1337 5738 1621 5809 adjacebit,
1679 5746 1736 5792 ut
1781 5736 1977 5791 dictum

394 5849 495 5897 est.
561 5834 711 5892 llanc
778 5847 989 5907 quoque
1046 5834 1366 5903 scripturam
1428 5830 1813 5888 emendandam
1859 5844 1979 5887 esse

400 5931 702 5994 Alexander
728 5930 999 6005 epinatur,
1033 5926 1443 6000 faciendumque
1466 5941 1584 5987 esse
1641 5926 1742 5986 hoc
1792 5925 1975 5993 modo,

2075 4798 2361 4860 dicatione,
2393 4793 2474 4848 ha:
2503 4786 2809 4859 privatoriis
2847 4785 3208 4840 consentiunt.
3244 4783 3349 4837 Illa:
3377 4798 3505 4839 vero
3536 4799 3661 4855 pro-

2076 4892 2368 4964 positiones
2398 4900 2517 4957 quae
2546 4890 2638 4937 aut
2666 4880 2964 4949 subjectum
3016 4876 3213 4931 habent
3250 4874 3536 4942 inﬁnitum,
3571 4885 3663 4932 aut

2078 4995 2301 5054 utraque
2338 4979 2563 5044 inﬁnita,
2605 4972 2911 5046 privatoriis
2938 4972 3097 5041 longe
3127 4969 3353 5024 diversae
3381 4977 3523 5025 sunt.
3554 4969 3662 5026 Sed

2080 5078 2165 5132 hic
2195 5072 2480 5130 ilerminus
2501 5071 2657 5141 longe
2677 5083 2705 5120 a
2738 5076 2849 5123 toto
2876 5065 3202 5119 intellectum
3228 5072 3281 5120 et
3306 5063 3515 5119 ratione
3534 5079 3661 5119 sen-

2081 5169 2263 5226 tentia:
2285 5167 2596 5236 discrepans
2617 5162 2716 5216 has
2739 5159 3077 5229 interposuit,
3095 5173 3213 5228 quae
3233 5167 3324 5212 aut
3339 5173 3403 5213 ex
3424 5158 3665 5227 utrisque

2079 5259 2322 5329 inﬁnitis,
2354 5266 2444 5312 aut
2464 5271 2533 5312 ex
2563 5253 2803 5325 subjecto
2833 5253 3022 5306 ﬁerent
3043 5250 3268 5304 inﬁnito.
3303 5249 3456 5315 Quod
3482 5258 3663 5303 autem

2080 5368 2222 5417 esset
2270 5358 2412 5429 quod
2456 5356 2531 5411 ait
2575 5353 2865 5410 secundum
2917 5337 3375 5420 consequentiam,
3424 5348 3508 5404 vel
3540 5364 3662 5418 qua:

2081 5453 2201 5508 duae
2230 5451 2488 5506 haberent
2518 5462 2578 5502 se
2604 5446 2897 5501 secundum
2929 5441 3358 5510 consequentiam
3400 5449 3457 5494 ut
3484 5441 3662 5510 priva-

2088 5545 2283 5610 tiones,
2314 5556 2432 5612 qua:
2462 5553 2590 5594 vero
2620 5552 2727 5592 non
2756 5539 3023 5604 exponent
3045 5532 3177 5588 nihil
3195 5534 3406 5604 planum
3435 5532 3584 5600 fecit,
3610 5541 3665 5588 et

2086 5654 2273 5695 sensus
2304 5634 2472 5689 nihilo
2499 5631 2668 5702 magis
2695 5638 2818 5684 ante
2840 5628 3231 5698 expositionem
3249 5626 3484 5681 Hermini
3504 5643 3661 5697 quam

2088 5740 2207 5802 post
2232 5724 2619 5798 expositionem
2648 5723 2941 5779 obscurum
2969 5731 3070 5777 est.
3088 5719 3195 5776 Nos
3224 5731 3400 5775 autem
3426 5720 3665 5792 Porphy-

2086 5828 2221 5882 rium
2255 5828 2570 5891 sequentes,
2598 5820 2754 5890 eique
2784 5816 3097 5877 doctissimo
3126 5815 3243 5872 viro
3271 5818 3664 5872 consentientes

2088 5920 2189 5978 hoc
2207 5915 2448 5985 dicimus,
2483 5927 2602 5972 esse
2622 5920 2849 5986 quatuor
2874 5909 3283 5985 propositiones,
3300 5924 3521 5983 quarum
3545 5909 3663 5965 dua

2120 6104 2157 6127 κ
