4270 6266
603 398 702 460 551

1828 389 1944 445 ΔΝ.
1982 377 2191 443 ῐιίιὶῖἑὶλ.
2230 373 2380 437 BEV.
2424 370 2648 432 ὖῦῐεέτη

3773 368 3880 424 5δί

611 521 819 594 quidem
848 532 913 572 ex
946 514 1109 569 ﬁnitis
1139 508 1444 567 nominibus
1486 515 1633 577 sunt,
1661 505 1783 562 duae
1812 522 1940 561 vero
1970 518 2036 559 ex
2074 500 2198 558 inﬁ-
2226 503 2277 563 Α
2303 506 2512 563 quoque
2562 504 2688 594 una"
2724 487 3064 555 ammali".
3108 485 3593 594 διιθηηιιθεπξίνεο
3627 499 3726 541 πιθα
3772 502 3880 540 ηυιι

608 615 736 667 uitis
766 608 1070 664 nominibus
1094 604 1415 674 praedicatis.
1448 606 1583 657 Sunt
1608 611 1783 656 autem
1806 616 1869 653 ex
1902 597 2063 652 finitis
2091 614 2189 650 no~

610 702 845 759 minibus
877 703 977 753 hoc
1018 700 1200 761 modo,
1231 696 1536 755 afﬁritiatio.
1570 706 1649 750 est
1684 694 1857 763 justus
1887 697 2064 755 homo,
2099 705 2195 744 ne-

611 793 771 864 gatio,
800 806 905 844 non
933 800 1014 843 est
1038 788 1213 859 justus
1244 787 1422 839 homo.
1458 785 1532 839 Ex
1566 784 1787 838 infinitis
1817 799 1943 837 vero
1967 781 2194 836 nomini-

610 886 711 941 bus
771 882 1090 953 praedicatis,
1130 880 1412 934 afﬁrmatio
1455 888 1536 932 est
1583 892 1701 946 qua:
1758 877 1905 941 dicit,
1960 885 2041 929 est
2090 891 2196 928 non

609 979 787 1049 justus
839 977 1019 1041 homo,
1074 973 1287 1043 negatio
1329 986 1444 1040 qum
1496 968 1766 1039 pr0ponit,
1817 983 1920 1021 non
1962 978 2044 1022 est
2089 983 2194 1021 non

611 1071 786 1141 justus
816 1067 997 1123 homo.
1032 1067 1137 1123 Sed
1171 1067 1263 1119 has
1292 1081 1354 1118 ex
1404 1060 1623 1116 infinitis
1653 1058 1955 1115 nominibus
2002 1060 2197 1130 praedi-

614 1177 679 1217 ca
707 1164 749 1215 is
775 1158 1163 1231 propositiones
1193 1154 1246 1211 in
1279 1154 1483 1224 reliquo
1513 1169 1758 1208 sermone
1784 1152 2013 1206 inﬁnitas
2042 1168 2201 1207 voca-

614 1258 814 1317 bimus,
858 1264 915 1309 ut
942 1252 1225 1308 afﬁrmatio
1278 1253 1482 1306 inﬁnita
1526 1248 1674 1304 sitio
1709 1252 1803 1302 hac
1843 1248 2199 1318 expositione,

616 1365 678 1405 ea
709 1364 827 1420 quae
856 1348 1003 1414 dicit,
1033 1358 1115 1400 est
1163 1359 1265 1399 nan
1296 1346 1470 1411 justus
1521 1342 1699 1407 homo,
1732 1343 1941 1412 negatio
1973 1342 2199 1408 infinita,

616 1458 677 1498 ea
706 1458 823 1512 qua:
852 1438 1005 1503 dicit,
1040 1456 1142 1493 non
1174 1448 1256 1492 est
1296 1454 1400 1491 non
1428 1437 1604 1506 justus
1636 1437 1680 1490 h-
1708 1453 1817 1501 mo,
1852 1446 1909 1489 nt
1936 1438 2077 1504 quod
2123 1437 2204 1491 di-

616 1534 750 1589 cturi
782 1546 994 1589 eramus
1024 1531 1444 1601 propositionem
1472 1543 1537 1582 ex
1570 1528 1776 1582 inﬁnito
1819 1528 2033 1582 nomine
2061 1543 2195 1598 pra:-

616 1624 816 1690 diealo,
851 1624 989 1678 hanc
1032 1621 1292 1676 infinitam
1324 1622 1679 1685 nominemus,
1719 1620 1838 1674 illas
1866 1631 2041 1675 autem
2071 1624 2205 1675 duas

616 1732 737 1788 qua:
767 1717 965 1771 nullum
999 1731 1189 1769 nomen
1225 1715 1420 1767 habent
1458 1712 1743 1775 inﬁnitum,
1778 1728 1877 1767 nec
1903 1714 2201 1781 subjectum

616 1822 719 1864 nec
749 1807 1119 1877 praedicatum,
1152 1805 1424 1873 simplices
1454 1820 1729 1859 vocemus.
1761 1806 1894 1858 Sunt
1914 1821 2042 1874 ergo
2064 1804 2200 1860 sim-

2300 588 2456 642 etiam
2488 585 2594 637 sint
2624 583 2741 637 alia:
2787 585 2903 635 duze
2938 583 3175 643 inﬁnitae.
3228 581 3545 635 afﬁrmativa
3593 595 3776 634 rursus
3826 590 3879 631 et

2302 680 2562 747 negativa,
2594 677 2710 729 dico
2734 674 2983 743 quoniam
3012 674 3461 744 quemadmodum
3493 688 3551 726 se
3579 672 3881 742 privatoria

2301 768 2714 838 propositiones,
2743 765 3031 818 afﬁrmatio
3067 764 3274 818 scilicet
3303 774 3352 818 et
3378 763 3612 832 negatio,
3643 761 3709 817 ad
3740 760 3884 816 afﬁr-

2302 862 2561 917 mationes
2585 869 2640 913 et
2685 859 2992 928 negationes
3036 858 3306 928 simplices
3357 856 3660 921 habuerint,
3702 856 3780 910 sic
3825 869 3886 910 se

2304 956 2570 1011 habebunt
2598 965 2650 1008 et
2681 969 2797 1022 qua:
2827 962 2951 1006 sunt
2976 950 3193 1006 inﬁnitae
3223 950 3288 1003 ad
3332 949 3546 1004 easdem
3577 949 3725 1019 ipsas
3750 951 3885 1003 sint-

2302 1047 2490 1118 plices,
2514 1044 2565 1100 id
2591 1056 2673 1099 est
2702 1044 2992 1098 secundum
3020 1040 3461 1110 consequentiam
3487 1057 3503 1106 ;
3534 1042 3675 1110 quod
3705 1052 3886 1097 autem

2302 1142 2422 1195 dico
2447 1144 2551 1193 tale
2572 1148 2670 1200 est,
2696 1138 3047 1203 disponantur
3076 1136 3224 1208 prius
3244 1133 3362 1188 dum
3391 1133 3687 1203 simplices,
3720 1133 3771 1188 id
3796 1138 3886 1188 est

2304 1230 2582 1285 afﬁrmatio
2602 1245 2721 1292 qua:
2750 1228 2899 1293 dicit,
2926 1238 3007 1281 est
3030 1227 3205 1296 justus
3229 1226 3411 1289 homo,
3444 1235 3497 1280 et
3519 1240 3703 1280 rursus
3730 1240 3903 1296 nega-1

2304 1325 2379 1377 tio
2407 1340 2524 1391 quae
2550 1322 2699 1386 dicit,
2735 1337 2839 1374 non
2872 1332 2953 1374 est
2995 1322 3170 1390 justus
3219 1320 3402 1374 homo.
3452 1321 3565 1375 Sub
3596 1321 3679 1375 his
3706 1332 3890 1378 autem

2304 1415 2653 1484 disponantur
2712 1412 3041 1482 privatoriaa,
3102 1414 3203 1465 sub
3255 1411 3617 1468 afﬁrmatione
3672 1414 3891 1481 quidem

2305 1502 2531 1585 simplici
2562 1515 2847 1584 privatoria
2878 1512 3142 1582 negativa,
3168 1513 3268 1567 sub
3299 1514 3546 1582 negativa
3569 1515 3794 1583 simplici
3812 1514 3891 1568 af-

2305 1605 2573 1661 ﬁrmativa
2604 1605 2916 1676 privatoria,
2961 1614 3017 1658 ut
3043 1605 3144 1659 sub
3171 1620 3235 1659 ea
3279 1620 3397 1671 quin
3427 1604 3579 1670 dicit,
3613 1615 3696 1659 est
3732 1605 3893 1659 homo

2300 1702 2497 1772 justus,
2531 1713 2761 1771 ponatur
2787 1715 2903 1769 qua:
2933 1698 3064 1754 dicit
3093 1714 3198 1753 non
3238 1708 3321 1753 est
3360 1699 3521 1752 homo
3558 1698 3808 1768 injustus,
3837 1708 3895 1755 ει

2305 1797 2404 1851 sub
2433 1811 2493 1850 ea
2523 1810 2643 1866 quae
2684 1794 2815 1849 dicit
2865 1802 2969 1849 nan
3019 1803 3103 1849 est
3143 1794 3304 1849 homo
3337 1795 3537 1863 justus,
3574 1803 3801 1861 ponatur
3828 1808 3892 1849 ea

617 1898 782 1970 plices
818 1898 1213 1969 propositiones
1246 1898 1349 1963 hae,
1406 1908 1489 1952 est
1535 1900 1694 1951 homo
1720 1898 1918 1969 jusms,
1966 1913 2070 1954 non
2119 1911 2202 1956 est

2305 1905 2424 1959 qua:
2452 1887 2704 1959 proponit
2728 1897 2812 1942 est
2831 1887 2992 1941 homo
3014 1887 3264 1956 iniustus.
3297 1887 3499 1939 Rursus
3529 1886 3628 1938 sub
3659 1885 3893 1951 privato-

618 1993 781 2049 bomo
824 1992 1021 2064 justus.
1075 1991 1408 2047 Privatorias
1438 2001 1616 2045 autem
1651 1995 2039 2061 propositiones
2070 2010 2204 2049 voco

618 2100 951 2158 quaecunque
993 2084 1190 2140 habent
1239 2080 1611 2153 privationem.
1665 2082 1972 2139 Privatoria:
2023 2096 2201 2142 autem

618 2193 743 2239 sunt
772 2184 875 2239 hoc
904 2183 1085 2247 modo,
1110 2190 1192 2237 est
1218 2181 1444 2252 injustus
1470 2182 1652 2248 homo,
1686 2183 1799 2237 ham
1830 2184 1970 2239 enim
1997 2184 2205 2253 justitia

619 2276 919 2345 subit-ctum
952 2277 1145 2347 privat,
1180 2290 1235 2332 et
1276 2292 1459 2331 rursus
1493 2293 1596 2331 non
1632 2286 1715 2333 est
1764 2278 1991 2349 injustus
2022 2280 2205 2343 hemo,

619 2368 738 2427 hac
784 2386 969 2427 rursus
1017 2369 1275 2441 injustitia
1326 2369 1620 2440 subjectum
1671 2370 1860 2439 privat.
1912 2372 2051 2449 Ergo
2080 2388 2200 2427 cum

624 2463 733 2519 sint
759 2464 879 2519 dua:
906 2462 1297 2535 propositiones
1327 2462 1619 2532 simplices,
1653 2477 1752 2517 una
1780 2463 2092 2521 afﬁrmativa
2128 2464 2206 2519 al-

542 2594 547 2600 -
620 2564 735 2612 tera
783 2554 1051 2626 negativa,
1102 2565 1157 2610 et
1187 2556 1295 2610 sint
1338 2555 1456 2609 aliae
1487 2554 1605 2609 dua:
1651 2554 1977 2624 privatoriae,
2022 2572 2205 2613 earum

2308 1983 2400 2035 riis
2426 1980 2781 2051 disponantur
2810 1978 3055 2041 inﬁnitae,
3088 1978 3190 2033 sub
3212 1978 3561 2032 affirmatione
3580 1977 3890 2042 afﬁrmatio,

2306 2083 2406 2137 sub
2436 2081 2715 2151 negatione
2745 2080 2974 2149 negatio.
3004 2078 3119 2133 Sub
3146 2078 3501 2132 afﬁrmatione
3544 2076 3758 2147 quidem
3780 2076 3895 2146 pri-

2309 2173 2534 2239 vatoria,
2568 2187 2688 2241 quae
2717 2170 2852 2225 dicit
2882 2181 2967 2226 est
2996 2170 3225 2240 injttstus
3266 2169 3448 2233 homo,
3477 2168 3791 2237 disponatur
3818 2167 3897 2223 af-

2310 2265 2565 2320 ﬁrmativa
2590 2264 2818 2329 inﬁnita,
2851 2272 2938 2318 est
2959 2280 3063 2318 non
3091 2263 3269 2333 justus
3300 2262 3493 2327 homo;
3518 2262 3619 2315 sub
3646 2261 3893 2331 negatis:

2309 2372 2440 2410 vero
2469 2356 2750 2425 privatoria
2782 2371 2900 2425 quae
2928 2355 3059 2411 dicit
3090 2369 3195 2410 non
3227 2362 3310 2409 est
3338 2353 3568 2424 injustus
3598 2353 3776 2419 homo,
3798 2367 3895 2423 po-

2312 2465 2467 2511 natur
2495 2458 2742 2523 negativa
2774 2453 3003 2522 inﬁnita,
3032 2469 3148 2523 quae
3171 2453 3325 2518 dicit,
3357 2469 3462 2508 non
3486 2462 3563 2509 est
3588 2468 3693 2508 non
3716 2452 3895 2523 justus

2318 2556 2500 2611 homo.
2532 2555 2645 2610 Hoc
2666 2563 2845 2609 autem
2884 2554 3119 2623 subjecta
3146 2554 3439 2624 descriptio
3476 2554 3671 2609 docet:
3754 2594 3757 2599 .

862 2645 1180 2705 Afﬁrmatio.
1261 2648 1353 2703 Est
1375 2648 1553 2718 justus
1585 2647 1765 2703 ltomo.
2195 2647 2501 2716 Simplices.
2604 2645 2720 2700 Non
2744 2655 2825 2700 est
2850 2646 3028 2714 justus
3060 2645 3238 2701 homo.
3315 2644 3558 2715 Negatio.

857 2739 1098 2811 Negatio.
1258 2740 1373 2795 Non
1411 2750 1493 2795 est
1515 2739 1694 2811 jusms
1728 2740 1910 2794 homo.
2196 2740 2527 2796 Privatoriae.
2606 2736 2895 2806 Estjustus
2926 2736 3105 2789 homo.
3316 2735 3641 2789 Afﬁrmatio.

862 2828 1101 2900 Negatio.
1258 2830 1372 2886 Non
1416 2841 1498 2886 est
1541 2846 1648 2885 non
1691 2831 1865 2899 justus
1907 2828 2089 2886 homo.
2192 2829 2437 2886 Inﬁnitae.
2607 2824 2701 2881 Est
2729 2843 2834 2881 non
2862 2829 3037 2895 justus
3070 2828 3249 2880 homo.
3326 2825 3650 2881 Afﬁrmatio.

622 2923 717 2982 His
739 2924 900 2995 igitur
928 2926 998 2979 ita
1025 2924 1299 2996 dispositis
1325 2926 1445 2981 dico
1474 2927 1725 2996 quoniam
1747 2928 2199 2997 quemadmodum

621 3031 682 3075 se
710 3018 906 3074 habent
945 3019 1278 3088 privatorim,
1311 3020 1360 3073 id
1389 3028 1505 3085 est,
1538 3018 1825 3075 afﬁrmatio
1864 3030 1919 3075 et
1964 3022 2196 3091 negatio,

623 3126 742 3181 qua
761 3111 947 3168 dicunt
967 3122 1050 3168 est
1072 3112 1298 3181 iniustus
1323 3112 1481 3165 homo
1498 3154 1512 3176 ,
1539 3128 1641 3165 non
1664 3123 1746 3168 est
1772 3114 1996 3180 iniustus
2020 3116 2198 3179 homo,

2304 2923 2559 2994 quoniam
2596 2937 2699 2975 non
2747 2931 2829 2975 est
2862 2921 3091 2991 injustus
3137 2924 3317 2987 homo,
3348 2934 3468 2974 nam
3499 2922 3590 2990 qui
3618 2924 3793 2990 justus
3820 2930 3900 2982 εει

2305 3019 2497 3079 hoino,
2529 3032 2632 3069 non
2675 3024 2757 3068 est
2805 3016 3034 3082 injustns
3083 3020 3261 3069 homo.
3308 3014 3561 3081 Sequitur
3589 3030 3715 3085 ergo
3745 3015 3896 3070 afﬁr-

2308 3107 2597 3162 mationem
2643 3107 2942 3171 simplicem
2990 3107 3278 3172 privatoria
3328 3107 3564 3175 negatio,
3596 3115 3652 3160 ut
3698 3107 3741 3159 si
3770 3121 3899 3161 vera

624 3205 692 3259 ad
739 3205 1009 3267 simplices
1056 3218 1176 3273 quae
1220 3212 1522 3274 proponunt
1559 3212 1643 3258 est
1669 3205 1842 3270 justus
1873 3210 2030 3257 homo
2050 3244 2065 3268 ,
2098 3219 2204 3257 non
2232 3210 2280 3275 ο
2313 3202 2469 3254 luerit
2492 3200 2779 3254 afﬁrmatio
2806 3199 3054 3268 simplex,
3075 3214 3199 3254 vera
3228 3187 3441 3271 quoque
3468 3201 3536 3254 sit
3564 3202 3774 3271 negatio
3798 3202 3901 3271 pri-

623 3307 708 3352 est
745 3295 923 3367 justus
975 3298 1163 3362 homo,
1215 3297 1507 3350 secundum
1553 3293 1990 3363 consequentiam
2032 3292 2113 3347 sic
2148 3307 2207 3348 se

626 3386 898 3442 habebunt
938 3388 1097 3441 etiam
1145 3387 1365 3441 inﬁnita:
1410 3386 1799 3455 propositiones
1843 3386 2127 3438 afﬁrmatio
2156 3396 2210 3439 et

628 3480 839 3548 negatio
858 3523 873 3549 ,
902 3479 985 3533 ha:
1015 3479 1219 3533 scilicet
1243 3493 1362 3547 quae
1391 3487 1547 3542 sunt,
1579 3488 1662 3531 est
1688 3494 1791 3529 non
1816 3475 1995 3546 justus
2026 3478 2207 3541 homo,

629 3586 734 3626 non
765 3577 848 3625 est
876 3585 979 3623 non
1016 3568 1194 3639 justus
1225 3570 1414 3635 homo,
1448 3570 1513 3621 ad
1544 3569 1759 3622 easdem
1790 3568 2062 3627 similices
2089 3585 2208 3639 qu:e

629 3674 783 3725 sunt,
811 3668 896 3716 est
921 3659 1096 3729 justus
1127 3661 1318 3725 homo,
1350 3674 1456 3713 non
1489 3670 1570 3714 est
1592 3658 1771 3729 justus
1803 3661 1982 3714 homo.
2019 3660 2210 3715 Videa-

633 3772 753 3813 mus
779 3770 898 3825 qute
936 3756 1005 3807 sit
1030 3753 1351 3831 simplicium
1377 3762 1428 3805 et
1452 3755 1859 3821 privatoriarum
1882 3768 2214 3823 consequen-

630 3851 735 3916 tia,
768 3857 824 3902 ut
854 3854 1028 3902 utrum
1070 3863 1129 3902 se
1173 3849 1251 3903 sic
1284 3850 1516 3902 habeant
1556 3847 1775 3901 iiﬁnita:
1813 3848 1879 3901 ad
1909 3848 2211 3917 simplices,

630 3940 1077 4013 quemadmodum
1108 3953 1167 3993 se
1194 3939 1391 3993 habent
1418 3939 1722 4009 privatoria:
1748 3938 1816 3992 ad
1843 3940 2055 3994 easdem
2086 3941 2213 3994 sim-

632 4033 829 4105 plices,
858 4042 1263 4102 cognoscamus.
1292 4032 1570 4099 DiSposittB
1600 4031 1759 4100 igitur
1802 4041 1927 4085 sunt
1957 4034 2007 4085 in
2044 4032 2217 4100 primo

634 4125 846 4197 quidem
897 4125 1086 4180 ordine
1131 4124 1403 4192 simplices
1450 4124 1880 4193 nropositiones,
1929 4120 2215 4178 afﬁrmatio

634 4219 858 4288 simplex
886 4230 1007 4286 quae
1032 4217 1190 4280 dicit,
1219 4224 1301 4271 est
1324 4215 1497 4284 justus
1527 4214 1717 4278 homo,
1746 4224 1799 4268 et
1840 4216 2049 4283 negatio
2090 4217 2219 4269 sim-

635 4312 756 4380 plex
789 4324 907 4380 quae
932 4308 1080 4377 dicit,
1112 4323 1219 4363 non
1248 4318 1328 4362 ιιει
1350 4307 1527 4378 justus
1557 4310 1739 4363 homo.
1772 4308 1884 4362 Sub
1915 4308 2022 4371 his,
2057 4308 2108 4361 id
2136 4315 2220 4363 est

634 4402 737 4458 sub
761 4401 1119 4456 afﬁrmatione
1149 4399 1407 4469 simplici,
1441 4399 1563 4453 dua:
1596 4397 1937 4467 negationes,
1978 4413 2079 4451 una
2115 4399 2219 4466 pri-

634 4494 843 4550 Vatoria
888 4508 1006 4564 quae
1054 4504 1135 4549 est
1184 4509 1288 4547 non
1335 4500 1418 4547 est
1468 4491 1695 4562 injostus
1742 4492 1934 4560 homo,
1966 4501 2021 4546 et
2049 4491 2232 4545 altera

2312 3296 2549 3363 vatoria,
2602 3305 2653 3348 et
2699 3294 3070 3348 afﬁrmationis
3116 3294 3372 3362 simplicis
3417 3296 3691 3350 veritatem
3736 3310 3895 3364 nega-

2314 3389 2474 3444 tionis
2522 3389 2821 3459 privatoritc
2865 3390 3060 3442 veritas
3101 3398 3479 3457 consequatur.
3512 3390 3583 3443 At
3625 3403 3752 3442 vero
3794 3402 3898 3444 non

2314 3495 2606 3536 econverso
2645 3490 2760 3542 est,
2793 3495 2962 3548 neque
3002 3482 3142 3533 enim
3172 3479 3459 3534 afﬁrmatio
3485 3479 3705 3547 simplex
3737 3494 3898 3548 nega-

2317 3575 2514 3626 tionem
2543 3573 2784 3638 sequitur
2808 3571 3171 3638 privatoriam.
3199 3570 3330 3623 Nam
3361 3568 3406 3623 si
3432 3584 3615 3623 verum
3643 3578 3727 3625 est
3754 3570 3901 3624 dice-

2317 3678 2406 3727 re,
2439 3662 2688 3731 quoniam
2721 3677 2827 3716 non
2854 3672 2937 3716 est
2968 3662 3195 3731 injustns
3219 3660 3399 3726 homo,
3429 3676 3531 3715 non
3556 3662 3777 3716 omnino
3809 3678 3902 3715 ve-
3938 3700 3941 3703 λ

2319 3773 2433 3810 rum
2483 3766 2565 3811 est
2612 3756 2792 3811 dicere
2836 3759 3088 3826 quoniam
3136 3767 3218 3811 est
3262 3756 3437 3825 justus
3485 3756 3665 3811 homo.
3716 3757 3902 3812 Potest

2318 3852 2459 3905 enim
2486 3867 2612 3905 vere
2634 3854 2700 3905 de
2729 3866 2866 3920 equo
2892 3852 2993 3905 dici
3022 3847 3271 3920 quoniain
3300 3865 3470 3919 equus
3498 3866 3603 3905 non
3639 3861 3719 3905 est
3763 3849 3903 3921 inju-

2268 3998 2271 3999 ν
2318 3954 2432 3998 ειιιε
2464 3946 2656 4014 homo,
2690 3959 2863 4014 neque
2904 3945 3046 3998 enim
3070 3945 3289 3998 omnino
3335 3944 3495 3997 homo
3525 3953 3626 4000 est.
3676 3946 3740 3998 Et
3784 3944 3905 3999 ideo

2318 4050 2415 4090 nec
2464 4035 2691 4105 injustus
2721 4037 2877 4089 homo
2908 4045 3018 4097 est,
3048 4035 3139 4089 sed
3172 4050 3273 4089 non
3304 4044 3479 4104 potest
3501 4036 3604 4090 dici
3630 4035 3698 4091 de
3725 4051 3900 4104 equo,

2324 4130 2570 4197 quoniam
2599 4143 2766 4196 equus
2810 4135 2894 4181 est
2930 4126 3105 4196 justus
3137 4125 3297 4180 homo
3325 4145 3338 4191 ;
3368 4126 3438 4180 ita
3469 4143 3598 4197 ergo
3628 4128 3903 4183 veritatem

2323 4221 2624 4290 piivatorite
2658 4221 2951 4287 negationis
2980 4234 3084 4273 non
3113 4229 3353 4289 εειιιιιιυι·
3398 4221 3593 4281 veritas
3638 4220 3902 4286 simplicis

2321 4311 2713 4374 afﬁrmationis,
2764 4320 2921 4379 atque
2972 4310 3092 4364 ideo
3144 4326 3240 4364 nec
3291 4310 3538 4364 continua
3596 4309 3894 4378 propositio

2321 4404 2443 4457 hinc
2485 4412 2539 4456 et
2581 4408 2863 4465 coniuncta
2910 4403 3132 4471 praponi
3178 4401 3504 4471 proferrique
3546 4410 3740 4469 potest.
3776 4400 3894 4456 Non

2322 4498 2462 4551 enim
2509 4510 2633 4549 vera
2688 4494 2978 4563 propositio
3022 4503 3106 4549 est
3154 4496 3199 4549 si
3247 4494 3366 4569 quis
3404 4495 3580 4559 dicat,
3612 4496 3655 4549 si
3688 4509 3791 4548 non
3823 4503 3906 4551 est

634 4587 838 4641 infinita
886 4602 1003 4656 quae
1050 4596 1132 4641 est
1178 4601 1287 4640 non
1332 4593 1412 4640 est
1450 4585 1679 4653 iniustus
1707 4586 1892 4641 homo.
1921 4585 2034 4642 Sub
2062 4602 2221 4655 nega-
2245 4596 2297 4657 ι)
2323 4588 2551 4659 injustus
2596 4588 2787 4651 homo,
2821 4598 2902 4641 est
2941 4587 3116 4658 justus
3151 4589 3332 4654 homo,
3362 4589 3429 4645 de
3469 4604 3608 4658 equo
3636 4590 3778 4644 enim
3808 4605 3901 4645 ve-

633 4680 783 4734 tione’
816 4693 945 4734 vero
974 4677 1206 4748 simplici
1239 4693 1356 4748 quae
1383 4678 1538 4742 dicit,
1570 4694 1676 4731 non
1708 4688 1791 4732 est
1814 4677 1990 4747 justus
2022 4678 2214 4743 homo,

634 4771 753 4824 duae
781 4769 1197 4835 afﬁrmationes,
1229 4786 1329 4823 una
1365 4770 1657 4839 privatoria
1687 4784 1808 4840 qua:
1838 4771 1996 4836 dicit,
2028 4779 2111 4823 est
2138 4770 2221 4823 in-

635 4864 811 4930 iustus
842 4863 1019 4927 homo,
1053 4864 1216 4916 altera
1250 4862 1449 4918 inﬁnita
1477 4877 1597 4931 quae
1620 4862 1770 4929 dicit,
1798 4874 1878 4917 est
1912 4877 2016 4916 non
2044 4862 2224 4931 justus

636 4953 821 5009 immo.
866 4955 999 5008 Illud
1043 4968 1256 5024 quoque
1301 4954 1353 5008 in
1402 4954 1762 5022 descriptione
1815 4954 2099 5008 videndum
2138 4962 2222 5009 est

638 5048 779 5116 quod
821 5047 1147 5117 angulariter
1185 5061 1244 5100 se
1273 5046 1657 5101 aflirmationes
1688 5046 2102 5113 negationesque
2130 5059 2218 5099 re-

636 5142 895 5211 spiciunt,
929 5154 1047 5191 nam
1078 5136 1359 5190 afﬁrmatio
1386 5152 1504 5203 qua:
1532 5149 1609 5189 est
1644 5134 1868 5197 simplex
1894 5178 1907 5198 ,
1937 5144 2020 5188 est
2041 5136 2219 5201 justus

642 5233 823 5295 homo,
862 5229 1189 5297 angulariter
1230 5244 1289 5282 se
1330 5235 1515 5282 contra
1554 5236 1805 5291 utraSque
1832 5225 2050 5294 respicit
2077 5224 2219 5278 affir-

644 5328 842 5379 mation
868 5340 926 5391 rs,
954 5323 1210 5377 infinitam
1233 5321 1433 5376 scilicet
1454 5334 1507 5375 et
1533 5320 1867 5388 privatoriam
1886 5364 1900 5388 ,
1926 5335 2043 5387 quae
2070 5327 2214 5383 sttnt,

638 5425 724 5471 est
752 5430 859 5471 non
885 5414 1060 5484 justus
1091 5415 1280 5477 homo,
1313 5422 1394 5467 est
1422 5412 1647 5481 injustus
1680 5410 1859 5464 homo.
1881 5410 2096 5466 Rursus
2125 5424 2222 5466 ne-

640 5510 784 5578 gatio
810 5508 1038 5576 simplex
1076 5522 1195 5577 quae
1238 5514 1321 5561 est
1349 5546 1364 5571 ,
1396 5520 1501 5559 non
1529 5515 1613 5561 est
1637 5505 1807 5573 justus
1838 5504 2019 5571 homo,
2049 5518 2219 5575 angu-

642 5602 826 5655 lariter
853 5598 1072 5668 respicit
1100 5599 1233 5653 duas
1262 5600 1571 5667 negationes
1593 5638 1608 5662 ,
1640 5597 1900 5654 inﬁnitam
1931 5598 2135 5652 scilicet
2165 5606 2219 5653 et

644 5694 989 5761 privatoriam
1009 5734 1026 5761 ,
1053 5702 1108 5749 et
1138 5693 1190 5748 in
1222 5692 1445 5748 veritate
1473 5692 1767 5761 simplicem
1808 5691 2216 5745 affirntatimtcm

644 5788 986 5850 privatortam
1034 5788 1245 5854 negatio
1272 5787 1534 5853 sequitur,
1566 5800 1687 5839 nam
1731 5785 1777 5838 si
1810 5799 1989 5837 verum
2020 5792 2099 5837 est
2127 5783 2211 5836 di-

640 5890 762 5932 cere
806 5878 1055 5942 qt‘touiam
1107 5888 1189 5930 est
1231 5877 1405 5943 justus
1455 5876 1649 5938 homo.
1680 5892 1864 5931 verum
1910 5888 1991 5932 est
2034 5877 2212 5935 dicere

2326 4696 2442 4737 rum
2474 4692 2555 4735 est
2577 4680 2655 4751 (nt
2696 4680 2892 4732 tlirtum
2919 4679 3024 4747 est)
3064 4681 3184 4749 quia
3219 4696 3323 4734 non
3349 4693 3432 4736 est
3461 4682 3688 4749 iniustus
3720 4681 3903 4751 homo,

2325 4790 2428 4829 non
2463 4786 2637 4828 tamen
2674 4788 2859 4827 verum
2891 4784 2972 4827 est
3001 4789 3120 4827 εεει·
3145 4774 3346 4838 justum
3381 4777 3653 4830 hominem
3685 4791 3905 4843 equum.

2322 4865 2497 4932 Quare
2546 4865 2882 4933 negationem
2940 4865 3282 4934 privatoriam
3333 4867 3557 4933 simplex
3614 4866 3905 4923 afﬁrmatio

2326 4970 2431 5009 non
2478 4954 2730 5022 sequitur.
2780 4955 3125 5008 Monstratum
3155 4965 3238 5010 est
3282 4956 3441 5026 igitur
3478 4958 3731 5027 quoniam
3761 4959 3907 5015 afﬁr-

2328 5047 2617 5102 mationem
2661 5048 2955 5115 simplicem
3005 5050 3217 5117 negatio
3248 5050 3535 5119 privatoria
3568 5065 3904 5122 sequeretur,

2326 5143 2662 5207 negationem
2691 5154 2820 5193 vero
2850 5140 3191 5207 privatnriam
3223 5143 3451 5212 simplex
3484 5144 3772 5198 affirmatio
3802 5162 3906 5199 non

2325 5240 2662 5298 sequeretur.
2712 5229 2914 5285 Rursus
2961 5231 3235 5286 videamus
3279 5244 3332 5288 et
3373 5234 3428 5288 in
3472 5234 3713 5302 opposita
3759 5247 3911 5303 parte

2322 5322 2493 5391 qualis
2522 5333 2590 5375 ειι
2617 5323 3030 5392 consequentia,
3061 5325 3111 5376 in
3153 5323 3363 5379 diversa
3395 5326 3536 5381 enim
3581 5338 3733 5394 parte
3761 5326 3912 5379 afﬁr-

2330 5414 2618 5468 mationem
2649 5412 2863 5484 quidem
2898 5416 3238 5483 privatoriam
3269 5418 3512 5488 sequitur
3539 5419 3752 5488 negatio
3781 5419 3911 5472 sim-

2332 5507 2449 5578 plex
2474 5551 2489 5575 ,
2520 5509 2854 5579 negationem
2887 5523 3016 5564 vero
3041 5510 3335 5580 simplicem
3365 5513 3648 5568 afﬁrmatio
3675 5515 3910 5585 privato-

2329 5605 2406 5658 ria
2439 5618 2543 5657 non
2573 5602 2832 5674 sequitur.
2862 5600 2994 5657 Nam
3035 5604 3077 5658 si
3106 5620 3290 5660 verum
3335 5618 3417 5661 est
3448 5606 3628 5661 dicere
3656 5610 3907 5676 quoniam

2328 5705 2411 5752 est
2442 5695 2672 5765 injustus
2708 5697 2895 5759 homo,
2918 5712 3102 5751 verum
3127 5714 3203 5753 est
3229 5698 3408 5755 dicere
3430 5702 3678 5769 quoniam
3704 5718 3804 5755 non
3827 5711 3909 5758 est

2320 5789 2497 5859 justus
2521 5788 2697 5853 homo,
2724 5790 2814 5859 qui
2838 5791 2978 5843 enim
3010 5789 3235 5861 injustus
3265 5805 3366 5858 est,
3389 5794 3567 5864 justus
3592 5813 3693 5848 non
3718 5809 3819 5859 εει,
3853 5804 3906 5851 et

2326 5878 2665 5935 afﬁrmativae
2709 5881 3042 5950 privatoriaa,
3090 5885 3205 5955 ejus
3256 5887 3460 5941 scilicet
3488 5903 3607 5963 quae
3634 5888 3791 5954 dicit,
3817 5896 3900 5947 est
