4270 6266
412 337 518 397 533

1160 338 1223 394 ΙΝ
1258 336 1512 395 LIBRUM
1551 334 1640 390 DE
1680 327 2327 388 INTERPRETATIONE
2367 329 2597 387 EDITIO
2634 331 2967 389 SECUNDA.

3592 334 3709 401 ⁵5⁸1

411 455 642 527 iniustus
671 454 835 511 homo
854 498 870 523 ,
902 462 1181 511 veritatem
1208 457 1450 525 sequitur
1477 451 1717 523 negativa
1763 449 1992 517 simplex
2022 449 2077 510 Α
2104 444 2392 515 privatoria
2415 443 2702 500 afﬁrmatio
2725 458 2778 502 et
2808 448 3012 503 inﬁnita
3043 447 3330 503 afﬁrmatio
3356 445 3497 501 idem
3527 446 3692 516 signi—

410 560 530 617 quze
557 557 670 613 est,
704 561 810 601 non
852 554 937 601 est
962 547 1134 615 justus
1164 545 1356 609 homo,
1392 546 1493 598 hoc
1522 552 1698 597 autem
1730 556 1834 595 non
1865 554 1993 594 cuu-

412 638 657 693 vertitur.
690 636 873 709 Neque
902 639 1047 693 enim
1078 638 1377 707 simplicem
1421 636 1721 707 negativam
1754 632 1995 703 sequitur

415 729 707 799 privatoria
735 728 1227 784 afﬁrmativa.Nam
1257 728 1305 783 si
1328 742 1513 782 verum
1543 724 1832 781 estdicere
1860 736 1993 792 quo-

413 823 556 877 niam
606 836 712 876 non
760 829 845 877 est
882 822 1058 890 justus
1087 819 1280 888 homo,
1314 834 1419 873 non
1450 828 1534 874 est
1560 817 1781 871 omnino
1808 829 1993 869 verum

410 913 662 984 quoniam
692 924 774 968 est
801 912 1029 982 injustus
1055 912 1238 975 homo,
1264 912 1332 967 de
1352 925 1492 979 equo
1518 909 1662 965 enim
1700 922 1883 963 verum
1910 917 1996 961 est

408 1006 590 1060 dicere
614 1005 866 1076 quoniam
897 1018 1067 1075 equus
1098 1020 1205 1059 non
1230 1014 1313 1059 est
1332 1005 1507 1072 justus
1533 1003 1693 1057 homo
1711 1043 1725 1066 ,
1752 1018 1873 1055 nam
1902 1002 1994 1071 qui

409 1098 627 1151 omnino
676 1095 837 1151 homo
885 1111 993 1150 non
1041 1103 1151 1159 est,
1202 1110 1301 1151 nec
1338 1094 1519 1166 justus
1562 1094 1721 1148 homo
1755 1103 1856 1153 εει.
1886 1092 1995 1148 Sed

406 1200 511 1243 non
537 1186 608 1242 de
636 1187 828 1243 eodem
861 1200 1001 1256 equo
1029 1195 1204 1257 potest
1228 1186 1337 1239 dict
1361 1200 1489 1239 vere
1530 1199 1601 1254 qu
1618 1187 1797 1239 oniam
1823 1199 1994 1253 equus

406 1287 487 1336 est
515 1279 747 1350 iniustus
791 1280 985 1343 homo,
1017 1293 1139 1333 nam
1172 1278 1261 1347 qui
1292 1277 1453 1331 homo
1479 1292 1582 1331 non
1627 1285 1733 1343 est,
1789 1291 1889 1331 nec
1915 1279 1995 1328 in-

404 1371 577 1444 justus
609 1369 774 1426 homo
800 1384 924 1425 esse
967 1377 1160 1436 potest.
1193 1369 1372 1436 Quare
1418 1367 1693 1422 veritatem
1737 1366 1995 1435 negativae

407 1464 670 1531 simplicis
699 1478 808 1516 non
836 1461 1079 1532 sequitur
1107 1461 1304 1516 veritas
1349 1460 1650 1529 privatoriae
1696 1460 1996 1512 afﬁrmatio-

410 1554 529 1622 nis,
558 1554 839 1609 veritatem
872 1564 1053 1608 autem
1083 1552 1455 1607 afﬁrmatiouis
1486 1551 1785 1620 privatoria:
1815 1551 1993 1620 sequi-

408 1656 495 1702 tur
524 1661 595 1702 ex
645 1648 967 1703 necessitate
1008 1648 1205 1703 veritas
1247 1647 1502 1718 simplicis
1542 1646 1823 1715 negativaz.
1853 1646 1996 1711 Quo-

407 1739 550 1795 circa
594 1748 947 1793 monstratum
994 1747 1079 1794 est
1120 1738 1221 1792 hoc
1249 1740 1301 1792 in
1330 1738 1603 1808 utrisque,
1645 1737 1893 1807 quoniam
1916 1736 1994 1790 af-

2100 540 2290 604 ﬁcant,
2318 538 2527 607 sibique
2554 541 2915 594 consentiunt.
2938 542 3187 611 Sequitur
3205 536 3569 609 ergositnplex
3601 554 3695 592 ne-

2096 632 2241 702 gatio
2281 645 2401 697 quae
2426 639 2538 694 εει,
2578 644 2683 683 non
2714 640 2799 684 est
2824 631 3001 700 justus
3036 634 3216 695 homo,
3250 630 3510 686 inﬁnitam
3542 628 3691 682 afﬁr-

2100 722 2389 778 mationem
2426 736 2549 791 qua
2579 720 2737 787 dicit,
2766 729 2854 778 est
2891 736 2998 776 non
3028 720 3207 792 justus
3238 722 3426 789 homo,
3462 721 3557 776 sed
3590 721 3693 777 hoc

2096 830 2391 870 econverso
2441 828 2548 868 non
2594 811 2794 869 evenit.
2845 811 2997 889 Nunc
3072 811 3219 867 enim
3266 813 3689 869 demonstratum

2098 920 2181 962 est
2205 907 2348 978 quod
2372 905 2677 976 simplicem
2699 904 3110 959 afﬁrmationem
3133 916 3451 972 sequeretur
3478 902 3688 959 inﬁnita

2098 999 2333 1069 negatio,
2349 1010 2402 1053 et
2422 997 2650 1067 simplex
2672 995 2885 1066 negatio
2906 994 3187 1053 veritatem
3211 993 3432 1050 inﬁnitae
3455 994 3689 1050 afﬁrma-

2099 1092 2263 1147 tionis
2277 1101 2611 1160 sequeretur,
2630 1090 2723 1145 sed
2738 1104 2842 1143 non
2861 1098 2946 1143 est
2968 1086 3275 1154 conversio,
3305 1096 3363 1141 ut
3394 1101 3579 1141 rursus
3606 1086 3688 1140 in-

2100 1189 2304 1245 ﬁnitam
2330 1186 2668 1257 negationem
2690 1193 2945 1255 sequatur
2966 1184 3115 1237 ﬁnita
3144 1179 3456 1245 afﬁrmatio,
3484 1189 3538 1234 et
3560 1180 3691 1235 sim-

2102 1283 2296 1350 plicem
2313 1280 2650 1349 negationem
2669 1276 2877 1332 inﬁnita
2896 1291 3081 1331 rursus
3099 1274 3386 1330 afﬁrmatio
3402 1286 3691 1341 consequa-

2102 1385 2210 1430 tur.
2236 1375 2371 1428 Nam
2392 1374 2437 1427 si
2460 1373 2601 1428 idem
2626 1371 2915 1438 privatoria
2946 1369 3158 1439 negatio
3188 1383 3307 1435 qua:
3330 1374 3445 1432 est,
3471 1379 3578 1418 non
3608 1372 3693 1419 est

2102 1469 2331 1538 iujustus
2356 1468 2537 1533 homo,
2563 1474 2618 1520 et
2641 1464 2850 1520 inﬁnita
2877 1463 3092 1532 negatio
3115 1458 3434 1530 signiﬁcant,
3464 1471 3584 1527 quae
3608 1465 3693 1511 est

2103 1576 2209 1614 non
2234 1569 2316 1613 est
2339 1574 2443 1612 non
2462 1557 2638 1627 justus
2665 1558 2846 1623 homo,
2874 1554 3128 1624 quoniam
3153 1550 3442 1607 afﬁrmatio
3464 1548 3691 1621 simplex

2100 1668 2220 1722 quas
2248 1652 2380 1707 dicit
2408 1660 2491 1705 est
2508 1652 2685 1721 justus
2714 1649 2897 1717 homo,
2928 1664 3033 1703 non
3063 1649 3303 1718 sequitur
3336 1646 3679 1716 privatoriam

2101 1750 2439 1816 negationem
2472 1761 2589 1815 quat
2620 1754 2719 1810 est,
2759 1758 2865 1798 non
2893 1751 2977 1797 est
3013 1741 3190 1811 justus
3217 1740 3401 1806 homo,
3430 1750 3488 1794 ut
3531 1753 3693 1809 supra

407 1829 765 1887 στωθῑίοοθω
809 1830 1027 1901 quidem
1073 1831 1370 1901 είηιριὶεθιη
1420 1840 1736 1899 εειιυετθιυτ
1780 1830 1992 1897 ηθῧίδιίο
2022 1830 2540 1902 Βωουειτενὶιηιιε,
2586 1835 2773 1890 eadem
2821 1833 2938 1903 ipsa
2986 1831 3211 1900 simplex
3258 1830 3543 1887 affirmatio
3572 1844 3692 1899 qua:

408 1925 723 1994 privatoria,
756 1926 1094 1995 negationem
1126 1940 1250 1979 vero
1282 1924 1623 1993 privatoriam
1662 1936 1767 1976 non
1811 1922 1991 1991 sequi-

408 2027 498 2073 tur
548 2017 836 2088 aﬁfﬁrmatio
864 2019 1112 2087 simplex.
1144 2016 1345 2071 Rursus
1374 2014 1784 2070 aftirmationem
1816 2016 1993 2085 priva-

414 2110 608 2166 toriam
640 2109 882 2181 sequitur
928 2111 1138 2181 negatio
1182 2109 1408 2177 simplex
1434 2147 1449 2173 ,
1482 2108 1819 2178 negationem
1863 2109 1993 2163 sim-

410 2202 602 2272 plicem
634 2218 739 2255 non
770 2202 1011 2270 sequitur
1058 2200 1342 2255 afﬁrmatio
1388 2199 1695 2269 privatoria.
1724 2198 1819 2254 His
1865 2213 1992 2268 ergo

408 2293 481 2349 ita
513 2292 701 2362 positis
731 2292 798 2347 de
828 2292 1048 2347 inlinitis
1079 2291 1491 2361 privatoriisque
1522 2300 1831 2346 tractemus.
1870 2290 1990 2347 Pri-

408 2386 631 2439 vatoriaa
679 2400 909 2455 namque
956 2394 1007 2439 et
1060 2384 1279 2439 inﬁnita:
1331 2382 1712 2439 afiirmationes
1759 2382 1993 2441 affirma-

410 2476 676 2542 tionibus,
732 2477 1044 2545 negationes
1087 2472 1432 2529 consentiunt
1478 2473 1850 2545 negationibus
1892 2473 1995 2529 hoc

412 2572 595 2626 modo.
633 2569 928 2625 Alﬁrmatio
955 2569 1097 2624 enim
1130 2569 1416 2637 privatoria
1447 2584 1567 2638 quae
1595 2569 1755 2634 dicit,
1787 2578 1869 2624 est
1906 2568 1994 2623 in-

378 2663 580 2734 ‘iustus
630 2662 812 2726 homo,
861 2662 1127 2716 consentit
1177 2660 1400 2715 inﬁnitae
1447 2660 1824 2725 afﬁrmationi,
1876 2674 1994 2729 qua:

409 2756 538 2811 dicit
566 2770 673 2811 non
724 2762 807 2811 est
850 2752 1027 2825 justus
1073 2753 1262 2819 homo,
1314 2754 1453 2809 idem
1502 2753 1645 2807 enim
1692 2751 1998 2822 signiﬁcant

409 2857 648 2919 utraeque
680 2847 973 2917 privatoria
1004 2848 1293 2902 afﬁrmatio
1337 2856 1392 2901 et
1439 2845 1645 2902 inﬁnita
1677 2845 1989 2913 afﬁrmatio,

407 2953 462 3000 et
493 2956 796 3012 quanquam
827 2942 879 2995 in
922 2940 1097 3009 aliqua
1150 2940 1414 2994 sermonis
1463 2938 1762 3007 prolatione
1792 2939 1996 2995 discre-

411 3044 573 3105 pent,
604 3042 783 3089 tamen
815 3030 1207 3101 signiﬁcatione
1249 3031 1323 3085 nil
1361 3030 1711 3099 discrepant,
1743 3029 1843 3085 nisi
1877 3040 1995 3086 tan-

413 3136 526 3180 tum
554 3126 692 3195 quod
722 3138 880 3195 quem
908 3123 999 3178 illa
1026 3122 1280 3193 iujustutn
1310 3122 1479 3192 ponit,
1509 3121 1560 3175 id
1591 3133 1673 3176 est
1704 3121 1995 3192 privatoria

414 3221 531 3275 baac
561 3219 707 3289 ponit
730 3232 853 3274 esse
879 3231 983 3273 non
1009 3216 1212 3286 justum
1233 3256 1251 3282 ,
1283 3224 1336 3270 et
1362 3230 1546 3270 rursus
1576 3215 1791 3285 negatio
1818 3218 1995 3285 priva-

412 3312 549 3367 toria
592 3328 710 3382 quae
759 3320 873 3377 est,
926 3325 1033 3366 non
1079 3318 1163 3366 est
1216 3311 1445 3379 iniustus
1492 3310 1677 3378 homo,
1726 3312 1996 3368 consentit

410 3414 573 3477 atque
614 3405 906 3463 concordat
949 3406 997 3459 ei
1041 3403 1311 3473 negationi
1338 3418 1459 3472 qua:
1486 3410 1570 3457 est
1608 3402 1817 3459 inﬁnita
1840 3445 1853 3469 ,
1885 3418 1993 3460 non

409 3508 493 3557 est
517 3515 621 3555 non
646 3498 825 3570 justus
854 3500 1034 3553 homo.
1066 3497 1157 3551 llas
1187 3510 1420 3566 quoque,
1470 3495 1521 3551 id
1550 3504 1633 3551 est
1680 3500 1994 3565 negationes

411 3592 553 3663 quod
596 3592 697 3647 sibi
744 3593 797 3646 in
838 3590 1219 3662 consequentia
1257 3589 1605 3645 consentiunt
1654 3589 1991 3646 manifestum

414 3697 515 3742 εει.
568 3684 821 3755 Sequitur
879 3694 1055 3739 autem
1112 3682 1413 3752 simplicem
1462 3680 1875 3737 afﬁrmatiouem
1930 3700 1991 3737 ea

413 3792 532 3847 qua:
560 3775 720 3840 dicit,
752 3785 833 3831 est
855 3775 1029 3844 justus
1060 3774 1219 3828 homo
1241 3815 1257 3839 ,
1290 3774 1575 3842 privatoria
1620 3775 1831 3843 negatio
1873 3790 1993 3845 quae

417 3868 576 3933 dicit,
609 3882 714 3920 non
741 3876 823 3920 est
852 3864 1077 3935 iniustus
1107 3864 1296 3931 liomo,
1345 3866 1587 3935 sequitur
1632 3880 1760 3937 ergo
1802 3868 1990 3921 eadem

420 3961 591 4027 ipsam
648 3958 943 4025 simplicem
996 3958 1399 4012 afﬁrtnationem
1468 3959 1671 4013 inﬁnita
1746 3960 1987 4029 negatio,

420 4049 474 4105 id
504 4058 587 4105 est
614 4064 728 4103 eam
757 4064 873 4118 quae
895 4049 1025 4103 dicit
1051 4059 1134 4104 est
1167 4049 1338 4117 justus
1370 4050 1563 4115 homo,
1594 4066 1654 4105 ea
1697 4067 1815 4120 qua:
1862 4066 1989 4120 pro-

418 4144 565 4213 ponit
594 4157 700 4197 non
730 4150 940 4197 estnon
968 4141 1144 4211 justus
1174 4142 1351 4197 homo.
1390 4142 1521 4197 Nam
1562 4143 1661 4197 sibi
1702 4144 1991 4213 privatoria

414 4236 626 4304 negatio
664 4245 719 4289 et
748 4234 954 4289 inﬁnita
980 4236 1353 4302 consentiunt,
1385 4236 1429 4289 si
1460 4250 1578 4290 eam
1616 4235 1855 4305 sequitur
1886 4236 1992 4304 pri-

415 4328 620 4383 vatoria
676 4328 919 4399 negatio,
973 4328 1217 4384 eamdem
1265 4344 1477 4399 quoque
1525 4329 1730 4384 inﬁnita
1781 4331 1991 4401 negatio

416 4419 783 4488 consequitur,
814 4418 907 4473 sed
947 4418 1359 4475 afﬁrmationem
1388 4420 1684 4489 simplicem
1714 4437 1831 4490 qua:
1862 4436 1988 4492 pro-

418 4513 561 4582 ponit
605 4520 687 4565 est
726 4510 900 4580 justus
949 4510 1131 4577 homo,
1179 4511 1465 4580 privatoria
1508 4513 1719 4579 negatio
1754 4514 1993 4581 sequitur

415 4618 535 4672 quae
577 4601 735 4667 dicit,
786 4616 891 4657 non
938 4610 1020 4657 est
1061 4602 1291 4672 injustus
1322 4602 1501 4658 homo.
1534 4603 1707 4670 Quare
1749 4606 1991 4675 sequitur

413 4698 573 4754 etiam
603 4697 843 4751 eamdem
891 4696 1190 4765 simplicem
1230 4695 1644 4751 afﬁrmationem
1676 4712 1793 4768 quae
1823 4714 1991 4752 enun-

416 4790 510 4843 tiat
537 4798 621 4843 est
644 4789 819 4857 justus
850 4788 1011 4843 homo
1032 4826 1048 4852 ,
1076 4788 1281 4842 inﬁnita
1314 4789 1523 4858 negatio
1551 4804 1671 4859 quae
1699 4790 1848 4857 dicit,
1884 4806 1989 4845 non

412 4891 497 4936 est
540 4896 645 4935 non
686 4882 862 4949 justus
901 4880 1082 4934 homo.
1130 4881 1335 4934 lmrsus
1364 4894 1395 4935 e
1419 4880 1633 4935 diversa
1664 4892 1815 4951 parte
1847 4882 1989 4938 idem

413 4974 617 5038 evenit,
648 4972 898 5041 quoniam
928 4971 1337 5028 afﬁrmationem
1368 4975 1712 5043 privatoriam
1754 4990 1877 5046 qum
1913 4977 1992 5029 di-

414 5066 512 5128 cit,
542 5073 625 5118 est
656 5063 879 5132 injustus
919 5062 1103 5130 homo,
1142 5066 1462 5134 sequebatur
1492 5066 1731 5135 negativa
1766 5067 1993 5137 simplex

413 5176 529 5230 qum
563 5164 809 5231 proponit
838 5174 943 5215 non
972 5168 1056 5215 est
1079 5158 1259 5229 justus
1285 5161 1467 5216 homo.
1500 5161 1749 5231 Sequitur
1777 5177 2013 5234 quoque.

413 5254 670 5308 inﬁnitam
713 5254 1124 5310 afﬁrmationetn
1174 5269 1293 5321 qua:
1341 5254 1505 5322 dicit,
1537 5265 1620 5310 est
1669 5270 1773 5310 non
1815 5255 1993 5325 juStus

413 5351 591 5416 homo,
620 5350 844 5419 simplex
876 5349 1087 5420 negatio
1113 5365 1231 5420 quae
1258 5350 1539 5419 proponit,
1572 5365 1675 5404 non
1709 5358 1793 5404 est
1816 5349 1991 5420 justus

413 5450 597 5511 homo,
630 5462 750 5500 nam
782 5445 827 5500 si
856 5446 1141 5515 privatoria
1181 5444 1467 5500 afﬁrmatio
1511 5454 1567 5499 et
1612 5444 1814 5498 inﬁnita
1856 5459 1990 5499 con-

415 5538 681 5603 sentiunt,
726 5551 846 5606 quae
891 5537 1182 5605 prepositio
1225 5537 1467 5606 sequitur
1497 5536 1874 5605 privatoriam,
1900 5552 1991 5592 ea-

414 5634 536 5686 dem
568 5630 808 5699 sequitur
846 5629 1127 5684 inﬁnitam.
1171 5629 1277 5685 Sed
1316 5628 1655 5698 privatoriam
1685 5628 1994 5683 afﬁrmatio-

419 5742 564 5793 nem,
592 5740 709 5795 quae
735 5724 895 5790 dicit,
922 5733 1003 5776 est
1029 5721 1255 5792 injustus
1288 5724 1468 5787 homo,
1499 5723 1739 5791 sequitur
1766 5723 1991 5795 simplex

418 5820 648 5893 negatio,
699 5833 819 5889 qua
866 5818 1143 5887 proponit,
1176 5834 1280 5876 non
1324 5828 1407 5875 est
1443 5816 1624 5889 justus
1670 5818 1854 5888 homo,
1894 5819 1991 5876 sed

2097 1930 2369 2001 proponit,
2411 1938 2493 1983 est
2528 1928 2706 1997 justus
2750 1926 2934 1993 homo,
2989 1941 3097 1981 non
3148 1923 3392 1994 sequitur
3428 1922 3691 1981 inﬁnitam

2095 2021 2435 2089 negationem
2465 2033 2584 2087 quae
2617 2018 2883 2083 enuntiat,
2907 2032 3011 2073 non
3055 2027 3138 2072 est
3176 2033 3283 2072 non
3304 2017 3479 2086 justus
3508 2019 3689 2070 homo.

2096 2118 2303 2171 Rursus
2341 2115 2393 2169 in
2431 2124 2578 2183 parte
2616 2114 2789 2169 altera
2830 2114 2877 2169 si
2922 2114 3209 2169 afﬁrmatio
3257 2115 3542 2183 privatoria
3571 2128 3690 2183 quae

2099 2208 2351 2275 proponit
2380 2216 2464 2261 est
2492 2206 2725 2275 iniustus
2765 2205 2951 2269 homo,
2980 2205 3128 2262 idem
3157 2206 3423 2274 signiﬁcat
3455 2220 3575 2260 cum
3607 2206 3687 2261 in-

2097 2301 2249 2357 ﬁnita
2276 2299 2657 2363 afﬁrmatione,
2691 2313 2809 2368 quin
2833 2298 2984 2364 dicit,
3025 2308 3108 2355 est
3148 2314 3254 2354 non
3281 2298 3456 2369 justus
3487 2300 3684 2352 homo:

2098 2392 2389 2462 privatoria
2438 2400 2616 2443 autem
2667 2391 2957 2444 afﬁrmatio
2994 2404 3113 2459 qua:
3159 2390 3408 2459 proponit
3445 2398 3526 2444 est
3554 2390 3689 2459 inju-

2097 2494 2216 2539 stus
2246 2483 2428 2549 homo,
2472 2498 2577 2538 non
2625 2484 2947 2553 sequebatur
2989 2482 3289 2553 simplicem
3322 2485 3685 2561 negationem,

2099 2591 2220 2644 qua:
2248 2575 2377 2629 dicit
2404 2590 2510 2630 non
2544 2584 2624 2630 est
2653 2574 2830 2644 justus
2862 2575 3045 2641 homo,
3075 2591 3176 2631 nec
3206 2573 3451 2632 eamdem
3477 2591 3689 2647 quoque

2098 2666 2396 2736 simplicem
2430 2668 2765 2736 negationem
2796 2683 2917 2737 quae
2943 2670 3196 2739 proponit
3249 2684 3357 2725 non
3404 2678 3486 2724 est
3509 2668 3688 2739 justus

2103 2756 2290 2823 homo,
2328 2759 2572 2828 sequitur
2616 2759 2889 2815 indeﬁnite
2930 2758 3215 2816 afﬁrmatio
3254 2776 3372 2831 quae
3410 2760 3561 2828 dicit,
3608 2770 3689 2817 εει

2102 2868 2209 2908 non
2238 2853 2414 2922 justus
2462 2854 2644 2908 homo.
2692 2852 2798 2910 Sed
2841 2868 3145 2923 quanquam
3189 2854 3276 2909 hic
3325 2855 3463 2909 ratio
3499 2869 3687 2909 conse-

2100 2945 2337 3016 quentia:
2380 2954 2434 3001 et
2462 2946 2758 3001 necessitas
2796 2955 3079 3013 monstret,
3110 2961 3211 3002 nos
3242 2955 3417 3001 tamen
3460 2948 3513 3002 id
3546 2948 3687 3017 quod

2100 3039 2586 3095 demonstravimus
2608 3040 2837 3107 ratione,
2861 3039 3121 3109 exemplis
3142 3055 3356 3111 quoque
3370 3040 3680 3095 doceamus.

2102 3133 2231 3187 Dice
2255 3134 2399 3188 enim
2435 3131 2847 3188 afﬁrmationem
2880 3132 3177 3202 simplicem
3202 3148 3320 3202 quae
3347 3133 3476 3187 dicit
3503 3141 3586 3187 est
3600 3131 3686 3201 ju-

2019 3207 2067 3271 ο
2098 3231 2215 3278 ειυε
2239 3223 2420 3290 homo,
2444 3222 2595 3292 sequi
2624 3222 2881 3278 inﬁnitam
2904 3223 3242 3293 negationem
3264 3237 3383 3294 qua:
3403 3223 3552 3288 dicit.
3580 3240 3686 3280 non

2098 3324 2182 3369 est
2215 3328 2318 3367 non
2348 3312 2524 3383 justus
2568 3315 2750 3379 homo,
2789 3314 2929 3369 sicut
2956 3314 3199 3371 eamdem
3230 3329 3440 3385 quoque
3478 3316 3684 3384 simpli-

2098 3421 2217 3463 cem
2266 3407 2681 3463 afﬁrmationem
2736 3408 3059 3478 sequebatur
3109 3409 3398 3477 privatoria
3446 3408 3681 3478 negatio,

2098 3513 2217 3568 qua:
2244 3500 2493 3568 proponit
2520 3515 2627 3553 non
2658 3507 2743 3555 est
2783 3499 3011 3568 injustus
3042 3500 3225 3565 homo,
3269 3515 3391 3554 nam
3422 3501 3466 3554 si
3498 3515 3686 3555 verum

2097 3602 2181 3648 est
2210 3592 2391 3647 dicere
2432 3592 2686 3662 quoniam
2713 3603 2795 3648 est
2822 3593 2997 3661 justus
3040 3592 3223 3660 homo,
3258 3606 3443 3648 verum
3473 3607 3686 3663 quoque

2098 3684 2166 3739 de
2208 3683 2395 3738 eodem
2449 3694 2535 3738 est
2566 3685 2745 3739 dicere
2792 3687 3044 3755 quoniam
3092 3700 3198 3740 non
3240 3693 3322 3739 est
3366 3700 3469 3739 non
3506 3682 3685 3753 justus

2098 3775 2280 3831 homo.
2313 3775 2445 3829 Nam
2474 3778 2562 3846 qui
2586 3776 2764 3846 justus
2794 3787 2896 3842 est,
2931 3792 3037 3831 non
3076 3786 3159 3832 est
3186 3790 3292 3831 non
3319 3777 3516 3846 justus,
3550 3776 3687 3832 sicut

2098 3883 2280 3922 verum
2321 3877 2439 3922 erat
2486 3869 2689 3934 dicere,
2737 3870 2989 3937 quoniam
3036 3868 3174 3924 idem
3220 3872 3309 3939 qui
3348 3870 3527 3940 justus
3577 3877 3680 3935 est,

2096 3974 2201 4012 non
2228 3969 2313 4014 est
2344 3960 2592 4028 injustus,
2624 3974 2790 4029 quare
2829 3961 3126 4029 simplicem
3158 3959 3572 4016 afﬁrmationem
3596 3977 3685 4017 se-

2094 4052 2276 4119 quitur
2307 4049 2509 4105 inﬁnita
2536 4050 2769 4119 negatio,
2804 4050 2941 4104 sicut
2969 4048 3210 4103 eamdem
3240 4065 3453 4120 quoque
3476 4052 3685 4118 simpli-

2092 4154 2209 4194 cem
2266 4138 2555 4209 privatoria
2618 4141 2834 4211 negatio
2898 4142 3238 4209 sequebatur.
3286 4144 3389 4196 Sed
3438 4144 3538 4198 hoc
3576 4160 3682 4199 non

2092 4232 2446 4299 convertitur,
2478 4248 2651 4305 neque
2698 4234 2879 4289 statim
2912 4249 3100 4289 verum
3144 4244 3249 4302 est,
3280 4236 3531 4305 quoniam
3573 4252 3683 4291 non

2094 4333 2178 4378 cst
2217 4338 2321 4379 non
2353 4325 2529 4394 justus
2580 4327 2744 4381 homo
2790 4326 3039 4382 eumdem
3086 4341 3206 4382 esse
3229 4326 3457 4399 justum,
3510 4345 3680 4398 equus

2094 4418 2237 4471 enim
2272 4432 2378 4471 non
2409 4426 2494 4471 est
2517 4432 2621 4471 non
2650 4418 2822 4487 justus
2854 4417 3038 4486 homo,
3082 4434 3253 4490 neque
3282 4420 3424 4473 enim
3464 4420 3682 4474 omnino

2098 4508 2259 4561 homo
2289 4516 2393 4563 est.
2427 4508 2578 4575 Quod
2610 4518 2787 4563 autem
2826 4510 3053 4563 omnino
3099 4512 3258 4563 homo
3285 4524 3391 4563 non
3438 4520 3543 4575 est,
3576 4525 3682 4565 non

2016 4584 2073 4647 Ι)
2098 4603 2294 4671 poterit
2323 4614 2441 4653 esse
2484 4601 2645 4653 homo
2674 4614 2779 4652 nou
2814 4599 3015 4668 justus,
3045 4600 3141 4654 sed
3185 4601 3252 4653 de
3292 4615 3451 4671 equo,
3483 4602 3550 4656 de
3576 4618 3683 4671 quo

2096 4708 2279 4747 verum
2309 4702 2393 4745 est
2418 4692 2597 4746 dicere
2624 4695 2875 4761 quoniam
2906 4708 3011 4747 non
3043 4704 3126 4748 est
3160 4710 3262 4749 non
3286 4695 3465 4765 jusms
3495 4698 3678 4766 homo,

2096 4804 2202 4844 nou
2243 4796 2323 4840 est
2365 4786 2433 4840 de
2484 4801 2551 4841 eo
2600 4802 2785 4839 verum
2844 4786 3025 4841 dicere
3079 4794 3333 4858 quoniam
3382 4801 3464 4843 cst
3508 4792 3680 4859 justus

2097 4881 2277 4935 homo.
2312 4877 2461 4932 Sicut
2503 4886 2557 4932 ει
2587 4878 2655 4931 de
2692 4875 2882 4931 eodem
2927 4893 3065 4947 equo
3098 4893 3287 4934 verum
3321 4890 3464 4934 eSset
3502 4882 3682 4935 dicere

2100 4972 2441 5044 privatoriam
2474 4970 2813 5041 negationem
2844 4986 2965 5041 quae
2995 4973 3267 5043 proponit,
3300 4989 3405 5027 non
3430 4984 3511 5027 est
3543 4974 3682 5042 inju-

2098 5081 2213 5124 stus
2243 5070 2426 5123 homo.
2475 5067 2598 5122 Hinc
2638 5066 2781 5121 enim
2825 5075 3037 5136 poterat
3084 5066 3245 5121 etiam
3288 5066 3357 5121 de
3386 5081 3525 5137 equo
3553 5065 3679 5131 dici,

2099 5180 2197 5221 nec
2235 5174 2349 5220 erat
2403 5177 2591 5218 verum
2639 5162 2893 5232 quoniam
2945 5171 3260 5232 sequeretur
3303 5161 3461 5226 hanc,
3504 5158 3557 5213 id
3600 5168 3684 5215 est

2098 5255 2444 5326 privatoriam
2480 5256 2820 5325 negationem
2862 5253 3086 5323 simplex
3115 5253 3404 5307 afﬁrmatio
3447 5267 3565 5322 quae
3603 5253 3684 5306 di-

2096 5351 2189 5418 cit,
2226 5358 2307 5403 εει
2338 5346 2515 5417 justus
2556 5348 2735 5401 homo.
2777 5346 2957 5414 Quare
2987 5362 3092 5399 non
3142 5347 3381 5414 sequitur
3420 5344 3682 5401 inﬁnitam

2100 5442 2439 5511 negationem
2471 5456 2589 5510 qua:
2631 5449 2734 5509 est,
2780 5455 2880 5493 non
2914 5449 2997 5494 est
3029 5455 3134 5493 non
3162 5440 3337 5510 justus
3366 5440 3524 5495 homo
3553 5440 3683 5493 sim-

2101 5536 2221 5607 plex
2255 5533 2544 5589 afﬁrmatio
2566 5549 2684 5602 qua:
2718 5534 2983 5603 proponit,
3012 5542 3091 5587 est
3121 5534 3295 5601 justus
3326 5532 3510 5595 homo,
3543 5534 3682 5588 sicut

2102 5643 2203 5684 nec
2232 5628 2377 5683 illam
2407 5624 2621 5695 quidem
2662 5640 2781 5695 quae
2814 5626 3080 5679 consentit
3118 5624 3340 5697 infinitae
3383 5626 3674 5695 negationi,

2100 5725 2154 5781 id
2196 5733 2275 5779 est
2320 5720 2663 5790 privatoriam
2712 5722 3045 5789 negationem
3100 5733 3217 5788 qua:
3250 5720 3518 5789 proponit,
3573 5733 3677 5773 non

2103 5829 2182 5874 est
2221 5817 2449 5887 injust
2490 5816 2671 5881 homo,
2728 5828 2789 5869 ea
2840 5827 2960 5883 qute
2999 5812 3149 5879 dicit,
3193 5822 3275 5869 est
3298 5812 3475 5884 justus
3514 5822 3679 5867 nomo
