4270 6266
599 314 701 372 555

1843 310 1948 367 AN.
1993 310 2196 366 MANL.
2237 309 2392 369 SEV.
2436 310 2656 367 BOETII

3774 308 3876 366 556

599 428 827 498 simplex
885 424 1171 479 afﬁrnliitio
1225 425 1567 494 sequebatur.
1610 423 1966 480 Com-ludenti
2025 426 2183 494 igitur
2214 430 2262 487 Α
2291 442 2386 481 nes
2435 429 2681 483 similter
2712 437 2857 491 sunt,
2904 435 2959 482 ut
3006 441 3147 497 saepe
3197 441 3359 494 supra
3406 425 3719 491 m0nstravi,
3752 424 3875 482 dum

599 527 884 585 dicendum
934 533 1016 577 est
1054 524 1304 593 quoniam
1347 523 1757 577 afﬁrmationem
1803 523 2016 592 quidem
2059 525 2187 576 sitn-

598 620 791 693 plicem
834 617 1076 685 sequitur
1109 616 1310 670 inﬁnita
1350 618 1580 685 negatio,
1630 618 1766 671 sicut
1798 633 1914 671 eam
1952 618 2190 685 privato-

597 712 675 768 ria
714 711 1057 779 sequebatur.
1102 709 1369 764 Inﬁnitam
1414 726 1542 764 vero
1586 711 1922 779 negationem
1957 727 2061 765 non
2102 726 2189 767 se-

600 803 785 873 quitur
824 802 1050 869 simplex
1082 802 1387 873 afﬁrmatiq,
1420 804 1558 857 sicut
1583 818 1682 857 nec
1714 803 2047 873 negationem
2080 805 2191 873 pri-

595 902 856 955 vatoriam
896 900 1240 969 sequebatur.
1281 899 1485 954 Rursus
1535 902 1585 955 in
1630 912 1781 969 parte
1822 900 1989 954 altera
2044 900 2184 955 idem

597 1006 893 1048 ectinverso
917 992 1116 1046 evenit.
1162 990 1584 1045 Afﬁrmationem
1631 991 1772 1045 enim
1805 990 2070 1043 infinitam
2098 1005 2186 1045 se-

601 1088 783 1155 quitur
812 1084 1024 1151 negatio
1054 1082 1304 1149 simplex,
1331 1082 1467 1136 sicut
1495 1082 1838 1151 privatoriam
1865 1095 2079 1149 quoque
2110 1079 2189 1133 af-

600 1177 966 1233 ﬁrmationem
995 1175 1182 1229 eadem
1206 1175 1433 1244 simplex
1462 1174 1673 1242 negatio
1696 1172 2039 1242 sequebatur;
2065 1188 2186 1226 nam

596 1271 687 1341 qui
720 1278 801 1324 est
827 1284 931 1322 non
956 1267 1136 1337 justus
1165 1266 1349 1331 homo,
1394 1267 1485 1320 ille
1511 1280 1576 1319 ex
1625 1264 1942 1319 necessitate
1972 1280 2077 1318 non
2108 1271 2192 1317 est

596 1362 789 1435 iustus,
823 1361 961 1415 sicut
992 1362 1153 1414 etiam
1186 1361 1389 1431 qui/est
1420 1361 1648 1426 injustus
1670 1350 1852 1425 homo,
1883 1360 1973 1414 ille
1998 1374 2063 1413 ex
2094 1374 2187 1413 ne-

596 1455 850 1511 cessitate
882 1466 988 1506 non
1022 1460 1106 1506 est
1130 1451 1303 1519 justus
1336 1450 1510 1505 homo.
1552 1454 1621 1505 At
1648 1466 1776 1505 vero
1823 1451 1865 1503 si
1898 1466 2081 1504 verum
2109 1458 2191 1504 est

597 1546 782 1603 dicere
812 1545 1062 1615 quoniam
1112 1558 1217 1598 non
1252 1552 1335 1598 est
1359 1543 1537 1612 justus
1582 1544 1764 1610 homo,
1820 1559 1923 1596 non
1970 1542 2189 1595 omnino

597 1653 823 1695 necesse
846 1638 1097 1692 estillum
1130 1649 1249 1691 esse
1298 1650 1402 1688 non
1427 1634 1630 1705 justmn
1671 1634 1966 1688 hominem.
2006 1633 2189 1700 Equus

596 1732 744 1788 enim
778 1746 883 1785 non
931 1739 1013 1784 est
1037 1729 1215 1800 justus
1264 1728 1447 1792 homo,
1492 1743 1612 1781 nam
1644 1727 1733 1796 qui
1770 1727 1987 1780 omnino
2027 1724 2189 1779 homo

596 1840 706 1881 non
726 1836 833 1889 est,
864 1838 964 1878 nec
985 1821 1162 1893 justus
1190 1821 1353 1875 homo
1396 1835 1516 1875 esse
1545 1828 1744 1889 potest,
1778 1819 1871 1873 sed
1918 1818 2096 1872 nullus
2122 1818 2189 1872 de
2220 1819 2269 1879 B

596 1918 790 1975 eodem
822 1916 1002 1971 dicere
1043 1922 1219 1985 potest
1248 1914 1500 1983 quoniam
1532 1928 1704 1982 equus
1752 1920 1838 1965 est
1878 1927 1985 1965 non
2014 1910 2192 1979 justus

596 2011 781 2075 homo;
848 2010 989 2079 quod
1021 2009 1165 2064 enim
1214 2008 1374 2061 homo
1421 2022 1527 2061 non
1579 2015 1681 2074 est,
1724 2020 1825 2060 nec
1871 2019 1976 2059 non
2014 2004 2193 2074 justus

596 2104 764 2160 homo
789 2119 908 2159 esse
940 2112 1135 2173 potest,
1183 2103 1322 2157 sicut
1352 2100 1513 2155 etiam
1553 2118 1674 2154 cum
1714 2100 2040 2165 diceremus,
2086 2115 2191 2153 non

598 2206 681 2252 est
702 2198 880 2265 jusms
909 2201 1090 2265 homo,
1140 2212 1244 2249 non
1288 2195 1612 2264 sequebatur
1643 2193 1927 2262 privatoria
1960 2196 2192 2247 affirma-

598 2289 678 2343 tio
702 2305 821 2359 qua:
849 2290 996 2353 dicit,
1032 2298 1115 2343 est
1145 2287 1380 2357 injustns
1412 2287 1594 2352 homo,
1631 2286 1799 2355 eqtnts
1824 2301 2052 2353 namque
2083 2300 2189 2340 non

598 2392 683 2438 est
708 2384 885 2449 justus
910 2383 1089 2443 homo,
1118 2382 1213 2436 sed
1247 2383 1312 2436 de
1334 2384 1521 2436 eodem
1555 2398 1693 2451 equo
1724 2395 1883 2435 nemo
1903 2380 2033 2433 dicit
2060 2394 2192 2449 quo-

598 2476 743 2532 niam
775 2485 858 2531 est
906 2476 1138 2546 ingustus
1183 2478 1364 2529 homo.
1418 2476 1611 2529 lterum
1646 2477 1804 2543 igitur
1850 2473 2190 2528 concludenti

599 2568 887 2623 dicendum
930 2580 1010 2622 est
1042 2568 1456 2620 afﬁrmationem
1496 2566 1759 2620 infinitam
1794 2568 1943 2635 sequi
1978 2564 2189 2633 simpli—

598 2668 716 2712 cem
750 2657 1111 2727 negationem,
1160 2658 1292 2710 sicut
1323 2657 1613 2710 affirmatio
1646 2672 1860 2726 quoque
1899 2657 2188 2727 privatoria

600 2751 947 2821 sequebatur,
978 2752 1071 2806 sed
1106 2766 1213 2806 non
1244 2752 1595 2806 convertitur.
1629 2752 1812 2820 Neque
1838 2753 1978 2805 enim
2010 2752 2191 2821 sequi-

602 2848 691 2896 tur
738 2842 1038 2913 simplicem
1083 2842 1419 2912 negationem
1468 2841 1672 2896 inﬁnita
1703 2842 2010 2905 afﬁrmatio,
2052 2844 2191 2896 sicut

598 2952 719 2995 eam
752 2952 850 2993 nec
893 2938 1181 3008 privatoria
1225 2938 1511 3011 afﬁrmatio
1556 2940 1898 3008 sequebatur.
1944 2938 2032 2995 Sic
2061 2955 2190 3009 ergo

598 3048 721 3091 cum
755 3034 867 3087 sint
890 3042 1121 3104 quatuor
1143 3034 1562 3103 pr0positiones,
1595 3035 1713 3088 dutu
1744 3034 2035 3102 simplices,
2070 3034 2189 3087 dua:

598 3126 824 3183 infinita:
863 3136 1006 3194 sunt,
1040 3143 1265 3197 quarum
1298 3136 1528 3197 quatuor
1574 3129 1694 3180 dum
1736 3128 2005 3195 Simplices
2036 3135 2183 3192 sunt,

599 3233 684 3280 est
711 3230 891 3293 justus
916 3225 1098 3287 homo,
1132 3238 1236 3276 non
1269 3230 1354 3276 est
1377 3222 1554 3290 justus
1585 3220 1769 3283 homo,
1803 3220 1922 3273 dua:
1945 3234 2071 3273 vero
2108 3220 2190 3272 in-
2215 3204 2262 3267 C

600 3316 787 3381 ﬁnitae,
842 3328 925 3371 est
974 3332 1075 3370 non
1104 3316 1278 3383 justus
1331 3316 1511 3379 homo,
1568 3328 1674 3366 non
1721 3321 1809 3366 est
1862 3328 1967 3365 non
2011 3313 2191 3381 justus

599 3407 785 3461 homo.
815 3408 878 3459 Et
906 3408 1093 3458 barum
1122 3415 1353 3475 quatuor
1376 3405 1498 3458 dua:
1524 3404 1761 3471 quidem,
1793 3402 1844 3456 id
1873 3414 1954 3456 est
1980 3406 2190 3472 negatio

601 3496 813 3550 inﬁnita
844 3505 897 3549 et
936 3495 1150 3563 negatio
1194 3494 1441 3563 simplex,
1477 3506 1776 3563 sequuntur
1824 3495 1974 3561 duas,
2012 3497 2063 3550 id
2109 3507 2193 3551 est

601 3591 816 3660 negatio
863 3588 1069 3643 intinita
1119 3589 1413 3655 simplicem
1469 3588 1899 3658 aflirmationem,
1955 3602 2017 3644 ea
2070 3605 2191 3660 qua:

602 3682 753 3747 dicit,
789 3696 894 3734 non
925 3691 1007 3735 est
1038 3696 1142 3734 non
1184 3681 1362 3749 justus
1395 3681 1577 3748 homo,
1631 3696 1749 3735 eam
1792 3698 1909 3752 qua:
1938 3683 2070 3736 dicit
2109 3691 2194 3737 est

603 3775 777 3845 justus
806 3774 989 3835 homo.
1030 3774 1442 3831 afﬁrmationem
1479 3792 1606 3831 vero
1638 3776 1900 3831 inﬁnitam
1953 3778 2194 3848 sequitur

605 3878 819 3945 negatio
849 3877 1097 3944 simplex.
1130 3877 1557 3935 Afﬁrmationcm
1589 3895 1731 3935 emm
1774 3880 2037 3935 inﬁnitam
2071 3896 2193 3950 quae

605 3967 756 4037 dicit,
789 3979 871 4024 est
900 3985 1004 4025 non
1030 3971 1205 4039 justus
1237 3976 1416 4039 homo,
1470 3974 1712 4043 sequitur
1755 3990 1819 4029 ea
1847 3990 1967 4045 qua:
2000 3990 2195 4044 propo-

604 4064 707 4131 nit,
740 4079 848 4117 non
879 4063 1157 4133 estjustus
1184 4066 1345 4119 homo
1370 4068 1615 4136 negativa
1636 4068 1886 4136 simplex,
1916 4067 2036 4122 duae
2064 4083 2193 4123 vero

607 4158 749 4221 alim,
784 4156 837 4212 id
867 4167 951 4212 est
979 4158 1267 4213 afﬁrmatio
1296 4162 1521 4230 simplex
1552 4171 1607 4215 et
1636 4162 1921 4216 afﬁrmatio
1965 4163 2190 4231 inﬁnita,

607 4266 715 4306 non
765 4261 1064 4321 sequuntur
1105 4253 1444 4320 negationem
1492 4254 1755 4308 infinitam
1800 4264 1857 4308 et
1897 4257 2193 4324 simplicem

610 4346 972 4415 negationem.
1006 4344 1117 4398 Hoc
1154 4354 1333 4399 autem
1373 4348 1535 4399 etiam
1569 4348 1621 4400 in
1656 4348 1959 4414 privatoriis
1989 4351 2191 4417 evenit,

610 4446 669 4491 ut
698 4437 980 4491 afﬁrmatio
1018 4438 1311 4506 privatoria
1346 4452 1455 4491 non
1498 4446 1751 4507 sequatur
1778 4437 2078 4509 simplicem
2112 4455 2196 4495 ne-

611 4533 902 4602 gationem.
935 4546 1056 4586 cum
1085 4532 1172 4587 illa
1202 4532 1429 4602 simplex
1459 4533 1673 4602 negatio
1692 4542 1968 4602 sequatur,
1998 4542 2053 4590 et
2078 4551 2196 4589 rur-

612 4637 705 4677 sus
743 4625 954 4693 negatio
984 4622 1269 4693 privatoria
1306 4635 1561 4693 sequatur
1604 4622 2017 4679 afﬁrmationem
2067 4628 2196 4680 sim-
2222 4594 2278 4655 D

611 4716 827 4786 plicem,
861 4731 980 4770 cum
1012 4716 1239 4787 simplex
1279 4717 1561 4775 afﬁrmatio
1595 4733 1698 4773 non
1730 4726 1984 4789 sequatur
2010 4721 2193 4790 priva-

613 4810 806 4863 toriam
846 4811 1205 4879 negationem.
1238 4810 1404 4867 Recte
1441 4813 1599 4883 igitur
1637 4812 1839 4867 dictum
1870 4822 1969 4879 cst,
2007 4813 2196 4869 barum

616 4910 862 4970 quatuor,
914 4901 966 4955 id
1006 4910 1088 4955 est
1129 4904 1352 4957 duarum
1403 4904 1723 4973 simplicium
1769 4906 2193 4976 propositionum

615 5009 669 5054 et
691 4998 914 5053 duarum
945 4998 1295 5062 inﬁnitarum,
1321 4998 1454 5051 duas
1475 4998 1681 5052 duabus
1709 5013 1833 5053 esse
1861 5014 2199 5070 consequen-

616 5101 717 5164 tes,
762 5103 816 5149 et
872 5092 1070 5146 habere
1116 5091 1399 5160 quamdam
1446 5092 1886 5161 consequentiam
1932 5092 1998 5145 ad
2039 5092 2194 5159 alias,

616 5188 755 5242 sicut
780 5187 985 5241 inﬁnita
1032 5185 1243 5254 negatio
1287 5194 1341 5237 et
1385 5182 1609 5252 simplex
1650 5184 1861 5253 negatio
1896 5192 2197 5254 sequuntur

618 5279 915 5350 simplicem
946 5277 1356 5333 afﬁrmationem
1388 5284 1441 5330 et
1472 5275 1732 5329 inﬁnitam
1762 5274 2194 5344 afﬁrmationem,

618 5374 755 5427 sicut
786 5374 1107 5441 privationes
1134 5387 1367 5442 quoque,
1398 5385 1522 5424 nam
1571 5379 1626 5424 et
1668 5370 1958 5440 privatoria
1986 5371 2199 5442 negatio

620 5468 944 5537 sequebatur
972 5467 1269 5537 simplicem
1300 5465 1733 5531 afﬁrmationem,
1768 5474 1822 5519 et
1848 5465 2073 5534 simplex
2103 5481 2200 5520 ne-

621 5561 768 5629 gatio
804 5562 1126 5629 sequebatur
1167 5561 1513 5631 privatoriam
1567 5558 2001 5613 afﬁrmationcm.
2058 5558 2201 5627 Ergo

624 5656 744 5709 duae
774 5655 970 5711 habent
994 5656 1451 5723 consequentiam,
1480 5653 1532 5707 id
1565 5661 1649 5708 est
1678 5652 1883 5707 inﬁnita
1911 5650 2122 5721 negatio
2150 5656 2206 5703 et

626 5746 858 5815 simplex
888 5747 1100 5819 negatio
1141 5747 1206 5800 ad
1244 5745 1547 5817 simplicem
1591 5754 1645 5801 et
1674 5744 1935 5800 inﬁnitam
1965 5742 2203 5797 afﬁrma-

628 5842 827 5907 tiones,
857 5840 995 5895 sicut
1024 5840 1348 5910 privationcs
1374 5855 1607 5911 quoque,
1633 5855 1860 5910 namque
1883 5847 1937 5896 et
1956 5836 2209 5907 privatio-

2296 536 2424 575 vero
2478 521 2697 575 minime
2748 521 2945 578 habent
2985 522 3447 592 consequentiam.
3499 521 3681 591 Neque
3732 524 3875 578 enim

2291 615 2588 683 negativam
2637 616 2898 669 inﬁnitam
2948 618 3173 683 simplex
3230 618 3472 686 sequitur
3520 616 3871 685 altirmativa,

2290 717 2381 760 aut
2404 707 2607 761 inﬁnita
2644 706 2966 763 afﬁrmativa
3020 708 3317 777 simplicem
3367 710 3666 779 negativam
3699 709 3876 779 sequi-

2292 812 2398 868 tur,
2427 802 2563 857 sicut
2593 802 2644 856 in
2670 803 3056 870 privationibus
3079 817 3293 873 quoque
3322 800 3438 856 fuit.
3468 804 3523 855 In
3550 802 3871 870 privatiuni-

2292 895 2391 951 bus
2420 911 2649 967 namque
2680 912 2778 951 nec
2808 895 3095 951 afﬁrmatio
3138 895 3370 966 simplex
3410 895 3756 964 privatorian.
3785 912 3881 953 ne-

2290 989 2556 1059 gatiooem
2614 990 2975 1056 sequebatur,
3034 1004 3135 1044 nec
3184 990 3484 1056 simplicem
3536 990 3876 1057 negationem

2292 1080 2581 1148 privatoria
2612 1081 2898 1135 afﬁrmatio
2927 1092 3213 1136 οοηδιιουιιι
3243 1092 3343 1136 est.
3378 1080 3581 1137 Sensus
3612 1096 3742 1150 ergo
3774 1082 3880 1138 bu-

2288 1172 2523 1243 jusmodi
2576 1181 2658 1227 est
2690 1190 2702 1225 :
2734 1172 2973 1241 Quatuor
3021 1174 3137 1227 ista:
3186 1183 3361 1238 erunt,
3416 1173 3467 1227 id
3522 1183 3606 1228 est
3647 1182 3880 1242 quatuor

2290 1272 2705 1344 propositiones,
2734 1288 2800 1327 ex
2823 1271 3017 1342 quibus
3045 1273 3312 1341 duplicem
3338 1270 3453 1327 ﬁeri
3480 1272 3879 1341 oppositionem

2292 1375 2523 1441 dixerat,
2558 1385 2783 1442 quatuor
2812 1383 2989 1428 autem
3036 1375 3153 1430 ista:
3182 1383 3306 1427 sunt
3329 1376 3447 1428 dua:
3478 1373 3772 1443 simplices,
3808 1374 3883 1428 af-

2293 1469 2582 1537 ﬁrmativa,
2606 1480 2689 1524 est
2714 1468 2891 1539 justus
2921 1466 3102 1531 homo,
3144 1470 3413 1535 negativa,
3447 1482 3554 1521 non
3594 1476 3674 1520 est
3700 1466 3881 1535 justus

2292 1560 2478 1628 homo,
2517 1570 2571 1615 et
2613 1560 2733 1615 dua;
2774 1558 3017 1625 inﬁnitae,
3050 1557 3396 1625 afﬁrmativa,
3439 1566 3523 1611 est
3570 1573 3677 1612 non
3706 1560 3882 1626 justus

2293 1653 2478 1719 homo,
2505 1654 2769 1721 negativa,
2816 1665 2924 1705 non
2965 1660 3048 1705 est
3078 1666 3183 1705 non
3208 1648 3385 1718 justus
3418 1648 3600 1706 homo.
3624 1649 3882 1717 Quarum,

2294 1750 2485 1819 inquit,
2536 1749 2677 1816 dum,
2730 1749 2971 1817 nt-gativa
3021 1746 3229 1802 scilicet
3274 1744 3479 1800 inﬁnita
3528 1754 3583 1800 et
3637 1745 3883 1815 negativa

2295 1846 2543 1914 simplex,
2569 1845 2649 1899 sic
2686 1859 2745 1899 se
2782 1843 3051 1898 habebunt
3087 1843 3151 1895 ad
3182 1839 3594 1895 afﬁrmationem
3642 1849 3698 1895 et
3726 1855 3882 1910 nega«

2295 1940 2499 1993 tionem
2556 1938 2847 1993 secundum
2886 1934 3352 2004 consequentiam,
3401 1932 3454 1988 id
3503 1944 3586 1987 est
3635 1933 3706 1987 ita
3749 1933 3881 1987 alias

2296 2033 2432 2089 duas
2459 2032 2865 2097 afﬁrmationes,
2892 2028 3191 2085 simplicem
3215 2035 3269 2082 et
3296 2027 3580 2092 inﬁnitam,
3606 2026 3734 2095 ἱρείη
3762 2024 3884 2081 dum

2297 2130 2612 2197 negationes
2652 2136 2971 2196 sequuntur,
3017 2132 3077 2178 ut
3102 2137 3193 2177 eas
3224 2120 3551 2191 privatinncs
3586 2119 3885 2190 sequeban-

2297 2231 2402 2276 tur.
2440 2222 2566 2274 l)u.e
2596 2232 2724 2273 vero
2757 2220 2997 2277 minime,
3047 2216 3098 2271 id
3129 2224 3209 2269 est
3253 2214 3485 2283 simplex
3524 2212 3809 2268 afﬁrmatio
3831 2220 3883 2272 et

2295 2314 2501 2369 inﬁnita
2553 2310 2881 2378 afﬁrmatio,
2934 2324 3039 2361 non
3096 2320 3217 2361 sese
3272 2304 3543 2359 habebunt
3588 2302 3882 2359 secundum

2296 2405 2758 2473 consequentiam,
2804 2403 2931 2471 ipsa:
2959 2400 3079 2452 duxe
3114 2396 3497 2453 afﬁrmationcs
3526 2396 3591 2451 ad
3620 2397 3753 2452 duas
3782 2412 3881 2452 ne-

2297 2498 2559 2567 gationes,
2608 2496 2869 2548 inﬁnitam
2904 2491 3110 2546 scilicnt
3150 2501 3201 2545 et
3248 2490 3572 2561 simplicem,
3603 2506 3737 2558 quas
3775 2506 3883 2549 non

2297 2590 2684 2657 sequebmtur,
2718 2588 2855 2641 sicut
2883 2601 2981 2639 nec
3003 2584 3204 2639 dudum
3238 2584 3333 2636 has
3366 2583 3675 2649 negationes
3705 2584 3883 2663 priva-
3936 2636 3941 2641 .

2296 2682 2449 2736 torize
2475 2695 2688 2749 quoque
2725 2677 3109 2733 afﬁrmationes
3150 2685 3349 2730 secuta:
3378 2684 3522 2730 sunt.
3568 2676 3722 2745 Quod
3748 2692 3879 2734 vero

2298 2774 2371 2827 ait
2420 2772 2714 2826 secundum
2766 2768 3209 2839 censequeutiam
3258 2766 3323 2820 ad
3369 2766 3781 2825 afﬁrmationem
3825 2778 3881 2825 et

2296 2868 2654 2933 negationem,
2691 2879 2795 2917 non
2831 2864 2899 2917 ita
2922 2861 3329 2932 intelligendum
3368 2869 3472 2925 est,
3502 2862 3655 2931 quasi
3681 2878 3783 2917 una
3809 2863 3881 2920 sit

2296 2958 2582 3013 afﬁrmatio
2609 2966 2699 3009 aut
2739 2969 2843 3009 una
2870 2954 3101 3009 nezatio.
3138 2953 3241 3008 Sed
3271 2955 3526 3021 quon’am
3570 2956 3624 3011 in
3653 2966 3881 3025 quatuor

2297 3047 2776 3123 propositionibus,
2808 3047 2861 3099 in
2886 3045 3075 3115 quibus
3106 3045 3224 3099 dua:
3248 3045 3462 3112 quidem
3494 3047 3879 3107 affirmatione!

2297 3152 2475 3207 erunt,
2511 3143 2629 3194 dum
2659 3154 2789 3193 vero
2838 3138 3169 3207 negationes,
3220 3137 3607 3194 afﬁrmationes
3652 3140 3881 3211 simplex
3972 3166 3976 3171 “

2295 3236 2510 3308 quidem
2542 3241 2627 3288 est
2654 3235 2825 3297 iustus
2861 3230 3043 3293 homo,
3076 3228 3278 3284 infinita
3330 3241 3507 3285 autem
3540 3242 3625 3287 est
3662 3248 3763 3287 non
3790 3232 3883 3305 ju-

2297 3340 2414 3385 stus
2444 3327 2627 3386 homo.
2675 3322 2985 3391 negationes
3026 3331 3201 3375 autem
3241 3322 3471 3391 simplex
3508 3323 3743 3393 quidem,
3771 3340 3879 3380 nun

2296 3434 2378 3479 est
2405 3422 2580 3491 justus
2612 3420 2793 3484 homo,
2835 3416 3040 3470 infinita
3087 3424 3289 3476 autem,
3327 3430 3433 3469 non
3462 3425 3544 3469 est
3575 3432 3677 3469 non
3702 3417 3881 3486 justus

2299 3514 2481 3568 homo.
2514 3511 2775 3580 Quoniam
2816 3507 3202 3563 afﬁrmationes
3244 3506 3377 3561 duas
3421 3505 3716 3575 simplicem
3761 3511 3881 3580 qui-

2298 3608 2443 3672 dem,
2474 3605 2745 3675 estjustus
2788 3605 2967 3667 homo,
3014 3602 3276 3656 inﬁnitam
3307 3611 3504 3666 autem,
3552 3610 3635 3656 est
3661 3616 3766 3659 non
3792 3604 3882 3673 ju-

2298 3711 2413 3755 stus
2459 3700 2643 3761 homo,
2705 3697 2825 3750 dure
2871 3695 3184 3765 negationes
3226 3694 3606 3762 sequebantur,
3653 3695 3878 3762 simplex

2298 3791 2513 3862 negatio
2541 3804 2661 3860 quae
2689 3798 2791 3851 est,
2828 3803 2932 3841 non
2969 3795 3053 3841 est
3076 3786 3255 3855 justus
3289 3787 3469 3855 homo,
3513 3785 3770 3843 inﬁnitam
3796 3790 3879 3843 af-

2302 3887 2654 3941 ﬁrmationem
2687 3899 2805 3954 qua:
2833 3881 2981 3946 dicit,
3010 3890 3092 3935 est
3120 3896 3224 3935 non
3247 3881 3425 3951 justus
3454 3882 3635 3950 homo,
3673 3892 3728 3939 et
3750 3900 3876 3940 τω·-

2298 3995 2391 4035 sus
2428 3978 2633 4032 inﬁnita
2666 3975 2876 4045 negatio
2905 3973 3198 4043 simplicem
3248 3974 3659 4030 afﬁrmationem
3692 3991 3881 4043 seque-

2300 4071 2475 4127 batur.
2509 4068 2769 4136 Quoniam
2823 4081 2951 4136 crgo
2978 4066 3058 4133 (ut
3088 4066 3288 4120 dictum
3337 4064 3442 4136 est)
3473 4065 3606 4120 duas
3652 4068 3884 4121 affirma-

2300 4166 2474 4219 tiunes
2531 4174 2583 4217 et
2632 4162 2926 4229 simplicem
2968 4168 3022 4214 et
3069 4159 3352 4223 inﬁnitam,
3400 4158 3523 4212 dum
3564 4164 3878 4227 negationes

2301 4256 2526 4323 simplex
2555 4262 2609 4307 et
2640 4252 2842 4307 inﬁnita
2869 4250 3247 4319 sequebantur,
3273 4250 3373 4303 hoc
3398 4259 3578 4303 autem
3606 4259 3659 4303 et
3684 4250 3733 4303 in
3762 4252 3876 4319 prio

2302 4350 2603 4404 vationihus
2632 4355 2768 4411 erat,
2804 4346 3005 4400 idcirco
3036 4347 3235 4400 dictum
3260 4353 3339 4398 cst
3368 4343 3433 4397 ad
3463 4342 3877 4399 afﬁrmationem

2301 4452 2355 4496 et
2378 4441 2713 4507 negationem
2762 4438 3055 4494 secundum
3105 4436 3545 4504 consequentiam
3576 4438 3654 4491 sic
3691 4451 3750 4491 se
3779 4435 3879 4491 ba-

2304 4536 2433 4590 bcrc
2459 4533 2643 4588 harum
2666 4542 2894 4602 quatuor
2923 4530 3346 4599 propositionum
3370 4528 3525 4591 duas,
3558 4529 3692 4583 sicut
3719 4530 3879 4585 etiam

2304 4648 2364 4686 se
2393 4630 2717 4700 privationcs
2751 4626 3026 4681 haberent.
3062 4624 3141 4679 Ad
3182 4623 3592 4677 alﬁrmationem
3623 4634 3797 4679 autem
3828 4636 3881 4682 et

2304 4725 2641 4792 negationem
2688 4721 2842 4785 dixit,
2876 4718 3019 4788 quod
3050 4718 3183 4770 duas
3226 4715 3613 4771 afﬁrmationes
3642 4716 3761 4770 dure
3788 4732 3883 4772 ne-

2304 4815 2547 4885 gationes
2589 4821 3067 4881 consequerentur,
3121 4807 3237 4861 duae
3266 4821 3394 4861 vero
3426 4807 3667 4875 minime,
3701 4806 3752 4861 id
3799 4802 3883 4863 est

2266 4886 2422 4965 'duae
2459 4905 2849 4960 afﬁrmationes
2894 4900 3206 4972 negationes
3259 4898 3393 4953 duas
3440 4913 3546 4952 non
3590 4914 3883 4967 sequeren»

2305 5010 2410 5066 tttr,
2457 5014 2629 5068 neque
2666 4996 2809 5050 enim
2868 4993 3190 5064 sequebatur
3234 4990 3571 5061 negationem
3621 4991 3881 5046 infinitam

2256 5106 2261 5107 ί
2304 5089 2532 5158 simplex
2560 5086 2863 5148 afﬁrmatio,
2908 5097 2997 5139 aut
3037 5082 3334 5151 simplicem
3368 5083 3702 5152 negationem
3736 5082 3884 5139 finita

2304 5182 2611 5245 afﬁrmatio,
2636 5180 2773 5234 sicut
2798 5194 2896 5231 nec
2916 5177 2971 5232 in
2998 5173 3388 5246 privationibus
3409 5181 3547 5240 erat,
3570 5171 3714 5242 quod
3735 5188 3879 5242 saepe

2306 5291 2465 5343 supra
2521 5281 2869 5327 monstratum
2922 5278 3022 5324 est.
3066 5268 3143 5323 Ne
3187 5267 3307 5337 quis
3350 5277 3528 5322 autem
3586 5280 3685 5321 nos
3731 5266 3878 5321 arbi-

2309 5374 2479 5423 tretur
2505 5365 2572 5420 de
2596 5363 2786 5419 eodem
2816 5376 3012 5433 genere
3040 5358 3467 5430 propositionum
3494 5357 3699 5420 dicere,
3731 5356 3883 5427 sequi

2307 5460 2620 5531 negationes
2649 5455 3051 5511 afﬁrmationes.
3084 5452 3267 5521 Neque
3297 5449 3441 5505 enim
3468 5449 3697 5504 dicimus
3727 5463 3885 5517 nega-

2308 5555 2505 5609 tionem
2557 5549 2851 5618 simplicem
2901 5544 3049 5616 sequi
3101 5541 3510 5597 alﬁrmationem
3560 5539 3881 5608 simplicem.

2312 5647 2421 5703 Hoc
2453 5646 2595 5701 enim
2630 5639 2961 5712 impossibile
2987 5647 3089 5705 est,
3123 5650 3391 5706 nunquam
3430 5634 3573 5689 enim
3614 5632 3719 5687 sibi
3747 5646 3878 5685 con-

2310 5739 2543 5814 sentiunt
2570 5736 2796 5807 simplex
2823 5729 3130 5797 afﬁrmatio,
3161 5728 3498 5798 simplexque
3524 5726 3756 5795 negatio,
3784 5735 3881 5777 nec

2312 5847 2496 5892 rursus
2539 5832 2744 5889 inﬁnita
2775 5827 3009 5899 negatio,
3039 5833 3093 5883 et
3132 5822 3344 5882 inﬁnita
3372 5819 3681 5889 afﬁrmatio,
3710 5829 3883 5891 neque
