4270 6266
401 318 506 381 557

1134 324 1222 381 .IN
1258 324 1515 384 LIBRUM
1555 324 1641 381 ne
1681 273 2319 381 tamnpnsrartoas
2359 320 2584 377 some
2622 320 2959 379 SECUNDA.

3569 322 3671 379 558

401 446 539 501 enim
572 444 685 500 ﬁeri
717 454 891 516 potest
922 457 980 501 ut
1025 456 1115 502 aut
1154 450 1368 518 negatio
1396 463 1516 516 quae
1552 447 1705 512 dicit,
1751 460 1856 500 non
1900 452 1982 498 est
2007 443 2059 502 Α
2084 454 2203 510 qua:
2230 440 2496 507 proponit,
2527 453 2631 493 non
2660 448 2744 493 est
2766 438 2943 507 justus
2972 436 3417 508 bomo,quontam
3437 437 3667 507 privato-

398 535 574 607 justus
624 536 807 604 homo,
857 538 1197 593 afﬁrmationi
1238 554 1359 609 qua:
1386 537 1658 608 proponit,
1704 546 1785 592 est
1810 536 1985 604 justus

403 626 585 694 homo,
619 630 937 696 consentiat,
971 639 1059 683 aut
1098 630 1390 684 afﬁrmatio
1428 646 1545 700 quae
1581 628 1731 696 dicit,
1764 635 1848 680 est
1878 641 1983 680 non

400 731 576 790 Justus
623 721 801 787 homo,
850 725 1149 779 consentiat
1194 724 1466 794 negationi
1517 738 1637 793 quae
1678 721 1829 786 dicit,
1877 737 1980 775 non

404 823 487 866 est
518 829 620 866 non
645 814 818 882 justus
841 814 1021 868 homo.
1055 814 1181 868 Eam
1210 815 1352 869 enim
1375 830 1492 884 quae
1522 814 1673 878 dicit,
1705 823 1786 868 est
1811 813 1984 882 justus

401 902 564 959 homo
611 906 903 973 simplicem
946 906 1361 963 afﬁrmationem
1406 907 1649 977 sequitur
1692 905 1982 976 privatoria

398 997 610 1063 negatio
666 1013 786 1067 quae
834 998 1007 1065 dicrt,
1062 1015 1166 1054 non
1221 1008 1307 1054 est
1347 999 1576 1069 iniustus
1629 998 1831 1061 homo,
1884 996 1978 1051 sed

362 1140 363 1143 η
398 1090 698 1158 negativam
728 1091 973 1160 inquiunt
1014 1092 1276 1145 inﬁnitatn
1304 1108 1423 1161 qua:
1452 1101 1569 1156 est,
1615 1106 1720 1145 non
1752 1099 1836 1146 est
1874 1104 1979 1144 non

392 1181 567 1250 justus
599 1183 790 1246 homo,
832 1199 937 1238 non
966 1185 1209 1255 sequitur
1250 1184 1569 1238 afﬁrmativa
1605 1184 1829 1254 simplex
1862 1198 1981 1253 quas

395 1274 544 1339 dicit,
568 1285 651 1330 est
668 1280 844 1345 justus
877 1277 1056 1333 homo.
1089 1279 1231 1348 Ergo
1251 1272 1713 1347 quemadmodum
1738 1279 1978 1349 negativa

394 1369 681 1437 privatoria
720 1385 840 1437 qum
866 1380 971 1436 est,
1005 1384 1110 1424 non
1141 1380 1226 1426 est
1257 1371 1487 1440 injustus
1518 1371 1711 1435 homo,
1743 1373 1982 1440 sequitur

394 1459 771 1515 afﬁtmzttivam
803 1462 1105 1529 simplicem
1137 1478 1256 1533 qua:
1287 1462 1444 1530 dicit,
1474 1474 1555 1517 est
1592 1463 1770 1532 justus
1797 1464 1977 1529 homo,

395 1566 504 1606 non
555 1552 743 1607 eodem
794 1554 954 1608 modo
1000 1554 1187 1611 eadem
1233 1556 1461 1624 simplex
1504 1555 1820 1623 afﬁrmatio,
1862 1573 1981 1626 qua:

395 1643 556 1710 dicit,
603 1658 682 1698 est
706 1645 885 1715 justus
922 1646 1104 1712 homo,
1146 1649 1393 1717 sequitur
1440 1647 1699 1704 inﬁnitam
1737 1650 1978 1719 negatio-

393 1752 518 1793 nem
547 1754 665 1806 qum
708 1738 865 1805 dicit,
900 1754 1005 1793 non
1050 1747 1276 1799 estnon
1323 1741 1501 1811 justus
1546 1743 1730 1797 homo.
1774 1743 1978 1809 Quibus

2090 534 2166 588 ria
2198 532 2485 586 afﬁrmatio
2513 548 2632 601 qua:
2657 531 2818 593 dicit.
2846 541 2929 587 est
2972 532 3198 601 injustus
3229 533 3418 600 homo,
3451 549 3555 587 non
3585 549 3671 603 se:

2087 626 2267 696 quitur
2297 623 2597 695 simplicem
2629 623 2967 692 negationem
2997 640 3116 691 quat
3146 625 3421 693 proponit,
3456 640 3561 678 non
3588 634 3672 679 est

2081 715 2258 787 justus
2290 716 2473 770 homo.
2501 716 2654 783 Quod
2694 716 2740 771 si
2770 716 3059 784 privatoria
3092 716 3378 772 afﬁrmatio
3416 732 3670 786 sequere-

2086 815 2173 862 tur
2212 806 2512 876 simplicem
2562 806 2935 875 negationem,
2982 817 3295 874 sequeretur
3344 806 3460 861 sine
3505 807 3668 864 dubio

2084 897 2291 953 inﬁnita
2318 912 2530 968 quoque
2553 896 2837 951 afﬁrmatio
2870 895 3113 950 eamdem
3154 895 3452 964 simplicem
3497 913 3662 968 nega-

2087 991 2309 1046 tionem.
2344 989 2495 1045 Nunc
2533 1001 2711 1044 autem
2755 986 3008 1058 quoniam
3050 986 3336 1055 privatoria
3382 988 3666 1044 afﬁrmatio

2082 1082 2380 1149 simplicem
2430 1080 2768 1149 negationem
2825 1094 2932 1133 non
2988 1077 3264 1146 sequitur,
3309 1093 3407 1133 nec
3461 1080 3664 1135 inﬁnita

2084 1172 2370 1227 afﬁrmatio
2398 1171 2702 1242 simplicem
2734 1171 2976 1241 sequitur
2997 1168 3355 1239 negationem,
3387 1168 3666 1228 afﬁrmatio

2082 1264 2223 1321 enim
2257 1264 2543 1334 privatoria
2575 1274 2629 1319 et
2660 1262 2947 1318 afﬁrmatio
2972 1261 3176 1317 infinita
3207 1260 3420 1317 sibimet
3442 1275 3666 1317 consen-

2084 1358 2239 1413 tiunt.
2276 1359 2352 1413 Illi
2374 1374 2505 1414 vero
2532 1359 2619 1429 qui
2641 1357 3057 1427 discrepantiam
3075 1354 3361 1412 ostendere
3383 1355 3668 1414 voluerunt

2082 1452 2411 1507 inﬁnitarum
2462 1461 2516 1507 et
2552 1453 2964 1524 privatoriarum
2993 1451 3392 1522 consequentiae
3429 1450 3496 1505 ad
3537 1452 3669 1507 sim-

2082 1546 2304 1617 plicem;
2339 1547 2480 1616 quod
2522 1562 2643 1602 cum
2676 1547 2887 1617 negatio
2923 1546 3151 1615 simplex
3180 1555 3491 1616 sequeretur
3523 1545 3668 1603 afﬁr-

2083 1641 2378 1696 mationem
2426 1640 2798 1710 privatoriam,
2834 1656 2940 1695 non
2970 1640 3160 1695 eodem
3191 1640 3352 1694 modo
3380 1640 3668 1699 afﬁrmatio

2083 1732 2287 1788 inﬁnita
2322 1744 2642 1803 sequeretur
2672 1734 2973 1804 simplicem
3013 1733 3349 1801 negationem
3373 1777 3389 1802 ,
3437 1747 3546 1789 non
3593 1734 3669 1790 ita

393 1826 676 1882 dicendum
725 1835 809 1882 est
859 1844 964 1883 non
1014 1846 1108 1884 eos
1162 1831 1298 1885 hanc
1346 1835 1785 1903 consequentiam
1835 1844 1978 1890 recte

2084 1825 2319 1895 oportuit
2346 1825 2526 1896 colligi
2550 1824 2988 1893 discrepantiam,
3005 1823 3098 1878 sed
3116 1824 3315 1895 potius,
3339 1824 3384 1879 si
3407 1823 3670 1894 quemad—

393 1920 727 1989 intelligere,
775 1935 873 1974 nec
901 1920 1190 1991 quidquam
1235 1922 1288 1977 in
1322 1922 1420 1978 hac
1448 1924 1749 1993 ltujusmodi
1783 1940 1976 1995 propo-

393 2012 647 2065 sitionum
675 2016 1057 2081 consequentia
1086 2013 1415 2084 discrepare.
1446 2016 1552 2071 Cur
1574 2020 1716 2071 enim
1746 2019 1845 2072 hoc
1872 2034 1976 2072 non

394 2114 751 2170 amaverunt,
789 2105 930 2174 quod
970 2122 1074 2160 non
1127 2109 1370 2177 sequitur
1424 2111 1761 2180 negationem
1806 2111 1980 2165 inﬁni-

395 2208 501 2253 tam
560 2214 678 2263 quae
732 2207 846 2267 est,
896 2214 998 2253 non
1056 2209 1138 2254 est
1184 2216 1293 2255 non
1341 2202 1517 2271 justus
1585 2204 1778 2269 homo,
1832 2203 1978 2258 ﬁnita

392 2291 680 2344 afﬁrmatio
706 2306 824 2359 qum
854 2291 1001 2355 dicit,
1033 2292 1311 2360 estjustus
1338 2292 1533 2348 homo?
1553 2293 1684 2348 Nam
1711 2294 1811 2349 hoc
1846 2296 1979 2351 nihil

393 2384 637 2449 mirabile
667 2382 829 2438 debet
857 2384 1044 2440 videri.
1083 2384 1284 2441 Idcirco
1310 2386 1453 2442 enim
1487 2388 1708 2458 simplex
1739 2390 1978 2445 afﬁrma-

393 2480 467 2532 tio
489 2492 604 2547 quae
628 2477 775 2542 dicit,
802 2488 881 2532 est
900 2478 1074 2546 justus
1100 2478 1283 2542 homo,
1312 2492 1418 2535 non
1452 2482 1693 2551 sequitur
1717 2482 1978 2539 inﬁnitam

393 2568 729 2637 negationem
776 2585 895 2639 qua:
937 2570 1096 2633 dicit,
1147 2586 1254 2626 non
1304 2582 1389 2628 est
1433 2589 1537 2628 non
1575 2574 1751 2642 justus
1787 2576 1833 2629 In
1860 2591 1978 2644 mo,

393 2663 644 2733 qutiuiam
690 2676 788 2715 nec
822 2672 977 2718 antea
1017 2663 1363 2732 privatoriam
1411 2665 1756 2735 sequebatur.
1796 2668 1981 2739 Neque

395 2755 537 2809 enim
565 2755 889 2823 sequebatur
912 2755 1099 2809 eadem
1125 2756 1348 2825 simplex
1369 2757 1659 2812 afﬁrmatio
1687 2774 1806 2827 quae
1828 2758 1977 2824 dicit,

394 2856 476 2903 e~t
501 2850 678 2914 justus
717 2846 899 2911 homo,
923 2850 1267 2918 privatoriatn
1293 2855 1667 2920 negationem,
1695 2868 1813 2921 quae
1852 2855 1981 2909 dicit

393 2953 497 2994 nou
528 2948 612 2993 est
639 2928 1085 3008 injusmshomo,
1117 2950 1171 2997 et
1200 2957 1261 2996 ea
1291 2957 1449 2997 causa
1480 2952 1564 2997 est
1585 2959 1682 2999 cur
1714 2946 1979 3001 inﬁnitam

393 3046 601 3100 quoque
629 3049 733 3087 non
775 3032 1039 3102 sequitur.
1083 3032 1291 3088 Inﬁnita
1324 3036 1466 3089 enim
1490 3047 1543 3090 et
1572 3040 1859 3105 privatoria
1900 3045 1981 3109 (ut

395 3141 551 3195 supra
588 3142 728 3195 srepe
760 3126 871 3195 jam
903 3128 1106 3182 dictum
1144 3127 1249 3199 εει)
1274 3129 1375 3183 sibi
1405 3131 1769 3186 coitse-utiunt.
1802 3133 1979 3200 Quare

2086 1918 2305 1972 modum
2331 1916 2649 1971 afﬁrmativa
2679 1916 2967 1986 privatoria
2999 1930 3117 1985 quas
3145 1914 3298 1979 dicit,
3324 1923 3408 1971 est
3439 1915 3669 1986 injustus

2083 2012 2281 2079 homo,
2308 2028 2411 2068 non
2457 2013 2524 2067 ita
2558 2012 2761 2067 inﬁnita
2804 2010 3089 2066 afﬁrmatio
3116 2027 3237 2081 qua:
3262 2012 3507 2066 enuntiat
3529 2052 3545 2075 ,
3582 2019 3668 2069 est

2082 2119 2188 2159 non
2209 2105 2385 2174 justus
2414 2105 2597 2172 homo,
2630 2121 2737 2159 non
2763 2112 3076 2173 sequeretur
3100 2102 3397 2173 simplicem
3419 2102 3667 2173 negatio-

2082 2213 2206 2253 nem
2238 2213 2357 2267 qua:
2385 2205 2501 2262 est,
2536 2212 2641 2251 non
2668 2204 2751 2251 est
2781 2196 2956 2266 justus
2989 2196 3169 2257 homo,
3205 2206 3329 2250 tunc
3354 2201 3670 2265 oportuerat

2085 2289 2263 2344 dicere
2304 2287 2508 2359 aliquid
2533 2288 2844 2359 discrepare
2870 2286 3308 2359 consequentiam
3345 2287 3668 2357 privatoria-

2082 2402 2201 2442 rum
2234 2396 2289 2440 et
2330 2384 2659 2438 inﬁnitarum
2705 2383 2769 2437 ad
2802 2382 3096 2453 simplices.
3120 2382 3273 2439 Nunc
3318 2390 3494 2437 autem
3543 2396 3668 2437 cum

2082 2482 2273 2535 eodem
2304 2477 2467 2533 modo
2491 2475 2779 2547 privatoria
2810 2475 3094 2531 afﬁrmatio
3117 2490 3226 2530 non
3245 2483 3503 2545 sequatur
3528 2474 3670 2531 sim-
3699 2489 3709 2497 '

2086 2573 2282 2643 plicem
2326 2572 2664 2641 negationem
2689 2610 2705 2637 ,
2744 2585 2854 2639 quo
2883 2569 3090 2624 inﬁnita
3123 2569 3409 2625 afﬁrmatio
3435 2583 3542 2624 non
3585 2583 3669 2625 se-

2082 2670 2266 2739 quitur
2293 2667 2534 2722 eamdem
2576 2666 2877 2737 simplicem
2910 2666 3253 2734 negationem
3277 2705 3292 2730 ,
3324 2662 3669 2722 manifestum

2084 2775 2167 2820 est
2196 2764 2396 2818 nullam
2420 2776 2541 2818 esse
2566 2761 2619 2816 in
2644 2761 2728 2815 his
2744 2761 3183 2831 discrepantiam,
3208 2760 3316 2814 imo
3339 2761 3391 2815 in
3421 2759 3670 2815 omnibus
3735 2767 3738 2770 ’

2084 2857 2417 2910 stituitlimam
2455 2853 2936 2924 consequentiam,
2969 2862 3023 2906 et
3065 2852 3189 2907 illos
3218 2852 3351 2907 nihil
3401 2866 3496 2921 per
3532 2852 3671 2907 hanc

2083 2953 2372 3014 rationem,
2404 2963 2564 3017 quam
2597 2948 2785 3000 volunt
2810 2945 3009 2999 addere
3040 2954 3187 2998 recte
3223 2943 3493 2998 disserere
3514 2983 3531 3007 ,
3562 2943 3670 2998 imo

2085 3044 2261 3113 potius
2284 3042 2577 3111 majoribus
2600 3039 2881 3094 obscuram
2908 3035 3231 3091 sententiam
3254 3034 3670 3091 obscuritatibus

2084 3134 2394 3200 implicare,
2440 3134 2532 3187 sed
2582 3131 2756 3199 potius
2802 3130 2876 3184 ita
2923 3126 3325 3195 intelligendum
3365 3136 3477 3194 est,
3528 3134 3587 3181 ut
3616 3127 3668 3182 id

396 3218 539 3273 nuila
598 3231 680 3273 est
726 3219 1081 3289 discrepantia
1109 3265 1123 3288 ,
1174 3237 1298 3275 nam
1336 3221 1383 3275 si
1424 3223 1652 3292 simplex
1694 3224 1983 3281 afﬁrmatio
2009 3225 2056 3289 C
2088 3227 2229 3296 quod
2259 3228 2334 3281 ait
2365 3244 2376 3279 :
2409 3226 2644 3290 Quarum
2682 3222 2800 3277 dua:
2828 3221 3043 3291 quidem
3073 3220 3139 3274 ad
3170 3218 3581 3275 afﬁrmationem
3613 3228 3669 3276 et

394 3309 728 3381 negationem
775 3311 1122 3381 privatoriam
1156 3320 1492 3383 sequeretur,
1539 3312 1727 3367 eodem
1768 3329 1980 3385 quoque

288 3412 300 3430 '
393 3406 552 3459 modo
584 3405 837 3460 inﬁnitam
867 3408 1211 3474 negationem
1239 3417 1584 3476 sequeretur,
1621 3422 1761 3462 nunc
1799 3418 1978 3464 autem

393 3500 640 3569 quoniam
687 3500 912 3567 simplex
954 3495 1241 3554 afﬁrmatio
1281 3500 1625 3569 privatoriam
1670 3500 1974 3568 negativam

391 3610 497 3651 non
536 3594 805 3662 sequitur,
836 3608 935 3649 nec
959 3593 1219 3648 inﬁnitam
1249 3608 1465 3663 quoque
1491 3594 1733 3660 sequitur
1768 3596 1976 3666 negati-

392 3700 531 3741 vam.
573 3687 647 3740 Illi
679 3693 856 3738 autem
886 3686 975 3755 qui
998 3695 1343 3751 sumpserunt
1371 3685 1628 3754 quoniam
1658 3696 1982 3754 sequeretur

394 3779 683 3847 privatoria
730 3777 939 3845 negatio
983 3777 1281 3846 simplicem
1334 3777 1783 3843 aflirmationem,
1827 3790 1882 3834 et
1928 3782 1979 3834 in

396 3870 587 3925 eadem
630 3872 1009 3937 consequentia
1042 3869 1345 3939 discrepare
1371 3870 1643 3935 dixerunt,
1675 3873 1816 3943 quod
1852 3873 1982 3928 sitn-

397 3962 521 4032 plex
552 3961 836 4016 aflirtnatio
859 3977 963 4017 non
990 3977 1304 4032 sequeretur
1325 3963 1591 4021 inﬁnitam
1617 3968 1975 4037 negationem,

397 4071 501 4110 non
528 4055 598 4110 ita
632 4058 869 4123 oportuit
895 4056 1308 4121 discrepantiam
1338 4073 1581 4122 sumere,
1606 4059 1700 4114 sed
1732 4060 1904 4129 magis
1932 4063 1977 4116 si

392 4150 843 4222 quemadmodum
893 4151 1176 4218 privatoria
1219 4153 1430 4222 negatio
1472 4162 1796 4221 sequeretur
1837 4153 1981 4207 afﬁr-

392 4244 681 4298 ntationem
710 4241 1042 4309 simplicem,
1074 4245 1155 4298 s‘c
1183 4242 1385 4297 inﬁnita
1416 4243 1631 4313 negatio
1655 4259 1760 4298 non
1789 4258 1977 4313 seque-

389 4346 538 4394 retur
563 4336 866 4404 simplicem
892 4335 1326 4403 afﬁrmationem,
1359 4347 1483 4392 tunc
1515 4338 1568 4392 in
1594 4336 1979 4406 consequentia

391 4430 741 4494 discreparet,
773 4444 915 4483 nunc
942 4439 1119 4483 autem
1152 4428 1294 4482 nulla
1316 4436 1403 4483 est
1432 4432 1650 4483 omnino
1672 4429 1981 4498 discrepan-

394 4524 487 4575 tia.
514 4525 683 4589 Atque
714 4521 766 4575 in
794 4520 891 4575 hac
931 4520 1145 4589 quidem
1171 4529 1322 4589 parte
1356 4519 1489 4575 nihil
1518 4522 1738 4576 omnino
1762 4520 1977 4576 discre-

2092 3321 2430 3392 negationem
2457 3334 2577 3374 sese
2601 3316 2870 3371 habebunt
2890 3314 3184 3370 secundum
3206 3313 3667 3383 consequentiam,

2085 3425 2144 3471 ut
2186 3415 2547 3486 privationes,
2580 3411 2702 3467 dure
2737 3424 2867 3465 vero
2919 3409 3176 3475 minime,
3230 3408 3302 3463 ita
3347 3406 3671 3478 accipiamus

2083 3519 2336 3579 tanquam
2370 3509 2412 3560 si
2440 3504 2510 3559 ita
2554 3505 2801 3569 dixisset,
2828 3513 3057 3574 quatuor
3085 3500 3507 3572 propositionum
3533 3500 3669 3555 dua-

2084 3619 2203 3658 runt
2246 3602 2599 3671 simplicium,
2652 3600 2878 3653 duarum
2935 3612 3064 3653 vero
3119 3596 3490 3662 inﬁnitarum,
3538 3595 3671 3651 duas

2085 3695 2491 3754 afﬁrtnutinnes.
2513 3692 2564 3747 id
2578 3700 2661 3747 est
2681 3690 2976 3761 simplicem
2995 3698 3050 3744 et
3070 3689 3355 3755 inﬁnitam,
3376 3696 3671 3759 sequuntur

2083 3789 2203 3843 dum
2236 3786 2579 3857 negationes,
2630 3784 2857 3852 simplex
2896 3792 2951 3838 et
2991 3782 3199 3837 inﬁnita
3239 3782 3478 3849 scilicet,
3531 3782 3671 3839 sicut

2082 3882 2414 3952 privationes
2450 3891 2683 3948 quoque.
2725 3876 2782 3929 In
2817 3873 3208 3943 privationibus
3236 3875 3382 3930 enim
3434 3874 3672 3932 afﬁrma-

2084 3976 2244 4027 tivam
2288 3970 2588 4039 simplicem
2636 3965 2960 4034 sequebatur
3008 3965 3295 4033 privatoria
3324 3968 3572 4036 negatio,
3616 3975 3671 4025 et

2082 4066 2312 4133 simplex
2366 4061 2578 4130 negatio
2609 4056 2952 4128 privatoriam
2981 4054 3419 4121 afﬁrtnationem,
3448 4058 3671 4126 reliqua

2083 4171 2210 4212 vero
2234 4156 2354 4211 dum
2375 4196 2391 4221 ,
2420 4154 2471 4208 id
2500 4161 2585 4208 est
2613 4149 2839 4220 simplex
2885 4144 3175 4201 afﬁrmatio
3196 4157 3256 4203 “et
3286 4144 3489 4201 inﬁnita
3518 4146 3670 4201 afﬁr-

2082 4250 2266 4318 matio,
2301 4247 2499 4302 nullam
2530 4244 2730 4299 habent
2759 4240 3195 4313 consequentiam
3219 4239 3284 4294 ad
3315 4240 3664 4310 negationes,

2084 4342 2136 4398 id
2163 4352 2242 4397 est
2266 4341 2332 4396 ad
2356 4338 2653 4411 simplicem
2681 4344 2735 4392 et
2755 4336 3038 4399 inﬁnitam,
3060 4333 3201 4391 sicut
3221 4348 3320 4389 nec
3344 4331 3670 4402 privationes

2081 4449 2291 4505 quoque
2312 4474 2326 4497 ,
2385 4448 2522 4488 nam.
2561 4430 2848 4486 afﬁrmatio
2878 4428 3166 4499 privatoria
3207 4441 3315 4482 non
3344 4423 3669 4496 sequebatur

2084 4528 2419 4597 negationem
2444 4523 2768 4592 simplicem,
2793 4537 2891 4577 nec
2918 4520 3150 4589 simplex
3181 4518 3468 4573 afﬁrmatio
3493 4517 3670 4589 priva-

393 4621 520 4682 pant
541 4622 697 4677 atque
714 4610 1046 4676 discordant;
1069 4611 1348 4666 videamus
1370 4627 1513 4666 nunc
1537 4612 1586 4666 in
1611 4611 1779 4667 altera
1806 4623 1974 4680 parte,
2003 4610 2059 4673 D
2087 4621 2274 4673 loriam
2329 4618 2667 4687 negationem
2690 4655 2706 4680 ,
2754 4623 2813 4668 ut
2838 4613 3083 4669 dicamus
3129 4610 3232 4666 hoc
3270 4610 3453 4666 modo.
3491 4610 3670 4678 Quare

391 4721 547 4775 quam
579 4706 649 4758 illi
678 4720 797 4760 esse
826 4705 1244 4774 discrepantiam
1271 4706 1459 4761 dicunt
1488 4705 1820 4761 inﬁnitarum
1851 4722 1980 4763 con-

390 4798 679 4867 sequentite
722 4808 777 4851 et
819 4799 1227 4866 privatoriarum
1268 4799 1334 4853 ad
1362 4799 1665 4868 simplices,
1701 4809 1757 4856 ut
1804 4800 1858 4855 in
1911 4815 1979 4855 ea

388 4906 597 4958 quoque
636 4889 680 4942 si
708 4889 849 4967 quid
888 4905 1014 4945 vere
1052 4890 1390 4961 discrepent,
1426 4892 1728 4949 videamus.
1788 4893 1980 4947 Dicunt

389 4986 525 5037 cnim
568 4981 913 5037 aiﬁrmationi
945 4984 1161 5053 quidem
1196 4986 1502 5054 privatorim
1522 5028 1536 5052 ,
1563 5003 1680 5056 qum
1710 4988 1860 5052 dicit,
1895 4996 1979 5042 est

388 5074 614 5143 injustus
646 5076 838 5143 homo,
863 5078 1287 5133 consentientem
1320 5093 1439 5133 esse
1481 5088 1535 5134 et
1562 5080 1977 5135 concordantem

389 5166 685 5237 simplicem
714 5169 1012 5237 negativam
1034 5185 1154 5238 qua:
1182 5169 1465 5235 dicit,.non
1490 5171 1763 5240 estjustus
1792 5171 1976 5239 homo,

388 5265 443 5312 et
470 5260 607 5313 sicut
634 5260 847 5329 negatio
882 5260 1174 5328 privatoria
1209 5262 1456 5331 sequitur
1484 5262 1785 5332 simplicem
1833 5262 1980 5318 afﬁr—

387 5353 697 5419 stationem,
729 5352 1152 5423 aiuntquoniam
1185 5369 1291 5409 non
1320 5355 1393 5409 ita
1418 5354 1657 5423 sequitur
1680 5353 1977 5423 simplicem

387 5446 725 5513 negationem
757 5459 876 5513 quae
906 5446 1055 5511 dicit,
1085 5461 1194 5501 non
1222 5454 1307 5502 est
1330 5444 1508 5514 justus
1538 5446 1702 5501 homo
1721 5488 1736 5513 ,
1768 5446 1977 5503 infinita

387 5535 675 5588 afﬁrmatio
705 5550 823 5603 qum
852 5535 1003 5600 dicit,
1038 5546 1120 5591 est
1148 5553 1252 5592 non
1275 5537 1453 5606 justus
1474 5534 1657 5591 homo.
1686 5536 1810 5591 Huic
1835 5538 1977 5593 enim

389 5628 535 5683 illam
579 5641 682 5681 non
723 5628 982 5696 sequitur.
1030 5628 1234 5695 Quibus
1279 5628 1566 5684 dicendum
1620 5637 1702 5684 est
1752 5644 1972 5699 rursus,

386 5720 638 5791 quoniam
665 5718 867 5774 idcirco
896 5718 1107 5775 inﬁnita
1130 5720 1417 5777 afﬁrmatio
1439 5735 1557 5791 qua:
1579 5720 1732 5788 dicit,
1757 5731 1841 5778 est
1870 5737 1978 5778 non

381 5808 582 5886 justus,
614 5815 777 5870 homo
804 5854 821 5881 ,
866 5827 974 5871 non
1005 5815 1248 5888 sequitur
1275 5814 1577 5889 simplicem
1633 5815 1975 5892 negationem

2086 4721 2315 4782 quatuor
2367 4710 2484 4765 istae
2526 4716 2684 4763 erunt
2712 4705 2833 4761 duae
2871 4704 3179 4775 simplices,
3230 4704 3350 4759 dum
3407 4702 3665 4773 inﬁnitas,

2086 4819 2335 4875 quarum,
2370 4800 2420 4855 id
2450 4808 2533 4855 est
2557 4799 2784 4854 duarum
2814 4795 3135 4865 simplicium
3160 4804 3215 4850 et
3236 4793 3462 4851 duarum
3493 4793 3669 4849 inﬁnic

2090 4908 2297 4961 torum,
2347 4893 2465 4949 dure
2494 4892 2743 4962 quidem,
2781 4890 2831 4944 id
2881 4896 2965 4944 est
3007 4890 3321 4960 negationes
3349 4889 3575 4960 simplex
3616 4899 3669 4944 et

2087 4990 2292 5047 infinita
2324 4988 2389 5043 ad
2419 4988 2553 5042 duas
2590 4984 2977 5039 afﬁrtnationes
3012 4990 3328 5054 sequuntur,
3353 4981 3405 5035 id
3427 4992 3510 5036 est
3536 4982 3668 5034 sim-

2088 5086 2278 5156 plicem
2305 5092 2360 5138 et
2391 5082 2672 5138 inﬁnitam.
2708 5081 2820 5137 lloc
2845 5090 2927 5135 est
2956 5080 3098 5135 enim
3130 5077 3268 5149 quod
3299 5077 3393 5143 ait,
3425 5076 3491 5131 ad
3520 5076 3668 5130 afﬁr-

2087 5180 2374 5235 tnationem
2402 5186 2458 5233 et
2486 5176 2826 5245 negationem
2849 5175 2927 5230 sic
2963 5188 3024 5230 se
3069 5172 3342 5230 habebunt
3371 5170 3667 5226 secundum

2083 5272 2557 5343 consequentiam,
2590 5272 2642 5326 id
2684 5280 2767 5327 est
2808 5279 3213 5340 consequuntur
3251 5268 3560 5339 negationes
3601 5267 3667 5323 ad

2083 5382 2175 5424 eas
2206 5384 2326 5439 qua:
2352 5376 2480 5423 sunt
2523 5365 2948 5429 afﬁrmationcs,
2997 5362 3139 5418 sicut
3177 5363 3228 5416 in
3276 5360 3666 5433 privationibus

2083 5476 2293 5533 quoque
2338 5460 2649 5525 dicebatur,
2698 5457 2819 5512 dua:
2866 5470 3024 5521 vero,
3070 5454 3124 5509 id
3153 5462 3237 5509 est
3281 5453 3667 5508 afﬁrmationes

2079 5557 2305 5625 simplex
2350 5563 2404 5610 et
2432 5553 2637 5609 inﬁnita
2666 5565 2772 5605 non
2811 5548 3010 5603 habent
3044 5561 3104 5603 se
3132 5545 3426 5603 secundum
3472 5558 3665 5601 conse-

2081 5649 2352 5719 quentiam
2399 5646 2464 5701 ad
2516 5646 2648 5700 duas
2684 5640 3024 5712 negationes,
3059 5639 3109 5694 id
3139 5649 3223 5695 est
3264 5637 3561 5708 simplicem
3608 5644 3664 5695 et

2079 5742 2367 5808 inﬁnitam,
2390 5740 2528 5795 sicut
2550 5735 2878 5810 privationes
2899 5749 3111 5807 quoque
3131 5748 3191 5790 se
3214 5732 3509 5791 secundum
3531 5746 3663 5788 eon-

2078 5831 2410 5904 sequenti-am
2440 5846 2553 5891 non
2580 5828 2868 5900 habebant,
2893 5841 3016 5886 nam
3047 5825 3393 5901 privatoriam
3423 5823 3663 5898 negatiov

3648 6078 3665 6113 \
