4270 6266
622 396 725 454 559

1836 396 1949 453 AN.
1989 395 2195 453 MANL.
2234 395 2388 455 θεν.
2434 400 2653 459 ΒΟΕΤΙΙ

3767 409 3872 469 540

622 533 741 574 nem
789 532 893 572 non
925 513 1243 584 sequebatur
1272 512 1559 571 affirmatio
1596 514 1821 585 simplex
1853 555 1868 579 ,
1920 527 2018 569 nec
2064 510 2462 576 sim-Atotam
2520 521 2797 577 sententia:
2846 523 2956 579 vim
3007 535 3062 582 et
3107 526 3461 596 prolixitatem
3510 527 3869 603 digessimus,

621 612 811 681 plicem
864 610 1197 677 negationem
1248 608 1533 678 privatoria
1587 608 1890 666 affirmatio.
1943 609 2037 665 Est
2089 609 2193 664 alia

620 717 828 772 quoque
874 700 1171 770 simplicior
1210 701 1505 771 expositio,
1536 716 1695 771 quam
1737 700 2045 756 Alexander
2077 713 2197 771 post

618 794 812 847 multas
860 792 991 845 alias
1030 791 1425 860 expositiones,
1457 792 1512 847 in
1548 792 1741 862 quibus
1776 792 2191 861 animadvertit,

618 885 783 940 t-didit
812 884 914 939 hoc
948 883 1276 939 modo:Cum
1310 886 1438 953 sint,
1464 886 1655 953 inquit,
1689 896 1916 956 quatuor
1950 888 2194 957 proposio

619 982 811 1055 tiones,
845 994 1067 1049 quarum
1098 979 1217 1035 dum
1257 990 1379 1035 sunt
1408 980 1647 1051 inﬁnitae,
1677 981 1796 1035 duae
1834 997 1961 1038 vero
1982 983 2191 1059 simpli-

619 1051 726 1138 ces,
749 1073 895 1137 duae,
918 1072 1110 1142 inquit,
1152 1072 1368 1128 inﬁnita:
1390 1074 1665 1143 mqualiter
1692 1088 1751 1129 se
1777 1073 1973 1130 habent
1999 1054 2192 1132 secun-

619 1165 741 1219 dum
765 1163 1174 1219 afﬁrmationem
1190 1174 1244 1220 et
1267 1167 1600 1234 negationem
1621 1167 1689 1221 ad
1714 1169 2047 1236 privatorias,
2074 1171 2193 1227 dua:

618 1273 745 1312 vero
790 1258 1057 1326 simplices
1108 1258 1172 1311 ad
1224 1258 1436 1313 easdem
1479 1260 1797 1329 privatorias
1834 1279 1893 1317 se
1936 1264 2196 1321 similiter

619 1364 721 1403 non
777 1348 975 1403 habent
1023 1347 1123 1402 hoc
1175 1348 1332 1402 modo
1366 1367 1379 1402 :
1409 1349 1737 1406 Affirmativa
1788 1353 1929 1408 enim
1981 1354 2188 1411 infinita

618 1440 881 1496 consentit
901 1437 1232 1494 afﬁrmativze
1260 1441 1586 1509 privatoriae.
1630 1442 1702 1495 Ea
1732 1443 1877 1498 enim
1906 1460 2024 1513 qua:
2059 1445 2193 1503 dicit

619 1530 819 1598 inﬁnita
841 1528 1151 1595 afﬁrmatio,
1179 1539 1262 1585 est
1292 1544 1396 1584 non
1418 1531 1591 1600 justus
1622 1532 1809 1596 homo,
1843 1536 1891 1590 ei
1922 1538 2190 1593 con~entit

618 1621 955 1676 afflrmationi
990 1623 1288 1689 privatorize
1310 1638 1427 1691 qua:
1449 1622 1600 1687 dicit,
1633 1634 1717 1679 est
1745 1625 1974 1694 injustus
2000 1628 2185 1696 homo,

618 1726 680 1767 ea
709 1726 836 1768 vero
864 1711 1067 1766 inﬁnita
1100 1713 1309 1782 negatio
1338 1729 1457 1779 quae
1475 1714 1623 1778 dicit,
1649 1730 1755 1770 non
1781 1728 1861 1772 est
1895 1734 1997 1773 non
2012 1720 2188 1789 justus

618 1804 799 1871 homo,
814 1805 1115 1875 privatoriae
1126 1806 1393 1874 negationi
1408 1807 1673 1862 consentit
1689 1824 1807 1876 quae
1824 1808 1974 1876 dicit,
1992 1828 2096 1866 non
2108 1822 2189 1867 cst

2300 625 2463 679 quare
2501 620 2749 682 quoniam
2803 618 3078 683 superiore
3119 618 3277 689 digne
3326 623 3410 686 (ut
3465 621 3593 675 mihi
3642 621 3872 695 videtur)

2298 705 2689 770 expressimus,
2721 710 2994 776 sequentis
3027 717 3208 764 textus
3255 712 3493 765 ordinem
3524 715 3870 769 sententiam-

2299 806 2401 862 que
2427 792 2700 849 videamus

2376 883 2616 940 Similiter
2644 895 2813 939 autem
2839 903 2891 941 se
2920 896 3123 954 navent,
3166 896 3211 942 et
3239 905 3283 945 st
3310 893 3607 947 universalis
3637 910 3857 949 nominis

2299 975 2366 1029 sit
2387 976 2679 1044 aﬂirmatio,
2712 988 2766 1030 ut
2792 978 2954 1032 omnis
2979 989 3051 1032 est
3079 980 3231 1035 homo
3268 984 3463 1052 justus.
3495 983 3734 1054 Negotia,
3774 1004 3872 1042 non

2298 1068 2459 1121 omnis
2485 1077 2555 1122 est
2580 1068 2728 1122 homo
2742 1071 2936 1142 justus,
2958 1071 3117 1125 omnis
3143 1082 3216 1126 est
3239 1073 3386 1126 homo
3415 1090 3516 1127 non
3540 1077 3738 1148 justus,
3770 1096 3873 1133 non

2297 1158 2460 1212 omnis
2486 1166 2558 1212 est
2585 1159 2734 1213 homo
2762 1177 2860 1213 nou
2882 1162 3074 1232 justus.
3110 1162 3213 1217 Sed
3243 1180 3343 1217 non
3385 1167 3622 1220 similiter
3648 1172 3869 1241 angulu-

2295 1265 2373 1302 res
2405 1251 2647 1321 contingit
2674 1266 2816 1305 veras
2836 1267 2964 1317 esse,
2996 1254 3239 1323 contingit
3267 1269 3435 1309 autem
3458 1258 3755 1329 aliquando.

2369 1340 2443 1396 Dc
2472 1342 2691 1398 infinitis
2730 1344 2967 1414 qumdam
3024 1347 3475 1417 propositionibus
3520 1353 3860 1419 prrelocutus,

2295 1449 2437 1490 nunc
2460 1434 2526 1489 de
2553 1435 2617 1491 iis
2643 1450 2764 1506 quae
2793 1436 3160 1491 determinatie
3187 1448 3311 1492 sunt
3338 1443 3626 1494 secundum
3656 1444 3867 1498 univer-

2295 1529 2521 1582 salitatis
2548 1539 2602 1584 et
2644 1528 3076 1600 particularitatis
3123 1532 3475 1601 adiectionem
3517 1533 3667 1598 dicit,
3721 1538 3861 1606 quod

2294 1621 2455 1675 etiam
2486 1621 2615 1690 ipsa:
2661 1620 2907 1677 similiter
2961 1636 3021 1677 se
3078 1622 3306 1677 habeant
3359 1624 3501 1679 sicut
3530 1625 3633 1681 illa:
3660 1644 3866 1698 quoque

2293 1726 2412 1779 qua:
2438 1711 2553 1765 sine
2592 1711 2735 1766 nulla
2762 1712 3207 1769 determinatione
3247 1715 3578 1781 dicebantur,
3641 1719 3863 1788 simplex

2294 1800 2499 1856 scilicet
2521 1804 2809 1873 propositio
2840 1805 3254 1874 atqueinfinita.
3286 1808 3446 1873 Quod
3478 1825 3605 1863 vero
3635 1811 3739 1866 ait:
3774 1814 3860 1867 Si-

620 1895 848 1963 injusms
876 1896 1055 1960 homo,
1084 1907 1242 1967 atque
1273 1896 1354 1952 ιιεε
1382 1899 1593 1967 quidem
1629 1899 1770 1966 dum,
1798 1902 1847 1956 ω
1874 1914 1957 1957 εει
1985 1904 2189 1960 inﬁnita
2219 1894 2269 1956 Β
2296 1892 2491 1945 utiliter
2520 1902 2697 1946 autem
2753 1909 2811 1948 se
2862 1893 3060 1949 habent
3117 1906 3169 1951 et
3196 1898 3240 1951 si
3271 1898 3582 1953 universalis
3634 1903 3863 1957 nominis

616 1990 903 2044 afﬁrmatio
923 1999 979 2045 et
1006 1991 1208 2045 inﬁnita
1238 1992 1464 2060 negatio,
1493 1992 1567 2046 ita
1595 2006 1715 2048 sese
1741 1994 1936 2049 habent
1956 1995 2021 2050 ad
2044 1996 2189 2052 aftir-

617 2086 905 2139 mationem
927 2093 979 2139 et
1000 2083 1359 2153 negationem,
1380 2093 1436 2138 ut
1456 2085 1799 2154 privationes,
1826 2087 1876 2143 id
1890 2098 1973 2144 est
2000 2093 2187 2145 eadem

578 2168 586 2175 ’
617 2177 886 2233 afﬁrmant
901 2178 982 2232 vel
1003 2187 1217 2247 negant,
1236 2193 1355 2248 qua:
1372 2177 1696 2247 privationes
1717 2180 2080 2238 afﬁrmantvel
2095 2200 2187 2240 ne-

620 2279 766 2341 gant,
794 2270 912 2325 duae
932 2286 1058 2325 vero
1078 2270 1315 2337 minime,
1338 2272 1389 2327 id
1408 2282 1491 2327 est
1517 2274 1635 2328 dum
1658 2274 1947 2343 simplices,
1970 2277 2186 2333 minime

618 2362 690 2417 ita
713 2376 774 2417 se
802 2360 1003 2416 habent
1041 2361 1107 2416 ad
1146 2361 1555 2418 afﬁrmationem
1597 2372 1652 2419 et
1681 2368 2016 2435 negationem
2050 2371 2188 2426 sicut

618 2452 963 2521 privationes,
986 2468 1107 2506 nam
1137 2454 1356 2508 omnino
1375 2470 1480 2509 non
1498 2457 1765 2526 contingit
1785 2458 2009 2527 simplex
2042 2460 2188 2514 afﬁr-

619 2546 1133 2614 matioprivatoriam
1154 2546 1582 2603 affirmatiouem.
1601 2550 1673 2605 Ea
1700 2551 1839 2605 enim
1871 2568 1989 2621 qua:
2033 2553 2179 2619 dicit,

616 2645 701 2692 est
725 2636 901 2707 justus
943 2636 1126 2701 homo,
1155 2652 1259 2691 non
1298 2641 1566 2695 consentit
1593 2643 1638 2695 ei
1671 2658 1786 2712 qua:
1812 2645 1962 2711 dicit,
1996 2657 2078 2701 est
2107 2648 2187 2702 in-

615 2725 790 2796 iustus
821 2720 1010 2793 homo',
1057 2741 1156 2782 nec
1185 2743 1369 2784 rursus
1391 2732 1600 2800 negatio
1623 2733 1852 2801 simplex
1883 2738 2188 2803 privatoria'.

618 2817 885 2887 negationi
908 2819 1191 2875 consentit.
1216 2820 1288 2875 Ea
1310 2821 1451 2876 enim
1474 2837 1590 2890 qua:
1610 2822 1757 2891 dicit,
1783 2840 1889 2881 non
1906 2838 1988 2883 est
2011 2830 2187 2899 justus

619 2911 809 2977 homo,
865 2927 983 2982 quae
1008 2921 1089 2968 est
1116 2915 1342 2983 simplex
1371 2916 1601 2985 negatio,
1627 2918 1918 2986 plurimum
1961 2922 2188 2979 dissidet

614 3004 684 3059 ab
711 3019 773 3060 ea
796 3020 913 3075 qua:
942 3004 1089 3070 dicit,
1120 3021 1225 3061 non
1252 3014 1335 3062 est
1356 3008 1582 3078 injustus
1607 3008 1788 3076 homo,
1818 3026 1935 3081 qua:
1966 3025 2045 3069 est
2078 3016 2186 3084 pri-

616 3100 819 3155 vatoria
860 3101 1102 3169 negatio;
1133 3114 1262 3170 ergo
1303 3116 1422 3155 cum
1462 3102 1568 3157 sint
1611 3112 1868 3173 quatuor,
1903 3106 2185 3163 affirmatio

614 3190 840 3259 simplex
888 3200 943 3244 et
982 3191 1192 3260 negatio
1230 3191 1501 3261 simplex,
1546 3194 1832 3250 affirmatio
1878 3198 2080 3254 infinita
2129 3212 2184 3256 et

614 3282 826 3352 negatio
848 3281 1073 3349 infinita,
1108 3284 1293 3339 harum
1320 3284 1458 3351 duae,
1487 3286 1538 3341 id
1559 3296 1643 3342 est
1670 3288 1957 3345 afﬁrmatio
1977 3292 2181 3348 infinita

614 3382 670 3427 et
694 3372 904 3441 negatio
926 3372 1151 3440 infinita,
1178 3375 1247 3430 ita
1271 3374 1474 3446 aliquid
1511 3378 1780 3434 affirmant
1801 3381 1883 3436 vel
1908 3396 2099 3453 negant
2128 3398 2183 3441 ut

616 3464 962 3532 privationes.
996 3464 1107 3519 Hoc
1137 3476 1218 3519 est
1243 3468 1389 3522 enim
1419 3470 1561 3537 quod
1593 3473 1694 3537 ait,
1740 3473 1811 3527 ita
1839 3489 1957 3530 88st)
1985 3477 2182 3534 habent

612 3555 677 3610 ad
707 3555 1115 3613 affirmationem
1139 3566 1191 3611 et
1217 3561 1575 3628 negationem,
1609 3573 1665 3615 ut
1694 3566 2035 3635 privationes,
2062 3571 2180 3626 dua:

612 3661 738 3703 vero
782 3646 1021 3704 minime.
1070 3649 1249 3720 Neque
1285 3654 1428 3707 enim
1472 3653 1544 3708 ita
1583 3653 1853 3711 affirmant
1890 3671 1943 3715 et
1988 3672 2182 3731 negant

609 3740 727 3795 dua:
773 3740 1083 3811 simplices,
1114 3744 1270 3799 sicut
1322 3746 1440 3799 duae
1498 3747 1839 3817 privatorire,
1894 3752 2180 3811 affirmatio

608 3849 835 3906 namque
865 3836 1088 3906 simplex
1108 3838 1175 3892 ab
1203 3837 1555 3895 affirmatione
1585 3843 1869 3910 privatoria
1892 3846 2175 3917 discrepat,

602 3936 658 3985 et
677 3941 863 3982 rursus
880 3928 1092 3998 negatio
1110 3928 1339 3998 simplex
1364 3945 1393 3985 a
1413 3932 1694 4001 negatione
1720 3936 2003 4002 privatoria
2024 3939 2179 4008 longe

605 4018 830 4074 dissidet
851 4029 1011 4089 atque
1024 4020 1314 4088 discordat,
1328 4023 1421 4079 sed
1444 4023 1555 4078 haec
1574 4024 1655 4095 (ut
1674 4025 1931 4098 diximus)
1949 4031 2179 4088 Alexan-

603 4108 683 4163 dri
703 4110 965 4176 expositio
985 4120 1067 4164 est
1095 4121 1211 4179 post
1238 4112 1430 4169 multas
1453 4115 1586 4171 alias
1609 4114 1925 4187 simplicior,
1958 4138 2061 4178 non
2095 4136 2175 4180 ta-

603 4216 723 4254 men
767 4202 1092 4271 repudianda
1113 4246 1129 4271 ,
1160 4207 1253 4260 sed
1279 4207 1362 4261 illa
1393 4211 1639 4278 superior
1667 4216 1849 4269 verior
1878 4232 1999 4273 esse
2031 4221 2178 4277 vide-

602 4298 706 4357 tur,
756 4292 895 4359 quod
937 4294 1250 4351 Aristoteles
1275 4297 1391 4366 ipse
1433 4308 1677 4365 testatur.
1721 4309 1796 4359 ait
1837 4309 1979 4363 enim
2019 4316 2174 4381 paulo

599 4390 745 4451 post:
762 4381 885 4438 Htec
899 4383 1075 4454 igitur,
1090 4387 1535 4455 quemadmodum
1555 4391 1608 4446 in
1627 4394 1959 4453 resolutoriis
1973 4401 2172 4459 dictum

597 4481 705 4537 est,
756 4476 835 4529 sic
865 4483 989 4530 sunt
1040 4477 1314 4546 disposita.
1352 4481 1500 4543 Hanc
1544 4483 1687 4539 enim
1734 4493 2171 4561 consequentiam

596 4578 757 4634 quant
784 4581 944 4636 supra
974 4568 1026 4623 in
1069 4571 1331 4639 superiori
1360 4574 1692 4644 expositimte
1720 4585 2010 4639 memoravi
2058 4589 2167 4654 pri-

2294 1982 2577 2038 affirmatio
2605 1985 2696 2049 sit,
2737 1984 2824 2039 alii
2858 1990 2925 2039 ita
2954 1988 3348 2057 intellexerunt,
3384 1992 3605 2063 utquod
3650 1996 3744 2057 ait,
3774 1996 3862 2051 Si-

2293 2076 2491 2129 militer
2521 2077 2787 2131 referatur
2821 2078 2886 2132 ad
2916 2094 3193 2135 numerum
3225 2070 3646 2151 propositionum
3681 2096 3735 2140 et
3772 2103 3864 2158 0p-

2292 2169 2634 2236 positionum.
2690 2169 2820 2222 Nam
2855 2170 2991 2225 sicut
3025 2173 3074 2225 in
3123 2172 3204 2227 his
3234 2190 3350 2243 qua:
3399 2175 3617 2231 infinitae
3646 2190 3770 2233 sunt
3813 2190 3865 2236 et

2292 2258 2717 2315 indeterminata:
2738 2260 2854 2314 dua:
2902 2270 3026 2315 sunt
3053 2265 3438 2332 oppositiones.
3472 2283 3578 2322 una
3606 2270 3864 2337 simplicis

2291 2353 2589 2420 negationis
2634 2362 2690 2407 et
2718 2354 2977 2423 simplicis
3007 2356 3400 2429 affirmationis,
3445 2359 3610 2415 altera
3645 2361 3862 2418 infinita:

2290 2441 2658 2497 affirmationis
2700 2452 2753 2498 et
2781 2443 2998 2499 infinita:
3051 2448 3368 2517 negationis.
3424 2451 3660 2516 Quatuor
3686 2463 3861 2509 autem

2290 2534 2699 2603 propositiones,
2726 2535 2867 2605 quod
2891 2551 3050 2605 supra
3078 2537 3185 2605 jam
3208 2538 3406 2593 dictum
3432 2550 3533 2606 est,
3560 2542 3630 2596 ita
3654 2559 3862 2615 quoque

2290 2625 2345 2680 in
2376 2624 2439 2679 iis
2470 2641 2589 2693 qute
2617 2625 3119 2682 determinationem
3149 2628 3439 2683 secundum
3492 2633 3890 2688 universalita-'

2292 2730 2398 2774 tem
2424 2719 3000 2790 particularitatemquc
3042 2720 3259 2786 habent,
3290 2732 3522 2792 quatuor
3566 2726 3697 2785 ﬁunt
3744 2742 3862 2796 pro~

2290 2812 2585 2882 positiones
2615 2821 2669 2867 et
2698 2814 2961 2883 oppositio
3006 2813 3218 2883 duplex.
3260 2816 3537 2885 Oppositio
3565 2818 3707 2873 enim
3761 2835 3862 2875 una

2289 2916 2372 2960 est
2398 2906 2711 2961 universalis
2741 2907 3108 2961 affirmationis
3137 2907 3419 2977 simplicis,
3448 2920 3504 2965 et
3529 2912 3862 2979 particularia

2289 2994 2584 3061 negationis
2606 2994 2881 3060 simplicis,
2914 3003 2968 3049 nt
2995 3006 3095 3058 est,
3127 2997 3304 3050 omnis
3340 2996 3501 3051 homo
3541 3001 3719 3069 justus
3756 3013 3856 3067 est,

2289 3100 2394 3140 non
2425 3087 2600 3141 omnis
2626 3088 2785 3140 homo
2815 3087 2991 3155 justus
3034 3096 3137 3154 est,
3164 3097 3218 3143 et
3245 3089 3357 3143 btec
3383 3099 3467 3145 est
3494 3093 3706 3160 quidem
3759 3110 3861 3153 una

2290 3180 2573 3250 oppositio.
2607 3180 2725 3235 Alia
2754 3195 2884 3235 vero
2912 3181 3132 3235 infinitae
3183 3184 3497 3239 universalis
3550 3187 3861 3243 affirmatio-

2211 3268 2259 3336 C
2288 3275 2391 3338 nis,
2424 3285 2478 3328 et
2507 3272 2727 3328 infinitae
2759 3273 3098 3341 particularis
3126 3275 3443 3345 negationis,
3474 3287 3528 3331 ut
3551 3289 3654 3345 est,
3686 3283 3860 3336 omnis

2288 3364 2450 3420 homo
2490 3378 2595 3419 non
2647 3365 2824 3434 justus
2867 3374 2969 3429 est,
3016 3381 3120 3419 non
3166 3369 3343 3423 omnis
3374 3368 3533 3423 homo
3563 3385 3666 3424 non
3685 3372 3859 3439 justus

2287 3470 2386 3513 εει.
2411 3456 2585 3524 Quare
2619 3458 2705 3511 hic
2733 3473 2944 3527 quoque
2988 3473 3107 3513 cum
3150 3460 3267 3516 dum
3315 3463 3421 3516 sint
3474 3465 3855 3533 oppositiones,

2285 3561 2439 3606 erunt
2466 3551 2583 3607 sine
2611 3550 2775 3605 dubio
2805 3553 3193 3620 propositiones
3222 3565 3468 3624 quatuor,
3500 3556 3635 3610 sicut
3672 3558 3723 3612 in
3773 3560 3857 3616 his

2285 3642 2351 3698 de
2379 3645 2570 3713 quibus
2593 3659 2749 3715 supra
2773 3644 3000 3711 dixerat,
3024 3662 3142 3715 qua:
3166 3647 3387 3715 scilicet,
3411 3648 3855 3709 determinationo

2285 3738 2556 3793 carebant.
2606 3737 2705 3791 Alii
2737 3753 2862 3791 vero
2891 3739 2979 3808 qui
3011 3737 3313 3794 Aristotelis
3364 3741 3599 3796 animum
3643 3745 3854 3812 penitus

2284 3825 2635 3896 inspexerint,
2686 3844 2790 3881 non
2822 3830 2971 3884 aiunt
2993 3828 3239 3885 similiter
3259 3832 3429 3885 solum
3452 3848 3511 3887 se
3536 3832 3733 3889 habere
3760 3834 3855 3890 de-

2286 3919 2593 3973 tertninatas
2616 3921 3023 3990 propositiones,
3050 3923 3115 3977 ad
3144 3939 3428 3980 numerum
3459 3928 3854 3996 oppositionum

2282 4023 2334 4069 et
2362 4016 2803 4085 propositionum,
2834 4018 2928 4072 sed
2957 4020 3116 4073 etiam
3145 4019 3209 4073 ad
3247 4026 3703 4092 coosequentiatn,
3735 4044 3855 4081 nam

2282 4120 2400 4176 qua:
2426 4116 2507 4162 est
2530 4110 2912 4179 consequentia
2964 4112 3301 4180 negationum
3359 4116 3425 4168 ad
3474 4118 3853 4174 aftirmationes

2280 4198 2335 4252 in
2364 4198 2446 4252 his
2468 4200 2920 4268 propositionibus
2950 4204 3284 4270 simplicibus
3330 4217 3383 4260 et
3441 4206 3681 4272 infinitis,
3732 4226 3851 4278 qua:

2278 4299 2473 4359 praater
2494 4291 2985 4347 determinationem
3026 4294 3295 4362 dicuntur,
3344 4297 3527 4353 eadem
3560 4299 3849 4356 similitudo

2280 4382 2520 4444 habetur,
2545 4396 2594 4436 et
2623 4383 2679 4436 in
2710 4385 2771 4438 iis
2800 4400 2921 4453 qua:
2949 4400 3068 4440 cum
3092 4387 3534 4444 determinatione
3572 4391 3849 4459 proferun-

2277 4482 2381 4525 tur.
2415 4472 2519 4528 Sed
2548 4476 2799 4543 quoniam
2830 4492 2934 4530 non
2956 4478 3007 4531 in
3037 4481 3283 4536 omnibus
3323 4484 3505 4536 omnia
3530 4484 3719 4539 similia
3753 4486 3849 4541 ha-

2275 4564 2421 4627 bent,
2450 4566 2649 4621 idcirco
2677 4568 2878 4624 addidit
2899 4582 3110 4637 notans,
3148 4574 3241 4628 sed
3274 4591 3377 4630 noo
3410 4576 3657 4633 similiter
3682 4595 3850 4649 angu-

597 4656 916 4712 valoriarum
945 4669 998 4714 et
1028 4659 1353 4717 inﬁnitarum
1381 4664 1446 4719 ad
1468 4666 1737 4735 simplices
1772 4672 1825 4726 in
1857 4675 2012 4741 primi
2044 4648 2163 4733 fibri
2195 4648 2248 4713 Β
2273 4656 2412 4713 lares
2437 4658 2829 4731 contingitesse
2855 4678 3027 4727 veras,
3056 4668 3310 4737 contingit
3330 4678 3506 4723 autem
3535 4671 3845 4742 aliquando.
3896 4670 3902 4681 ’

596 4746 828 4814 priorum
848 4752 1305 4818 resolutoriorum,
1328 4769 1445 4825 qua:
1466 4758 1735 4818 ἀναλυτικὰ
1755 4760 1930 4819 ϐιωρί
1949 4780 2159 4836 vocant,

597 4836 701 4891 ftne
738 4837 1026 4909 disposuit;
1058 4842 1186 4898 dicit
1210 4856 1387 4900 autem
1429 4848 1754 4922 Porphyrius
1787 4854 1948 4911 fuisse
1996 4876 2157 4930 quos-

594 4925 715 4981 dam
761 4929 845 4983 sui
875 4935 1162 5003 temporis,
1209 4938 1296 5004 qui
1339 4938 1479 4993 hunc
1518 4956 1845 5011 exponerent
1871 4925 2161 5017 locnm,et

591 5020 844 5088 quoniam
888 5022 957 5076 ab
983 5024 1236 5081 llermino
1265 5029 1347 5083 vel
1376 5034 1599 5100 Aspasio
1621 5036 1704 5090 vel
1736 5037 2039 5097 Alexandro
2065 5061 2159 5099 ex-

591 5113 883 5183 positiones
928 5114 1161 5185 singulas
1198 5117 1529 5187 proferentes
1558 5125 1721 5180 multa
1761 5133 2032 5186 contraria
2055 5177 2070 5201 ,
2103 5148 2156 5191 et

589 5202 640 5255 in
672 5203 1101 5272 expositionibus
1127 5209 1265 5264 male
1302 5210 1369 5263 ab
1403 5211 1508 5267 illis
1535 5216 1693 5271 editis
1724 5217 2032 5278 dissidentia
2074 5243 2157 5283 re-

590 5305 875 5361 pererunt,
920 5296 1202 5355 arbitratus
1242 5299 1405 5357 fuisse
1446 5304 1638 5361 librum
1673 5307 1812 5365 hunc
1856 5312 2157 5375 Aristotelis

587 5390 646 5436 ut
673 5386 887 5456 dignum
915 5399 1077 5458 esset,
1109 5394 1301 5463 exponi
1330 5398 1547 5452 omnino
1576 5406 1681 5454 non
1713 5417 1888 5471 posse,
1937 5409 2156 5465 multos-

585 5489 690 5545 que
718 5477 807 5532 illo
837 5490 1076 5550 tempore
1111 5484 1255 5540 viros
1290 5495 1453 5543 totam
1494 5491 1649 5560 hujus
1680 5493 1801 5549 libri
1832 5502 2155 5559 praeteriisse

585 5566 901 5642 doctrinam,
926 5575 1063 5645 quod
1090 5576 1519 5648 inexplicabilem
1543 5595 1791 5654 putarent
1817 5603 1939 5647 esse
1971 5595 2156 5663 caligi-

586 5671 730 5715 nem.
775 5662 881 5717 Nos
916 5675 1095 5719 autem
1140 5669 1452 5727 brevissime
1494 5674 1632 5730 hunc
1662 5678 1834 5733 locum
1885 5682 1935 5735 in
1982 5662 2151 5750 prima

584 5747 818 5805 editione
845 5757 1264 5826 praeterivimus,
1294 5761 1387 5814 sed
1420 5765 1559 5832 quod
1592 5767 1697 5821 illic
1728 5784 1822 5837 pro
1844 5747 2151 5829 intellectus

584 5838 923 5906 simplicitate
952 5845 1182 5901 breviter
1222 5853 1497 5913 posuimus
1519 5893 1535 5918 ,
1577 5856 1662 5910 hic
1689 5861 1833 5915 omni
1872 5862 2153 5923 latitudine

2270 4751 2475 4808 Sensus
2503 4765 2677 4808 autem
2710 4754 3009 4825 huiusmodi
3041 4767 3123 4813 est
3174 4778 3187 4815 :
3240 4762 3518 4827 Similiter,
3564 4766 3756 4832 inquit,
3790 4784 3848 4821 se

2272 4845 2470 4901 habent
2496 4847 2577 4899 ha:
2606 4849 2994 4916 propositiones
3022 4866 3140 4920 qua:
3187 4854 3479 4908 secundum
3522 4857 3846 4912 determina-

2274 4938 2470 4993 tionem
2504 4939 2752 4993 dicuntur
2784 4942 3003 4996 infinitae
3042 4943 3108 4998 ad
3138 4945 3426 5015 simplices.
3481 4958 3534 5003 et
3580 4951 3847 5018 simplices

2265 5031 2330 5082 ad
2363 5030 2617 5096 infinitas,
2653 5034 3095 5099 quemadmodum
3118 5036 3225 5091 illa:
3242 5054 3452 5109 quoque
3473 5056 3531 5096 se
3556 5044 3842 5110 habebant,

2266 5135 2384 5189 qua:
2411 5120 2527 5174 sine
2556 5121 2999 5180 determinatione
3031 5126 3321 5183 indefinita:
3350 5131 3684 5188 dicebantur.
3736 5136 3842 5192 Sed

2264 5207 2462 5263 habent
2488 5209 2767 5278 quamdam
2821 5212 3328 5283 dissimilitudinem,
3372 5222 3509 5288 quod
3558 5226 3843 5293 angulares

2262 5299 2650 5368 propositiones
2680 5301 2731 5355 in
2764 5302 2829 5356 iis
2857 5320 2976 5373 quae
3009 5321 3126 5361 cum
3169 5308 3613 5369 determinatione
3657 5314 3843 5369 dicun-

2263 5398 2370 5455 tur,
2402 5406 2506 5445 non
2536 5392 2721 5447 eodem
2744 5394 2905 5450 modo
2934 5412 3072 5452 vera:
3094 5411 3236 5465 sunt,
3287 5404 3554 5470 quomodo
3585 5405 3688 5460 illa:
3719 5424 3836 5476 qute

2257 5482 2376 5538 sine
2402 5483 2848 5542 determinatione
2880 5489 3302 5559 proferebantur,
3344 5496 3429 5549 vel
3479 5497 3699 5552 inliniue
3756 5503 3835 5555 vel

2258 5576 2548 5647 simplices.
2575 5577 2862 5637 Videamus
2885 5598 3013 5652 ergo
3036 5587 3180 5653 prius
3211 5602 3279 5641 an
3309 5590 3497 5643 eadem
3524 5592 3574 5643 in
3623 5594 3686 5647 iis
3715 5610 3833 5663 quze

2257 5668 2622 5726 determinatae
2650 5684 2772 5726 sunt
2800 5675 2867 5727 sit
2892 5680 3266 5747 consequentia
3299 5697 3417 5750 qum
3448 5683 3499 5736 in
3533 5684 3594 5737 iis
3620 5696 3831 5754 estquia:

2256 5763 2527 5817 indefinite
2559 5765 2917 5833 proferuntur.
2952 5770 3076 5823 Post
3105 5772 3379 5828 videamus
3410 5792 3529 5844 qua:
3557 5777 3625 5829 sit
3646 5778 3704 5849 .in
3736 5794 3831 5829 au-

2270 5852 2541 5920 gularibus
2567 5856 2967 5923 dissimilitudo;
2997 5861 3349 5934 disponantur
3374 5880 3503 5937 ergo
3529 5883 3635 5923 non
3660 5869 3831 5931 solum
