4270 6266
398 346 494 401 είιι

1139 345 1205 401 ΙΝ
1242 344 1498 402 LIBRUM
1533 343 1623 401 DE
1659 340 2303 399 INTERPRETATIONE
2342 338 2567 397 EDITIO
2604 342 2940 401 SECUNDA.

3541 345 3642 401 542

398 461 478 513 lue
504 472 625 529 qum
673 459 945 529 simplices
979 458 1064 513 vel
1091 458 1313 512 inﬁnitae
1340 467 1485 521 sunt,
1535 456 1628 511 sed
1656 457 1816 509 etiam
1845 470 1966 524 qua:
1994 463 2048 526 Α
2071 467 2204 524 quas
2232 452 2633 517 dcterminatas,
2663 457 2746 510 vel
2786 455 3197 511 universalitatis
3233 463 3529 527 quantitate
3558 460 3641 513 vel

394 558 519 604 sunt
567 552 889 620 privatoria,
922 560 976 605 et
1014 550 1159 620 prius
1205 548 1418 619 quidem
1468 547 1816 613 disponantur
1864 546 1963 599 hoc

395 641 555 697 modo
578 658 593 693 :
616 640 850 710 Simplex
873 640 1157 696 afﬁrmatio
1176 639 1507 708 simplexque
1533 638 1766 707 negatio.
1799 637 1859 689 Iit
1882 634 1965 691 hze

396 734 610 809 quidem
638 733 942 797 indefinite,
976 731 1027 786 id
1063 743 1145 787 est
1183 741 1379 800 praeter
1418 726 1839 784 universalitatis
1876 735 1968 781 aut

395 825 826 897 particularitatis
853 824 1227 893 adjectionem,
1259 823 1359 875 sub
1385 820 1488 886 bis,
1513 820 1564 874 id
1587 830 1670 875 est
1697 819 1796 873 sub
1820 816 1968 873 afﬁr-

397 918 630 974 matione
650 916 861 987 quidem
891 914 1119 983 simplici
1152 923 1378 983 ponatur
1415 912 1629 980 negatio
1659 910 1965 981 privatoria,

392 1013 495 1067 sub
519 1011 796 1080 negatione
816 1024 940 1064 vero
966 1008 1194 1077 simplici
1219 1005 1505 1062 afﬁrmatio
1537 1005 1841 1077 privatoria.
1876 1003 2001 1085 llas.

391 1117 600 1171 quoque
614 1116 796 1155 rursus
815 1100 1119 1165 indeﬁnite;
1150 1108 1376 1168 ponatur
1401 1108 1579 1154 autem
1610 1098 1712 1153 sub
1735 1097 1970 1153 afﬁrma-

392 1196 538 1248 tione
567 1193 871 1261 privatoria,
899 1204 955 1249 et
983 1195 1082 1249 sub
1109 1194 1336 1263 simplici
1365 1192 1651 1264 negatione
1681 1190 1968 1247 afﬁrmatio

389 1285 619 1339 inﬁnita.
648 1284 760 1339 Sub
787 1284 1069 1352 privatoria
1114 1294 1291 1339 autem
1342 1285 1627 1353 negatione
1657 1293 1712 1337 et
1740 1281 1967 1350 simplici

389 1376 749 1431 affirmatione
771 1385 999 1445 ponatur
1026 1378 1270 1446 negativa
1303 1376 1527 1441 inﬁnita,
1558 1386 1613 1429 et
1639 1373 1721 1428 ha:
1759 1387 1971 1444 quoque

392 1468 675 1523 indeﬁnite
703 1476 759 1523 et
788 1468 1194 1524 indeterminate
1228 1468 1346 1524 sine
1395 1469 1498 1523 ulla
1547 1465 1967 1536 particularitate

394 1559 482 1615 vel
533 1560 953 1617 universalitate.
980 1558 1095 1616 Sub
1143 1559 1225 1615 bis
1274 1570 1451 1614 autem
1483 1558 1831 1628 disponantur
1883 1557 1966 1612 ha:

994 1652 1293 1709 Afﬁrmatio
1321 1651 1567 1719 simplex.

998 1723 1218 1804 Ijegatio
1244 1723 1551 1804 privatoria.

1001 1794 1220 1864 Negatio
1242 1793 1467 1847 inﬁnita.

2069 547 2504 619 particularitatis
2527 561 2800 615 vocamus,
2835 560 2891 604 et
2916 550 3086 619 primo
3116 551 3329 620 quidem
3360 552 3647 609 afﬁrmatio

2069 638 2392 694 universalis
2411 638 2658 707 simplex,
2692 650 2877 696 contra
2902 641 3038 696 hanc
3057 643 3280 712 'negatio
3310 644 3647 712 particularis

2068 730 2315 799 simplex.
2344 729 2458 786 Sub
2485 729 2840 786 afﬁrmatione
2875 743 3050 788 autem
3086 735 3368 791 universali
3414 736 3645 808 simplici

2071 832 2304 895 ponatur
2351 826 2564 895 negatio
2612 824 2951 893 particularis
2977 825 3286 893 privatoria,
3335 826 3437 883 sub
3482 843 3647 898 nega-

2076 917 2221 971 tione
2244 922 2424 971 autem
2466 915 2774 985 particulari
2798 915 3051 985 simplici,
3073 916 3388 973 universalis
3417 920 3650 976 afﬁrma-

2072 1007 2149 1062 tio
2171 1006 2479 1074 privatoria.
2505 1005 2712 1060 Rursus
2743 1005 2843 1061 sub
2883 1006 3162 1076 negatione
3209 1009 3510 1076 particulari
3543 1013 3653 1081 pri-

2072 1098 2301 1161 vatoria,
2327 1106 2385 1155 et
2409 1098 2508 1153 sub
2537 1096 2896 1154 afﬁrmatione
2928 1096 3215 1153 universali
3246 1099 3473 1168 simplici
3494 1117 3653 1170 pona-

2071 1199 2160 1246 tur
2211 1192 2421 1261 negatio
2471 1191 2807 1261 particularis
2856 1191 3077 1246 inﬁnita.
3125 1190 3239 1247 Sub
3296 1191 3652 1249 afﬁrmatione

2072 1296 2209 1359 vero;
2234 1282 2521 1339 universali
2553 1284 2863 1353 privatoria,
2889 1292 2944 1339 et
2972 1284 3072 1338 sub
3108 1285 3392 1355 negatione
3420 1286 3651 1349 simplici

2075 1374 2379 1443 particulari
2440 1384 2666 1445 ponatur
2717 1375 3033 1431 universalis
3082 1376 3371 1433 afﬁrmatio
3420 1376 3650 1443 inﬁnita,

2072 1466 2177 1521 erit
2207 1475 2383 1521 autem
2420 1465 2726 1536 huiusmodi
2760 1466 3079 1538 descriptio:

2404 1647 2575 1702 Homo
2598 1659 2774 1719 Justus
2803 1658 2904 1704 est.

2408 1719 2580 1772 Homo
2612 1720 2838 1789 injustus
2885 1735 2990 1774 non
3020 1730 3121 1775 est.

2410 1790 2580 1843 ilonio
2608 1807 2712 1844 non
2741 1789 2915 1860 justus
2944 1808 3047 1846 non
3077 1802 3179 1848 est.

1876 1858 2184 1915 Indeﬁniw}.

1000 1932 1169 2005 Homo
1185 1932 1362 2005 just-us
1400 1947 1507 1988 non
1533 1945 1633 1986 est.

996 2004 1167 2059 Homo
1194 2004 1423 2073 injustus
1449 2011 1551 2058 est.

993 2075 1164 2131 Homo
1192 2092 1296 2129 non
1323 2074 1501 2146 justus
1528 2081 1630 2128 est.

999 2166 1297 2223 Afﬁruiatio
1322 2168 1638 2221 universalis
1667 2163 1912 2230 simplex.

1003 2238 1225 2308 Negatio
1252 2238 1586 2306 particularis
1611 2236 1917 2304 privatoria.

996 2309 1219 2381 Negatio
1244 2325 1279 2380 p
1300 2310 1578 2363 urticularis
1608 2308 1829 2364 inﬁnita.

2415 1929 2638 1997 Negatio
2664 1931 2890 1997 simplex

2419 2002 2722 2055 Alﬁrmatio
2750 2004 3053 2070 privatoria.

2413 2070 2710 2126 Alﬁrmatio
2736 2073 2962 2131 inﬁnita.

2416 2168 2601 2237 guinis
2626 2166 2785 2220 homo
2807 2166 2988 2237 justus
3016 2178 3116 2224 est.

2418 2234 2533 2309 lion
2560 2239 2735 2290 omnis
2767 2234 2924 2291 homo
2954 2238 3180 2309 injustns
3202 2246 3302 2294 est.

2420 2306 2535 2361 Non
2558 2310 2733 2363 omnis
2762 2309 2920 2364 homo
2950 2306 3053 2363 non
3073 2310 3247 2381 justus
3273 2317 3371 2366 est.

1898 2372 2137 2432 Deﬁnita:

1002 2448 1116 2505 Non
1146 2452 1320 2521 omnis
1342 2451 1500 2505 homo
1520 2449 1698 2521 justus
1730 2459 1831 2503 est.

1006 2520 1194 2575 Omnis
1226 2522 1384 2575 homo
1415 2520 1642 2588 injusttts
1670 2528 1770 2573 est.

1008 2592 1195 2647 Omnis
1225 2593 1387 2646 homo
1413 2607 1517 2645 non
1543 2590 1721 2661 justus
1751 2598 1851 2645 est.

2417 2448 2642 2520 Negatio
2665 2450 3001 2517 particularis
3021 2453 3265 2520 simplex.

2415 2518 2720 2592 Afﬁrniatio
2750 2522 3067 2577 universalis
3095 2518 3396 2592 privatoria.

2412 2589 2716 2645 Afﬁrmatin
2739 2594 3057 2649 universalis
3088 2589 3313 2650 inﬁnita.

403 2685 462 2742 lu
490 2680 591 2741 hoc
615 2684 805 2742 ordine
828 2685 1248 2756 propositionum
1289 2698 1447 2755 quem
1498 2699 1658 2753 supra
1702 2680 1982 2750 descripsi-
2006 2680 2057 2744 Β
2082 2678 2285 2736 inﬁnita
2306 2683 2539 2752 negatio.
2568 2683 2701 2738 Nam
2724 2685 2771 2740 si
2796 2700 2921 2741 vera
2943 2694 3027 2740 est
3051 2685 3367 2740 universalis
3386 2683 3664 2739 afﬁrmatio

407 2794 547 2846 mus,
562 2796 680 2849 quae
697 2780 1102 2852 sintangulares
1116 2779 1455 2834 manifestum
1470 2788 1573 2832 eat.
1596 2777 1731 2833 Sunt
1752 2789 1980 2843 namque

406 2871 788 2930 afﬁrmatioues
856 2874 1067 2941 quidem
1131 2870 1573 2927 afﬁrmationibus
1610 2910 1624 2934 ,
1674 2868 1982 2939 negationes

408 2981 538 3022 vero
564 2968 955 3038 negationibus,
987 2977 1039 3023 et
1076 2967 1128 3021 in
1162 2966 1241 3021 his
1270 2964 1481 3035 quidem
1529 2979 1647 3034 qua:
1696 2964 1982 3017 indeﬁnite:

407 3069 535 3115 sunt
553 3059 740 3115 eodem
765 3061 925 3114 modo
951 3060 1234 3130 angulares
1260 3068 1383 3113 sunt
1404 3056 1808 3123 afﬁrmationes.
1835 3054 1977 3111 Szm-

412 3154 532 3222 plex
554 3154 763 3223 quidem
794 3154 1080 3208 afﬁrmatio
1104 3167 1223 3221 qua:
1250 3152 1398 3216 dicit,
1443 3160 1527 3206 est
1573 3151 1733 3204 homo
1782 3148 1978 3218 justus,

411 3244 713 3314 privatoria:
740 3244 1081 3299 afﬁrmationi
1110 3260 1229 3314 quae
1251 3243 1400 3309 dicit,
1432 3253 1514 3298 est
1541 3242 1701 3297 homo
1731 3241 1978 3309 injustus,

408 3345 463 3391 et
491 3336 709 3391 inﬁnita:
747 3337 1081 3391 alﬁrmatioui
1111 3352 1229 3406 quae
1261 3336 1529 3405 proponit,
1564 3346 1645 3389 est
1686 3334 1845 3389 homo
1874 3350 1983 3389 non

406 3426 601 3500 justus,
630 3431 896 3498 angularis
929 3440 1030 3483 est.
1063 3429 1284 3499 Negatio
1315 3443 1443 3483 vero
1486 3427 1712 3496 simplex
1738 3442 1855 3496 quae
1877 3436 1977 3493 est,

410 3535 516 3576 non
543 3531 625 3576 est
646 3522 808 3583 homo
841 3522 1034 3593 justus,
1063 3521 1328 3593 uegationi
1360 3520 1658 3591 privatorizc
1686 3535 1802 3590 qua:
1830 3520 1980 3587 dicit,

410 3629 515 3668 non
541 3627 619 3669 est
649 3615 808 3670 homo
837 3617 1067 3683 injustus
1095 3625 1149 3670 et
1179 3613 1441 3685 nogationi
1467 3613 1688 3668 inﬁnita:
1726 3628 1847 3683 qua:
1876 3624 1978 3681 est,

410 3719 516 3760 non
545 3715 630 3760 est
658 3707 818 3759 homo
846 3721 949 3760 non
982 3707 1172 3774 iustus,
1198 3704 1467 3774 angularia
1487 3714 1590 3759 est.
1619 3702 1748 3759 Item
1794 3706 1836 3757 si
1863 3706 1984 3773 quis

408 3796 476 3851 ad
516 3796 766 3851 deﬁnitae
805 3798 1198 3866 prepositiones
1225 3812 1322 3866 asp
1342 3798 1469 3863 ciat,
1495 3794 1634 3850 idem
1666 3798 1781 3851 sine
1807 3796 1984 3865 aliqua

410 3893 743 3948 dubitatione
795 3895 1046 3963 reperiet.
1120 3893 1419 3949 Alﬁrmatio
1471 3893 1614 3948 enim
1672 3892 1986 3948 universalis

417 3983 648 4049 simplex
680 4000 798 4054 qua:
836 3996 937 4049 est,
979 3985 1155 4039 omnis
1203 3987 1362 4041 homo
1399 3984 1576 4056 justus
1616 3994 1718 4050 est,
1755 3985 1986 4038 afﬁrma—

2084 2773 2314 2841 simplex
2341 2788 2460 2841 qua:
2490 2774 2641 2841 dicit,
2672 2778 2849 2832 omnis
2879 2787 2962 2832 est
3000 2778 3158 2831 homo
3190 2776 3395 2846 justus,
3433 2792 3557 2832 vera
3586 2786 3665 2832 est

2084 2865 2242 2920 etiam
2316 2866 2652 2935 particularis
2727 2870 3011 2939 privatoria
3064 2870 3271 2939 negatio
3330 2885 3449 2939 quin
3504 2868 3661 2932 dicit,

2082 2981 2188 3021 non
2243 2966 2419 3021 omnis
2466 2976 2548 3023 est
2588 2967 2750 3022 homo
2796 2968 3062 3039 injustus;
3116 2968 3216 3021 hoc
3255 2977 3431 3024 autem
3464 2967 3691 3023 idcirco

2083 3056 2261 3112 evenit
2302 3059 2443 3128 quod
2490 3074 2550 3114 ea
2592 3074 2711 3129 qua:
2755 3059 2921 3127 dicit,
2968 3074 3072 3113 non
3114 3061 3288 3114 omnis
3330 3060 3489 3114 homo
3526 3059 3665 3130 inju-

2084 3168 2199 3214 stus
2240 3168 2345 3225 est,
2376 3160 2514 3215 idem
2549 3167 2723 3229 potest
2770 3163 2911 3231 quod
2936 3160 3190 3231 simplex,
3214 3171 3269 3216 et
3290 3161 3476 3215 similis
3504 3172 3587 3216 est
3614 3163 3665 3218 ei

2082 3266 2203 3321 qua:
2279 3252 2560 3321 proponit,
2629 3253 2843 3323 quidam
2902 3254 3065 3310 homo
3110 3252 3287 3324 justus
3342 3263 3465 3321 est,
3540 3270 3663 3322 par-

2084 3345 2293 3400 ticulari
2350 3346 2581 3416 simplici
2626 3347 3009 3414 aiﬁrmationi;
3051 3364 3173 3403 nam
3224 3347 3269 3403 si
3329 3363 3433 3403 non
3486 3349 3663 3403 omnis

2089 3436 2253 3492 homo
2283 3435 2511 3508 injustus
2537 3446 2641 3505 est,
2665 3439 2878 3508 quidam
2914 3441 3073 3497 homo
3097 3442 3273 3510 justus
3300 3451 3404 3504 est,
3430 3440 3523 3495 sed
3549 3457 3668 3511 par-

2086 3532 2327 3587 ticularis
2381 3533 2667 3589 afﬁrmatio
2714 3535 2941 3605 simplex
3002 3535 3244 3604 sequitur
3304 3535 3663 3591 universalem

2086 3622 2459 3678 afﬁrmativam
2489 3626 2810 3694 simplicem.
2839 3627 3063 3692 Quando
3103 3628 3243 3682 enim
3277 3642 3401 3684 vera
3430 3639 3510 3683 est
3541 3631 3666 3683 uni-

2088 3713 2316 3768 versalis
2346 3712 2631 3769 afﬁrmatio
2656 3730 2775 3783 qua:
2796 3714 2947 3775 dicit,
2979 3718 3152 3769 omnis
3177 3717 3335 3772 homo
3360 3728 3437 3772 est
3465 3717 3667 3787 justus,

2087 3817 2214 3857 vera
2260 3813 2344 3858 est
2391 3813 2444 3858 et
2494 3804 2831 3873 particularis
2876 3803 3191 3858 afﬁrtuativa
3228 3822 3346 3874 quae
3398 3810 3668 3879 proponit,
3753 3821 3756 3824 ‘

2092 3892 2307 3961 quidam
2360 3894 2521 3947 homo
2560 3894 2736 3963 justus
2774 3902 2877 3957 est,
2919 3893 3012 3947 sed
3043 3895 3091 3947 ei
3121 3910 3239 3961 qua:
3268 3896 3417 3965 dicit,
3448 3899 3663 3967 quidam

2092 3983 2254 4037 homo
2272 3984 2450 4053 justus
2475 3994 2579 4049 est,
2613 3985 2879 4038 consentit
2929 3984 3263 4053 particularis
3305 3992 3514 4056 negatio
3558 3990 3668 4056 pri-

417 4075 551 4130 tioni
578 4076 858 4131 universali
879 4078 1179 4146 privatorim
1201 4093 1317 4148 qure
1333 4081 1595 4144 enuntiat,
1630 4081 1803 4132 omnis
1827 4077 1988 4130 homo
2016 4047 2062 4111 Ο
2092 4079 2293 4132 vatoria
2319 4094 2439 4147 quae.
2462 4080 2729 4147 proponit,
2765 4094 2871 4133 non
2900 4078 3072 4131 omnis
3106 4076 3268 4132 homo
3302 4091 3385 4133 est
3417 4079 3667 4147 injustus.

416 4166 648 4237 injustus
677 4176 777 4231 est,
822 4177 877 4223 et
905 4169 1241 4223 afﬁrmationi
1284 4170 1568 4225 universali
1612 4170 1831 4224 inﬁnitae
1870 4183 1990 4238 qum

411 4259 562 4327 dicit,
587 4261 764 4315 omnis
788 4270 870 4315 est
897 4261 1057 4315 homo
1086 4277 1187 4315 non
1214 4260 1414 4332 ju-tus,
1444 4262 1715 4334 angularia
1735 4270 1836 4316 est.
1860 4261 1988 4316 Item

411 4352 627 4420 negatio
657 4353 987 4419 particularis
1015 4354 1237 4423 simplex
1276 4370 1397 4425 quae
1424 4365 1529 4420 est,
1560 4370 1663 4409 non
1691 4356 1868 4409 omnis
1909 4365 1993 4410 εει

418 4445 581 4499 homo
597 4444 792 4519 justus,
843 4448 1111 4516 negatinni
1164 4449 1465 4517 particulari
1518 4449 1821 4519 privaturiae
1874 4461 1992 4519 quae

416 4535 568 4598 dicit,
601 4518 712 4590 non.
733 4536 905 4593 omnis
933 4548 1019 4593 est
1042 4538 1203 4593 homo
1230 4538 1479 4610 iniustus,
1508 4551 1558 4593 et
1580 4541 1844 4610 negationi
1869 4518 1993 4608 par-

417 4631 627 4688 ticulari
657 4633 877 4689 inﬁnita!
906 4650 1025 4705 qua:
1062 4635 1330 4705 proponit,
1358 4652 1463 4690 non
1491 4638 1667 4691 omnis
1709 4645 1793 4691 est
1836 4636 1996 4691 homo

417 4742 524 4784 non
545 4728 741 4797 justus,
769 4730 1054 4799 angulares
1080 4738 1206 4784 sunt
1232 4730 1391 4799 igitur
1418 4729 1802 4784 aflirniationes
1841 4729 1992 4783 afﬁr-

417 4815 769 4880 mationibus,
818 4824 873 4869 et
919 4816 1232 4885 negationes
1279 4818 1663 4887 negationilius,
1715 4816 1999 4887 angulares

417 4917 541 4963 sunt
562 4918 619 4963 et
649 4908 701 4962 in
728 4908 915 4962 ordine
938 4907 1336 4963 indeﬁnitarum
1368 4909 1788 4978 propositionum
1833 4917 1889 4963 et
1943 4911 1998 4963 in

417 5000 603 5056 ordine
630 4999 995 5068 deﬁnitarum,
1024 5002 1279 5070 quocirca
1308 5002 1374 5055 de
1400 5014 1583 5057 earum
1610 5002 1993 5071 consequentia

417 5095 798 5164 speculandum
828 5102 931 5148 est.
966 5092 1172 5147 Dictum
1212 5101 1297 5148 est
1324 5095 1467 5153 enim
1496 5095 1643 5164 prius
1674 5093 1815 5163 quod
1852 5092 1999 5148 afﬁr-

422 5188 706 5241 niationem
740 5184 1069 5240 indeﬁnitam
1108 5185 1404 5255 simplicem
1453 5195 1768 5255 sequeretur
1817 5187 1997 5255 priva-

421 5279 551 5331 toria
575 5286 628 5331 et
659 5276 861 5331 inﬁnita
893 5277 1131 5346 negatio,
1163 5291 1257 5332 eas
1285 5291 1415 5333 vero
1434 5278 1660 5346 simplex
1712 5278 1999 5333 afﬁrmatio

420 5385 525 5436 non
555 5378 893 5439 sequeretur,
920 5384 1109 5425 rursus
1135 5370 1394 5424 inﬁnitam
1422 5370 1830 5425 afﬁrmationem
1847 5412 1862 5436 ,
1889 5372 1999 5440 pri-

420 5466 789 5532 vatoriamque
809 5464 1220 5519 afﬁrmationem
1246 5465 1485 5534 sequitur
1510 5463 1738 5533 simplex
1767 5465 1998 5533 negatio,

422 5558 511 5613 lia:
526 5571 655 5611 vero
666 5555 1004 5625 negationem
1022 5557 1320 5625 simplicem
1342 5571 1447 5611 non
1466 5564 1783 5625 sequuntur.
1800 5556 2005 5613 Rursus

423 5652 469 5706 si
500 5649 622 5720 quis
651 5650 718 5703 ad
744 5645 987 5701 ordinem
1024 5647 1365 5701 deﬁnitarum
1389 5647 1658 5716 respiciat,
1687 5646 1825 5701 idem
1858 5650 2003 5703 inve-

426 5744 560 5808 niet,
592 5738 1011 5795 afﬁrmationem
1053 5754 1286 5810 namque
1324 5741 1676 5795 universalem
1708 5742 2002 5810 simplicem

429 5844 670 5911 sequitur
689 5830 1029 5906 particularis
1049 5832 1336 5901 privatoria
1359 5834 1571 5903 negatio
1590 5844 1644 5889 et
1667 5834 2004 5901 particularis

2026 5418 2082 5481 D

2092 4170 2351 4236 Quocirca
2384 4171 2542 4225 etiam
2579 4170 2915 4240 particularis
2952 4172 3162 4241 negatio
3207 4170 3496 4240 privatnria
3553 4171 3671 4224 uni-

2091 4262 2287 4317 versali
2334 4263 2562 4331 simplici
2611 4260 3270 4317 afﬁrmatioidconsentit.
3303 4260 3669 4330 Sequitnrigi-

2095 4366 2179 4410 tur
2205 4369 2325 4409 eam
2365 4368 2489 4425 qua:
2530 4354 2676 4419 dicit,
2706 4354 2875 4407 omnis
2908 4362 2984 4408 est
3039 4350 3198 4405 homo
3240 4350 3417 4421 justus
3460 4350 3673 4403 univer-

2095 4446 2263 4500 salem
2294 4446 2501 4501 scilicet
2531 4444 2830 4514 simplicem
2858 4441 3293 4506 affirmationem,
3325 4458 3385 4495 ea
3407 4456 3524 4511 qua:
3555 4455 3674 4509 pro-

2095 4536 2263 4604 ponit,
2308 4551 2413 4589 non
2472 4535 2646 4588 omnis
2694 4543 2778 4588 est
2830 4533 2990 4586 homo
3036 4532 3283 4597 injustns,
3339 4531 3675 4601 particularis

2097 4627 2309 4695 negatio
2332 4628 2646 4694 privatoria,
2671 4624 2765 4678 scd
2787 4624 2908 4677 huic
2934 4622 3238 4692 particulari
3270 4625 3537 4691 negationi
3569 4622 3676 4691 pri-

2100 4719 2347 4782 vatoriae,
2396 4733 2515 4788 quae
2543 4705 2694 4779 dicit,
2740 4732 2847 4771 non
2891 4716 3066 4769 omnis
3107 4725 3189 4771 est
3219 4716 3379 4769 homo
3423 4714 3671 4785 injustus,

2098 4809 2367 4865 consentit
2396 4808 2733 4879 particularis
2762 4807 2967 4862 inﬁnita
2990 4808 3220 4876 negatio,
3247 4822 3365 4877 qute
3386 4809 3536 4873 dicit,
3569 4823 3674 4862 non

2097 4901 2272 4956 omnis
2303 4909 2388 4955 est
2414 4901 2572 4954 homo
2600 4915 2707 4955 non
2735 4900 2933 4970 justus,
2963 4908 3019 4955 et
3046 4915 3230 4955 verum
3256 4910 3339 4955 est
3364 4900 3409 4954 si
3434 4917 3537 4954 non
3563 4915 3677 4954 om-

2102 4993 2183 5048 nis
2208 5001 2292 5047 est
2317 4993 2478 5046 liomo
2502 4990 2752 5062 injustus,
2785 4992 3035 5061 quoniam
3072 5006 3175 5046 non
3206 4993 3380 5046 omnis
3405 5002 3485 5045 est
3516 4990 3678 5046 homo

2101 5102 2209 5141 non
2250 5085 2447 5156 justus,
2501 5085 2640 5140 idem
2672 5087 2814 5139 enim
2846 5094 2932 5139 est
2958 5099 3076 5140 esse
3118 5084 3369 5155 injustum
3401 5083 3541 5154 quod
3574 5100 3677 5137 non

2096 5178 2321 5248 justum,
2351 5180 2443 5233 sed
2478 5178 2812 5245 particularis
2842 5177 3127 5247 privatoria
3182 5177 3394 5248 negatio
3444 5176 3681 5245 sequitur

2103 5278 2401 5348 simplicem
2433 5279 2783 5333 universalem
2820 5276 3242 5331 afﬁrmationem.
3278 5276 3483 5331 Inﬁnita
3519 5279 3681 5347 igitur

2105 5371 2318 5441 negatio
2342 5370 2669 5441 particularis
2691 5369 2931 5440 sequitur
2946 5369 3241 5438 simplicem
3271 5370 3677 5423 afﬁrmationeni

2108 5463 2489 5526 universalem,
2513 5463 2666 5531 eique
2692 5461 2977 5525 consentit,
3002 5460 3044 5513 si
3071 5461 3214 5528 prius
3236 5460 3520 5514 afﬁrmatio
3550 5461 3676 5514 uni-

2107 5553 2327 5608 versalis
2355 5568 2477 5607 vera
2511 5553 2597 5605 sit.
2625 5551 2881 5616 Quocirca
2920 5564 3037 5605 eam
3067 5566 3185 5620 quae
3214 5550 3364 5617 dicit,
3394 5554 3569 5607 omnis
3597 5563 3679 5607 est

2108 5643 2268 5700 homo
2308 5644 2502 5713 justus,
2551 5641 2903 5696 univerSaIem
2933 5642 3228 5711 simplicem
3263 5644 3677 5700 afﬁrmationem

2107 5744 2402 5805 sequuntur
2429 5736 2541 5788 sine
2572 5734 2734 5787 dubio
2761 5733 3098 5802 particularis
3124 5736 3330 5805 negatio
3358 5738 3669 5806 privatoria,

2107 5843 2213 5888 non
2240 5828 2414 5885 omnis
2441 5837 2525 5884 est
2548 5828 2706 5905 homo
2748 5826 2997 5896 iniustus,
3021 5818 3074 5884 εἰ
3104 5830 3434 5899 particularis
3462 5832 3679 5903 negatio
