4270 6266
619 312 724 369 5.ιό

1839 307 1949 363 ΑΝ.
1992 305 2200 362 MANL.
2242 302 2397 364 SEV.
2437 304 2659 362 BOETll

3778 306 3884 366 5M

620 431 822 488 infinita
860 444 964 485 non
1012 427 1186 482 omnis
1211 438 1294 483 est
1318 426 1479 481 homo
1510 441 1614 481 non
1654 426 1849 497 justus.
1901 431 2076 495 Quare
2114 428 2203 481 hic
2228 430 2281 486 Α
2307 426 2485 492 Quare
2514 430 2755 496 sequitur
2800 443 3012 501 quoque
3051 430 3387 498 particularis
3416 426 3625 498 negatio
3655 426 3881 495 simplex

619 543 830 597 quoque
857 524 1266 577 affirmationem
1299 522 1606 591 negationes
1644 530 1958 590 sequuntur,
1982 521 2073 575 sed
2100 521 2200 576 hoc

620 636 723 675 non
750 617 1108 680 convertitur;
1135 616 1385 685 quoniam
1416 614 1560 670 enim
1586 615 1669 679 fut
1690 615 1888 669 dictum
1916 621 2020 682 est)
2048 631 2200 684 nega-

618 711 692 765 tio
725 708 1058 776 particularis
1090 706 1379 776 privatoria
1425 720 1544 775 quas
1572 705 1719 770 dicit,
1774 722 1879 761 non
1915 707 2091 761 omnis
2117 720 2200 761 est

617 802 779 856 homo
810 801 1059 870 injustus,
1084 799 1677 885 consentitparticulari
1705 798 2049 854 affirmationi
2070 802 2199 855 sim-

618 892 763 959 plici.
813 895 859 947 ei
892 893 1095 947 scilicet
1122 908 1241 961 qua:
1270 891 1417 955 dicit,
1439 891 1653 961 quidam
1689 892 1849 945 homo
1883 891 2060 961 justus
2088 902 2190 951 est.

616 985 761 1039 lianc
791 994 964 1037 autem
995 982 1363 1049 particularem
1389 982 1798 1037 affirmationem
1828 996 1934 1036 non
1956 984 2196 1053 sequitur

614 1075 937 1129 universalis
984 1074 1304 1141 affirmatio,
1356 1088 1527 1143 neque
1578 1073 1722 1128 enim
1776 1074 1819 1127 si
1879 1088 2064 1129 verum
2114 1084 2197 1129 est

614 1168 893 1237 quvtndam
924 1166 1193 1219 hominem
1226 1180 1345 1219 esse
1370 1164 1595 1232 justum,
1631 1164 1828 1219 idcirco
1854 1163 1964 1233 jam
1993 1173 2047 1219 et
2074 1179 2195 1219 om-

614 1277 735 1316 nem
764 1276 883 1315 esse
914 1260 1177 1313 hominem
1215 1258 1422 1334 justum
1470 1272 1692 1313 necesse
1736 1268 1838 1314 eSt.
1883 1258 2059 1325 Quare
2087 1274 2192 1314 non

614 1353 853 1422 sequitur
902 1352 1187 1405 aftirtnatio
1242 1351 1558 1405 universalis
1597 1351 1847 1419 simplex,
1878 1351 2056 1405 omnis
2110 1361 2193 1407 est

616 1444 777 1499 hiqu
810 1444 1013 1510 justus,
1056 1442 1466 1497 affirmationem
1524 1442 1922 1511 particularem,
1979 1442 2193 1512 quidam

614 1537 775 1592 homo
813 1548 893 1591 est
920 1538 1113 1604 justus,
1144 1546 1310 1606 pote5t
1346 1537 1488 1591 enim
1521 1534 1619 1589 hac
1652 1550 1798 1601 vera,
1832 1536 1882 1588 id
1917 1547 1993 1589 est
2028 1536 2192 1603 parti-

613 1630 778 1683 culari
812 1629 1129 1682 universalis
1158 1642 1277 1683 esse
1305 1627 1457 1693 falsa,
1485 1627 1578 1681 sed
1607 1626 1942 1695 particularis
1962 1626 2192 1681 affirma-

614 1720 687 1773 tio
719 1718 939 1787 simplex
972 1718 1280 1789 particulari
1300 1716 1566 1788 negatimii
1587 1717 1883 1784 privatorizc
1903 1717 2187 1781 consentit,

2304 534 2421 589 qum
2469 530 2569 581 est,
2615 537 2720 575 non
2763 524 2940 576 omnis
2968 536 3051 578 est
3096 522 3257 579 homo
3299 524 3495 593 justus,
3524 522 3878 577 universalem

2299 610 2710 667 affirmationem
2754 614 3011 669 infinitam
3056 631 3174 685 qua:
3206 616 3367 682 'dicit,
3397 615 3571 669 omnis
3612 624 3691 668 cst
3719 612 3879 666 homo

2300 719 2405 759 non
2453 706 2651 773 jusms,
2708 708 2794 761 hic
2843 724 3055 777 queque
3109 711 3495 767 affirmationes
3551 708 3877 764 universales

2300 799 2641 869 privatoriam
2670 810 2828 872 atque
2860 803 3119 857 infinitam
3148 805 3386 873 sequitur
3423 803 3759 874 particularis
3786 816 3877 855 ne-

2295 893 2440 964 gatio
2468 895 2689 964 simplex
2718 910 2839 965 qute
2864 904 2966 959 est.
2998 912 3102 951 non
3154 896 3328 951 omnis
3356 906 3440 951 est
3486 896 3647 950 homo
3674 894 3873 962 justus,

2253 1053 2264 1065 _
2298 988 2393 1043 sed
2423 1004 2525 1041 non
2552 989 2905 1045 convertitur.
2935 988 3141 1045 Etenim
3163 990 3411 1059 quoniam
3439 988 3737 1057 simplicem
3783 1000 3877 1039 ne-

2298 1080 2565 1150 gationem
2582 1080 2956 1152 particularem
2978 1097 3096 1150 quae
3115 1082 3264 1139 dicit.
3291 1098 3394 1135 non
3409 1080 3586 1134 omnis
3608 1087 3692 1131 est
3714 1077 3878 1130 homo

2295 1170 2488 1241 justus,
2537 1187 2641 1225 non
2687 1174 2930 1242 sequitur
2969 1173 3282 1228 universalis
3320 1174 3533 1241 negatio
3582 1186 3701 1239 qua:
3750 1182 3874 1239 pro-

2298 1264 2469 1333 ponit,
2514 1263 2687 1317 nullus
2735 1264 2895 1318 homo
2944 1264 3117 1333 justus
3162 1273 3265 1325 est.
3296 1279 3467 1333 neque
3497 1264 3638 1316 enim
3669 1261 3715 1314 si
3746 1275 3871 1313 vera

2298 1366 2397 1422 est,
2443 1372 2548 1411 non
2597 1372 2810 1412 omnem
2842 1357 3110 1412 hominem
3156 1372 3276 1413 esse
3323 1357 3545 1426 jusmm,
3592 1369 3719 1408 Vera
3767 1356 3874 1416 εει.

2297 1450 2499 1504 nullum
2532 1448 2801 1504 hominem
2822 1449 3180 1518 essejustum.
3202 1449 3323 1503 Haec
3349 1456 3548 1511 autem,
3581 1446 3632 1500 id
3656 1454 3738 1500 est
3760 1443 3880 1497 uni-

2297 1542 2521 1595 versatis
2535 1540 2759 1607 simplex
2787 1540 3023 1612 negatio,
3047 1540 3601 1607 consentitunumque
3618 1535 3879 1604 significat

2296 1622 2416 1687 eum
2440 1630 2794 1687 affirmatione
2817 1632 3104 1686 universali
3135 1631 3421 1701 privatoria
3454 1646 3470 1695 ;
3504 1643 3608 1683 non
3640 1636 3879 1697 sequitur

2296 1721 2454 1791 igitur
2502 1722 2817 1778 universalis
2863 1722 3176 1778 affirmativa
3220 1738 3340 1793 qua:
3366 1722 3543 1786 dicit,‘
3571 1722 3747 1774 omnis
3796 1726 3880 1773 est

614 1826 777 1881 quare
808 1826 905 1863 nec
933 1811 1276 1879 privatoriam
1304 1808 1677 1880 particularem
1703 1809 2036 1877 negationem
2067 1809 2194 1863 Sim-
2227 1810 2274 1871 B
2299 1815 2460 1869 homo
2498 1814 2746 1885 iujustus.
2785 1815 3091 1885 Simplicem
3131 1815 3504 1885 partieularem
3538 1813 3873 1883 negationem

615 1904 733 1971 plvx
756 1903 1041 1957 afﬁrmatio
1068 1903 1309 1973 sequitur
1338 1902 1681 1958 universalis.
1726 1902 1853 1955 Eam
1886 1900 2046 1969 igitur
2074 1915 2192 1969 quze

613 1995 763 2059 dicit,
800 2014 903 2050 non
949 1997 1122 2050 omnis
1178 2005 1260 2050 est
1303 1995 1465 2050 homo
1515 1995 1764 2063 injustus,
1814 2008 1919 2047 non
1958 1992 2195 2063 sequitur

612 2086 893 2141 affirmatio
938 2088 1253 2143 universalis
1284 2087 1513 2157 simplex
1551 2101 1670 2153 qua:
1716 2086 1983 2155 proponit,
2016 2085 2194 2139 onluis

613 2178 774 2233 homo
810 2179 985 2249 jusms
1017 2191 1120 2246 est,
1150 2182 1244 2235 sed
1283 2182 1619 2251 particularis
1649 2180 1937 2248 privatoria
1981 2180 2193 2248 negatio

612 2271 880 2327 consentit
931 2273 1235 2341 particulari
1287 2272 1559 2344 uegationi
1600 2272 1841 2340 infinitae,
1876 2272 2193 2325 univerSaiis

616 2363 777 2433 igitur
806 2364 1091 2420 affirmatio
1135 2366 1360 2434 simplex
1390 2382 1496 2420 non
1541 2364 1783 2429 sequitur
1816 2365 2192 2435 particularem

616 2459 950 2527 negationem
982 2460 1261 2513 infinitam.
1291 2460 1362 2513 Ea
1390 2460 1549 2529 igitur
1574 2475 1692 2529 qua:
1725 2459 1872 2525 dicit,
1912 2460 2087 2513 omnis
2112 2466 2196 2513 est

618 2550 779 2603 homo
826 2551 1020 2619 justus,
1054 2554 1337 2607 affirmatio
1366 2554 1679 2608 universalis
1707 2553 1936 2622 simplex
1971 2570 2074 2607 nou
2102 2568 2190 2609 se-

614 2643 793 2711 quitur
815 2657 932 2697 eam
960 2661 1077 2715 qua:
1104 2646 1253 2706 dicit.
1278 2661 1381 2699 non
1407 2646 1580 2700 omnis
1600 2656 1679 2701 est
1706 2648 1865 2701 homo
1885 2664 1989 2700 non
2022 2646 2192 2714 iustus

616 2735 991 2806 particularem
1025 2736 1281 2791 infinitam
1332 2738 1693 2806 negationem.
1733 2739 1859 2792 Dure
1906 2740 2065 2808 igitur
2097 2758 2191 2798 ne-

584 2894 587 2897 _
613 2827 854 2901 gationes
887 2827 1087 2882 infinita
1118 2843 1164 2884 et
1200 2829 1487 2899 privatoria
1518 2830 1863 2898 particulares
1894 2844 2190 2900 sequuntur

610 2922 963 2977 universalem
1018 2922 1429 2977 affirmationem
1480 2922 1804 2989 simplicem,
1838 2922 1975 2976 sicut
2024 2923 2076 2977 in
2105 2924 2188 2978 his

608 3030 822 3086 quoque
848 3026 958 3071 erat
1001 3032 1119 3085 qua:
1157 3024 1284 3071 sunt
1330 3015 1639 3071 indefinitaz.
1678 3015 1803 3069 Dure
1844 3016 1985 3070 enim
2032 3031 2193 3086 nega-

609 3106 782 3161 tiones
837 3106 1039 3161 infinita
1086 3117 1141 3161 et
1198 3109 1489 3178 privatoria
1548 3108 1833 3163 indelinitaa
1888 3109 2189 3178 simplicem

2298 1920 2415 1976 qua:
2447 1907 2716 1975 proponit,
2744 1921 2849 1960 non
2876 1907 3049 1960 omnis
3079 1916 3162 1960 est
3191 1906 3350 1959 homo
3373 1906 3570 1974 justus,
3614 1904 3750 1957 sicut
3780 1913 3880 1956 nec

2297 1995 2540 2052 eamdem
2566 1999 2943 2066 particularem
2964 1998 3297 2068 negationem
3323 1995 3639 2050 universalis
3670 1993 3879 2065 negatio

2295 2080 2637 2159 sequebatur,
2672 2090 2768 2145 sed
2790 2091 3073 2159 privatoria
3098 2090 3420 2145 univerSalis
3444 2087 3729 2143 affirmatio
3752 2102 3881 2143 con-

2294 2180 2458 2235 sentit
2482 2195 2602 2235 cum
2636 2182 2840 2236 infinita
2862 2181 3220 2237 affirmatione
3239 2181 3549 2237 universali.
3574 2180 3737 2252 Igitur
3762 2196 3879 2250 par-

2298 2271 2572 2326 tieularem
2599 2276 2934 2342 negationem
2958 2288 3078 2343 quae
3104 2272 3256 2338 dicit,
3283 2288 3390 2327 non
3418 2272 3592 2327 omnis
3613 2281 3695 2327 est
3719 2270 3878 2326 homo

2290 2363 2488 2434 justus,
2536 2364 2851 2419 universalis
2894 2363 3183 2419 affirmatio
3230 2364 3435 2420 infinita
3487 2380 3593 2419 non
3638 2366 3878 2435 sequitur

2295 2470 2412 2526 quae
2440 2457 2709 2526 proponit,
2732 2459 2908 2512 omnis
2936 2464 3020 2512 est
3050 2460 3208 2513 homo
3239 2472 3345 2511 non
3375 2456 3564 2527 justus.
3591 2457 3767 2523 Quare
3788 2458 3875 2516 hic

2294 2560 2508 2616 quoque
2536 2548 2920 2603 affirmationes
2959 2548 3093 2604 duas
3124 2550 3475 2616 universales,
3507 2550 3560 2604 id
3593 2560 3673 2606 i-st
3704 2552 3878 2621 privzf-

2295 2642 2484 2695 toriam
2532 2654 2689 2712 atque
2721 2642 3001 2707 infinitam,
3032 2645 3369 2712 particularis
3399 2644 3627 2712 simplex
3657 2646 3872 2715 negatio

2293 2734 2552 2798 sequitur,
2581 2732 2715 2788 sicut
2742 2732 3133 2789 affirmationes
3156 2734 3291 2789 duas
3316 2749 3529 2805 quoque
3579 2735 3879 2794 indefinitas

2291 2821 2638 2893 privatoriam
2668 2833 2827 2894 atque
2870 2824 3129 2879 infinitam
3183 2828 3427 2897 uegativa
3470 2827 3742 2884 indefinita
3790 2844 3878 2885 se-

2293 2918 2575 2985 quebatur,
2620 2917 2714 2971 sed
2744 2918 2863 2972 dua:
2886 2918 3271 2974 affirmationes
3318 2922 3651 2978 universales
3700 2924 3879 2993 priva-

2293 3007 2427 3062 to:ia
2449 3021 2500 3061 et
2548 3008 2822 3064 indefinita
2854 3025 2958 3063 non
2987 3020 3283 3080 sequuntur
3330 3010 3713 3080 particularetu
3745 3015 3875 3069 sim-

2295 3104 2489 3175 plicem
2549 3105 2906 3173 negationem,
2954 3106 3091 3161 sicut
3141 3106 3260 3160 duae
3313 3122 3527 3178 quoque
3590 3108 3880 3165 indefinitzn

607 3199 977 3255 affirmativam
1001 3201 1363 3270 sequebantur
1386 3201 1735 3261 indefinitam.
1761 3201 1853 3256 sed
1882 3218 1988 3256 non
2030 3217 2188 3258 econ-
2213 3187 2262 3251 Ο
2288 3196 2676 3253 affirmationes
2706 3197 2992 3265 privatoria
3018 3209 3073 3253 et
3098 3199 3299 3254 infinita
3320 3200 3617 3270 simplicem
3641 3204 3880 3272 negatio-

607 3304 783 3355 verso,
815 3294 1100 3347 affirmatio
1144 3294 1286 3348 enim
1335 3295 1649 3350 universalis
1691 3295 1921 3362 simplex
1952 3310 2055 3349 non
2102 3311 2190 3351 se-

607 3384 787 3452 quitur
819 3387 1125 3453 negationes
1163 3388 1540 3453 particularem
1583 3386 1842 3441 inﬁnitam
1876 3397 1928 3442 et
1956 3389 2189 3457 privato-

610 3472 762 3537 riam,
789 3472 926 3527 sicut
955 3491 1054 3528 nec
1095 3475 1368 3530 indefinita
1400 3493 1612 3548 quoque
1634 3478 1921 3533 affirmatio
1947 3480 2187 3548 simplex

607 3562 906 3618 indefinitav
946 3566 1265 3633 sequebatur
1296 3570 1605 3636 negationes
1654 3570 2000 3640 privatoriam
2026 3583 2189 3644 atque

606 3656 886 3712 infinitam.
917 3658 1092 3726 Quare
1130 3664 1180 3713 in
1213 3660 1313 3715 huc
1344 3678 1449 3717 uno
1492 3662 1677 3717 ordine
1729 3665 1978 3719 similiter
2008 3682 2066 3722 se
2096 3668 2190 3720 ha-

606 3746 732 3802 bent
755 3749 985 3805 definitae
1011 3752 1090 3806 his
1111 3768 1227 3821 qua:
1251 3764 1376 3808 sunt
1408 3753 1718 3822 indefinite;
1744 3757 2021 3824 aequaliter
2042 3757 2187 3813 enim

607 3840 1053 3899 affirmatinuihus
1097 3844 1237 3900 veris
1281 3862 1421 3901 verae
1472 3858 1596 3902 sunt
1642 3850 1973 3917 negationes,
2026 3866 2187 3920 nega-

607 3936 809 3989 tionum
842 3939 1118 3992 veritatem
1138 3938 1551 3994 affirmatinnum
1577 3942 1775 3995 veritas
1792 3956 1895 3995 nun
1923 3944 2183 4011 sequitur,

607 4041 705 4082 nec
735 4027 785 4080 in
817 4026 903 4083 his'
923 4030 1209 4083 consentit.
1246 4030 1451 4086 Rursus
1483 4031 1532 4084 in
1574 4031 1793 4085 alteram
1824 4042 2027 4101 partem
2061 4048 2184 4101 per-

604 4122 894 4192 spiciamus
942 4123 1386 4192 quemadmodum
1417 4124 1803 4181 affirmationes
1832 4127 2181 4193 universales,

604 4217 947 4286 privatoriam
973 4219 1178 4272 scilicet
1206 4229 1259 4273 et
1287 4218 1571 4284 infinitam,
1605 4220 1943 4289 particularis
1971 4224 2184 4284 negatio

604 4309 826 4377 simplex
847 4319 1120 4378 sequatur,
1146 4324 1373 4377 namque
1391 4311 1747 4365 universalem
1770 4312 2181 4366 affirmationem

604 4402 968 4471 privatoriam,
988 4402 1162 4455 omnis
1187 4410 1269 4453 est
1291 4401 1451 4455 homo
1476 4401 1725 4469 injustus,
1750 4402 1992 4472 sequitur
2013 4401 2177 4471 parti-

602 4496 798 4551 cularis
828 4498 1039 4566 negatio
1061 4496 1308 4564 simplex,
1344 4512 1449 4550 non
1472 4496 1647 4549 omnis
1676 4506 1759 4550 est
1797 4496 1957 4551 homo
1980 4498 2177 4566 justus,

2296 3304 2417 3343 nem
2444 3305 2547 3342 non
2572 3288 2955 3359 sequebantur.
2987 3288 3246 3346 Similiter
3268 3292 3427 3362 igitur
3455 3309 3515 3348 se
3545 3294 3740 3349 habent
3782 3295 3877 3350 de-

2292 3378 2456 3434 ﬁnita:
2500 3378 2788 3436 indefinitis
2831 3382 3124 3437 secundum
3171 3386 3627 3453 consequentiam:
3688 3389 3875 3456 Angu—

2292 3472 2431 3527 lares
2458 3488 2561 3527 non
2589 3474 2778 3528 eodem
2802 3473 2960 3527 modo
2989 3488 3048 3530 se
3076 3474 3292 3540 habent,
3318 3490 3437 3530 nam
3480 3475 3876 3535 indefinitarum

2296 3566 2721 3635 propositionum
2753 3566 3033 3637 angulares
3061 3567 3220 3621 simul
3251 3583 3403 3621 veras
3429 3582 3547 3623 esse
3593 3571 3879 3641 eontingit.

2292 3655 2424 3711 Nam
2474 3657 2521 3710 si
2552 3671 2735 3712 verum
2764 3666 2866 3725 est,
2897 3660 3147 3727 quoniam
3180 3668 3266 3714 est
3315 3659 3474 3713 homo
3514 3660 3717 3729 justus,
3760 3678 3877 3733 qua:

2291 3760 2371 3805 est
2420 3750 2693 3805 indefinita
2722 3749 3010 3807 affirmatio
3039 3752 3289 3821 simplex,
3325 3752 3463 3807 nihil
3494 3754 3740 3823 prohibet
3778 3772 3877 3812 ve-

2291 3857 2404 3896 ram
2430 3857 2553 3896 esse
2587 3846 2745 3897 etiaun
2778 3858 2898 3913 quae
2918 3843 3068 3912 dicit,
3092 3851 3177 3899 est
3207 3849 3367 3899 homo
3393 3844 3641 3914 injustas,
3668 3862 3719 3902 et
3751 3865 3870 3903 rur-

2290 3948 2382 3989 sus
2408 3949 2468 3988 ea
2489 3949 2608 4003 quae
2628 3933 2778 4000 dicit,
2804 3944 2887 3989 est
2911 3935 3071 3989 homo
3092 3950 3195 3990 non
3218 3936 3419 4006 justus,
3438 3953 3557 4006 qua:
3584 3948 3709 3993 sunt
3730 3939 3880 3997 inde-

2289 4027 2450 4082 finitin
2465 4027 2845 4082 affirmationes
2862 4029 3145 4097 privatoria
3169 4039 3218 4082 et
3252 4027 3478 4082 infinita.
3498 4028 3701 4085 Rursus
3725 4047 3879 4101 nega-
3955 4046 3968 4055 '

2288 4122 2462 4178 tiones
2502 4123 2872 4192 negationihus
2913 4138 3033 4191 quae
3082 4133 3206 4177 sunt
3237 4122 3519 4191 angulares
3571 4139 3727 4179 veras
3756 4141 3876 4182 esse

2286 4217 2564 4285 contingit,
2584 4226 2709 4272 utea
2728 4232 2845 4287 qua:
2865 4216 3013 4282 dicit,
3032 4233 3137 4271 non
3160 4226 3244 4272 est
3266 4217 3426 4272 homo
3445 4218 3646 4287 justus,
3671 4219 3715 4272 si
3744 4234 3871 4273 vera

2285 4318 2385 4374 est,
2420 4309 2548 4362 nihil
2578 4312 2823 4377 prohibet
2852 4324 3030 4363 veram
3063 4325 3184 4365 esse
3212 4308 3371 4365 etiam
3414 4325 3537 4380 quas
3568 4309 3718 4375 dicit,
3766 4325 3872 4368 non

2285 4413 2368 4457 est
2413 4401 2574 4456 homo
2626 4400 2875 4471 iniustus,
2921 4413 2975 4458 et
3018 4418 3136 4459 eam
3167 4420 3288 4475 qua:
3329 4402 3599 4474 proponit,
3645 4420 3751 4459 non
3790 4414 3899 4463 est'

2292 4492 2451 4551 homo
2482 4510 2585 4550 non
2620 4495 2815 4563 jusxus.
2866 4496 3163 4567 Angularcs
3190 4511 3322 4566 ergo
3351 4496 3455 4551 sibi
3488 4496 3789 4552 indelinitas
3818 4496 3872 4552 in

601 4604 664 4644 ea
702 4590 843 4643 enim
890 4606 1007 4656 qua:
1039 4590 1185 4653 dicit,
1217 4590 1393 4644 omnis
1435 4600 1517 4644 est
1565 4589 1727 4645 homo
1770 4590 2021 4661 injustus,
2053 4607 2183 4647 con-
2212 4563 2268 4626 D
2295 4588 2523 4643 veritate
2551 4590 2855 4643 consentire
2884 4589 3016 4643 nihil
3045 4588 3316 4660 prohibet,
3344 4589 3437 4643 sed
3470 4589 3521 4643 in
3555 4590 3637 4644 his
3671 4597 3873 4645 tantum

599 4682 763 4738 sentit
791 4682 1021 4751 simplici
1056 4682 1342 4737 universali
1370 4683 1636 4751 negationi
1678 4698 1798 4753 qua:
1824 4682 1972 4750 dicit,
2000 4684 2180 4741 nullus

600 4775 761 4829 homo
794 4776 970 4843 justus
995 4785 1094 4839 est,
1142 4790 1263 4829 nam
1304 4776 1347 4829 si
1381 4777 1554 4829 omnis
1581 4784 1666 4830 est
1714 4776 1874 4832 homo
1924 4776 2175 4845 injustus,

600 4871 774 4927 nullus
794 4879 877 4925 est
904 4873 1061 4925 homo
1077 4869 1273 4938 justus.
1308 4868 1413 4923 Sed
1441 4869 1600 4933 hanc,
1628 4868 1683 4923 id
1704 4880 1787 4925 est
1818 4871 2178 4925 universalem

596 4965 892 5033 simplicem
945 4962 1265 5033 negativam,
1317 4964 1560 5031 sequitur
1587 4962 1923 5031 particularis
1947 4963 2177 5030 simplex

597 5059 826 5127 negatio,
857 5070 981 5109 nam
1001 5055 1044 5108 si
1074 5068 1196 5107 vera
1227 5062 1308 5107 est
1328 5054 1575 5123 quoniam
1606 5053 1789 5107 nullus
1812 5052 1977 5107 homo
2004 5052 2182 5121 justus

596 5162 698 5216 est,
724 5163 848 5203 vera
878 5156 955 5202 est
985 5146 1237 5216 quoniam
1260 5162 1366 5200 non
1387 5144 1563 5200 omnis
1587 5143 1749 5197 homo
1764 5145 1937 5212 justus
1956 5151 2061 5211 est,
2084 5148 2180 5200 sed

596 5244 919 5303 universalis
970 5243 1183 5313 negatio
1235 5241 1464 5311 simplex
1536 5238 1823 5294 universali
1878 5240 2182 5308 privatoriaa

595 5340 939 5398 alfirmationi
987 5337 1276 5396 consentit.
1333 5332 1583 5403 Sequitur
1650 5347 1779 5402 ergo
1842 5334 2180 5402 particularis

595 5436 820 5505 simplex
847 5432 1057 5504 negatio
1076 5446 1195 5502 quae
1216 5439 1319 5496 est,
1348 5442 1451 5483 non
1483 5426 1657 5482 omnis
1686 5437 1767 5480 est
1792 5426 1953 5481 homo
1980 5426 2175 5497 justus,

596 5528 1379 5586 universalemaffirmationem
1402 5512 1746 5601 privatoriam
1770 5536 1888 5590 qua:
1904 5522 2175 5591 proponit,

596 5626 768 5679 omnis
790 5631 872 5678 est
902 5620 1068 5675 homo
1100 5620 1345 5686 iniustus,
1380 5615 1473 5671 sed
1522 5615 1638 5670 lucc
1690 5613 1981 5669 universali
2023 5611 2173 5666 affir-

598 5716 822 5771 mationi
850 5714 1073 5769 infinitae
1096 5712 1382 5777 consentit,
1407 5710 1548 5765 idem
1586 5710 1730 5765 enim
1761 5708 2024 5779 significat
2061 5722 2178 5762 om-

595 5807 681 5865 nis
706 5814 792 5864 est
819 5807 983 5863 homo
1004 5799 1254 5868 iniustus:
1279 5815 1336 5863 et
1362 5804 1536 5861 omnis
1551 5812 1632 5895 est
1657 5802 1819 5863 homo
1845 5816 1952 5861 non
1971 5801 2174 5868 justus.

2288 4681 2556 4747 terminis,
2583 4692 2640 4735 ut
2685 4680 2739 4735 in
2767 4681 3002 4736 secundo
3047 4682 3202 4752 hujus
3246 4683 3425 4752 opetis
3473 4683 3744 4738 volumine
3772 4682 3868 4737 do-

2284 4775 2513 4840 cuimus,
2543 4789 2662 4845 qua:
2689 4791 2863 4845 neque
2907 4774 3170 4829 naturalia
3212 4786 3337 4829 sunt
3363 4774 3539 4830 inesse
3567 4791 3741 4845 neque
3768 4773 3871 4830 im-

2285 4870 2579 4941 possibilia.
2622 4869 2678 4925 Si
2720 4871 2840 4939 quis
2864 4871 3008 4925 enim
3053 4870 3133 4924 sic
3162 4868 3324 4933 dicat,
3373 4878 3457 4925 est
3502 4871 3662 4925 homo
3709 4870 3871 4926 ratio-

2283 4963 2445 5027 nalis,
2476 4962 2601 5017 huic
2618 4962 2898 5031 angulares
2925 4976 3063 5017 verae
3084 4977 3204 5020 esse
3234 4978 3340 5017 non
3369 4971 3613 5032 possunt,
3650 4962 3733 5016 hae
3763 4964 3868 5018 sci-

2291 5053 2418 5108 licet
2447 5069 2565 5123 quae
2586 5053 2789 5121 dicunt,
2816 5064 2900 5107 est
2928 5053 3088 5108 homo
3116 5053 3462 5119 irrationalis,
3494 5062 3547 5107 et
3578 5068 3761 5108 rursus
3787 5063 3870 5108 est

2288 5144 2452 5200 homo
2497 5159 2602 5197 non
2650 5142 2943 5199 rationalis.
2990 5144 3339 5200 Rationalitas
3367 5146 3510 5200 enim
3544 5144 3748 5200 homini
3778 5160 3871 5213 per

2289 5230 2534 5295 naturam
2564 5239 2740 5304 inest;
2774 5238 3019 5293 similiter
3043 5247 3221 5295 autem
3250 5247 3305 5293 et
3343 5237 3410 5293 de
3443 5238 3870 5307 impossibilihus

2288 5332 2575 5389 dicendum
2624 5339 2725 5396 est,
2756 5331 2895 5402 quod
2929 5331 2973 5385 si
3011 5332 3119 5385 sint
3168 5330 3293 5385 talia
3322 5345 3443 5400 qua:
3468 5344 3642 5402 neque
3674 5331 3870 5399 impos-

2288 5424 2460 5480 sibilia
2489 5423 2597 5478 sint
2618 5424 2811 5491 inesse,
2838 5438 2936 5477 nec
2962 5422 3221 5477 naturalia
3246 5423 3353 5475 sint
3401 5421 3598 5485 inesse,
3634 5432 3690 5473 ut
3722 5423 3774 5475 in
3805 5436 3868 5474 ea

2284 5519 2648 5590 propositione
2687 5535 2805 5588 qua:
2853 5517 3003 5580 dicit,
3046 5528 3126 5571 est
3172 5516 3331 5571 homo
3379 5517 3577 5585 justus,
3608 5518 3867 5583 jtls‘liiiatu

2283 5628 2456 5682 neque
2500 5612 2792 5666 naturalem
2825 5623 2944 5664 esse.
2974 5623 3198 5664 necesse
3236 5618 3319 5663 cst
3351 5608 3573 5673 homini,
3623 5626 3721 5663 nec
3768 5611 3860 5661 im-

2281 5709 2538 5782 possibile
2566 5708 2767 5773 inesse,
2799 5705 3140 5763 manifestum
3168 5715 3270 5771 est,
3305 5706 3558 5781 quoniam
3585 5716 3865 5779 angutares

2282 5801 2499 5862 sibimet
2526 5815 2741 5869 semper
2777 5799 2833 5859 in
2876 5799 3103 5858 veritate
3147 5798 3517 5868 consentiunt,
3562 5807 3726 5869 atque
3767 5799 3867 5855 hcc
