  <div class='ocr_page' id='page_1' title='image "/cluster/home/n/w/nwhite01/storage/ocr_20150623/64/hvd.32044073505265/278.png"; bbox 0 0 4270 6266; ppageno 0'>
   <div class='ocr_carea' id='block_1_1' title="bbox 440 102 471 163">
    <p class='ocr_par' dir='ltr' id='par_1_1' title="bbox 440 102 471 163">
     <span class='ocr_line' id='line_1_1' title="bbox 440 102 471 163; baseline 0 -46"><span class='ocrx_word' id='word_1_1' title='bbox 440 102 471 163; x_wconf 42' lang='grc' dir='ltr'>ὅ</span> 
     </span>
    </p>
   </div>
   <div class='ocr_carea' id='block_1_2' title="bbox 339 275 445 332">
    <p class='ocr_par' dir='ltr' id='par_1_2' title="bbox 339 275 445 332">
     <span class='ocr_line' id='line_1_2' title="bbox 339 275 445 332; baseline 0 0"><span class='ocrx_word' id='word_1_2' title='bbox 339 275 445 332; x_wconf 68' lang='grc'><strong>545</strong></span> 
     </span>
    </p>
   </div>
   <div class='ocr_carea' id='block_1_3' title="bbox 1081 274 2887 357">
    <p class='ocr_par' dir='ltr' id='par_1_3' title="bbox 1081 274 2887 357">
     <span class='ocr_line' id='line_1_3' title="bbox 1081 274 2887 357; baseline 0.003 -24"><span class='ocrx_word' id='word_1_3' title='bbox 1081 275 1149 334; x_wconf 79' lang='lat' dir='ltr'><strong>IN</strong></span> <span class='ocrx_word' id='word_1_4' title='bbox 1183 275 1438 357; x_wconf 68' lang='lat' dir='ltr'><strong>LLBBUM</strong></span> <span class='ocrx_word' id='word_1_5' title='bbox 1479 275 1565 333; x_wconf 86' lang='lat' dir='ltr'><strong>DE</strong></span> <span class='ocrx_word' id='word_1_6' title='bbox 1602 274 2249 333; x_wconf 80' lang='lat' dir='ltr'><strong>INTERPRETATIONE</strong></span> <span class='ocrx_word' id='word_1_7' title='bbox 2288 275 2512 335; x_wconf 83' lang='lat' dir='ltr'><strong>EBITIO</strong></span> <span class='ocrx_word' id='word_1_8' title='bbox 2549 278 2887 340; x_wconf 73' lang='lat' dir='ltr'><strong>SECUNDA.</strong></span> 
     </span>
    </p>
   </div>
   <div class='ocr_carea' id='block_1_4' title="bbox 3497 277 3604 337">
    <p class='ocr_par' dir='ltr' id='par_1_4' title="bbox 3497 277 3604 337">
     <span class='ocr_line' id='line_1_4' title="bbox 3497 277 3604 337; baseline 0.019 -2"><span class='ocrx_word' id='word_1_9' title='bbox 3497 277 3604 337; x_wconf 71' lang='grc'><strong>546</strong></span> 
     </span>
    </p>
   </div>
   <div class='ocr_carea' id='block_1_5' title="bbox 339 391 3601 468">
    <p class='ocr_par' dir='ltr' id='par_1_5' title="bbox 339 391 3601 468">
     <span class='ocr_line' id='line_1_5' title="bbox 339 391 3601 468; baseline 0.001 -22"><span class='ocrx_word' id='word_1_10' title='bbox 339 392 477 447; x_wconf 88' lang='lat' dir='ltr'><strong>idem</strong></span> <span class='ocrx_word' id='word_1_11' title='bbox 508 391 575 449; x_wconf 93' lang='lat' dir='ltr'><strong>de</strong></span> <span class='ocrx_word' id='word_1_12' title='bbox 603 392 861 464; x_wconf 86' lang='lat' dir='ltr'><strong>negativis</strong></span> <span class='ocrx_word' id='word_1_13' title='bbox 890 408 1101 465; x_wconf 88' lang='lat' dir='ltr'><strong>quoque</strong></span> <span class='ocrx_word' id='word_1_14' title='bbox 1138 394 1481 465; x_wconf 79' lang='lat' dir='ltr'><strong>angularibus</strong></span> <span class='ocrx_word' id='word_1_15' title='bbox 1524 404 1671 449; x_wconf 80' lang='lat' dir='ltr'><strong>recte</strong></span> <span class='ocrx_word' id='word_1_16' title='bbox 1700 392 1912 447; x_wconf 90' lang='lat' dir='ltr'><strong>dicitur.</strong></span> <span class='ocrx_word' id='word_1_17' title='bbox 1941 397 1996 461; x_wconf 73' lang='grc' dir='ltr'>Α</span> <span class='ocrx_word' id='word_1_18' title='bbox 2019 391 2251 460; x_wconf 89' lang='lat' dir='ltr'><strong>quando,</strong></span> <span class='ocrx_word' id='word_1_19' title='bbox 2300 391 2603 463; x_wconf 75' lang='lat' dir='ltr'><strong>ltujttsmodi</strong></span> <span class='ocrx_word' id='word_1_20' title='bbox 2643 407 2724 452; x_wconf 87' lang='lat' dir='ltr'><strong>est</strong></span> <span class='ocrx_word' id='word_1_21' title='bbox 2754 416 2768 450; x_wconf 91' lang='lat'><strong>:</strong></span> <span class='ocrx_word' id='word_1_22' title='bbox 2815 397 3127 468; x_wconf 79' lang='lat' dir='ltr'><strong>Quanquam</strong></span> <span class='ocrx_word' id='word_1_23' title='bbox 3170 394 3315 452; x_wconf 89' lang='lat' dir='ltr'><strong>enim</strong></span> <span class='ocrx_word' id='word_1_24' title='bbox 3360 392 3601 450; x_wconf 75' lang='lat' dir='ltr'><strong>afﬁrma-</strong></span> 
     </span>
    </p>
   </div>
   <div class='ocr_carea' id='block_1_6' title="bbox 336 492 1955 565">
    <p class='ocr_par' dir='ltr' id='par_1_6' title="bbox 336 492 1955 565">
     <span class='ocr_line' id='line_1_6' title="bbox 336 492 1955 565; baseline 0.002 -19"><span class='ocrx_word' id='word_1_25' title='bbox 336 492 392 546; x_wconf 86' lang='lat' dir='ltr'><strong>ln</strong></span> <span class='ocrx_word' id='word_1_26' title='bbox 444 492 527 547; x_wconf 86' lang='lat' dir='ltr'><strong>his</strong></span> <span class='ocrx_word' id='word_1_27' title='bbox 566 492 728 562; x_wconf 87' lang='lat' dir='ltr'><strong>igitur</strong></span> <span class='ocrx_word' id='word_1_28' title='bbox 777 495 1021 549; x_wconf 75' lang='lat' dir='ltr'><strong>terminis</strong></span> <span class='ocrx_word' id='word_1_29' title='bbox 1071 495 1157 565; x_wconf 90' lang='lat' dir='ltr'><strong>qui</strong></span> <span class='ocrx_word' id='word_1_30' title='bbox 1190 509 1288 550; x_wconf 93' lang='lat' dir='ltr'><strong>nec</strong></span> <span class='ocrx_word' id='word_1_31' title='bbox 1328 492 1596 547; x_wconf 82' lang='lat' dir='ltr'><strong>naturales</strong></span> <span class='ocrx_word' id='word_1_32' title='bbox 1620 502 1767 560; x_wconf 89' lang='lat' dir='ltr'><strong>sunt,</strong></span> <span class='ocrx_word' id='word_1_33' title='bbox 1813 507 1911 549; x_wconf 90' lang='lat' dir='ltr'><strong>nec</strong></span> <span class='ocrx_word' id='word_1_34' title='bbox 1954 538 1955 541; x_wconf 55' lang='grc' dir='ltr'><strong>η</strong></span> 
     </span>
    </p>
   </div>
   <div class='ocr_carea' id='block_1_7' title="bbox 335 580 1955 656">
    <p class='ocr_par' dir='ltr' id='par_1_7' title="bbox 335 580 1955 656">
     <span class='ocr_line' id='line_1_7' title="bbox 335 580 1955 656; baseline 0.007 -22"><span class='ocrx_word' id='word_1_35' title='bbox 335 580 715 653; x_wconf 86' lang='lat' dir='ltr'><strong>iiupossihiles,</strong></span> <span class='ocrx_word' id='word_1_36' title='bbox 749 599 962 655; x_wconf 85' lang='lat' dir='ltr'><strong>semper</strong></span> <span class='ocrx_word' id='word_1_37' title='bbox 997 585 1279 656; x_wconf 78' lang='lat' dir='ltr'><strong>angulares</strong></span> <span class='ocrx_word' id='word_1_38' title='bbox 1306 596 1360 642; x_wconf 92' lang='lat' dir='ltr'><strong>et</strong></span> <span class='ocrx_word' id='word_1_39' title='bbox 1388 588 1697 656; x_wconf 77' lang='lat' dir='ltr'><strong>negationes</strong></span> <span class='ocrx_word' id='word_1_40' title='bbox 1751 600 1912 653; x_wconf 76' lang='lat' dir='ltr'><strong>nega-</strong></span> <span class='ocrx_word' id='word_1_41' title='bbox 1954 642 1955 645; x_wconf 44' lang='grc' dir='ltr'><strong>η</strong></span> 
     </span>
    </p>
   </div>
   <div class='ocr_carea' id='block_1_8' title="bbox 335 675 1929 745">
    <p class='ocr_par' dir='ltr' id='par_1_8' title="bbox 335 675 1929 745">
     <span class='ocr_line' id='line_1_8' title="bbox 335 675 1929 745; baseline 0.003 -17"><span class='ocrx_word' id='word_1_42' title='bbox 335 675 591 739; x_wconf 88' lang='lat' dir='ltr'><strong>tionibus,</strong></span> <span class='ocrx_word' id='word_1_43' title='bbox 619 685 673 731; x_wconf 94' lang='lat' dir='ltr'><strong>et</strong></span> <span class='ocrx_word' id='word_1_44' title='bbox 699 675 1081 733; x_wconf 85' lang='lat' dir='ltr'><strong>al&#39;iirmationes</strong></span> <span class='ocrx_word' id='word_1_45' title='bbox 1106 677 1556 734; x_wconf 82' lang='lat' dir='ltr'><strong>afﬁrmationibus</strong></span> <span class='ocrx_word' id='word_1_46' title='bbox 1576 677 1732 731; x_wconf 88' lang='lat' dir='ltr'><strong>simul</strong></span> <span class='ocrx_word' id='word_1_47' title='bbox 1758 692 1929 745; x_wconf 12' lang='lat' dir='ltr'><strong>veras,</strong></span> 
     </span>
    </p>
   </div>
   <div class='ocr_carea' id='block_1_9' title="bbox 334 767 1911 839">
    <p class='ocr_par' dir='ltr' id='par_1_9' title="bbox 334 767 1911 839">
     <span class='ocr_line' id='line_1_9' title="bbox 334 767 1911 839; baseline 0.003 -19"><span class='ocrx_word' id='word_1_48' title='bbox 334 780 455 821; x_wconf 89' lang='lat' dir='ltr'><strong>esse</strong></span> <span class='ocrx_word' id='word_1_49' title='bbox 497 767 776 837; x_wconf 89' lang='lat' dir='ltr'><strong>contingit,</strong></span> <span class='ocrx_word' id='word_1_50' title='bbox 807 776 862 823; x_wconf 89' lang='lat' dir='ltr'><strong>et</strong></span> <span class='ocrx_word' id='word_1_51' title='bbox 888 770 988 824; x_wconf 93' lang='lat' dir='ltr'><strong>hoc</strong></span> <span class='ocrx_word' id='word_1_52' title='bbox 1015 769 1229 838; x_wconf 88' lang='lat' dir='ltr'><strong>quidem</strong></span> <span class='ocrx_word' id='word_1_53' title='bbox 1274 768 1327 823; x_wconf 91' lang='lat' dir='ltr'><strong>in</strong></span> <span class='ocrx_word' id='word_1_54' title='bbox 1356 770 1436 823; x_wconf 92' lang='lat' dir='ltr'><strong>his</strong></span> <span class='ocrx_word' id='word_1_55' title='bbox 1476 784 1593 839; x_wconf 69' lang='lat' dir='ltr'><strong>qua:</strong></span> <span class='ocrx_word' id='word_1_56' title='bbox 1622 769 1911 825; x_wconf 65' lang='lat' dir='ltr'><strong>indeﬁnitaa</strong></span> 
     </span>
    </p>
   </div>
   <div class='ocr_carea' id='block_1_10' title="bbox 332 856 1911 928">
    <p class='ocr_par' dir='ltr' id='par_1_10' title="bbox 332 856 1911 928">
     <span class='ocr_line' id='line_1_10' title="bbox 332 856 1911 928; baseline 0.006 -20"><span class='ocrx_word' id='word_1_57' title='bbox 332 864 476 912; x_wconf 86' lang='lat' dir='ltr'><strong>sunt.</strong></span> <span class='ocrx_word' id='word_1_58' title='bbox 500 856 556 911; x_wconf 91' lang='lat' dir='ltr'><strong>ln</strong></span> <span class='ocrx_word' id='word_1_59' title='bbox 571 858 651 912; x_wconf 80' lang='lat' dir='ltr'><strong>bis</strong></span> <span class='ocrx_word' id='word_1_60' title='bbox 663 870 841 913; x_wconf 86' lang='lat' dir='ltr'><strong>autem</strong></span> <span class='ocrx_word' id='word_1_61' title='bbox 856 874 973 928; x_wconf 76' lang='lat' dir='ltr'><strong>qua:</strong></span> <span class='ocrx_word' id='word_1_62' title='bbox 996 859 1231 916; x_wconf 71' lang='lat' dir='ltr'><strong>deﬁnita)</strong></span> <span class='ocrx_word' id='word_1_63' title='bbox 1256 870 1400 928; x_wconf 90' lang='lat' dir='ltr'><strong>sunt,</strong></span> <span class='ocrx_word' id='word_1_64' title='bbox 1424 870 1478 917; x_wconf 92' lang='lat' dir='ltr'><strong>et</strong></span> <span class='ocrx_word' id='word_1_65' title='bbox 1495 862 1911 917; x_wconf 89' lang='lat' dir='ltr'><strong>universalitatis</strong></span> 
     </span>
    </p>
   </div>
   <div class='ocr_carea' id='block_1_11' title="bbox 334 947 1908 1022">
    <p class='ocr_par' dir='ltr' id='par_1_11' title="bbox 334 947 1908 1022">
     <span class='ocr_line' id='line_1_11' title="bbox 334 947 1908 1022; baseline 0.006 -23"><span class='ocrx_word' id='word_1_66' title='bbox 334 947 873 1020; x_wconf 87' lang='lat' dir='ltr'><strong>particularitatisque</strong></span> <span class='ocrx_word' id='word_1_67' title='bbox 910 952 1215 1022; x_wconf 81' lang='lat' dir='ltr'><strong>participes,</strong></span> <span class='ocrx_word' id='word_1_68' title='bbox 1239 967 1345 1008; x_wconf 93' lang='lat' dir='ltr'><strong>non</strong></span> <span class='ocrx_word' id='word_1_69' title='bbox 1366 954 1556 1009; x_wconf 88' lang='lat' dir='ltr'><strong>eodem</strong></span> <span class='ocrx_word' id='word_1_70' title='bbox 1582 954 1739 1011; x_wconf 89' lang='lat' dir='ltr'><strong>modo</strong></span> <span class='ocrx_word' id='word_1_71' title='bbox 1763 962 1908 1010; x_wconf 89' lang='lat' dir='ltr'><strong>sunt.</strong></span> 
     </span>
    </p>
   </div>
   <div class='ocr_carea' id='block_1_12' title="bbox 335 1039 1914 1117">
    <p class='ocr_par' dir='ltr' id='par_1_12' title="bbox 335 1039 1914 1117">
     <span class='ocr_line' id='line_1_12' title="bbox 335 1039 1914 1117; baseline 0.007 -24"><span class='ocrx_word' id='word_1_72' title='bbox 335 1039 389 1095; x_wconf 90' lang='lat' dir='ltr'><strong>lu</strong></span> <span class='ocrx_word' id='word_1_73' title='bbox 411 1042 682 1111; x_wconf 85' lang='lat' dir='ltr'><strong>quibusvis</strong></span> <span class='ocrx_word' id='word_1_74' title='bbox 696 1052 872 1099; x_wconf 92' lang='lat' dir='ltr'><strong>autem</strong></span> <span class='ocrx_word' id='word_1_75' title='bbox 886 1046 1126 1100; x_wconf 89' lang='lat' dir='ltr'><strong>terminis</strong></span> <span class='ocrx_word' id='word_1_76' title='bbox 1149 1046 1262 1102; x_wconf 87' lang='lat' dir='ltr'><strong>sive</strong></span> <span class='ocrx_word' id='word_1_77' title='bbox 1290 1047 1653 1117; x_wconf 85' lang='lat' dir='ltr'><strong>possibilibus,</strong></span> <span class='ocrx_word' id='word_1_78' title='bbox 1683 1049 1800 1103; x_wconf 90' lang='lat' dir='ltr'><strong>sive</strong></span> <span class='ocrx_word' id='word_1_79' title='bbox 1820 1064 1914 1104; x_wconf 90' lang='lat' dir='ltr'><strong>na-</strong></span> 
     </span>
    </p>
   </div>
   <div class='ocr_carea' id='block_1_13' title="bbox 336 1135 1912 1209">
    <p class='ocr_par' dir='ltr' id='par_1_13' title="bbox 336 1135 1912 1209">
     <span class='ocr_line' id='line_1_13' title="bbox 336 1135 1912 1209; baseline 0.008 -22"><span class='ocrx_word' id='word_1_80' title='bbox 336 1135 734 1203; x_wconf 87' lang='lat' dir='ltr'><strong>turalibus,sive</strong></span> <span class='ocrx_word' id='word_1_81' title='bbox 757 1139 1177 1209; x_wconf 82' lang='lat' dir='ltr'><strong>impossibilibus</strong></span> <span class='ocrx_word' id='word_1_82' title='bbox 1201 1141 1912 1199; x_wconf 82' lang='lat' dir='ltr'><strong>afﬁrmationesafﬁrmatio-</strong></span> 
     </span>
    </p>
   </div>
   <div class='ocr_carea' id='block_1_14' title="bbox 332 1225 1912 1300">
    <p class='ocr_par' dir='ltr' id='par_1_14' title="bbox 332 1225 1912 1300">
     <span class='ocr_line' id='line_1_14' title="bbox 332 1225 1912 1300; baseline 0.006 -20"><span class='ocrx_word' id='word_1_83' title='bbox 332 1225 489 1281; x_wconf 89' lang='lat' dir='ltr'><strong>nibus</strong></span> <span class='ocrx_word' id='word_1_84' title='bbox 521 1227 740 1285; x_wconf 89' lang='lat' dir='ltr'><strong>sibimet</strong></span> <span class='ocrx_word' id='word_1_85' title='bbox 762 1230 1105 1300; x_wconf 85' lang='lat' dir='ltr'><strong>angularibus</strong></span> <span class='ocrx_word' id='word_1_86' title='bbox 1148 1233 1201 1287; x_wconf 91' lang='lat' dir='ltr'><strong>in</strong></span> <span class='ocrx_word' id='word_1_87' title='bbox 1233 1233 1453 1287; x_wconf 82' lang='lat' dir='ltr'><strong>veritate</strong></span> <span class='ocrx_word' id='word_1_88' title='bbox 1479 1236 1783 1290; x_wconf 83' lang='lat' dir='ltr'><strong>consentire</strong></span> <span class='ocrx_word' id='word_1_89' title='bbox 1806 1250 1912 1289; x_wconf 92' lang='lat' dir='ltr'><strong>non</strong></span> 
     </span>
    </p>
   </div>
   <div class='ocr_carea' id='block_1_15' title="bbox 332 1322 1915 1394">
    <p class='ocr_par' dir='ltr' id='par_1_15' title="bbox 332 1322 1915 1394">
     <span class='ocr_line' id='line_1_15' title="bbox 332 1322 1915 1394; baseline 0.005 -22"><span class='ocrx_word' id='word_1_90' title='bbox 332 1326 572 1387; x_wconf 85' lang='lat' dir='ltr'><strong>possunt,</strong></span> <span class='ocrx_word' id='word_1_91' title='bbox 591 1322 901 1390; x_wconf 85' lang='lat' dir='ltr'><strong>negationes</strong></span> <span class='ocrx_word' id='word_1_92' title='bbox 922 1332 1102 1378; x_wconf 90' lang='lat' dir='ltr'><strong>autem</strong></span> <span class='ocrx_word' id='word_1_93' title='bbox 1116 1324 1509 1394; x_wconf 87' lang='lat' dir='ltr'><strong>negationibus,</strong></span> <span class='ocrx_word' id='word_1_94' title='bbox 1524 1326 1806 1394; x_wconf 86' lang='lat' dir='ltr'><strong>angulares</strong></span> <span class='ocrx_word' id='word_1_95' title='bbox 1820 1342 1915 1381; x_wconf 88' lang='lat' dir='ltr'><strong>an-</strong></span> 
     </span>
    </p>
   </div>
   <div class='ocr_carea' id='block_1_16' title="bbox 333 1410 1911 1485">
    <p class='ocr_par' dir='ltr' id='par_1_16' title="bbox 333 1410 1911 1485">
     <span class='ocr_line' id='line_1_16' title="bbox 333 1410 1911 1485; baseline 0.005 -20"><span class='ocrx_word' id='word_1_96' title='bbox 333 1410 607 1481; x_wconf 81' lang='lat' dir='ltr'><strong>gularibus</strong></span> <span class='ocrx_word' id='word_1_97' title='bbox 629 1412 683 1467; x_wconf 91' lang='lat' dir='ltr'><strong>iu</strong></span> <span class='ocrx_word' id='word_1_98' title='bbox 716 1413 800 1467; x_wconf 90' lang='lat' dir='ltr'><strong>bis</strong></span> <span class='ocrx_word' id='word_1_99' title='bbox 821 1422 1027 1468; x_wconf 86' lang='lat' dir='ltr'><strong>tantum</strong></span> <span class='ocrx_word' id='word_1_100' title='bbox 1049 1415 1292 1470; x_wconf 89' lang='lat' dir='ltr'><strong>terminis</strong></span> <span class='ocrx_word' id='word_1_101' title='bbox 1314 1415 1402 1485; x_wconf 89' lang='lat' dir='ltr'><strong>qui</strong></span> <span class='ocrx_word' id='word_1_102' title='bbox 1424 1430 1597 1485; x_wconf 89' lang='lat' dir='ltr'><strong>neque</strong></span> <span class='ocrx_word' id='word_1_103' title='bbox 1627 1418 1911 1483; x_wconf 87' lang='lat' dir='ltr'><strong>naturales,</strong></span> 
     </span>
    </p>
   </div>
   <div class='ocr_carea' id='block_1_17' title="bbox 334 1504 1917 1576">
    <p class='ocr_par' dir='ltr' id='par_1_17' title="bbox 334 1504 1917 1576">
     <span class='ocr_line' id='line_1_17' title="bbox 334 1504 1917 1576; baseline 0.005 -19"><span class='ocrx_word' id='word_1_104' title='bbox 334 1517 509 1573; x_wconf 90' lang='lat' dir='ltr'><strong>neque</strong></span> <span class='ocrx_word' id='word_1_105' title='bbox 538 1504 898 1573; x_wconf 88' lang='lat' dir='ltr'><strong>impossibiles</strong></span> <span class='ocrx_word' id='word_1_106' title='bbox 939 1514 1084 1573; x_wconf 90' lang='lat' dir='ltr'><strong>sunt,</strong></span> <span class='ocrx_word' id='word_1_107' title='bbox 1113 1506 1166 1560; x_wconf 92' lang='lat' dir='ltr'><strong>in</strong></span> <span class='ocrx_word' id='word_1_108' title='bbox 1191 1508 1415 1562; x_wconf 89' lang='lat' dir='ltr'><strong>veritate</strong></span> <span class='ocrx_word' id='word_1_109' title='bbox 1446 1517 1696 1576; x_wconf 91' lang='lat' dir='ltr'><strong>poterunt</strong></span> <span class='ocrx_word' id='word_1_110' title='bbox 1724 1523 1917 1565; x_wconf 89' lang='lat' dir='ltr'><strong>conve-</strong></span> 
     </span>
    </p>
   </div>
   <div class='ocr_carea' id='block_1_18' title="bbox 335 1590 1963 1666">
    <p class='ocr_par' dir='ltr' id='par_1_18' title="bbox 335 1590 1963 1666">
     <span class='ocr_line' id='line_1_18' title="bbox 335 1590 1963 1666; baseline 0.003 -18"><span class='ocrx_word' id='word_1_111' title='bbox 335 1593 471 1648; x_wconf 88' lang='lat' dir='ltr'><strong>nire.</strong></span> <span class='ocrx_word' id='word_1_112' title='bbox 500 1593 566 1648; x_wconf 90' lang='lat' dir='ltr'><strong>Et</strong></span> <span class='ocrx_word' id='word_1_113' title='bbox 596 1594 823 1664; x_wconf 90' lang='lat' dir='ltr'><strong>primum</strong></span> <span class='ocrx_word' id='word_1_114' title='bbox 862 1596 1313 1666; x_wconf 86' lang='lat' dir='ltr'><strong>quemadmodum</strong></span> <span class='ocrx_word' id='word_1_115' title='bbox 1358 1597 1740 1654; x_wconf 80' lang='lat' dir='ltr'><strong>afﬁrmationes</strong></span> <span class='ocrx_word' id='word_1_116' title='bbox 1769 1599 1915 1653; x_wconf 66' lang='lat' dir='ltr'><strong>altir-</strong></span> <span class='ocrx_word' id='word_1_117' title='bbox 1960 1590 1963 1595; x_wconf 76' lang='grc'><em>’</em></span> 
     </span>
    </p>
   </div>
   <div class='ocr_carea' id='block_1_19' title="bbox 335 1688 1918 1760">
    <p class='ocr_par' dir='ltr' id='par_1_19' title="bbox 335 1688 1918 1760">
     <span class='ocr_line' id='line_1_19' title="bbox 335 1688 1918 1760; baseline 0.004 -19"><span class='ocrx_word' id='word_1_118' title='bbox 335 1688 658 1743; x_wconf 89' lang='lat' dir='ltr'><strong>mationibus</strong></span> <span class='ocrx_word' id='word_1_119' title='bbox 716 1689 930 1745; x_wconf 88' lang='lat' dir='ltr'><strong>sibimet</strong></span> <span class='ocrx_word' id='word_1_120' title='bbox 970 1690 1311 1760; x_wconf 88' lang='lat' dir='ltr'><strong>angularibus</strong></span> <span class='ocrx_word' id='word_1_121' title='bbox 1348 1691 1401 1746; x_wconf 91' lang='lat' dir='ltr'><strong>in</strong></span> <span class='ocrx_word' id='word_1_122' title='bbox 1450 1690 1669 1746; x_wconf 83' lang='lat' dir='ltr'><strong>veritate</strong></span> <span class='ocrx_word' id='word_1_123' title='bbox 1692 1706 1918 1746; x_wconf 91' lang='lat' dir='ltr'><strong>consen-</strong></span> 
     </span>
    </p>
   </div>
   <div class='ocr_carea' id='block_1_20' title="bbox 2015 483 3596 559">
    <p class='ocr_par' dir='ltr' id='par_1_20' title="bbox 2015 483 3596 559">
     <span class='ocr_line' id='line_1_20' title="bbox 2015 483 3596 559; baseline 0.005 -23"><span class='ocrx_word' id='word_1_124' title='bbox 2015 485 2189 538; x_wconf 91' lang='lat' dir='ltr'><strong>tioues</strong></span> <span class='ocrx_word' id='word_1_125' title='bbox 2225 483 2667 540; x_wconf 80' lang='lat' dir='ltr'><strong>afﬁrmationibus</strong></span> <span class='ocrx_word' id='word_1_126' title='bbox 2696 492 2977 559; x_wconf 75' lang='lat' dir='ltr'><strong>angulares</strong></span> <span class='ocrx_word' id='word_1_127' title='bbox 3007 490 3239 544; x_wconf 70' lang='lat' dir='ltr'><strong>deﬁnita:</strong></span> <span class='ocrx_word' id='word_1_128' title='bbox 3266 490 3422 545; x_wconf 87' lang='lat' dir='ltr'><strong>simul</strong></span> <span class='ocrx_word' id='word_1_129' title='bbox 3454 504 3596 544; x_wconf 68' lang='lat' dir='ltr'><strong>verae</strong></span> 
     </span>
    </p>
   </div>
   <div class='ocr_carea' id='block_1_21' title="bbox 2012 579 3599 650">
    <p class='ocr_par' dir='ltr' id='par_1_21' title="bbox 2012 579 3599 650">
     <span class='ocr_line' id='line_1_21' title="bbox 2012 579 3599 650; baseline 0.001 -20"><span class='ocrx_word' id='word_1_130' title='bbox 2012 590 2136 631; x_wconf 89' lang='lat' dir='ltr'><strong>esse</strong></span> <span class='ocrx_word' id='word_1_131' title='bbox 2187 590 2292 629; x_wconf 91' lang='lat' dir='ltr'><strong>non</strong></span> <span class='ocrx_word' id='word_1_132' title='bbox 2346 585 2596 645; x_wconf 91' lang='lat' dir='ltr'><strong>possunt,</strong></span> <span class='ocrx_word' id='word_1_133' title='bbox 2640 579 3050 650; x_wconf 86' lang='lat' dir='ltr'><strong>quibuscunque</strong></span> <span class='ocrx_word' id='word_1_134' title='bbox 3099 582 3285 648; x_wconf 77' lang='lat' dir='ltr'><strong>positis</strong></span> <span class='ocrx_word' id='word_1_135' title='bbox 3334 582 3599 645; x_wconf 90' lang='lat' dir='ltr'><strong>terminis,</strong></span> 
     </span>
    </p>
   </div>
   <div class='ocr_carea' id='block_1_22' title="bbox 2013 669 3604 745">
    <p class='ocr_par' dir='ltr' id='par_1_22' title="bbox 2013 669 3604 745">
     <span class='ocr_line' id='line_1_22' title="bbox 2013 669 3604 745; baseline 0.005 -23"><span class='ocrx_word' id='word_1_136' title='bbox 2013 676 2193 745; x_wconf 89' lang='lat' dir='ltr'><strong>potest</strong></span> <span class='ocrx_word' id='word_1_137' title='bbox 2234 678 2410 724; x_wconf 89' lang='lat' dir='ltr'><strong>tamen</strong></span> <span class='ocrx_word' id='word_1_138' title='bbox 2459 669 2574 725; x_wconf 90' lang='lat' dir='ltr'><strong>ﬁeri</strong></span> <span class='ocrx_word' id='word_1_139' title='bbox 2618 680 2676 725; x_wconf 93' lang='lat' dir='ltr'><strong>ut</strong></span> <span class='ocrx_word' id='word_1_140' title='bbox 2721 675 3036 742; x_wconf 88' lang='lat' dir='ltr'><strong>negationes</strong></span> <span class='ocrx_word' id='word_1_141' title='bbox 3067 675 3440 745; x_wconf 85' lang='lat' dir='ltr'><strong>uegationibus</strong></span> <span class='ocrx_word' id='word_1_142' title='bbox 3464 688 3604 730; x_wconf 69' lang='lat' dir='ltr'><strong>verte</strong></span> 
     </span>
    </p>
   </div>
   <div class='ocr_carea' id='block_1_23' title="bbox 2013 761 3606 841">
    <p class='ocr_par' dir='ltr' id='par_1_23' title="bbox 2013 761 3606 841">
     <span class='ocr_line' id='line_1_23' title="bbox 2013 761 3606 841; baseline 0.004 -25"><span class='ocrx_word' id='word_1_143' title='bbox 2013 761 2375 829; x_wconf 84' lang='lat' dir='ltr'><strong>inveniantur,</strong></span> <span class='ocrx_word' id='word_1_144' title='bbox 2404 774 2459 821; x_wconf 91' lang='lat' dir='ltr'><strong>et</strong></span> <span class='ocrx_word' id='word_1_145' title='bbox 2486 767 2563 821; x_wconf 82' lang='lat' dir='ltr'><strong>sic</strong></span> <span class='ocrx_word' id='word_1_146' title='bbox 2596 768 2708 822; x_wconf 72' lang='lat' dir='ltr'><strong>lucc</strong></span> <span class='ocrx_word' id='word_1_147' title='bbox 2739 768 3032 823; x_wconf 87' lang='lat' dir='ltr'><strong>similitudo</strong></span> <span class='ocrx_word' id='word_1_148' title='bbox 3060 771 3125 824; x_wconf 85' lang='lat' dir='ltr'><strong>ad</strong></span> <span class='ocrx_word' id='word_1_149' title='bbox 3168 769 3405 825; x_wconf 88' lang='lat' dir='ltr'><strong>inﬁnitas</strong></span> <span class='ocrx_word' id='word_1_150' title='bbox 3434 785 3606 841; x_wconf 80' lang='lat' dir='ltr'><strong>angu-</strong></span> 
     </span>
    </p>
   </div>
   <div class='ocr_carea' id='block_1_24' title="bbox 2013 856 3607 927">
    <p class='ocr_par' dir='ltr' id='par_1_24' title="bbox 2013 856 3607 927">
     <span class='ocr_line' id='line_1_24' title="bbox 2013 856 3607 927; baseline 0.001 -16"><span class='ocrx_word' id='word_1_151' title='bbox 2013 856 2178 911; x_wconf 87' lang='lat' dir='ltr'><strong>lares.</strong></span> <span class='ocrx_word' id='word_1_152' title='bbox 2211 856 2342 911; x_wconf 83' lang='lat' dir='ltr'><strong>Natn</strong></span> <span class='ocrx_word' id='word_1_153' title='bbox 2372 856 2508 911; x_wconf 89' lang='lat' dir='ltr'><strong>sicut</strong></span> <span class='ocrx_word' id='word_1_154' title='bbox 2539 856 2648 911; x_wconf 92' lang='lat' dir='ltr'><strong>illic</strong></span> <span class='ocrx_word' id='word_1_155' title='bbox 2693 857 3009 921; x_wconf 68' lang='lat' dir='ltr'><strong>negationes</strong></span> <span class='ocrx_word' id='word_1_156' title='bbox 3041 858 3412 927; x_wconf 79' lang='lat' dir='ltr'><strong>negationibus</strong></span> <span class='ocrx_word' id='word_1_157' title='bbox 3456 860 3607 913; x_wconf 63' lang='lat' dir='ltr'><strong>iude«</strong></span> 
     </span>
    </p>
   </div>
   <div class='ocr_carea' id='block_1_25' title="bbox 2017 947 3606 1019">
    <p class='ocr_par' dir='ltr' id='par_1_25' title="bbox 2017 947 3606 1019">
     <span class='ocr_line' id='line_1_25' title="bbox 2017 947 3606 1019; baseline 0.001 -16"><span class='ocrx_word' id='word_1_158' title='bbox 2017 948 2185 1004; x_wconf 73' lang='lat' dir='ltr'><strong>ﬁnita:</strong></span> <span class='ocrx_word' id='word_1_159' title='bbox 2211 950 2499 1019; x_wconf 69' lang='lat' dir='ltr'><strong>angulares</strong></span> <span class='ocrx_word' id='word_1_160' title='bbox 2530 964 2671 1004; x_wconf 71' lang='lat' dir='ltr'><strong>vera:</strong></span> <span class='ocrx_word' id='word_1_161' title='bbox 2696 947 2851 1004; x_wconf 87' lang='lat' dir='ltr'><strong>simul</strong></span> <span class='ocrx_word' id='word_1_162' title='bbox 2879 965 2999 1005; x_wconf 64' lang='lat' dir='ltr'><strong>esse</strong></span> <span class='ocrx_word' id='word_1_163' title='bbox 3029 959 3269 1019; x_wconf 87' lang='lat' dir='ltr'><strong>poterant</strong></span> <span class='ocrx_word' id='word_1_164' title='bbox 3300 953 3351 1004; x_wconf 93' lang='lat' dir='ltr'><strong>in</strong></span> <span class='ocrx_word' id='word_1_165' title='bbox 3384 949 3463 1005; x_wconf 88' lang='lat' dir='ltr'><strong>his</strong></span> <span class='ocrx_word' id='word_1_166' title='bbox 3488 967 3606 1019; x_wconf 73' lang='lat' dir='ltr'><strong>qua:</strong></span> 
     </span>
    </p>
   </div>
   <div class='ocr_carea' id='block_1_26' title="bbox 1986 1040 3607 1111">
    <p class='ocr_par' dir='ltr' id='par_1_26' title="bbox 1986 1040 3607 1111">
     <span class='ocr_line' id='line_1_26' title="bbox 1986 1040 3607 1111; baseline -0.001 -15"><span class='ocrx_word' id='word_1_167' title='bbox 1986 1057 2190 1111; x_wconf 59' lang='lat' dir='ltr'><strong>‘neque</strong></span> <span class='ocrx_word' id='word_1_168' title='bbox 2233 1042 2495 1097; x_wconf 88' lang='lat' dir='ltr'><strong>naturalia</strong></span> <span class='ocrx_word' id='word_1_169' title='bbox 2525 1050 2651 1097; x_wconf 90' lang='lat' dir='ltr'><strong>sunt</strong></span> <span class='ocrx_word' id='word_1_170' title='bbox 2693 1056 2867 1111; x_wconf 89' lang='lat' dir='ltr'><strong>neque</strong></span> <span class='ocrx_word' id='word_1_171' title='bbox 2908 1040 3252 1109; x_wconf 77' lang='lat' dir='ltr'><strong>impossibilia</strong></span> <span class='ocrx_word' id='word_1_172' title='bbox 3292 1050 3505 1107; x_wconf 74' lang='lat' dir='ltr'><strong>essent,</strong></span> <span class='ocrx_word' id='word_1_173' title='bbox 3540 1046 3607 1095; x_wconf 88' lang='lat' dir='ltr'><strong>ita</strong></span> 
     </span>
    </p>
   </div>
   <div class='ocr_carea' id='block_1_27' title="bbox 2015 1133 3609 1207">
    <p class='ocr_par' dir='ltr' id='par_1_27' title="bbox 2015 1133 3609 1207">
     <span class='ocr_line' id='line_1_27' title="bbox 2015 1133 3609 1207; baseline -0.003 -16"><span class='ocrx_word' id='word_1_174' title='bbox 2015 1136 2101 1192; x_wconf 88' lang='lat' dir='ltr'><strong>hic</strong></span> <span class='ocrx_word' id='word_1_175' title='bbox 2127 1153 2361 1207; x_wconf 90' lang='lat' dir='ltr'><strong>quoque,</strong></span> <span class='ocrx_word' id='word_1_176' title='bbox 2404 1136 2456 1191; x_wconf 89' lang='lat' dir='ltr'><strong>id</strong></span> <span class='ocrx_word' id='word_1_177' title='bbox 2484 1146 2587 1205; x_wconf 91' lang='lat' dir='ltr'><strong>est,</strong></span> <span class='ocrx_word' id='word_1_178' title='bbox 2634 1138 2684 1191; x_wconf 94' lang='lat' dir='ltr'><strong>in</strong></span> <span class='ocrx_word' id='word_1_179' title='bbox 2717 1136 2905 1191; x_wconf 90' lang='lat' dir='ltr'><strong>ordine</strong></span> <span class='ocrx_word' id='word_1_180' title='bbox 2934 1133 3274 1190; x_wconf 85' lang='lat' dir='ltr'><strong>delinitarum</strong></span> <span class='ocrx_word' id='word_1_181' title='bbox 3305 1136 3609 1201; x_wconf 81' lang='lat' dir='ltr'><strong>negationes</strong></span> 
     </span>
    </p>
   </div>
   <div class='ocr_carea' id='block_1_28' title="bbox 2015 1224 3610 1299">
    <p class='ocr_par' dir='ltr' id='par_1_28' title="bbox 2015 1224 3610 1299">
     <span class='ocr_line' id='line_1_28' title="bbox 2015 1224 3610 1299; baseline -0.003 -16"><span class='ocrx_word' id='word_1_182' title='bbox 2015 1228 2260 1283; x_wconf 84' lang='lat' dir='ltr'><strong>deﬁnitas</strong></span> <span class='ocrx_word' id='word_1_183' title='bbox 2311 1230 2691 1299; x_wconf 78' lang='lat' dir='ltr'><strong>negationibtts</strong></span> <span class='ocrx_word' id='word_1_184' title='bbox 2722 1231 2976 1295; x_wconf 88' lang='lat' dir='ltr'><strong>delinitis,</strong></span> <span class='ocrx_word' id='word_1_185' title='bbox 3020 1229 3303 1299; x_wconf 86' lang='lat' dir='ltr'><strong>angulares</strong></span> <span class='ocrx_word' id='word_1_186' title='bbox 3343 1224 3610 1295; x_wconf 81' lang='lat' dir='ltr'><strong>angulari-</strong></span> 
     </span>
    </p>
   </div>
   <div class='ocr_carea' id='block_1_29' title="bbox 2016 1320 3610 1391">
    <p class='ocr_par' dir='ltr' id='par_1_29' title="bbox 2016 1320 3610 1391">
     <span class='ocr_line' id='line_1_29' title="bbox 2016 1320 3610 1391; baseline -0.001 -16"><span class='ocrx_word' id='word_1_187' title='bbox 2016 1322 2116 1376; x_wconf 85' lang='lat' dir='ltr'><strong>bus</strong></span> <span class='ocrx_word' id='word_1_188' title='bbox 2173 1323 2331 1377; x_wconf 86' lang='lat' dir='ltr'><strong>simul</strong></span> <span class='ocrx_word' id='word_1_189' title='bbox 2375 1339 2529 1379; x_wconf 89' lang='lat' dir='ltr'><strong>veras</strong></span> <span class='ocrx_word' id='word_1_190' title='bbox 2577 1339 2698 1379; x_wconf 87' lang='lat' dir='ltr'><strong>esse</strong></span> <span class='ocrx_word' id='word_1_191' title='bbox 2746 1322 3009 1391; x_wconf 82' lang='lat' dir='ltr'><strong>Contiugit</strong></span> <span class='ocrx_word' id='word_1_192' title='bbox 3055 1324 3105 1376; x_wconf 90' lang='lat' dir='ltr'><strong>in</strong></span> <span class='ocrx_word' id='word_1_193' title='bbox 3152 1320 3235 1377; x_wconf 84' lang='lat' dir='ltr'><strong>bis</strong></span> <span class='ocrx_word' id='word_1_194' title='bbox 3274 1337 3391 1390; x_wconf 75' lang='lat' dir='ltr'><strong>qua:</strong></span> <span class='ocrx_word' id='word_1_195' title='bbox 3440 1332 3610 1387; x_wconf 85' lang='lat' dir='ltr'><strong>neque</strong></span> 
     </span>
    </p>
   </div>
   <div class='ocr_carea' id='block_1_30' title="bbox 2016 1413 3609 1484">
    <p class='ocr_par' dir='ltr' id='par_1_30' title="bbox 2016 1413 3609 1484">
     <span class='ocr_line' id='line_1_30' title="bbox 2016 1413 3609 1484; baseline -0.001 -17"><span class='ocrx_word' id='word_1_196' title='bbox 2016 1424 2141 1467; x_wconf 91' lang='lat' dir='ltr'><strong>sunt</strong></span> <span class='ocrx_word' id='word_1_197' title='bbox 2185 1414 2549 1484; x_wconf 69' lang='lat' dir='ltr'><strong>iuipus.~ibiles</strong></span> <span class='ocrx_word' id='word_1_198' title='bbox 2581 1430 2679 1470; x_wconf 82' lang='lat' dir='ltr'><strong>nec</strong></span> <span class='ocrx_word' id='word_1_199' title='bbox 2726 1417 3014 1470; x_wconf 83' lang='lat' dir='ltr'><strong>naturales.</strong></span> <span class='ocrx_word' id='word_1_200' title='bbox 3052 1414 3269 1483; x_wconf 55' lang='lat' dir='ltr'><strong>negatio</strong></span> <span class='ocrx_word' id='word_1_201' title='bbox 3297 1414 3436 1468; x_wconf 88' lang='lat' dir='ltr'><strong>enim</strong></span> <span class='ocrx_word' id='word_1_202' title='bbox 3480 1413 3609 1466; x_wconf 86' lang='lat' dir='ltr'><strong>sim-</strong></span> 
     </span>
    </p>
   </div>
   <div class='ocr_carea' id='block_1_31' title="bbox 2018 1505 3608 1577">
    <p class='ocr_par' dir='ltr' id='par_1_31' title="bbox 2018 1505 3608 1577">
     <span class='ocr_line' id='line_1_31' title="bbox 2018 1505 3608 1577; baseline 0.003 -20"><span class='ocrx_word' id='word_1_203' title='bbox 2018 1505 2138 1574; x_wconf 81' lang='lat' dir='ltr'><strong>plex</strong></span> <span class='ocrx_word' id='word_1_204' title='bbox 2189 1508 2528 1575; x_wconf 82' lang='lat' dir='ltr'><strong>purticularis</strong></span> <span class='ocrx_word' id='word_1_205' title='bbox 2573 1526 2692 1577; x_wconf 81' lang='lat' dir='ltr'><strong>qua:</strong></span> <span class='ocrx_word' id='word_1_206' title='bbox 2742 1508 2901 1573; x_wconf 79' lang='lat' dir='ltr'><strong>dicit,</strong></span> <span class='ocrx_word' id='word_1_207' title='bbox 2947 1524 3052 1562; x_wconf 82' lang='lat' dir='ltr'><strong>nun</strong></span> <span class='ocrx_word' id='word_1_208' title='bbox 3102 1508 3277 1561; x_wconf 89' lang='lat' dir='ltr'><strong>omnis</strong></span> <span class='ocrx_word' id='word_1_209' title='bbox 3322 1517 3403 1560; x_wconf 91' lang='lat' dir='ltr'><strong>est</strong></span> <span class='ocrx_word' id='word_1_210' title='bbox 3448 1506 3608 1561; x_wconf 89' lang='lat' dir='ltr'><strong>homo</strong></span> 
     </span>
    </p>
   </div>
   <div class='ocr_carea' id='block_1_32' title="bbox 2012 1597 3606 1669">
    <p class='ocr_par' dir='ltr' id='par_1_32' title="bbox 2012 1597 3606 1669">
     <span class='ocr_line' id='line_1_32' title="bbox 2012 1597 3606 1669; baseline 0.002 -20"><span class='ocrx_word' id='word_1_211' title='bbox 2012 1597 2209 1665; x_wconf 89' lang='lat' dir='ltr'><strong>justus,</strong></span> <span class='ocrx_word' id='word_1_212' title='bbox 2246 1607 2417 1667; x_wconf 83' lang='lat' dir='ltr'><strong>potest</strong></span> <span class='ocrx_word' id='word_1_213' title='bbox 2439 1600 2596 1653; x_wconf 91' lang='lat' dir='ltr'><strong>simul</strong></span> <span class='ocrx_word' id='word_1_214' title='bbox 2628 1615 2750 1654; x_wconf 88' lang='lat' dir='ltr'><strong>vera</strong></span> <span class='ocrx_word' id='word_1_215' title='bbox 2776 1615 2897 1654; x_wconf 84' lang='lat' dir='ltr'><strong>esse</strong></span> <span class='ocrx_word' id='word_1_216' title='bbox 2924 1616 3044 1653; x_wconf 92' lang='lat' dir='ltr'><strong>cum</strong></span> <span class='ocrx_word' id='word_1_217' title='bbox 3075 1614 3137 1654; x_wconf 90' lang='lat' dir='ltr'><strong>ea</strong></span> <span class='ocrx_word' id='word_1_218' title='bbox 3164 1614 3284 1669; x_wconf 74' lang='lat' dir='ltr'><strong>qua:</strong></span> <span class='ocrx_word' id='word_1_219' title='bbox 3314 1597 3473 1665; x_wconf 84' lang='lat' dir='ltr'><strong>dicit,</strong></span> <span class='ocrx_word' id='word_1_220' title='bbox 3500 1614 3606 1652; x_wconf 88' lang='lat' dir='ltr'><strong>non</strong></span> 
     </span>
    </p>
   </div>
   <div class='ocr_carea' id='block_1_33' title="bbox 2018 1690 3605 1762">
    <p class='ocr_par' dir='ltr' id='par_1_33' title="bbox 2018 1690 3605 1762">
     <span class='ocr_line' id='line_1_33' title="bbox 2018 1690 3605 1762; baseline 0 -19"><span class='ocrx_word' id='word_1_221' title='bbox 2018 1690 2193 1744; x_wconf 84' lang='lat' dir='ltr'><strong>omnis</strong></span> <span class='ocrx_word' id='word_1_222' title='bbox 2213 1704 2294 1745; x_wconf 91' lang='lat' dir='ltr'><strong>est</strong></span> <span class='ocrx_word' id='word_1_223' title='bbox 2322 1691 2482 1746; x_wconf 88' lang='lat' dir='ltr'><strong>homo</strong></span> <span class='ocrx_word' id='word_1_224' title='bbox 2508 1692 2772 1762; x_wconf 90' lang='lat' dir='ltr'><strong>injustus;</strong></span> <span class='ocrx_word' id='word_1_225' title='bbox 2798 1701 2970 1762; x_wconf 90' lang='lat' dir='ltr'><strong>pntest</strong></span> <span class='ocrx_word' id='word_1_226' title='bbox 2995 1692 3138 1747; x_wconf 92' lang='lat' dir='ltr'><strong>enim</strong></span> <span class='ocrx_word' id='word_1_227' title='bbox 3170 1691 3284 1744; x_wconf 91' lang='lat' dir='ltr'><strong>lieri</strong></span> <span class='ocrx_word' id='word_1_228' title='bbox 3310 1701 3365 1745; x_wconf 94' lang='lat' dir='ltr'><strong>nt</strong></span> <span class='ocrx_word' id='word_1_229' title='bbox 3392 1691 3605 1761; x_wconf 86' lang='lat' dir='ltr'><strong>quidam</strong></span> 
     </span>
    </p>
   </div>
   <div class='ocr_carea' id='block_1_34' title="bbox 335 1778 3607 1857">
    <p class='ocr_par' dir='ltr' id='par_1_34' title="bbox 335 1778 3607 1857">
     <span class='ocr_line' id='line_1_34' title="bbox 335 1778 3607 1857; baseline 0.002 -24"><span class='ocrx_word' id='word_1_230' title='bbox 335 1778 438 1833; x_wconf 90' lang='lat' dir='ltr'><strong>tire</strong></span> <span class='ocrx_word' id='word_1_231' title='bbox 486 1795 589 1835; x_wconf 89' lang='lat' dir='ltr'><strong>non</strong></span> <span class='ocrx_word' id='word_1_232' title='bbox 632 1790 878 1850; x_wconf 89' lang='lat' dir='ltr'><strong>possunt,</strong></span> <span class='ocrx_word' id='word_1_233' title='bbox 930 1782 982 1836; x_wconf 91' lang='lat' dir='ltr'><strong>in</strong></span> <span class='ocrx_word' id='word_1_234' title='bbox 1036 1782 1363 1854; x_wconf 88' lang='lat' dir='ltr'><strong>quibuslibet</strong></span> <span class='ocrx_word' id='word_1_235' title='bbox 1409 1783 1651 1838; x_wconf 87' lang='lat' dir='ltr'><strong>terminis</strong></span> <span class='ocrx_word' id='word_1_236' title='bbox 1692 1785 1919 1839; x_wconf 90' lang='lat' dir='ltr'><strong>demon-</strong></span> <span class='ocrx_word' id='word_1_237' title='bbox 1950 1786 2131 1852; x_wconf 84' lang='lat' dir='ltr'><strong>Bsint</strong></span> <span class='ocrx_word' id='word_1_238' title='bbox 2165 1784 2331 1855; x_wconf 87' lang='lat' dir='ltr'><strong>justi,</strong></span> <span class='ocrx_word' id='word_1_239' title='bbox 2379 1787 2592 1857; x_wconf 88' lang='lat' dir='ltr'><strong>quidam</strong></span> <span class='ocrx_word' id='word_1_240' title='bbox 2631 1797 2809 1843; x_wconf 89' lang='lat' dir='ltr'><strong>autem</strong></span> <span class='ocrx_word' id='word_1_241' title='bbox 2858 1804 2962 1841; x_wconf 91' lang='lat' dir='ltr'><strong>non</strong></span> <span class='ocrx_word' id='word_1_242' title='bbox 3002 1787 3107 1841; x_wconf 90' lang='lat' dir='ltr'><strong>sint</strong></span> <span class='ocrx_word' id='word_1_243' title='bbox 3141 1786 3301 1857; x_wconf 79' lang='lat' dir='ltr'><strong>justi,</strong></span> <span class='ocrx_word' id='word_1_244' title='bbox 3341 1796 3394 1840; x_wconf 89' lang='lat' dir='ltr'><strong>et</strong></span> <span class='ocrx_word' id='word_1_245' title='bbox 3442 1788 3493 1840; x_wconf 92' lang='lat' dir='ltr'><strong>in</strong></span> <span class='ocrx_word' id='word_1_246' title='bbox 3542 1801 3607 1841; x_wconf 93' lang='lat' dir='ltr'><strong>eo</strong></span> 
     </span>
    </p>
   </div>
   <div class='ocr_carea' id='block_1_35' title="bbox 335 1870 1973 1945">
    <p class='ocr_par' dir='ltr' id='par_1_35' title="bbox 335 1870 1973 1945">
     <span class='ocr_line' id='line_1_35' title="bbox 335 1870 1973 1945; baseline 0.004 -20"><span class='ocrx_word' id='word_1_247' title='bbox 335 1870 607 1927; x_wconf 81' lang='lat' dir='ltr'><strong>strandum</strong></span> <span class='ocrx_word' id='word_1_248' title='bbox 657 1881 760 1928; x_wconf 91' lang='lat' dir='ltr'><strong>est.</strong></span> <span class='ocrx_word' id='word_1_249' title='bbox 803 1872 879 1927; x_wconf 86' lang='lat' dir='ltr'><strong>Ea</strong></span> <span class='ocrx_word' id='word_1_250' title='bbox 909 1874 1053 1928; x_wconf 90' lang='lat' dir='ltr'><strong>enim</strong></span> <span class='ocrx_word' id='word_1_251' title='bbox 1101 1890 1219 1945; x_wconf 64' lang='lat' dir='ltr'><strong>quae</strong></span> <span class='ocrx_word' id='word_1_252' title='bbox 1248 1874 1393 1939; x_wconf 89' lang='lat' dir='ltr'><strong>dicit,</strong></span> <span class='ocrx_word' id='word_1_253' title='bbox 1426 1877 1602 1930; x_wconf 92' lang='lat' dir='ltr'><strong>omnis</strong></span> <span class='ocrx_word' id='word_1_254' title='bbox 1630 1887 1712 1931; x_wconf 91' lang='lat' dir='ltr'><strong>est</strong></span> <span class='ocrx_word' id='word_1_255' title='bbox 1755 1877 1915 1933; x_wconf 85' lang='lat' dir='ltr'><strong>homo</strong></span> <span class='ocrx_word' id='word_1_256' title='bbox 1964 1900 1973 1910; x_wconf 74' lang='grc' dir='ltr'><strong><em>ο</em></strong></span> 
     </span>
    </p>
   </div>
   <div class='ocr_carea' id='block_1_36' title="bbox 336 1964 1916 2043">
    <p class='ocr_par' dir='ltr' id='par_1_36' title="bbox 336 1964 1916 2043">
     <span class='ocr_line' id='line_1_36' title="bbox 336 1964 1916 2043; baseline 0.007 -24"><span class='ocrx_word' id='word_1_257' title='bbox 336 1964 525 2035; x_wconf 82' lang='lat' dir='ltr'><strong>justus,</strong></span> <span class='ocrx_word' id='word_1_258' title='bbox 576 1978 633 2023; x_wconf 90' lang='lat' dir='ltr'><strong>et</strong></span> <span class='ocrx_word' id='word_1_259' title='bbox 667 1983 730 2023; x_wconf 88' lang='lat' dir='ltr'><strong>ea</strong></span> <span class='ocrx_word' id='word_1_260' title='bbox 761 1983 879 2038; x_wconf 67' lang='lat' dir='ltr'><strong>qua:</strong></span> <span class='ocrx_word' id='word_1_261' title='bbox 928 1968 1077 2037; x_wconf 91' lang='lat' dir='ltr'><strong>dicit,</strong></span> <span class='ocrx_word' id='word_1_262' title='bbox 1130 1972 1309 2026; x_wconf 90' lang='lat' dir='ltr'><strong>omnis</strong></span> <span class='ocrx_word' id='word_1_263' title='bbox 1340 1980 1423 2027; x_wconf 90' lang='lat' dir='ltr'><strong>est</strong></span> <span class='ocrx_word' id='word_1_264' title='bbox 1473 1971 1634 2028; x_wconf 88' lang='lat' dir='ltr'><strong>homo</strong></span> <span class='ocrx_word' id='word_1_265' title='bbox 1664 1973 1916 2043; x_wconf 88' lang='lat' dir='ltr'><strong>injustus,</strong></span> 
     </span>
    </p>
   </div>
   <div class='ocr_carea' id='block_1_37' title="bbox 336 2058 1921 2135">
    <p class='ocr_par' dir='ltr' id='par_1_37' title="bbox 336 2058 1921 2135">
     <span class='ocr_line' id='line_1_37' title="bbox 336 2058 1921 2135; baseline 0.008 -25"><span class='ocrx_word' id='word_1_266' title='bbox 336 2070 457 2126; x_wconf 76' lang='lat' dir='ltr'><strong>qua:</strong></span> <span class='ocrx_word' id='word_1_267' title='bbox 482 2066 563 2113; x_wconf 89' lang='lat' dir='ltr'><strong>est</strong></span> <span class='ocrx_word' id='word_1_268' title='bbox 593 2058 796 2113; x_wconf 85' lang='lat' dir='ltr'><strong>scilicet</strong></span> <span class='ocrx_word' id='word_1_269' title='bbox 826 2060 1114 2129; x_wconf 88' lang='lat' dir='ltr'><strong>angularis,</strong></span> <span class='ocrx_word' id='word_1_270' title='bbox 1149 2077 1291 2117; x_wconf 74' lang='lat' dir='ltr'><strong>verae</strong></span> <span class='ocrx_word' id='word_1_271' title='bbox 1320 2063 1483 2117; x_wconf 89' lang='lat' dir='ltr'><strong>simul</strong></span> <span class='ocrx_word' id='word_1_272' title='bbox 1514 2078 1633 2119; x_wconf 90' lang='lat' dir='ltr'><strong>esse</strong></span> <span class='ocrx_word' id='word_1_273' title='bbox 1661 2080 1765 2119; x_wconf 91' lang='lat' dir='ltr'><strong>non</strong></span> <span class='ocrx_word' id='word_1_274' title='bbox 1796 2081 1921 2135; x_wconf 87' lang='lat' dir='ltr'><strong>pos-</strong></span> 
     </span>
    </p>
   </div>
   <div class='ocr_carea' id='block_1_38' title="bbox 338 2150 1918 2229">
    <p class='ocr_par' dir='ltr' id='par_1_38' title="bbox 338 2150 1918 2229">
     <span class='ocr_line' id='line_1_38' title="bbox 338 2150 1918 2229; baseline 0.008 -27"><span class='ocrx_word' id='word_1_275' title='bbox 338 2158 483 2203; x_wconf 88' lang='lat' dir='ltr'><strong>sunt.</strong></span> <span class='ocrx_word' id='word_1_276' title='bbox 514 2150 585 2204; x_wconf 88' lang='lat' dir='ltr'><strong>Ea</strong></span> <span class='ocrx_word' id='word_1_277' title='bbox 612 2165 842 2221; x_wconf 85' lang='lat' dir='ltr'><strong>namque</strong></span> <span class='ocrx_word' id='word_1_278' title='bbox 858 2167 977 2219; x_wconf 65' lang='lat' dir='ltr'><strong>qua:</strong></span> <span class='ocrx_word' id='word_1_279' title='bbox 1006 2153 1155 2219; x_wconf 90' lang='lat' dir='ltr'><strong>dicit,</strong></span> <span class='ocrx_word' id='word_1_280' title='bbox 1175 2156 1348 2210; x_wconf 91' lang='lat' dir='ltr'><strong>omnis</strong></span> <span class='ocrx_word' id='word_1_281' title='bbox 1378 2168 1460 2211; x_wconf 88' lang='lat' dir='ltr'><strong>est</strong></span> <span class='ocrx_word' id='word_1_282' title='bbox 1487 2159 1647 2213; x_wconf 78' lang='lat' dir='ltr'><strong>homo</strong></span> <span class='ocrx_word' id='word_1_283' title='bbox 1669 2159 1918 2229; x_wconf 86' lang='lat' dir='ltr'><strong>injustus,</strong></span> 
     </span>
    </p>
   </div>
   <div class='ocr_carea' id='block_1_39' title="bbox 337 2240 1920 2319">
    <p class='ocr_par' dir='ltr' id='par_1_39' title="bbox 337 2240 1920 2319">
     <span class='ocr_line' id='line_1_39' title="bbox 337 2240 1920 2319; baseline 0.009 -24"><span class='ocrx_word' id='word_1_284' title='bbox 337 2240 469 2297; x_wconf 81' lang='lat' dir='ltr'><strong>nihil</strong></span> <span class='ocrx_word' id='word_1_285' title='bbox 499 2243 676 2299; x_wconf 82' lang='lat' dir='ltr'><strong>diﬂ&#39;ert</strong></span> <span class='ocrx_word' id='word_1_286' title='bbox 723 2246 789 2300; x_wconf 90' lang='lat' dir='ltr'><strong>ab</strong></span> <span class='ocrx_word' id='word_1_287' title='bbox 814 2260 877 2301; x_wconf 90' lang='lat' dir='ltr'><strong>ea</strong></span> <span class='ocrx_word' id='word_1_288' title='bbox 929 2262 1048 2316; x_wconf 61' lang='lat' dir='ltr'><strong>quas</strong></span> <span class='ocrx_word' id='word_1_289' title='bbox 1087 2250 1354 2319; x_wconf 87' lang='lat' dir='ltr'><strong>proponit,</strong></span> <span class='ocrx_word' id='word_1_290' title='bbox 1413 2254 1591 2306; x_wconf 90' lang='lat' dir='ltr'><strong>nullus</strong></span> <span class='ocrx_word' id='word_1_291' title='bbox 1634 2264 1718 2307; x_wconf 91' lang='lat' dir='ltr'><strong>est</strong></span> <span class='ocrx_word' id='word_1_292' title='bbox 1758 2255 1920 2309; x_wconf 93' lang='lat' dir='ltr'><strong>homo</strong></span> 
     </span>
    </p>
   </div>
   <div class='ocr_carea' id='block_1_40' title="bbox 338 2332 1923 2411">
    <p class='ocr_par' dir='ltr' id='par_1_40' title="bbox 338 2332 1923 2411">
     <span class='ocr_line' id='line_1_40' title="bbox 338 2332 1923 2411; baseline 0.009 -24"><span class='ocrx_word' id='word_1_293' title='bbox 338 2332 528 2403; x_wconf 86' lang='lat' dir='ltr'><strong>iustus,</strong></span> <span class='ocrx_word' id='word_1_294' title='bbox 572 2335 667 2391; x_wconf 92' lang='lat' dir='ltr'><strong>sed</strong></span> <span class='ocrx_word' id='word_1_295' title='bbox 711 2339 885 2392; x_wconf 88' lang='lat' dir='ltr'><strong>omnis</strong></span> <span class='ocrx_word' id='word_1_296' title='bbox 925 2348 1007 2394; x_wconf 86' lang='lat' dir='ltr'><strong>est</strong></span> <span class='ocrx_word' id='word_1_297' title='bbox 1040 2340 1199 2396; x_wconf 92' lang='lat' dir='ltr'><strong>homo</strong></span> <span class='ocrx_word' id='word_1_298' title='bbox 1243 2342 1441 2411; x_wconf 89' lang='lat' dir='ltr'><strong>justus,</strong></span> <span class='ocrx_word' id='word_1_299' title='bbox 1503 2353 1559 2399; x_wconf 94' lang='lat' dir='ltr'><strong>et</strong></span> <span class='ocrx_word' id='word_1_300' title='bbox 1607 2345 1787 2401; x_wconf 91' lang='lat' dir='ltr'><strong>nullus</strong></span> <span class='ocrx_word' id='word_1_301' title='bbox 1840 2360 1923 2402; x_wconf 87' lang='lat' dir='ltr'><strong>est</strong></span> 
     </span>
    </p>
   </div>
   <div class='ocr_carea' id='block_1_41' title="bbox 338 2428 1922 2505">
    <p class='ocr_par' dir='ltr' id='par_1_41' title="bbox 338 2428 1922 2505">
     <span class='ocr_line' id='line_1_41' title="bbox 338 2428 1922 2505; baseline 0.008 -21"><span class='ocrx_word' id='word_1_302' title='bbox 338 2428 497 2486; x_wconf 87' lang='lat' dir='ltr'><strong>homo</strong></span> <span class='ocrx_word' id='word_1_303' title='bbox 531 2431 726 2501; x_wconf 89' lang='lat' dir='ltr'><strong>justus,</strong></span> <span class='ocrx_word' id='word_1_304' title='bbox 770 2435 1024 2505; x_wconf 90' lang='lat' dir='ltr'><strong>quoniam</strong></span> <span class='ocrx_word' id='word_1_305' title='bbox 1077 2438 1357 2492; x_wconf 72' lang='lat' dir='ltr'><strong>contraria:</strong></span> <span class='ocrx_word' id='word_1_306' title='bbox 1405 2450 1552 2505; x_wconf 91' lang='lat' dir='ltr'><strong>sunt,</strong></span> <span class='ocrx_word' id='word_1_307' title='bbox 1594 2442 1752 2495; x_wconf 91' lang='lat' dir='ltr'><strong>simul</strong></span> <span class='ocrx_word' id='word_1_308' title='bbox 1783 2458 1922 2496; x_wconf 80' lang='lat' dir='ltr'><strong>vera:</strong></span> 
     </span>
    </p>
   </div>
   <div class='ocr_carea' id='block_1_42' title="bbox 341 2527 1923 2598">
    <p class='ocr_par' dir='ltr' id='par_1_42' title="bbox 341 2527 1923 2598">
     <span class='ocr_line' id='line_1_42' title="bbox 341 2527 1923 2598; baseline 0.005 -19"><span class='ocrx_word' id='word_1_309' title='bbox 341 2536 456 2579; x_wconf 85' lang='lat' dir='ltr'><strong>esse</strong></span> <span class='ocrx_word' id='word_1_310' title='bbox 483 2540 588 2580; x_wconf 90' lang='lat' dir='ltr'><strong>non</strong></span> <span class='ocrx_word' id='word_1_311' title='bbox 617 2536 864 2594; x_wconf 88' lang='lat' dir='ltr'><strong>possunt;</strong></span> <span class='ocrx_word' id='word_1_312' title='bbox 896 2527 991 2583; x_wconf 89' lang='lat' dir='ltr'><strong>sed</strong></span> <span class='ocrx_word' id='word_1_313' title='bbox 1019 2542 1081 2583; x_wconf 90' lang='lat' dir='ltr'><strong>ea</strong></span> <span class='ocrx_word' id='word_1_314' title='bbox 1112 2544 1231 2598; x_wconf 69' lang='lat' dir='ltr'><strong>quae</strong></span> <span class='ocrx_word' id='word_1_315' title='bbox 1261 2529 1411 2597; x_wconf 89' lang='lat' dir='ltr'><strong>dicit,</strong></span> <span class='ocrx_word' id='word_1_316' title='bbox 1446 2531 1625 2586; x_wconf 88' lang='lat' dir='ltr'><strong>nullus</strong></span> <span class='ocrx_word' id='word_1_317' title='bbox 1649 2542 1733 2587; x_wconf 89' lang='lat' dir='ltr'><strong>est</strong></span> <span class='ocrx_word' id='word_1_318' title='bbox 1762 2534 1923 2588; x_wconf 89' lang='lat' dir='ltr'><strong>homo</strong></span> 
     </span>
    </p>
   </div>
   <div class='ocr_carea' id='block_1_43' title="bbox 339 2622 1921 2701">
    <p class='ocr_par' dir='ltr' id='par_1_43' title="bbox 339 2622 1921 2701">
     <span class='ocr_line' id='line_1_43' title="bbox 339 2622 1921 2701; baseline 0.006 -24"><span class='ocrx_word' id='word_1_319' title='bbox 339 2622 529 2694; x_wconf 87' lang='lat' dir='ltr'><strong>justus,</strong></span> <span class='ocrx_word' id='word_1_320' title='bbox 567 2626 816 2681; x_wconf 81' lang='lat' dir='ltr'><strong>convenit</strong></span> <span class='ocrx_word' id='word_1_321' title='bbox 866 2636 1026 2697; x_wconf 88' lang='lat' dir='ltr'><strong>atque</strong></span> <span class='ocrx_word' id='word_1_322' title='bbox 1069 2632 1338 2684; x_wconf 88' lang='lat' dir='ltr'><strong>consentit</strong></span> <span class='ocrx_word' id='word_1_323' title='bbox 1386 2630 1436 2684; x_wconf 89' lang='lat' dir='ltr'><strong>ei</strong></span> <span class='ocrx_word' id='word_1_324' title='bbox 1480 2648 1599 2700; x_wconf 77' lang='lat' dir='ltr'><strong>qua:</strong></span> <span class='ocrx_word' id='word_1_325' title='bbox 1648 2634 1921 2701; x_wconf 73' lang='lat' dir='ltr'><strong>propoiiit,</strong></span> 
     </span>
    </p>
   </div>
   <div class='ocr_carea' id='block_1_44' title="bbox 342 2718 1926 2795">
    <p class='ocr_par' dir='ltr' id='par_1_44' title="bbox 342 2718 1926 2795">
     <span class='ocr_line' id='line_1_44' title="bbox 342 2718 1926 2795; baseline 0.006 -23"><span class='ocrx_word' id='word_1_326' title='bbox 342 2718 511 2774; x_wconf 90' lang='lat' dir='ltr'><strong>omnis</strong></span> <span class='ocrx_word' id='word_1_327' title='bbox 540 2718 703 2776; x_wconf 93' lang='lat' dir='ltr'><strong>homo</strong></span> <span class='ocrx_word' id='word_1_328' title='bbox 730 2731 811 2776; x_wconf 88' lang='lat' dir='ltr'><strong>est</strong></span> <span class='ocrx_word' id='word_1_329' title='bbox 867 2722 1095 2791; x_wconf 90' lang='lat' dir='ltr'><strong>injustus</strong></span> <span class='ocrx_word' id='word_1_330' title='bbox 1121 2740 1136 2788; x_wconf 88' lang='lat'><strong>;</strong></span> <span class='ocrx_word' id='word_1_331' title='bbox 1168 2739 1332 2793; x_wconf 77' lang='lat' dir='ltr'><strong>quate</strong></span> <span class='ocrx_word' id='word_1_332' title='bbox 1363 2726 1537 2779; x_wconf 87' lang='lat' dir='ltr'><strong>omnis</strong></span> <span class='ocrx_word' id='word_1_333' title='bbox 1570 2726 1727 2779; x_wconf 88' lang='lat' dir='ltr'><strong>homo</strong></span> <span class='ocrx_word' id='word_1_334' title='bbox 1750 2726 1926 2795; x_wconf 90' lang='lat' dir='ltr'><strong>justus</strong></span> 
     </span>
    </p>
   </div>
   <div class='ocr_carea' id='block_1_45' title="bbox 342 2811 1926 2882">
    <p class='ocr_par' dir='ltr' id='par_1_45' title="bbox 342 2811 1926 2882">
     <span class='ocr_line' id='line_1_45' title="bbox 342 2811 1926 2882; baseline 0.005 -18"><span class='ocrx_word' id='word_1_335' title='bbox 342 2819 528 2877; x_wconf 83' lang='lat' dir='ltr'><strong>est,et</strong></span> <span class='ocrx_word' id='word_1_336' title='bbox 554 2811 731 2867; x_wconf 91' lang='lat' dir='ltr'><strong>omnis</strong></span> <span class='ocrx_word' id='word_1_337' title='bbox 774 2812 935 2866; x_wconf 92' lang='lat' dir='ltr'><strong>homo</strong></span> <span class='ocrx_word' id='word_1_338' title='bbox 982 2824 1063 2867; x_wconf 91' lang='lat' dir='ltr'><strong>est</strong></span> <span class='ocrx_word' id='word_1_339' title='bbox 1116 2812 1365 2882; x_wconf 89' lang='lat' dir='ltr'><strong>iujustus,</strong></span> <span class='ocrx_word' id='word_1_340' title='bbox 1410 2815 1568 2870; x_wconf 91' lang='lat' dir='ltr'><strong>simul</strong></span> <span class='ocrx_word' id='word_1_341' title='bbox 1612 2831 1755 2871; x_wconf 71' lang='lat' dir='ltr'><strong>vera:</strong></span> <span class='ocrx_word' id='word_1_342' title='bbox 1805 2832 1926 2872; x_wconf 87' lang='lat' dir='ltr'><strong>esse</strong></span> 
     </span>
    </p>
   </div>
   <div class='ocr_carea' id='block_1_46' title="bbox 340 2905 1929 2977">
    <p class='ocr_par' dir='ltr' id='par_1_46' title="bbox 340 2905 1929 2977">
     <span class='ocr_line' id='line_1_46' title="bbox 340 2905 1929 2977; baseline 0.003 -19"><span class='ocrx_word' id='word_1_343' title='bbox 340 2918 447 2958; x_wconf 90' lang='lat' dir='ltr'><strong>non</strong></span> <span class='ocrx_word' id='word_1_344' title='bbox 488 2916 742 2975; x_wconf 88' lang='lat' dir='ltr'><strong>possunt,</strong></span> <span class='ocrx_word' id='word_1_345' title='bbox 778 2905 873 2960; x_wconf 89' lang='lat' dir='ltr'><strong>sed</strong></span> <span class='ocrx_word' id='word_1_346' title='bbox 918 2905 1105 2961; x_wconf 88' lang='lat' dir='ltr'><strong>eadem</strong></span> <span class='ocrx_word' id='word_1_347' title='bbox 1152 2923 1270 2976; x_wconf 76' lang='lat' dir='ltr'><strong>qua:</strong></span> <span class='ocrx_word' id='word_1_348' title='bbox 1314 2908 1593 2977; x_wconf 80' lang='lat' dir='ltr'><strong>proponit,</strong></span> <span class='ocrx_word' id='word_1_349' title='bbox 1624 2910 1798 2973; x_wconf 85' lang='lat' dir='ltr'><strong>omnis</strong></span> <span class='ocrx_word' id='word_1_350' title='bbox 1846 2919 1929 2964; x_wconf 88' lang='lat' dir='ltr'><strong>est</strong></span> 
     </span>
    </p>
   </div>
   <div class='ocr_carea' id='block_1_47' title="bbox 342 2994 1924 3073">
    <p class='ocr_par' dir='ltr' id='par_1_47' title="bbox 342 2994 1924 3073">
     <span class='ocr_line' id='line_1_47' title="bbox 342 2994 1924 3073; baseline 0.001 -18"><span class='ocrx_word' id='word_1_351' title='bbox 342 2994 502 3055; x_wconf 84' lang='lat' dir='ltr'><strong>bOnio</strong></span> <span class='ocrx_word' id='word_1_352' title='bbox 544 3001 791 3070; x_wconf 86' lang='lat' dir='ltr'><strong>injustus,</strong></span> <span class='ocrx_word' id='word_1_353' title='bbox 834 3000 1104 3055; x_wconf 89' lang='lat' dir='ltr'><strong>consentit</strong></span> <span class='ocrx_word' id='word_1_354' title='bbox 1146 3000 1236 3071; x_wconf 91' lang='lat' dir='ltr'><strong>(ut</strong></span> <span class='ocrx_word' id='word_1_355' title='bbox 1279 3015 1422 3070; x_wconf 65' lang='lat' dir='ltr'><strong>strpe</strong></span> <span class='ocrx_word' id='word_1_356' title='bbox 1465 3001 1665 3057; x_wconf 91' lang='lat' dir='ltr'><strong>dictum</strong></span> <span class='ocrx_word' id='word_1_357' title='bbox 1713 3004 1827 3073; x_wconf 92' lang='lat' dir='ltr'><strong>est)</strong></span> <span class='ocrx_word' id='word_1_358' title='bbox 1874 3004 1924 3056; x_wconf 92' lang='lat' dir='ltr'><strong>ei</strong></span> 
     </span>
    </p>
   </div>
   <div class='ocr_carea' id='block_1_48' title="bbox 344 3090 1925 3161">
    <p class='ocr_par' dir='ltr' id='par_1_48' title="bbox 344 3090 1925 3161">
     <span class='ocr_line' id='line_1_48' title="bbox 344 3090 1925 3161; baseline 0.001 -16"><span class='ocrx_word' id='word_1_359' title='bbox 344 3104 463 3160; x_wconf 70' lang='lat' dir='ltr'><strong>qua:</strong></span> <span class='ocrx_word' id='word_1_360' title='bbox 498 3090 655 3159; x_wconf 89' lang='lat' dir='ltr'><strong>dicit,</strong></span> <span class='ocrx_word' id='word_1_361' title='bbox 688 3091 864 3145; x_wconf 92' lang='lat' dir='ltr'><strong>omnis</strong></span> <span class='ocrx_word' id='word_1_362' title='bbox 906 3100 987 3146; x_wconf 87' lang='lat' dir='ltr'><strong>est</strong></span> <span class='ocrx_word' id='word_1_363' title='bbox 1027 3090 1186 3145; x_wconf 89' lang='lat' dir='ltr'><strong>homo</strong></span> <span class='ocrx_word' id='word_1_364' title='bbox 1233 3106 1338 3145; x_wconf 93' lang='lat' dir='ltr'><strong>non</strong></span> <span class='ocrx_word' id='word_1_365' title='bbox 1376 3090 1579 3161; x_wconf 71' lang='lat' dir='ltr'><strong>jlhlUS.</strong></span> <span class='ocrx_word' id='word_1_366' title='bbox 1608 3093 1784 3159; x_wconf 86' lang='lat' dir='ltr'><strong>Quare</strong></span> <span class='ocrx_word' id='word_1_367' title='bbox 1826 3108 1925 3147; x_wconf 89' lang='lat' dir='ltr'><strong>nec</strong></span> 
     </span>
    </p>
   </div>
   <div class='ocr_carea' id='block_1_49' title="bbox 2020 1879 3607 1947">
    <p class='ocr_par' dir='ltr' id='par_1_49' title="bbox 2020 1879 3607 1947">
     <span class='ocr_line' id='line_1_49' title="bbox 2020 1879 3607 1947; baseline 0.004 -18"><span class='ocrx_word' id='word_1_368' title='bbox 2020 1887 2259 1946; x_wconf 68' lang='lat' dir='ltr'><strong>utrasque</strong></span> <span class='ocrx_word' id='word_1_369' title='bbox 2289 1894 2428 1932; x_wconf 81' lang='lat' dir='ltr'><strong>verae</strong></span> <span class='ocrx_word' id='word_1_370' title='bbox 2472 1886 2616 1935; x_wconf 85' lang='lat' dir='ltr'><strong>sunt.</strong></span> <span class='ocrx_word' id='word_1_371' title='bbox 2649 1880 2713 1934; x_wconf 85' lang='lat' dir='ltr'><strong>Et</strong></span> <span class='ocrx_word' id='word_1_372' title='bbox 2741 1895 2804 1934; x_wconf 84' lang='lat' dir='ltr'><strong>ea</strong></span> <span class='ocrx_word' id='word_1_373' title='bbox 2833 1896 2951 1947; x_wconf 66' lang='lat' dir='ltr'><strong>qua:</strong></span> <span class='ocrx_word' id='word_1_374' title='bbox 2990 1879 3149 1939; x_wconf 59' lang='lat' dir='ltr'><strong>dicit.</strong></span> <span class='ocrx_word' id='word_1_375' title='bbox 3184 1896 3288 1933; x_wconf 90' lang='lat' dir='ltr'><strong>non</strong></span> <span class='ocrx_word' id='word_1_376' title='bbox 3319 1895 3492 1934; x_wconf 70' lang='lat' dir='ltr'><strong>omnzs</strong></span> <span class='ocrx_word' id='word_1_377' title='bbox 3528 1889 3607 1935; x_wconf 88' lang='lat' dir='ltr'><strong>est</strong></span> 
     </span>
    </p>
   </div>
   <div class='ocr_carea' id='block_1_50' title="bbox 2021 1967 3607 2051">
    <p class='ocr_par' dir='ltr' id='par_1_50' title="bbox 2021 1967 3607 2051">
     <span class='ocr_line' id='line_1_50' title="bbox 2021 1967 3607 2051; baseline 0.003 -29"><span class='ocrx_word' id='word_1_378' title='bbox 2021 1967 2183 2023; x_wconf 89' lang='lat' dir='ltr'><strong>homo</strong></span> <span class='ocrx_word' id='word_1_379' title='bbox 2227 1972 2426 2038; x_wconf 89' lang='lat' dir='ltr'><strong>justus,</strong></span> <span class='ocrx_word' id='word_1_380' title='bbox 2458 1974 2581 2041; x_wconf 88' lang='lat' dir='ltr'><strong>quia</strong></span> <span class='ocrx_word' id='word_1_381' title='bbox 2625 1982 2751 2027; x_wconf 90' lang='lat' dir='ltr'><strong>sunt</strong></span> <span class='ocrx_word' id='word_1_382' title='bbox 2777 1972 2993 2042; x_wconf 82' lang='lat' dir='ltr'><strong>quidam</strong></span> <span class='ocrx_word' id='word_1_383' title='bbox 3038 1972 3254 2051; x_wconf 77' lang='lat' dir='ltr'><strong>injusti,</strong></span> <span class='ocrx_word' id='word_1_384' title='bbox 3294 1982 3346 2027; x_wconf 90' lang='lat' dir='ltr'><strong>et</strong></span> <span class='ocrx_word' id='word_1_385' title='bbox 3389 1988 3451 2028; x_wconf 90' lang='lat' dir='ltr'><strong>ea</strong></span> <span class='ocrx_word' id='word_1_386' title='bbox 3490 1990 3607 2041; x_wconf 78' lang='lat' dir='ltr'><strong>qua:</strong></span> 
     </span>
    </p>
   </div>
   <div class='ocr_carea' id='block_1_51' title="bbox 2020 2058 3606 2135">
    <p class='ocr_par' dir='ltr' id='par_1_51' title="bbox 2020 2058 3606 2135">
     <span class='ocr_line' id='line_1_51' title="bbox 2020 2058 3606 2135; baseline 0.003 -21"><span class='ocrx_word' id='word_1_387' title='bbox 2020 2058 2179 2124; x_wconf 89' lang='lat' dir='ltr'><strong>dicit,</strong></span> <span class='ocrx_word' id='word_1_388' title='bbox 2210 2078 2313 2117; x_wconf 93' lang='lat' dir='ltr'><strong>non</strong></span> <span class='ocrx_word' id='word_1_389' title='bbox 2359 2064 2532 2117; x_wconf 90' lang='lat' dir='ltr'><strong>omnis</strong></span> <span class='ocrx_word' id='word_1_390' title='bbox 2577 2074 2659 2119; x_wconf 91' lang='lat' dir='ltr'><strong>est</strong></span> <span class='ocrx_word' id='word_1_391' title='bbox 2689 2065 2849 2118; x_wconf 70' lang='lat' dir='ltr'><strong>homo</strong></span> <span class='ocrx_word' id='word_1_392' title='bbox 2898 2062 3144 2133; x_wconf 89' lang='lat' dir='ltr'><strong>injustus,</strong></span> <span class='ocrx_word' id='word_1_393' title='bbox 3188 2065 3308 2135; x_wconf 74' lang='lat' dir='ltr'><strong>quia</strong></span> <span class='ocrx_word' id='word_1_394' title='bbox 3363 2073 3606 2134; x_wconf 72' lang='lat' dir='ltr'><strong>poterant</strong></span> 
     </span>
    </p>
   </div>
   <div class='ocr_carea' id='block_1_52' title="bbox 2021 2154 3605 2226">
    <p class='ocr_par' dir='ltr' id='par_1_52' title="bbox 2021 2154 3605 2226">
     <span class='ocr_line' id='line_1_52' title="bbox 2021 2154 3605 2226; baseline 0.001 -19"><span class='ocrx_word' id='word_1_395' title='bbox 2021 2155 2181 2223; x_wconf 82' lang='lat' dir='ltr'><strong>aliqui</strong></span> <span class='ocrx_word' id='word_1_396' title='bbox 2212 2169 2329 2208; x_wconf 92' lang='lat' dir='ltr'><strong>esse</strong></span> <span class='ocrx_word' id='word_1_397' title='bbox 2374 2154 2537 2225; x_wconf 85' lang='lat' dir='ltr'><strong>justi,</strong></span> <span class='ocrx_word' id='word_1_398' title='bbox 2584 2156 2679 2210; x_wconf 92' lang='lat' dir='ltr'><strong>sed</strong></span> <span class='ocrx_word' id='word_1_399' title='bbox 2723 2158 2835 2210; x_wconf 65' lang='lat' dir='ltr'><strong>hinc</strong></span> <span class='ocrx_word' id='word_1_400' title='bbox 2864 2160 3130 2211; x_wconf 76' lang='lat' dir='ltr'><strong>consentit</strong></span> <span class='ocrx_word' id='word_1_401' title='bbox 3184 2158 3406 2211; x_wconf 68' lang='lat' dir='ltr'><strong>inﬁnita:</strong></span> <span class='ocrx_word' id='word_1_402' title='bbox 3451 2172 3605 2226; x_wconf 56' lang='lat' dir='ltr'><strong>nega.</strong></span> 
     </span>
    </p>
   </div>
   <div class='ocr_carea' id='block_1_53' title="bbox 2022 2246 3605 2318">
    <p class='ocr_par' dir='ltr' id='par_1_53' title="bbox 2022 2246 3605 2318">
     <span class='ocr_line' id='line_1_53' title="bbox 2022 2246 3605 2318; baseline 0.003 -18"><span class='ocrx_word' id='word_1_403' title='bbox 2022 2246 2153 2301; x_wconf 85' lang='lat' dir='ltr'><strong>tinni</strong></span> <span class='ocrx_word' id='word_1_404' title='bbox 2187 2249 2492 2316; x_wconf 88' lang='lat' dir='ltr'><strong>particulari</strong></span> <span class='ocrx_word' id='word_1_405' title='bbox 2523 2263 2644 2318; x_wconf 65' lang='lat' dir='ltr'><strong>qua:</strong></span> <span class='ocrx_word' id='word_1_406' title='bbox 2671 2248 2831 2315; x_wconf 86' lang='lat' dir='ltr'><strong>dicit,</strong></span> <span class='ocrx_word' id='word_1_407' title='bbox 2863 2264 2970 2303; x_wconf 90' lang='lat' dir='ltr'><strong>non</strong></span> <span class='ocrx_word' id='word_1_408' title='bbox 2993 2249 3169 2303; x_wconf 86' lang='lat' dir='ltr'><strong>omnis</strong></span> <span class='ocrx_word' id='word_1_409' title='bbox 3192 2259 3275 2304; x_wconf 87' lang='lat' dir='ltr'><strong>est</strong></span> <span class='ocrx_word' id='word_1_410' title='bbox 3306 2252 3465 2305; x_wconf 88' lang='lat' dir='ltr'><strong>homo</strong></span> <span class='ocrx_word' id='word_1_411' title='bbox 3496 2266 3605 2304; x_wconf 91' lang='lat' dir='ltr'><strong>non</strong></span> 
     </span>
    </p>
   </div>
   <div class='ocr_carea' id='block_1_54' title="bbox 1960 2338 3609 2423">
    <p class='ocr_par' dir='ltr' id='par_1_54' title="bbox 1960 2338 3609 2423">
     <span class='ocr_line' id='line_1_54' title="bbox 1960 2338 3609 2423; baseline 0.004 -31"><span class='ocrx_word' id='word_1_412' title='bbox 1960 2416 1961 2423; x_wconf 10' lang='grc' dir='ltr'>γ</span> <span class='ocrx_word' id='word_1_413' title='bbox 2017 2338 2212 2408; x_wconf 90' lang='lat' dir='ltr'><strong>justus,</strong></span> <span class='ocrx_word' id='word_1_414' title='bbox 2247 2340 2385 2395; x_wconf 90' lang='lat' dir='ltr'><strong>idem</strong></span> <span class='ocrx_word' id='word_1_415' title='bbox 2427 2350 2511 2396; x_wconf 85' lang='lat' dir='ltr'><strong>est</strong></span> <span class='ocrx_word' id='word_1_416' title='bbox 2549 2341 2694 2396; x_wconf 88' lang='lat' dir='ltr'><strong>enim</strong></span> <span class='ocrx_word' id='word_1_417' title='bbox 2742 2341 2921 2398; x_wconf 90' lang='lat' dir='ltr'><strong>dicere</strong></span> <span class='ocrx_word' id='word_1_418' title='bbox 2962 2358 3066 2397; x_wconf 93' lang='lat' dir='ltr'><strong>non</strong></span> <span class='ocrx_word' id='word_1_419' title='bbox 3113 2343 3291 2397; x_wconf 62' lang='lat' dir='ltr'><strong>omnis</strong></span> <span class='ocrx_word' id='word_1_420' title='bbox 3321 2353 3405 2398; x_wconf 90' lang='lat' dir='ltr'><strong>est</strong></span> <span class='ocrx_word' id='word_1_421' title='bbox 3432 2343 3609 2398; x_wconf 88' lang='lat' dir='ltr'><strong>homo</strong></span> 
     </span>
    </p>
   </div>
   <div class='ocr_carea' id='block_1_55' title="bbox 2023 2433 3613 2507">
    <p class='ocr_par' dir='ltr' id='par_1_55' title="bbox 2023 2433 3613 2507">
     <span class='ocr_line' id='line_1_55' title="bbox 2023 2433 3613 2507; baseline 0.004 -21"><span class='ocrx_word' id='word_1_422' title='bbox 2023 2433 2271 2503; x_wconf 90' lang='lat' dir='ltr'><strong>injustus,</strong></span> <span class='ocrx_word' id='word_1_423' title='bbox 2299 2436 2440 2505; x_wconf 91' lang='lat' dir='ltr'><strong>quod</strong></span> <span class='ocrx_word' id='word_1_424' title='bbox 2474 2449 2581 2489; x_wconf 91' lang='lat' dir='ltr'><strong>non</strong></span> <span class='ocrx_word' id='word_1_425' title='bbox 2612 2436 2786 2489; x_wconf 90' lang='lat' dir='ltr'><strong>omnis</strong></span> <span class='ocrx_word' id='word_1_426' title='bbox 2813 2447 2895 2491; x_wconf 89' lang='lat' dir='ltr'><strong>est</strong></span> <span class='ocrx_word' id='word_1_427' title='bbox 2926 2436 3088 2491; x_wconf 86' lang='lat' dir='ltr'><strong>homo</strong></span> <span class='ocrx_word' id='word_1_428' title='bbox 3118 2452 3221 2491; x_wconf 91' lang='lat' dir='ltr'><strong>non</strong></span> <span class='ocrx_word' id='word_1_429' title='bbox 3252 2437 3445 2507; x_wconf 90' lang='lat' dir='ltr'><strong>justus.</strong></span> <span class='ocrx_word' id='word_1_430' title='bbox 3472 2440 3613 2505; x_wconf 47' lang='lat' dir='ltr'><strong>Quod</strong></span> 
     </span>
    </p>
   </div>
   <div class='ocr_carea' id='block_1_56' title="bbox 2024 2527 3609 2599">
    <p class='ocr_par' dir='ltr' id='par_1_56' title="bbox 2024 2527 3609 2599">
     <span class='ocr_line' id='line_1_56' title="bbox 2024 2527 3609 2599; baseline 0.006 -21"><span class='ocrx_word' id='word_1_431' title='bbox 2024 2527 2165 2579; x_wconf 91' lang='lat' dir='ltr'><strong>circa</strong></span> <span class='ocrx_word' id='word_1_432' title='bbox 2195 2538 2248 2580; x_wconf 89' lang='lat' dir='ltr'><strong>et</strong></span> <span class='ocrx_word' id='word_1_433' title='bbox 2281 2530 2360 2581; x_wconf 80' lang='lat' dir='ltr'><strong>lue</strong></span> <span class='ocrx_word' id='word_1_434' title='bbox 2397 2529 2614 2582; x_wconf 88' lang='lat' dir='ltr'><strong>sibimet</strong></span> <span class='ocrx_word' id='word_1_435' title='bbox 2651 2529 2937 2599; x_wconf 82' lang='lat' dir='ltr'><strong>angulares</strong></span> <span class='ocrx_word' id='word_1_436' title='bbox 2968 2531 3124 2584; x_wconf 91' lang='lat' dir='ltr'><strong>simul</strong></span> <span class='ocrx_word' id='word_1_437' title='bbox 3158 2546 3300 2586; x_wconf 77' lang='lat' dir='ltr'><strong>vera:</strong></span> <span class='ocrx_word' id='word_1_438' title='bbox 3339 2545 3461 2586; x_wconf 84' lang='lat' dir='ltr'><strong>esse</strong></span> <span class='ocrx_word' id='word_1_439' title='bbox 3491 2546 3609 2599; x_wconf 85' lang='lat' dir='ltr'><strong>pos-</strong></span> 
     </span>
    </p>
   </div>
   <div class='ocr_carea' id='block_1_57' title="bbox 2024 2621 3611 2695">
    <p class='ocr_par' dir='ltr' id='par_1_57' title="bbox 2024 2621 3611 2695">
     <span class='ocr_line' id='line_1_57' title="bbox 2024 2621 3611 2695; baseline 0.007 -26"><span class='ocrx_word' id='word_1_440' title='bbox 2024 2628 2178 2683; x_wconf 87' lang='lat' dir='ltr'><strong>sunt,</strong></span> <span class='ocrx_word' id='word_1_441' title='bbox 2212 2633 2330 2671; x_wconf 89' lang='lat' dir='ltr'><strong>nam</strong></span> <span class='ocrx_word' id='word_1_442' title='bbox 2358 2622 2402 2673; x_wconf 87' lang='lat' dir='ltr'><strong>si</strong></span> <span class='ocrx_word' id='word_1_443' title='bbox 2435 2621 2647 2688; x_wconf 90' lang='lat' dir='ltr'><strong>quidam</strong></span> <span class='ocrx_word' id='word_1_444' title='bbox 2679 2636 2798 2676; x_wconf 90' lang='lat' dir='ltr'><strong>sunt</strong></span> <span class='ocrx_word' id='word_1_445' title='bbox 2826 2622 2988 2693; x_wconf 88' lang='lat' dir='ltr'><strong>justi,</strong></span> <span class='ocrx_word' id='word_1_446' title='bbox 3019 2623 3235 2693; x_wconf 87' lang='lat' dir='ltr'><strong>quidam</strong></span> <span class='ocrx_word' id='word_1_447' title='bbox 3281 2624 3495 2695; x_wconf 69' lang='lat' dir='ltr'><strong>injusti,</strong></span> <span class='ocrx_word' id='word_1_448' title='bbox 3526 2640 3611 2680; x_wconf 78' lang='lat' dir='ltr'><strong>ve-</strong></span> 
     </span>
    </p>
   </div>
   <div class='ocr_carea' id='block_1_58' title="bbox 2023 2712 3610 2789">
    <p class='ocr_par' dir='ltr' id='par_1_58' title="bbox 2023 2712 3610 2789">
     <span class='ocr_line' id='line_1_58' title="bbox 2023 2712 3610 2789; baseline 0.004 -23"><span class='ocrx_word' id='word_1_449' title='bbox 2023 2726 2143 2766; x_wconf 89' lang='lat' dir='ltr'><strong>rum</strong></span> <span class='ocrx_word' id='word_1_450' title='bbox 2173 2725 2255 2767; x_wconf 91' lang='lat' dir='ltr'><strong>est</strong></span> <span class='ocrx_word' id='word_1_451' title='bbox 2283 2712 2462 2767; x_wconf 85' lang='lat' dir='ltr'><strong>dicere</strong></span> <span class='ocrx_word' id='word_1_452' title='bbox 2486 2715 2737 2783; x_wconf 90' lang='lat' dir='ltr'><strong>quoniam</strong></span> <span class='ocrx_word' id='word_1_453' title='bbox 2766 2732 2870 2771; x_wconf 91' lang='lat' dir='ltr'><strong>non</strong></span> <span class='ocrx_word' id='word_1_454' title='bbox 2902 2716 3077 2771; x_wconf 89' lang='lat' dir='ltr'><strong>omnis</strong></span> <span class='ocrx_word' id='word_1_455' title='bbox 3105 2728 3186 2772; x_wconf 89' lang='lat' dir='ltr'><strong>est</strong></span> <span class='ocrx_word' id='word_1_456' title='bbox 3215 2717 3377 2773; x_wconf 89' lang='lat' dir='ltr'><strong>homo</strong></span> <span class='ocrx_word' id='word_1_457' title='bbox 3405 2717 3610 2789; x_wconf 88' lang='lat' dir='ltr'><strong>justus,</strong></span> 
     </span>
    </p>
   </div>
   <div class='ocr_carea' id='block_1_59' title="bbox 2025 2804 3611 2881">
    <p class='ocr_par' dir='ltr' id='par_1_59' title="bbox 2025 2804 3611 2881">
     <span class='ocr_line' id='line_1_59' title="bbox 2025 2804 3611 2881; baseline 0.007 -26"><span class='ocrx_word' id='word_1_458' title='bbox 2025 2804 2147 2873; x_wconf 90' lang='lat' dir='ltr'><strong>quia</strong></span> <span class='ocrx_word' id='word_1_459' title='bbox 2177 2815 2300 2858; x_wconf 89' lang='lat' dir='ltr'><strong>sunt</strong></span> <span class='ocrx_word' id='word_1_460' title='bbox 2343 2805 2557 2875; x_wconf 88' lang='lat' dir='ltr'><strong>quidam</strong></span> <span class='ocrx_word' id='word_1_461' title='bbox 2593 2806 2794 2877; x_wconf 88' lang='lat' dir='ltr'><strong>injusti.</strong></span> <span class='ocrx_word' id='word_1_462' title='bbox 2828 2808 3031 2863; x_wconf 82' lang='lat' dir='ltr'><strong>Rursus</strong></span> <span class='ocrx_word' id='word_1_463' title='bbox 3074 2826 3256 2864; x_wconf 87' lang='lat' dir='ltr'><strong>verum</strong></span> <span class='ocrx_word' id='word_1_464' title='bbox 3299 2820 3383 2866; x_wconf 87' lang='lat' dir='ltr'><strong>est</strong></span> <span class='ocrx_word' id='word_1_465' title='bbox 3410 2812 3611 2881; x_wconf 82' lang='lat' dir='ltr'><strong>dicere,</strong></span> 
     </span>
    </p>
   </div>
   <div class='ocr_carea' id='block_1_60' title="bbox 2027 2898 3613 2973">
    <p class='ocr_par' dir='ltr' id='par_1_60' title="bbox 2027 2898 3613 2973">
     <span class='ocr_line' id='line_1_60' title="bbox 2027 2898 3613 2973; baseline 0.007 -24"><span class='ocrx_word' id='word_1_466' title='bbox 2027 2911 2131 2950; x_wconf 91' lang='lat' dir='ltr'><strong>nou</strong></span> <span class='ocrx_word' id='word_1_467' title='bbox 2176 2898 2353 2951; x_wconf 90' lang='lat' dir='ltr'><strong>omnis</strong></span> <span class='ocrx_word' id='word_1_468' title='bbox 2379 2908 2463 2953; x_wconf 88' lang='lat' dir='ltr'><strong>est</strong></span> <span class='ocrx_word' id='word_1_469' title='bbox 2510 2899 2669 2953; x_wconf 88' lang='lat' dir='ltr'><strong>humo</strong></span> <span class='ocrx_word' id='word_1_470' title='bbox 2702 2916 2807 2955; x_wconf 90' lang='lat' dir='ltr'><strong>non</strong></span> <span class='ocrx_word' id='word_1_471' title='bbox 2834 2899 3030 2970; x_wconf 89' lang='lat' dir='ltr'><strong>justus,</strong></span> <span class='ocrx_word' id='word_1_472' title='bbox 3066 2905 3189 2971; x_wconf 83' lang='lat' dir='ltr'><strong>quia</strong></span> <span class='ocrx_word' id='word_1_473' title='bbox 3232 2914 3358 2958; x_wconf 89' lang='lat' dir='ltr'><strong>sunt</strong></span> <span class='ocrx_word' id='word_1_474' title='bbox 3401 2905 3613 2973; x_wconf 83' lang='lat' dir='ltr'><strong>quidam</strong></span> 
     </span>
    </p>
   </div>
   <div class='ocr_carea' id='block_1_61' title="bbox 2025 2988 3614 3065">
    <p class='ocr_par' dir='ltr' id='par_1_61' title="bbox 2025 2988 3614 3065">
     <span class='ocr_line' id='line_1_61' title="bbox 2025 2988 3614 3065; baseline 0.007 -24"><span class='ocrx_word' id='word_1_475' title='bbox 2025 2988 2183 3058; x_wconf 87' lang='lat' dir='ltr'><strong>justi,</strong></span> <span class='ocrx_word' id='word_1_476' title='bbox 2226 2990 2596 3057; x_wconf 76' lang='lat' dir='ltr'><strong>negatioiiibus</strong></span> <span class='ocrx_word' id='word_1_477' title='bbox 2637 2992 2794 3060; x_wconf 83' lang='lat' dir='ltr'><strong>igitur</strong></span> <span class='ocrx_word' id='word_1_478' title='bbox 2839 2994 3151 3062; x_wconf 88' lang='lat' dir='ltr'><strong>negationes</strong></span> <span class='ocrx_word' id='word_1_479' title='bbox 3196 2996 3477 3065; x_wconf 88' lang='lat' dir='ltr'><strong>angulares</strong></span> <span class='ocrx_word' id='word_1_480' title='bbox 3522 2996 3614 3051; x_wconf 74' lang='lat' dir='ltr'><strong>de~</strong></span> 
     </span>
    </p>
   </div>
   <div class='ocr_carea' id='block_1_62' title="bbox 2031 3082 3617 3154">
    <p class='ocr_par' dir='ltr' id='par_1_62' title="bbox 2031 3082 3617 3154">
     <span class='ocr_line' id='line_1_62' title="bbox 2031 3082 3617 3154; baseline 0.008 -21"><span class='ocrx_word' id='word_1_481' title='bbox 2031 3082 2191 3135; x_wconf 76' lang='lat' dir='ltr'><strong>ﬁnita:</strong></span> <span class='ocrx_word' id='word_1_482' title='bbox 2239 3082 2398 3136; x_wconf 91' lang='lat' dir='ltr'><strong>simul</strong></span> <span class='ocrx_word' id='word_1_483' title='bbox 2441 3098 2580 3138; x_wconf 74' lang='lat' dir='ltr'><strong>vera:</strong></span> <span class='ocrx_word' id='word_1_484' title='bbox 2621 3098 2742 3139; x_wconf 63' lang='lat' dir='ltr'><strong>esse</strong></span> <span class='ocrx_word' id='word_1_485' title='bbox 2782 3097 3035 3154; x_wconf 88' lang='lat' dir='ltr'><strong>possunt,</strong></span> <span class='ocrx_word' id='word_1_486' title='bbox 3069 3095 3124 3141; x_wconf 87' lang='lat' dir='ltr'><strong>et</strong></span> <span class='ocrx_word' id='word_1_487' title='bbox 3167 3088 3268 3143; x_wconf 87' lang='lat' dir='ltr'><strong>huc</strong></span> <span class='ocrx_word' id='word_1_488' title='bbox 3315 3101 3397 3144; x_wconf 76' lang='lat' dir='ltr'><strong>est</strong></span> <span class='ocrx_word' id='word_1_489' title='bbox 3441 3089 3617 3145; x_wconf 82' lang='lat' dir='ltr'><strong>simile</strong></span> 
     </span>
    </p>
   </div>
   <div class='ocr_carea' id='block_1_63' title="bbox 345 3173 1963 3267">
    <p class='ocr_par' dir='ltr' id='par_1_63' title="bbox 345 3179 1963 3255">
     <span class='ocr_line' id='line_1_63' title="bbox 345 3179 1963 3255; baseline 0.002 -18"><span class='ocrx_word' id='word_1_490' title='bbox 345 3179 399 3237; x_wconf 83' lang='lat' dir='ltr'><strong>in</strong></span> <span class='ocrx_word' id='word_1_491' title='bbox 434 3180 516 3236; x_wconf 89' lang='lat' dir='ltr'><strong>his</strong></span> <span class='ocrx_word' id='word_1_492' title='bbox 545 3182 657 3239; x_wconf 63' lang='lat' dir='ltr'><strong>hac</strong></span> <span class='ocrx_word' id='word_1_493' title='bbox 684 3184 736 3238; x_wconf 92' lang='lat' dir='ltr'><strong>in</strong></span> <span class='ocrx_word' id='word_1_494' title='bbox 768 3184 993 3239; x_wconf 85' lang='lat' dir='ltr'><strong>veritate</strong></span> <span class='ocrx_word' id='word_1_495' title='bbox 1015 3184 1321 3240; x_wconf 89' lang='lat' dir='ltr'><strong>consentire</strong></span> <span class='ocrx_word' id='word_1_496' title='bbox 1352 3186 1548 3255; x_wconf 78' lang='lat' dir='ltr'><strong>paterit</strong></span> <span class='ocrx_word' id='word_1_497' title='bbox 1576 3188 1625 3240; x_wconf 88' lang='lat' dir='ltr'><strong>ei</strong></span> <span class='ocrx_word' id='word_1_498' title='bbox 1656 3202 1776 3255; x_wconf 69' lang='lat' dir='ltr'><strong>qua:</strong></span> <span class='ocrx_word' id='word_1_499' title='bbox 1801 3187 1932 3242; x_wconf 85' lang='lat' dir='ltr'><strong>dicit</strong></span> <span class='ocrx_word' id='word_1_500' title='bbox 1958 3195 1963 3231; x_wconf 70' lang='lat' dir='ltr'><strong>t</strong></span> 
     </span>
    </p>
   </div>
   <div class='ocr_carea' id='block_1_64' title="bbox 1994 3173 3618 3267">
    <p class='ocr_par' dir='ltr' id='par_1_64' title="bbox 1994 3173 3618 3267">
     <span class='ocr_line' id='line_1_64' title="bbox 1994 3173 3618 3267; baseline 0.006 -41"><span class='ocrx_word' id='word_1_501' title='bbox 1994 3180 2005 3242; x_wconf 67' lang='grc' dir='ltr'>ζ</span> <span class='ocrx_word' id='word_1_502' title='bbox 2038 3173 2342 3241; x_wconf 87' lang='lat' dir='ltr'><strong>indeﬁnitis,</strong></span> <span class='ocrx_word' id='word_1_503' title='bbox 2400 3175 2451 3229; x_wconf 92' lang='lat' dir='ltr'><strong>in</strong></span> <span class='ocrx_word' id='word_1_504' title='bbox 2500 3176 2691 3245; x_wconf 84' lang='lat' dir='ltr'><strong>quibus</strong></span> <span class='ocrx_word' id='word_1_505' title='bbox 2724 3176 2863 3231; x_wconf 88' lang='lat' dir='ltr'><strong>sicut</strong></span> <span class='ocrx_word' id='word_1_506' title='bbox 2898 3176 3281 3234; x_wconf 84' lang='lat' dir='ltr'><strong>alﬁrmatioues</strong></span> <span class='ocrx_word' id='word_1_507' title='bbox 3308 3179 3618 3267; x_wconf 67' lang='lat' dir='ltr'><strong>aiﬁrruatio-</strong></span> 
     </span>
    </p>
   </div>
   <div class='ocr_carea' id='block_1_65' title="bbox 346 3268 1931 3360">
    <p class='ocr_par' dir='ltr' id='par_1_65' title="bbox 346 3268 1931 3360">
     <span class='ocr_line' id='line_1_65' title="bbox 346 3268 1931 3360; baseline 0.004 -24"><span class='ocrx_word' id='word_1_508' title='bbox 346 3268 597 3353; x_wconf 74' lang='lat' dir='ltr'><strong>quoniam</strong></span> <span class='ocrx_word' id='word_1_509' title='bbox 637 3284 811 3340; x_wconf 89' lang='lat' dir='ltr'><strong>omnis</strong></span> <span class='ocrx_word' id='word_1_510' title='bbox 852 3295 933 3341; x_wconf 91' lang='lat' dir='ltr'><strong>est</strong></span> <span class='ocrx_word' id='word_1_511' title='bbox 964 3284 1124 3340; x_wconf 87' lang='lat' dir='ltr'><strong>homo</strong></span> <span class='ocrx_word' id='word_1_512' title='bbox 1165 3284 1386 3355; x_wconf 89' lang='lat' dir='ltr'><strong>justus;</strong></span> <span class='ocrx_word' id='word_1_513' title='bbox 1433 3286 1722 3342; x_wconf 79' lang='lat' dir='ltr'><strong>afﬁrmatio</strong></span> <span class='ocrx_word' id='word_1_514' title='bbox 1774 3290 1931 3360; x_wconf 89' lang='lat' dir='ltr'><strong>igitur</strong></span> 
     </span>
    </p>
   </div>
   <div class='ocr_carea' id='block_1_66' title="bbox 348 3384 1962 3458">
    <p class='ocr_par' dir='ltr' id='par_1_66' title="bbox 348 3384 1962 3458">
     <span class='ocr_line' id='line_1_66' title="bbox 348 3384 1962 3458; baseline 0.002 -19"><span class='ocrx_word' id='word_1_515' title='bbox 348 3384 663 3442; x_wconf 87' lang='lat' dir='ltr'><strong>universalis</strong></span> <span class='ocrx_word' id='word_1_516' title='bbox 688 3387 943 3458; x_wconf 80' lang='lat' dir='ltr'><strong>simplex,</strong></span> <span class='ocrx_word' id='word_1_517' title='bbox 974 3387 1150 3442; x_wconf 87' lang='lat' dir='ltr'><strong>omnis</strong></span> <span class='ocrx_word' id='word_1_518' title='bbox 1172 3396 1257 3443; x_wconf 92' lang='lat' dir='ltr'><strong>est</strong></span> <span class='ocrx_word' id='word_1_519' title='bbox 1288 3386 1449 3442; x_wconf 88' lang='lat' dir='ltr'><strong>homo</strong></span> <span class='ocrx_word' id='word_1_520' title='bbox 1475 3386 1675 3458; x_wconf 78' lang='lat' dir='ltr'><strong>justus,</strong></span> <span class='ocrx_word' id='word_1_521' title='bbox 1700 3387 1933 3442; x_wconf 84' lang='lat' dir='ltr'><strong>aiﬁrma-</strong></span> <span class='ocrx_word' id='word_1_522' title='bbox 1959 3445 1962 3450; x_wconf 95' lang='lat'><em>_</em></span> 
     </span>
    </p>
   </div>
   <div class='ocr_carea' id='block_1_67' title="bbox 348 3477 1965 3548">
    <p class='ocr_par' dir='ltr' id='par_1_67' title="bbox 348 3477 1965 3548">
     <span class='ocr_line' id='line_1_67' title="bbox 348 3477 1965 3548; baseline 0.002 -18"><span class='ocrx_word' id='word_1_523' title='bbox 348 3477 585 3534; x_wconf 89' lang='lat' dir='ltr'><strong>tionibus</strong></span> <span class='ocrx_word' id='word_1_524' title='bbox 637 3478 1032 3536; x_wconf 85' lang='lat' dir='ltr'><strong>universalibus</strong></span> <span class='ocrx_word' id='word_1_525' title='bbox 1081 3480 1386 3548; x_wconf 67' lang='lat' dir='ltr'><strong>privatoria:</strong></span> <span class='ocrx_word' id='word_1_526' title='bbox 1434 3491 1488 3533; x_wconf 91' lang='lat' dir='ltr'><strong>et</strong></span> <span class='ocrx_word' id='word_1_527' title='bbox 1545 3479 1766 3533; x_wconf 77' lang='lat' dir='ltr'><strong>inﬁnitae</strong></span> <span class='ocrx_word' id='word_1_528' title='bbox 1813 3495 1965 3548; x_wconf 29' lang='lat' dir='ltr'><strong>quac,</strong></span> 
     </span>
    </p>
   </div>
   <div class='ocr_carea' id='block_1_68' title="bbox 349 3572 1932 3643">
    <p class='ocr_par' dir='ltr' id='par_1_68' title="bbox 349 3572 1932 3643">
     <span class='ocr_line' id='line_1_68' title="bbox 349 3572 1932 3643; baseline 0.002 -17"><span class='ocrx_word' id='word_1_529' title='bbox 349 3581 500 3639; x_wconf 76' lang='lat' dir='ltr'><strong>sunt,</strong></span> <span class='ocrx_word' id='word_1_530' title='bbox 528 3577 704 3629; x_wconf 90' lang='lat' dir='ltr'><strong>omnis</strong></span> <span class='ocrx_word' id='word_1_531' title='bbox 732 3582 818 3629; x_wconf 90' lang='lat' dir='ltr'><strong>est</strong></span> <span class='ocrx_word' id='word_1_532' title='bbox 852 3572 1014 3628; x_wconf 91' lang='lat' dir='ltr'><strong>homo</strong></span> <span class='ocrx_word' id='word_1_533' title='bbox 1052 3572 1306 3643; x_wconf 87' lang='lat' dir='ltr'><strong>injustus,</strong></span> <span class='ocrx_word' id='word_1_534' title='bbox 1334 3582 1390 3629; x_wconf 91' lang='lat' dir='ltr'><strong>et</strong></span> <span class='ocrx_word' id='word_1_535' title='bbox 1432 3573 1608 3629; x_wconf 84' lang='lat' dir='ltr'><strong>omnis</strong></span> <span class='ocrx_word' id='word_1_536' title='bbox 1645 3582 1728 3628; x_wconf 90' lang='lat' dir='ltr'><strong>est</strong></span> <span class='ocrx_word' id='word_1_537' title='bbox 1772 3572 1932 3629; x_wconf 90' lang='lat' dir='ltr'><strong>homo</strong></span> 
     </span>
    </p>
   </div>
   <div class='ocr_carea' id='block_1_69' title="bbox 348 3665 1933 3738">
    <p class='ocr_par' dir='ltr' id='par_1_69' title="bbox 348 3665 1933 3738">
     <span class='ocr_line' id='line_1_69' title="bbox 348 3665 1933 3738; baseline 0.003 -20"><span class='ocrx_word' id='word_1_538' title='bbox 348 3676 455 3720; x_wconf 88' lang='lat' dir='ltr'><strong>non</strong></span> <span class='ocrx_word' id='word_1_539' title='bbox 496 3665 696 3735; x_wconf 88' lang='lat' dir='ltr'><strong>justus,</strong></span> <span class='ocrx_word' id='word_1_540' title='bbox 742 3666 958 3723; x_wconf 86' lang='lat' dir='ltr'><strong>sibimet</strong></span> <span class='ocrx_word' id='word_1_541' title='bbox 1002 3667 1367 3738; x_wconf 86' lang='lat' dir='ltr'><strong>angularibus,</strong></span> <span class='ocrx_word' id='word_1_542' title='bbox 1402 3667 1454 3721; x_wconf 90' lang='lat' dir='ltr'><strong>in</strong></span> <span class='ocrx_word' id='word_1_543' title='bbox 1502 3668 1728 3723; x_wconf 86' lang='lat' dir='ltr'><strong>veritate</strong></span> <span class='ocrx_word' id='word_1_544' title='bbox 1774 3668 1933 3723; x_wconf 82' lang='lat' dir='ltr'><strong>simul</strong></span> 
     </span>
    </p>
   </div>
   <div class='ocr_carea' id='block_1_70' title="bbox 350 3758 1934 3833">
    <p class='ocr_par' dir='ltr' id='par_1_70' title="bbox 350 3758 1934 3833">
     <span class='ocr_line' id='line_1_70' title="bbox 350 3758 1934 3833; baseline 0.002 -20"><span class='ocrx_word' id='word_1_545' title='bbox 350 3758 495 3814; x_wconf 88' lang='lat' dir='ltr'><strong>nulla</strong></span> <span class='ocrx_word' id='word_1_546' title='bbox 524 3760 733 3816; x_wconf 88' lang='lat' dir='ltr'><strong>ratione</strong></span> <span class='ocrx_word' id='word_1_547' title='bbox 775 3761 1081 3826; x_wconf 90' lang='lat' dir='ltr'><strong>consentit,</strong></span> <span class='ocrx_word' id='word_1_548' title='bbox 1109 3762 1247 3816; x_wconf 91' lang='lat' dir='ltr'><strong>sicut</strong></span> <span class='ocrx_word' id='word_1_549' title='bbox 1286 3761 1339 3816; x_wconf 90' lang='lat' dir='ltr'><strong>in</strong></span> <span class='ocrx_word' id='word_1_550' title='bbox 1363 3760 1454 3830; x_wconf 5' lang='lat' dir='ltr'><strong>phis</strong></span> <span class='ocrx_word' id='word_1_551' title='bbox 1482 3776 1600 3833; x_wconf 65' lang='lat' dir='ltr'><strong>quae</strong></span> <span class='ocrx_word' id='word_1_552' title='bbox 1644 3762 1934 3817; x_wconf 70' lang='lat' dir='ltr'><strong>indelinita:</strong></span> 
     </span>
    </p>
   </div>
   <div class='ocr_carea' id='block_1_71' title="bbox 350 3852 1935 3924">
    <p class='ocr_par' dir='ltr' id='par_1_71' title="bbox 350 3852 1935 3924">
     <span class='ocr_line' id='line_1_71' title="bbox 350 3852 1935 3924; baseline 0.002 -17"><span class='ocrx_word' id='word_1_553' title='bbox 350 3862 532 3920; x_wconf 85' lang='lat' dir='ltr'><strong>erant,</strong></span> <span class='ocrx_word' id='word_1_554' title='bbox 565 3864 621 3908; x_wconf 92' lang='lat' dir='ltr'><strong>et</strong></span> <span class='ocrx_word' id='word_1_555' title='bbox 647 3852 1032 3909; x_wconf 82' lang='lat' dir='ltr'><strong>afﬁrmationes</strong></span> <span class='ocrx_word' id='word_1_556' title='bbox 1062 3853 1505 3910; x_wconf 82' lang='lat' dir='ltr'><strong>al&#39;ﬁrmationibus</strong></span> <span class='ocrx_word' id='word_1_557' title='bbox 1545 3864 1598 3908; x_wconf 91' lang='lat' dir='ltr'><strong>et</strong></span> <span class='ocrx_word' id='word_1_558' title='bbox 1627 3856 1935 3924; x_wconf 85' lang='lat' dir='ltr'><strong>negationes</strong></span> 
     </span>
    </p>
   </div>
   <div class='ocr_carea' id='block_1_72' title="bbox 352 3949 1936 4020">
    <p class='ocr_par' dir='ltr' id='par_1_72' title="bbox 352 3949 1936 4020">
     <span class='ocr_line' id='line_1_72' title="bbox 352 3949 1936 4020; baseline -0.003 -13"><span class='ocrx_word' id='word_1_559' title='bbox 352 3950 729 4020; x_wconf 86' lang='lat' dir='ltr'><strong>negationibus</strong></span> <span class='ocrx_word' id='word_1_560' title='bbox 765 3951 817 4003; x_wconf 88' lang='lat' dir='ltr'><strong>in</strong></span> <span class='ocrx_word' id='word_1_561' title='bbox 844 3949 1070 4004; x_wconf 88' lang='lat' dir='ltr'><strong>veritate</strong></span> <span class='ocrx_word' id='word_1_562' title='bbox 1110 3959 1355 4019; x_wconf 88' lang='lat' dir='ltr'><strong>poterant</strong></span> <span class='ocrx_word' id='word_1_563' title='bbox 1393 3950 1719 4005; x_wconf 80' lang='lat' dir='ltr'><strong>consentire.</strong></span> <span class='ocrx_word' id='word_1_564' title='bbox 1758 3952 1814 4002; x_wconf 91' lang='lat' dir='ltr'><strong>In</strong></span> <span class='ocrx_word' id='word_1_565' title='bbox 1854 3951 1936 4003; x_wconf 91' lang='lat' dir='ltr'><strong>his</strong></span> 
     </span>
    </p>
   </div>
   <div class='ocr_carea' id='block_1_73' title="bbox 353 4041 1937 4113">
    <p class='ocr_par' dir='ltr' id='par_1_73' title="bbox 353 4041 1937 4113">
     <span class='ocr_line' id='line_1_73' title="bbox 353 4041 1937 4113; baseline 0.001 -15"><span class='ocrx_word' id='word_1_566' title='bbox 353 4052 535 4098; x_wconf 88' lang='lat' dir='ltr'><strong>autem</strong></span> <span class='ocrx_word' id='word_1_567' title='bbox 582 4058 700 4112; x_wconf 65' lang='lat' dir='ltr'><strong>quae</strong></span> <span class='ocrx_word' id='word_1_568' title='bbox 749 4051 875 4097; x_wconf 90' lang='lat' dir='ltr'><strong>sunt</strong></span> <span class='ocrx_word' id='word_1_569' title='bbox 921 4042 1152 4098; x_wconf 70' lang='lat' dir='ltr'><strong>deﬁnitae</strong></span> <span class='ocrx_word' id='word_1_570' title='bbox 1204 4041 1607 4105; x_wconf 83' lang='lat' dir='ltr'><strong>aﬂirmatioues,</strong></span> <span class='ocrx_word' id='word_1_571' title='bbox 1656 4046 1937 4113; x_wconf 87' lang='lat' dir='ltr'><strong>angulares</strong></span> 
     </span>
    </p>
   </div>
   <div class='ocr_carea' id='block_1_74' title="bbox 352 4134 1967 4204">
    <p class='ocr_par' dir='ltr' id='par_1_74' title="bbox 352 4134 1967 4204">
     <span class='ocr_line' id='line_1_74' title="bbox 352 4134 1967 4204; baseline -0.001 -15"><span class='ocrx_word' id='word_1_572' title='bbox 352 4134 515 4191; x_wconf 89' lang='lat' dir='ltr'><strong>simul</strong></span> <span class='ocrx_word' id='word_1_573' title='bbox 545 4150 687 4190; x_wconf 74' lang='lat' dir='ltr'><strong>vera:</strong></span> <span class='ocrx_word' id='word_1_574' title='bbox 727 4150 848 4190; x_wconf 86' lang='lat' dir='ltr'><strong>esse</strong></span> <span class='ocrx_word' id='word_1_575' title='bbox 887 4148 994 4189; x_wconf 92' lang='lat' dir='ltr'><strong>non</strong></span> <span class='ocrx_word' id='word_1_576' title='bbox 1044 4142 1286 4201; x_wconf 85' lang='lat' dir='ltr'><strong>possunt.</strong></span> <span class='ocrx_word' id='word_1_577' title='bbox 1336 4134 1496 4190; x_wconf 80' lang='lat' dir='ltr'><strong>Recte</strong></span> <span class='ocrx_word' id='word_1_578' title='bbox 1537 4135 1696 4204; x_wconf 74' lang='lat' dir='ltr'><strong>igitur</strong></span> <span class='ocrx_word' id='word_1_579' title='bbox 1737 4134 1967 4187; x_wconf 76' lang='lat' dir='ltr'><strong>dictum.</strong></span> 
     </span>
    </p>
   </div>
   <div class='ocr_carea' id='block_1_75' title="bbox 353 4225 1939 4298">
    <p class='ocr_par' dir='ltr' id='par_1_75' title="bbox 353 4225 1939 4298">
     <span class='ocr_line' id='line_1_75' title="bbox 353 4225 1939 4298; baseline -0.002 -16"><span class='ocrx_word' id='word_1_580' title='bbox 353 4238 436 4283; x_wconf 88' lang='lat' dir='ltr'><strong>cst</strong></span> <span class='ocrx_word' id='word_1_581' title='bbox 471 4227 724 4298; x_wconf 85' lang='lat' dir='ltr'><strong>quoniam</strong></span> <span class='ocrx_word' id='word_1_582' title='bbox 754 4226 809 4281; x_wconf 90' lang='lat' dir='ltr'><strong>in</strong></span> <span class='ocrx_word' id='word_1_583' title='bbox 837 4226 957 4282; x_wconf 90' lang='lat' dir='ltr'><strong>aliis</strong></span> <span class='ocrx_word' id='word_1_584' title='bbox 1003 4225 1250 4281; x_wconf 89' lang='lat' dir='ltr'><strong>omnibus</strong></span> <span class='ocrx_word' id='word_1_585' title='bbox 1272 4226 1465 4281; x_wconf 86' lang='lat' dir='ltr'><strong>similis</strong></span> <span class='ocrx_word' id='word_1_586' title='bbox 1493 4239 1572 4281; x_wconf 85' lang='lat' dir='ltr'><strong>est</strong></span> <span class='ocrx_word' id='word_1_587' title='bbox 1605 4240 1939 4295; x_wconf 87' lang='lat' dir='ltr'><strong>consequen-</strong></span> 
     </span>
    </p>
   </div>
   <div class='ocr_carea' id='block_1_76' title="bbox 356 4318 1941 4376">
    <p class='ocr_par' dir='ltr' id='par_1_76' title="bbox 356 4318 1941 4376">
     <span class='ocr_line' id='line_1_76' title="bbox 356 4318 1941 4376; baseline -0.002 0"><span class='ocrx_word' id='word_1_588' title='bbox 356 4320 427 4376; x_wconf 90' lang='lat' dir='ltr'><strong>tia</strong></span> <span class='ocrx_word' id='word_1_589' title='bbox 482 4320 828 4376; x_wconf 84' lang='lat' dir='ltr'><strong>diiﬁnitarum</strong></span> <span class='ocrx_word' id='word_1_590' title='bbox 878 4330 932 4375; x_wconf 90' lang='lat' dir='ltr'><strong>et</strong></span> <span class='ocrx_word' id='word_1_591' title='bbox 998 4319 1421 4376; x_wconf 89' lang='lat' dir='ltr'><strong>indeﬁnitarum.</strong></span> <span class='ocrx_word' id='word_1_592' title='bbox 1476 4318 1941 4374; x_wconf 80' lang='lat' dir='ltr'><strong>Afﬁrmationibus</strong></span> 
     </span>
    </p>
   </div>
   <div class='ocr_carea' id='block_1_77' title="bbox 355 4411 1943 4483">
    <p class='ocr_par' dir='ltr' id='par_1_77' title="bbox 355 4411 1943 4483">
     <span class='ocr_line' id='line_1_77' title="bbox 355 4411 1943 4483; baseline -0.002 -15"><span class='ocrx_word' id='word_1_593' title='bbox 355 4413 498 4469; x_wconf 86' lang='lat' dir='ltr'><strong>enim</strong></span> <span class='ocrx_word' id='word_1_594' title='bbox 527 4414 866 4468; x_wconf 88' lang='lat' dir='ltr'><strong>consentiunt</strong></span> <span class='ocrx_word' id='word_1_595' title='bbox 910 4412 963 4467; x_wconf 93' lang='lat' dir='ltr'><strong>in</strong></span> <span class='ocrx_word' id='word_1_596' title='bbox 994 4412 1219 4468; x_wconf 89' lang='lat' dir='ltr'><strong>veritate</strong></span> <span class='ocrx_word' id='word_1_597' title='bbox 1268 4413 1605 4483; x_wconf 85' lang='lat' dir='ltr'><strong>negationes,</strong></span> <span class='ocrx_word' id='word_1_598' title='bbox 1648 4411 1943 4481; x_wconf 88' lang='lat' dir='ltr'><strong>negationi-</strong></span> 
     </span>
    </p>
   </div>
   <div class='ocr_carea' id='block_1_78' title="bbox 355 4504 1937 4571">
    <p class='ocr_par' dir='ltr' id='par_1_78' title="bbox 355 4504 1937 4571">
     <span class='ocr_line' id='line_1_78' title="bbox 355 4504 1937 4571; baseline -0.002 -11"><span class='ocrx_word' id='word_1_599' title='bbox 355 4504 460 4561; x_wconf 86' lang='lat' dir='ltr'><strong>bus</strong></span> <span class='ocrx_word' id='word_1_600' title='bbox 499 4512 675 4559; x_wconf 89' lang='lat' dir='ltr'><strong>autem</strong></span> <span class='ocrx_word' id='word_1_601' title='bbox 719 4504 1100 4559; x_wconf 77' lang='lat' dir='ltr'><strong>alﬁrmationes</strong></span> <span class='ocrx_word' id='word_1_602' title='bbox 1144 4520 1251 4559; x_wconf 92' lang='lat' dir='ltr'><strong>non</strong></span> <span class='ocrx_word' id='word_1_603' title='bbox 1298 4505 1522 4559; x_wconf 90' lang='lat' dir='ltr'><strong>omnino</strong></span> <span class='ocrx_word' id='word_1_604' title='bbox 1567 4504 1937 4571; x_wconf 74' lang='lat' dir='ltr'><strong>consentiunt,</strong></span> 
     </span>
    </p>
   </div>
   <div class='ocr_carea' id='block_1_79' title="bbox 2035 3266 3619 3343">
    <p class='ocr_par' dir='ltr' id='par_1_79' title="bbox 2035 3266 3619 3343">
     <span class='ocr_line' id='line_1_79' title="bbox 2035 3266 3619 3343; baseline 0.004 -22"><span class='ocrx_word' id='word_1_605' title='bbox 2035 3266 2211 3335; x_wconf 90' lang='lat' dir='ltr'><strong>nilms,</strong></span> <span class='ocrx_word' id='word_1_606' title='bbox 2244 3269 2314 3321; x_wconf 67' lang='lat' dir='ltr'><strong>ita</strong></span> <span class='ocrx_word' id='word_1_607' title='bbox 2359 3283 2570 3340; x_wconf 89' lang='lat' dir='ltr'><strong>quoque</strong></span> <span class='ocrx_word' id='word_1_608' title='bbox 2616 3269 2668 3323; x_wconf 93' lang='lat' dir='ltr'><strong>in</strong></span> <span class='ocrx_word' id='word_1_609' title='bbox 2715 3270 2939 3326; x_wconf 82' lang='lat' dir='ltr'><strong>veritate</strong></span> <span class='ocrx_word' id='word_1_610' title='bbox 2979 3271 3259 3341; x_wconf 78' lang='lat' dir='ltr'><strong>angulares</strong></span> <span class='ocrx_word' id='word_1_611' title='bbox 3308 3266 3619 3343; x_wconf 79' lang='lat' dir='ltr'><strong>negationes</strong></span> 
     </span>
    </p>
   </div>
   <div class='ocr_carea' id='block_1_80' title="bbox 2035 3361 3620 3437">
    <p class='ocr_par' dir='ltr' id='par_1_80' title="bbox 2035 3361 3620 3437">
     <span class='ocr_line' id='line_1_80' title="bbox 2035 3361 3620 3437; baseline 0.004 -23"><span class='ocrx_word' id='word_1_612' title='bbox 2035 3361 2407 3431; x_wconf 86' lang='lat' dir='ltr'><strong>negationibus</strong></span> <span class='ocrx_word' id='word_1_613' title='bbox 2450 3362 2813 3418; x_wconf 90' lang='lat' dir='ltr'><strong>consentiunt.</strong></span> <span class='ocrx_word' id='word_1_614' title='bbox 2848 3367 3049 3420; x_wconf 89' lang='lat' dir='ltr'><strong>Sensus</strong></span> <span class='ocrx_word' id='word_1_615' title='bbox 3077 3380 3206 3437; x_wconf 89' lang='lat' dir='ltr'><strong>ergo</strong></span> <span class='ocrx_word' id='word_1_616' title='bbox 3253 3365 3620 3435; x_wconf 66' lang='lat' dir='ltr'><strong>totus.bujus-</strong></span> 
     </span>
    </p>
   </div>
   <div class='ocr_carea' id='block_1_81' title="bbox 2036 3454 3621 3541">
    <p class='ocr_par' dir='ltr' id='par_1_81' title="bbox 2036 3454 3621 3541">
     <span class='ocr_line' id='line_1_81' title="bbox 2036 3454 3621 3541; baseline 0.006 -35"><span class='ocrx_word' id='word_1_617' title='bbox 2036 3454 2182 3508; x_wconf 86' lang='lat' dir='ltr'><strong>modi</strong></span> <span class='ocrx_word' id='word_1_618' title='bbox 2212 3464 2305 3510; x_wconf 79' lang='lat' dir='ltr'><strong>est</strong></span> <span class='ocrx_word' id='word_1_619' title='bbox 2330 3472 2344 3509; x_wconf 89' lang='lat'><strong>:</strong></span> <span class='ocrx_word' id='word_1_620' title='bbox 2378 3454 2637 3513; x_wconf 86' lang='lat' dir='ltr'><strong>Similiter</strong></span> <span class='ocrx_word' id='word_1_621' title='bbox 2677 3468 2853 3514; x_wconf 88' lang='lat' dir='ltr'><strong>autem</strong></span> <span class='ocrx_word' id='word_1_622' title='bbox 2873 3499 2890 3526; x_wconf 90' lang='lat'><strong>,</strong></span> <span class='ocrx_word' id='word_1_623' title='bbox 2921 3460 3120 3530; x_wconf 92' lang='lat' dir='ltr'><strong>inquit,</strong></span> <span class='ocrx_word' id='word_1_624' title='bbox 3148 3475 3207 3516; x_wconf 86' lang='lat' dir='ltr'><strong>se</strong></span> <span class='ocrx_word' id='word_1_625' title='bbox 3237 3459 3425 3528; x_wconf 88' lang='lat' dir='ltr'><strong>habet,</strong></span> <span class='ocrx_word' id='word_1_626' title='bbox 3457 3461 3508 3516; x_wconf 92' lang='lat' dir='ltr'><strong>id</strong></span> <span class='ocrx_word' id='word_1_627' title='bbox 3537 3475 3621 3541; x_wconf 43' lang='lat' dir='ltr'><strong>es:</strong></span> 
     </span>
    </p>
   </div>
   <div class='ocr_carea' id='block_1_82' title="bbox 2036 3551 3621 3627">
    <p class='ocr_par' dir='ltr' id='par_1_82' title="bbox 2036 3551 3621 3627">
     <span class='ocr_line' id='line_1_82' title="bbox 2036 3551 3621 3627; baseline 0.004 -23"><span class='ocrx_word' id='word_1_628' title='bbox 2036 3551 2224 3606; x_wconf 74' lang='lat' dir='ltr'><strong>similis</strong></span> <span class='ocrx_word' id='word_1_629' title='bbox 2253 3552 2356 3606; x_wconf 90' lang='lat' dir='ltr'><strong>erit</strong></span> <span class='ocrx_word' id='word_1_630' title='bbox 2385 3557 2769 3623; x_wconf 83' lang='lat' dir='ltr'><strong>consequentia</strong></span> <span class='ocrx_word' id='word_1_631' title='bbox 2804 3555 3246 3625; x_wconf 74' lang='lat' dir='ltr'><strong>propositionum,</strong></span> <span class='ocrx_word' id='word_1_632' title='bbox 3276 3556 3621 3627; x_wconf 67' lang='lat' dir='ltr'><strong>quemadmo~</strong></span> 
     </span>
    </p>
   </div>
   <div class='ocr_carea' id='block_1_83' title="bbox 2035 3644 3623 3711">
    <p class='ocr_par' dir='ltr' id='par_1_83' title="bbox 2035 3644 3623 3711">
     <span class='ocr_line' id='line_1_83' title="bbox 2035 3644 3623 3711; baseline 0.004 -13"><span class='ocrx_word' id='word_1_633' title='bbox 2035 3644 2161 3698; x_wconf 91' lang='lat' dir='ltr'><strong>dum</strong></span> <span class='ocrx_word' id='word_1_634' title='bbox 2203 3644 2298 3699; x_wconf 82' lang='lat' dir='ltr'><strong>fuit</strong></span> <span class='ocrx_word' id='word_1_635' title='bbox 2340 3647 2391 3700; x_wconf 91' lang='lat' dir='ltr'><strong>in</strong></span> <span class='ocrx_word' id='word_1_636' title='bbox 2436 3647 2743 3711; x_wconf 85' lang='lat' dir='ltr'><strong>indeiinitis,</strong></span> <span class='ocrx_word' id='word_1_637' title='bbox 2776 3649 2984 3704; x_wconf 89' lang='lat' dir='ltr'><strong>etiamsi</strong></span> <span class='ocrx_word' id='word_1_638' title='bbox 3029 3650 3348 3705; x_wconf 89' lang='lat' dir='ltr'><strong>universalis</strong></span> <span class='ocrx_word' id='word_1_639' title='bbox 3390 3650 3623 3704; x_wconf 87' lang='lat' dir='ltr'><strong>nominis</strong></span> 
     </span>
    </p>
   </div>
   <div class='ocr_carea' id='block_1_84' title="bbox 2037 3738 3649 3813">
    <p class='ocr_par' dir='ltr' id='par_1_84' title="bbox 2037 3738 3649 3813">
     <span class='ocr_line' id='line_1_84' title="bbox 2037 3738 3649 3813; baseline 0.003 -22"><span class='ocrx_word' id='word_1_640' title='bbox 2037 3738 2108 3791; x_wconf 88' lang='lat' dir='ltr'><strong>sit</strong></span> <span class='ocrx_word' id='word_1_641' title='bbox 2149 3738 2455 3805; x_wconf 78' lang='lat' dir='ltr'><strong>afﬁrmatio,</strong></span> <span class='ocrx_word' id='word_1_642' title='bbox 2491 3739 2544 3794; x_wconf 89' lang='lat' dir='ltr'><strong>id</strong></span> <span class='ocrx_word' id='word_1_643' title='bbox 2594 3749 2678 3794; x_wconf 92' lang='lat' dir='ltr'><strong>est</strong></span> <span class='ocrx_word' id='word_1_644' title='bbox 2713 3740 2923 3795; x_wconf 89' lang='lat' dir='ltr'><strong>etiamsi</strong></span> <span class='ocrx_word' id='word_1_645' title='bbox 2968 3741 3201 3795; x_wconf 67' lang='lat' dir='ltr'><strong>deﬁnitae</strong></span> <span class='ocrx_word' id='word_1_646' title='bbox 3243 3742 3649 3813; x_wconf 78' lang='lat' dir='ltr'><strong>allirinationes</strong></span> 
     </span>
    </p>
   </div>
   <div class='ocr_carea' id='block_1_85' title="bbox 2039 3831 3623 3903">
    <p class='ocr_par' dir='ltr' id='par_1_85' title="bbox 2039 3831 3623 3903">
     <span class='ocr_line' id='line_1_85' title="bbox 2039 3831 3623 3903; baseline 0.006 -23"><span class='ocrx_word' id='word_1_647' title='bbox 2039 3831 2452 3898; x_wconf 86' lang='lat' dir='ltr'><strong>negationesquc</strong></span> <span class='ocrx_word' id='word_1_648' title='bbox 2506 3842 2796 3899; x_wconf 86' lang='lat' dir='ltr'><strong>ponantur,</strong></span> <span class='ocrx_word' id='word_1_649' title='bbox 2843 3842 2898 3885; x_wconf 95' lang='lat' dir='ltr'><strong>ut</strong></span> <span class='ocrx_word' id='word_1_650' title='bbox 2947 3848 3039 3898; x_wconf 89' lang='lat' dir='ltr'><strong>per</strong></span> <span class='ocrx_word' id='word_1_651' title='bbox 3090 3832 3328 3900; x_wconf 83' lang='lat' dir='ltr'><strong>Subjecta</strong></span> <span class='ocrx_word' id='word_1_652' title='bbox 3375 3836 3623 3903; x_wconf 79' lang='lat' dir='ltr'><strong>exempla</strong></span> 
     </span>
    </p>
   </div>
   <div class='ocr_carea' id='block_1_86' title="bbox 2040 3922 3622 3991">
    <p class='ocr_par' dir='ltr' id='par_1_86' title="bbox 2040 3922 3622 3991">
     <span class='ocr_line' id='line_1_86' title="bbox 2040 3922 3622 3991; baseline 0.002 -16"><span class='ocrx_word' id='word_1_653' title='bbox 2040 3924 2362 3977; x_wconf 88' lang='lat' dir='ltr'><strong>monstravit</strong></span> <span class='ocrx_word' id='word_1_654' title='bbox 2408 3924 2592 3977; x_wconf 88' lang='lat' dir='ltr'><strong>dicens</strong></span> <span class='ocrx_word' id='word_1_655' title='bbox 2639 3922 2981 3977; x_wconf 82' lang='lat' dir='ltr'><strong>afﬁrmationi</strong></span> <span class='ocrx_word' id='word_1_656' title='bbox 3029 3923 3255 3991; x_wconf 86' lang='lat' dir='ltr'><strong>simplici</strong></span> <span class='ocrx_word' id='word_1_657' title='bbox 3307 3925 3622 3989; x_wconf 78' lang='lat' dir='ltr'><strong>universali,</strong></span> 
     </span>
    </p>
   </div>
   <div class='ocr_carea' id='block_1_87' title="bbox 2039 4014 3624 4082">
    <p class='ocr_par' dir='ltr' id='par_1_87' title="bbox 2039 4014 3624 4082">
     <span class='ocr_line' id='line_1_87' title="bbox 2039 4014 3624 4082; baseline 0.001 -15"><span class='ocrx_word' id='word_1_658' title='bbox 2039 4015 2214 4067; x_wconf 88' lang='lat' dir='ltr'><strong>omnis</strong></span> <span class='ocrx_word' id='word_1_659' title='bbox 2234 4025 2315 4068; x_wconf 90' lang='lat' dir='ltr'><strong>est</strong></span> <span class='ocrx_word' id='word_1_660' title='bbox 2343 4014 2503 4067; x_wconf 85' lang='lat' dir='ltr'><strong>homo</strong></span> <span class='ocrx_word' id='word_1_661' title='bbox 2527 4014 2721 4082; x_wconf 88' lang='lat' dir='ltr'><strong>justus,</strong></span> <span class='ocrx_word' id='word_1_662' title='bbox 2755 4015 2981 4082; x_wconf 79' lang='lat' dir='ltr'><strong>apponi,</strong></span> <span class='ocrx_word' id='word_1_663' title='bbox 3014 4029 3119 4067; x_wconf 86' lang='lat' dir='ltr'><strong>non</strong></span> <span class='ocrx_word' id='word_1_664' title='bbox 3148 4015 3323 4067; x_wconf 89' lang='lat' dir='ltr'><strong>omnis</strong></span> <span class='ocrx_word' id='word_1_665' title='bbox 3352 4024 3437 4068; x_wconf 70' lang='lat' dir='ltr'><strong>est</strong></span> <span class='ocrx_word' id='word_1_666' title='bbox 3466 4020 3624 4069; x_wconf 91' lang='lat' dir='ltr'><strong>homo</strong></span> 
     </span>
    </p>
   </div>
   <div class='ocr_carea' id='block_1_88' title="bbox 2038 4107 3625 4179">
    <p class='ocr_par' dir='ltr' id='par_1_88' title="bbox 2038 4107 3625 4179">
     <span class='ocr_line' id='line_1_88' title="bbox 2038 4107 3625 4179; baseline 0.001 -18"><span class='ocrx_word' id='word_1_667' title='bbox 2038 4108 2244 4179; x_wconf 88' lang='lat' dir='ltr'><strong>justus,</strong></span> <span class='ocrx_word' id='word_1_668' title='bbox 2295 4109 2666 4177; x_wconf 89' lang='lat' dir='ltr'><strong>particularem</strong></span> <span class='ocrx_word' id='word_1_669' title='bbox 2718 4107 2923 4162; x_wconf 85' lang='lat' dir='ltr'><strong>scilicet</strong></span> <span class='ocrx_word' id='word_1_670' title='bbox 2968 4108 3295 4177; x_wconf 88' lang='lat' dir='ltr'><strong>simplicem,</strong></span> <span class='ocrx_word' id='word_1_671' title='bbox 3342 4119 3395 4163; x_wconf 90' lang='lat' dir='ltr'><strong>et</strong></span> <span class='ocrx_word' id='word_1_672' title='bbox 3439 4124 3625 4164; x_wconf 87' lang='lat' dir='ltr'><strong>rursus</strong></span> 
     </span>
    </p>
   </div>
   <div class='ocr_carea' id='block_1_89' title="bbox 2042 4201 3623 4273">
    <p class='ocr_par' dir='ltr' id='par_1_89' title="bbox 2042 4201 3623 4273">
     <span class='ocr_line' id='line_1_89' title="bbox 2042 4201 3623 4273; baseline 0.001 -18"><span class='ocrx_word' id='word_1_673' title='bbox 2042 4203 2395 4256; x_wconf 84' lang='lat' dir='ltr'><strong>universalem</strong></span> <span class='ocrx_word' id='word_1_674' title='bbox 2421 4201 2830 4256; x_wconf 89' lang='lat' dir='ltr'><strong>alﬁrmationem</strong></span> <span class='ocrx_word' id='word_1_675' title='bbox 2862 4201 3122 4257; x_wconf 88' lang='lat' dir='ltr'><strong>inﬁnitam</strong></span> <span class='ocrx_word' id='word_1_676' title='bbox 3155 4218 3478 4273; x_wconf 89' lang='lat' dir='ltr'><strong>proponens,</strong></span> <span class='ocrx_word' id='word_1_677' title='bbox 3505 4220 3623 4259; x_wconf 88' lang='lat' dir='ltr'><strong>cam</strong></span> 
     </span>
    </p>
   </div>
   <div class='ocr_carea' id='block_1_90' title="bbox 2043 4294 3627 4366">
    <p class='ocr_par' dir='ltr' id='par_1_90' title="bbox 2043 4294 3627 4366">
     <span class='ocr_line' id='line_1_90' title="bbox 2043 4294 3627 4366; baseline 0.001 -15"><span class='ocrx_word' id='word_1_678' title='bbox 2043 4297 2253 4351; x_wconf 89' lang='lat' dir='ltr'><strong>scilicet</strong></span> <span class='ocrx_word' id='word_1_679' title='bbox 2297 4312 2415 4365; x_wconf 75' lang='lat' dir='ltr'><strong>qua:</strong></span> <span class='ocrx_word' id='word_1_680' title='bbox 2456 4305 2567 4361; x_wconf 89' lang='lat' dir='ltr'><strong>est,</strong></span> <span class='ocrx_word' id='word_1_681' title='bbox 2600 4297 2776 4350; x_wconf 89' lang='lat' dir='ltr'><strong>omnis</strong></span> <span class='ocrx_word' id='word_1_682' title='bbox 2805 4305 2888 4351; x_wconf 86' lang='lat' dir='ltr'><strong>est</strong></span> <span class='ocrx_word' id='word_1_683' title='bbox 2926 4295 3088 4350; x_wconf 90' lang='lat' dir='ltr'><strong>homo</strong></span> <span class='ocrx_word' id='word_1_684' title='bbox 3134 4313 3237 4350; x_wconf 89' lang='lat' dir='ltr'><strong>non</strong></span> <span class='ocrx_word' id='word_1_685' title='bbox 3278 4294 3476 4366; x_wconf 88' lang='lat' dir='ltr'><strong>justus,</strong></span> <span class='ocrx_word' id='word_1_686' title='bbox 3506 4296 3627 4354; x_wconf 83' lang='lat' dir='ltr'><strong>huic</strong></span> 
     </span>
    </p>
   </div>
   <div class='ocr_carea' id='block_1_91' title="bbox 2045 4387 3638 4457">
    <p class='ocr_par' dir='ltr' id='par_1_91' title="bbox 2045 4387 3638 4457">
     <span class='ocr_line' id='line_1_91' title="bbox 2045 4387 3638 4457; baseline 0.002 -17"><span class='ocrx_word' id='word_1_687' title='bbox 2045 4389 2189 4441; x_wconf 86' lang='lat' dir='ltr'><strong>illam</strong></span> <span class='ocrx_word' id='word_1_688' title='bbox 2220 4387 2496 4456; x_wconf 88' lang='lat' dir='ltr'><strong>opposuit,</strong></span> <span class='ocrx_word' id='word_1_689' title='bbox 2525 4402 2641 4457; x_wconf 78' lang='lat' dir='ltr'><strong>qua:</strong></span> <span class='ocrx_word' id='word_1_690' title='bbox 2669 4388 2831 4454; x_wconf 90' lang='lat' dir='ltr'><strong>dicit,</strong></span> <span class='ocrx_word' id='word_1_691' title='bbox 2864 4402 2969 4442; x_wconf 91' lang='lat' dir='ltr'><strong>non</strong></span> <span class='ocrx_word' id='word_1_692' title='bbox 2998 4388 3171 4443; x_wconf 92' lang='lat' dir='ltr'><strong>omnis</strong></span> <span class='ocrx_word' id='word_1_693' title='bbox 3209 4398 3292 4443; x_wconf 90' lang='lat' dir='ltr'><strong>est</strong></span> <span class='ocrx_word' id='word_1_694' title='bbox 3320 4387 3481 4443; x_wconf 90' lang='lat' dir='ltr'><strong>homo</strong></span> <span class='ocrx_word' id='word_1_695' title='bbox 3521 4403 3638 4457; x_wconf 22' lang='lat' dir='ltr'><strong>non.</strong></span> 
     </span>
    </p>
   </div>
   <div class='ocr_carea' id='block_1_92' title="bbox 2033 4480 3627 4550">
    <p class='ocr_par' dir='ltr' id='par_1_92' title="bbox 2033 4480 3627 4550">
     <span class='ocr_line' id='line_1_92' title="bbox 2033 4480 3627 4550; baseline 0.003 -15"><span class='ocrx_word' id='word_1_696' title='bbox 2033 4481 2235 4550; x_wconf 65' lang='lat' dir='ltr'><strong>iustus.</strong></span> <span class='ocrx_word' id='word_1_697' title='bbox 2287 4480 2401 4546; x_wconf 61' lang='lat' dir='ltr'><strong>Hae,</strong></span> <span class='ocrx_word' id='word_1_698' title='bbox 2446 4480 2646 4548; x_wconf 87' lang='lat' dir='ltr'><strong>inquit,</strong></span> <span class='ocrx_word' id='word_1_699' title='bbox 2689 4480 2935 4535; x_wconf 90' lang='lat' dir='ltr'><strong>similiter</strong></span> <span class='ocrx_word' id='word_1_700' title='bbox 2972 4496 3032 4536; x_wconf 92' lang='lat' dir='ltr'><strong>se</strong></span> <span class='ocrx_word' id='word_1_701' title='bbox 3075 4483 3274 4536; x_wconf 81' lang='lat' dir='ltr'><strong>habent</strong></span> <span class='ocrx_word' id='word_1_702' title='bbox 3317 4482 3381 4537; x_wconf 88' lang='lat' dir='ltr'><strong>ad</strong></span> <span class='ocrx_word' id='word_1_703' title='bbox 3430 4498 3627 4539; x_wconf 85' lang='lat' dir='ltr'><strong>conse-</strong></span> 
     </span>
    </p>
   </div>
   <div class='ocr_carea' id='block_1_93' title="bbox 354 4574 3628 4667">
    <p class='ocr_par' dir='ltr' id='par_1_93' title="bbox 354 4574 3628 4667">
     <span class='ocr_line' id='line_1_93' title="bbox 354 4574 3628 4667; baseline 0.006 -54"><span class='ocrx_word' id='word_1_704' title='bbox 354 4610 479 4667; x_wconf 46' lang='lat' dir='ltr'><strong>qua,</strong></span> <span class='ocrx_word' id='word_1_705' title='bbox 507 4595 796 4652; x_wconf 48' lang='lat' dir='ltr'><strong>similitudo</strong></span> <span class='ocrx_word' id='word_1_706' title='bbox 834 4596 1235 4666; x_wconf 53' lang='lat' dir='ltr'><strong>consequemim</strong></span> <span class='ocrx_word' id='word_1_707' title='bbox 1262 4596 1316 4650; x_wconf 66' lang='lat' dir='ltr'><strong>in</strong></span> <span class='ocrx_word' id='word_1_708' title='bbox 1360 4596 1602 4665; x_wconf 50' lang='lat' dir='ltr'><strong>utrisque</strong></span> <span class='ocrx_word' id='word_1_709' title='bbox 1633 4605 1716 4650; x_wconf 47' lang='lat' dir='ltr'><strong>es,</strong></span> <span class='ocrx_word' id='word_1_710' title='bbox 1735 4636 1750 4661; x_wconf 56' lang='lat'><strong>’</strong></span> <span class='ocrx_word' id='word_1_711' title='bbox 1780 4595 1831 4649; x_wconf 69' lang='lat' dir='ltr'><strong>id</strong></span> <span class='ocrx_word' id='word_1_712' title='bbox 1858 4605 1940 4650; x_wconf 47' lang='lat' dir='ltr'><strong>est</strong></span> <span class='ocrx_word' id='word_1_713' title='bbox 1968 4574 2021 4635; x_wconf 89' lang='lat' dir='ltr'><strong><em>D</em></strong></span> <span class='ocrx_word' id='word_1_714' title='bbox 2044 4579 2314 4667; x_wconf 84' lang='lat' dir='ltr'><strong>queutiam</strong></span> <span class='ocrx_word' id='word_1_715' title='bbox 2337 4574 2783 4667; x_wconf 87' lang='lat' dir='ltr'><strong>quemadmodum</strong></span> <span class='ocrx_word' id='word_1_716' title='bbox 2808 4574 3099 4629; x_wconf 65' lang='lat' dir='ltr'><strong>indcﬁnilaz</strong></span> <span class='ocrx_word' id='word_1_717' title='bbox 3124 4591 3139 4640; x_wconf 92' lang='lat'><strong>;</strong></span> <span class='ocrx_word' id='word_1_718' title='bbox 3164 4577 3434 4644; x_wconf 92' lang='lat' dir='ltr'><strong>quomodo</strong></span> <span class='ocrx_word' id='word_1_719' title='bbox 3452 4588 3628 4634; x_wconf 87' lang='lat' dir='ltr'><strong>autem</strong></span> 
     </span>
    </p>
   </div>
   <div class='ocr_carea' id='block_1_94' title="bbox 356 4687 1936 4758">
    <p class='ocr_par' dir='ltr' id='par_1_94' title="bbox 356 4687 1936 4758">
     <span class='ocr_line' id='line_1_94' title="bbox 356 4687 1936 4758; baseline -0.002 -13"><span class='ocrx_word' id='word_1_720' title='bbox 356 4697 411 4745; x_wconf 87' lang='lat' dir='ltr'><strong>et</strong></span> <span class='ocrx_word' id='word_1_721' title='bbox 435 4687 487 4741; x_wconf 91' lang='lat' dir='ltr'><strong>in</strong></span> <span class='ocrx_word' id='word_1_722' title='bbox 514 4687 596 4743; x_wconf 88' lang='lat' dir='ltr'><strong>his</strong></span> <span class='ocrx_word' id='word_1_723' title='bbox 623 4702 740 4758; x_wconf 60' lang='lat' dir='ltr'><strong>qua:</strong></span> <span class='ocrx_word' id='word_1_724' title='bbox 768 4687 1014 4743; x_wconf 73' lang='lat' dir='ltr'><strong>difﬁnita:</strong></span> <span class='ocrx_word' id='word_1_725' title='bbox 1038 4699 1165 4743; x_wconf 89' lang='lat' dir='ltr'><strong>sunt</strong></span> <span class='ocrx_word' id='word_1_726' title='bbox 1191 4698 1247 4743; x_wconf 88' lang='lat' dir='ltr'><strong>et</strong></span> <span class='ocrx_word' id='word_1_727' title='bbox 1275 4688 1325 4742; x_wconf 93' lang='lat' dir='ltr'><strong>in</strong></span> <span class='ocrx_word' id='word_1_728' title='bbox 1358 4688 1442 4742; x_wconf 91' lang='lat' dir='ltr'><strong>his</strong></span> <span class='ocrx_word' id='word_1_729' title='bbox 1471 4704 1591 4758; x_wconf 75' lang='lat' dir='ltr'><strong>qua:</strong></span> <span class='ocrx_word' id='word_1_730' title='bbox 1623 4687 1936 4752; x_wconf 60' lang='lat' dir='ltr'><strong>indeﬁnite,</strong></span> 
     </span>
    </p>
   </div>
   <div class='ocr_carea' id='block_1_95' title="bbox 357 4772 1941 4849">
    <p class='ocr_par' dir='ltr' id='par_1_95' title="bbox 357 4772 1941 4849">
     <span class='ocr_line' id='line_1_95' title="bbox 357 4772 1941 4849; baseline -0.003 -13"><span class='ocrx_word' id='word_1_731' title='bbox 357 4779 452 4836; x_wconf 82' lang='lat' dir='ltr'><strong>sed</strong></span> <span class='ocrx_word' id='word_1_732' title='bbox 476 4789 557 4836; x_wconf 89' lang='lat' dir='ltr'><strong>est</strong></span> <span class='ocrx_word' id='word_1_733' title='bbox 591 4778 838 4833; x_wconf 90' lang='lat' dir='ltr'><strong>distantia</strong></span> <span class='ocrx_word' id='word_1_734' title='bbox 868 4778 1011 4848; x_wconf 92' lang='lat' dir='ltr'><strong>quod</strong></span> <span class='ocrx_word' id='word_1_735' title='bbox 1044 4793 1151 4833; x_wconf 92' lang='lat' dir='ltr'><strong>non</strong></span> <span class='ocrx_word' id='word_1_736' title='bbox 1191 4778 1441 4833; x_wconf 89' lang='lat' dir='ltr'><strong>similiter</strong></span> <span class='ocrx_word' id='word_1_737' title='bbox 1483 4772 1767 4849; x_wconf 78' lang='lat' dir='ltr'><strong>angulares</strong></span> <span class='ocrx_word' id='word_1_738' title='bbox 1812 4792 1941 4832; x_wconf 89' lang='lat' dir='ltr'><strong>con-</strong></span> 
     </span>
    </p>
   </div>
   <div class='ocr_carea' id='block_1_96' title="bbox 358 4869 1943 4940">
    <p class='ocr_par' dir='ltr' id='par_1_96' title="bbox 358 4869 1943 4940">
     <span class='ocr_line' id='line_1_96' title="bbox 358 4869 1943 4940; baseline -0.001 -16"><span class='ocrx_word' id='word_1_739' title='bbox 358 4870 509 4940; x_wconf 90' lang='lat' dir='ltr'><strong>tingit</strong></span> <span class='ocrx_word' id='word_1_740' title='bbox 541 4886 695 4925; x_wconf 89' lang='lat' dir='ltr'><strong>veras</strong></span> <span class='ocrx_word' id='word_1_741' title='bbox 733 4886 872 4935; x_wconf 90' lang='lat' dir='ltr'><strong>esse,</strong></span> <span class='ocrx_word' id='word_1_742' title='bbox 904 4880 957 4923; x_wconf 91' lang='lat' dir='ltr'><strong>et</strong></span> <span class='ocrx_word' id='word_1_743' title='bbox 996 4869 1381 4925; x_wconf 61' lang='lat' dir='ltr'><strong>afﬁrmationes</strong></span> <span class='ocrx_word' id='word_1_744' title='bbox 1414 4869 1862 4924; x_wconf 79' lang='lat' dir='ltr'><strong>aflirmatinnibus</strong></span> <span class='ocrx_word' id='word_1_745' title='bbox 1888 4878 1943 4922; x_wconf 88' lang='lat' dir='ltr'><strong>et</strong></span> 
     </span>
    </p>
   </div>
   <div class='ocr_carea' id='block_1_97' title="bbox 359 4961 1943 5032">
    <p class='ocr_par' dir='ltr' id='par_1_97' title="bbox 359 4961 1943 5032">
     <span class='ocr_line' id='line_1_97' title="bbox 359 4961 1943 5032; baseline 0 -15"><span class='ocrx_word' id='word_1_746' title='bbox 359 4963 665 5032; x_wconf 84' lang='lat' dir='ltr'><strong>negationes</strong></span> <span class='ocrx_word' id='word_1_747' title='bbox 694 4961 1089 5031; x_wconf 85' lang='lat' dir='ltr'><strong>negatiouibus,</strong></span> <span class='ocrx_word' id='word_1_748' title='bbox 1124 4961 1414 5015; x_wconf 87' lang='lat' dir='ltr'><strong>indelinitis</strong></span> <span class='ocrx_word' id='word_1_749' title='bbox 1440 4971 1616 5017; x_wconf 90' lang='lat' dir='ltr'><strong>autem</strong></span> <span class='ocrx_word' id='word_1_750' title='bbox 1646 4977 1800 5017; x_wconf 88' lang='lat' dir='ltr'><strong>veras</strong></span> <span class='ocrx_word' id='word_1_751' title='bbox 1821 4977 1943 5017; x_wconf 88' lang='lat' dir='ltr'><strong>esse</strong></span> 
     </span>
    </p>
   </div>
   <div class='ocr_carea' id='block_1_98' title="bbox 359 5052 1946 5124">
    <p class='ocr_par' dir='ltr' id='par_1_98' title="bbox 359 5052 1946 5124">
     <span class='ocr_line' id='line_1_98' title="bbox 359 5052 1946 5124; baseline 0.001 -16"><span class='ocrx_word' id='word_1_752' title='bbox 359 5053 615 5124; x_wconf 90' lang='lat' dir='ltr'><strong>contingit</strong></span> <span class='ocrx_word' id='word_1_753' title='bbox 662 5068 753 5107; x_wconf 88' lang='lat' dir='ltr'><strong>cas</strong></span> <span class='ocrx_word' id='word_1_754' title='bbox 800 5052 1001 5107; x_wconf 91' lang='lat' dir='ltr'><strong>scilicet</strong></span> <span class='ocrx_word' id='word_1_755' title='bbox 1059 5068 1179 5121; x_wconf 66' lang='lat' dir='ltr'><strong>quae</strong></span> <span class='ocrx_word' id='word_1_756' title='bbox 1227 5062 1353 5107; x_wconf 85' lang='lat' dir='ltr'><strong>sunt</strong></span> <span class='ocrx_word' id='word_1_757' title='bbox 1400 5055 1703 5124; x_wconf 82' lang='lat' dir='ltr'><strong>angulares.</strong></span> <span class='ocrx_word' id='word_1_758' title='bbox 1754 5052 1808 5107; x_wconf 94' lang='lat' dir='ltr'><strong>In</strong></span> <span class='ocrx_word' id='word_1_759' title='bbox 1860 5052 1946 5109; x_wconf 89' lang='lat' dir='ltr'><strong>his</strong></span> 
     </span>
    </p>
   </div>
   <div class='ocr_carea' id='block_1_99' title="bbox 358 5128 1977 5214">
    <p class='ocr_par' dir='ltr' id='par_1_99' title="bbox 358 5128 1977 5214">
     <span class='ocr_line' id='line_1_99' title="bbox 358 5128 1977 5214; baseline 0.002 -15"><span class='ocrx_word' id='word_1_760' title='bbox 358 5154 533 5201; x_wconf 89' lang='lat' dir='ltr'><strong>autem</strong></span> <span class='ocrx_word' id='word_1_761' title='bbox 580 5162 698 5214; x_wconf 75' lang='lat' dir='ltr'><strong>qua:</strong></span> <span class='ocrx_word' id='word_1_762' title='bbox 742 5156 866 5201; x_wconf 90' lang='lat' dir='ltr'><strong>sunt</strong></span> <span class='ocrx_word' id='word_1_763' title='bbox 909 5128 1167 5211; x_wconf 66' lang='lat' dir='ltr'><strong>deﬁnitae,</strong></span> <span class='ocrx_word' id='word_1_764' title='bbox 1213 5148 1597 5202; x_wconf 83' lang='lat' dir='ltr'><strong>aflirmationes</strong></span> <span class='ocrx_word' id='word_1_765' title='bbox 1635 5148 1977 5203; x_wconf 56' lang='lat' dir='ltr'><strong>aflirmatior</strong></span> 
     </span>
    </p>
   </div>
   <div class='ocr_carea' id='block_1_100' title="bbox 359 5224 1949 5309">
    <p class='ocr_par' dir='ltr' id='par_1_100' title="bbox 359 5224 1949 5309">
     <span class='ocr_line' id='line_1_100' title="bbox 359 5224 1949 5309; baseline 0.003 -18"><span class='ocrx_word' id='word_1_766' title='bbox 359 5237 517 5291; x_wconf 89' lang='lat' dir='ltr'><strong>uibus</strong></span> <span class='ocrx_word' id='word_1_767' title='bbox 558 5237 844 5308; x_wconf 82' lang='lat' dir='ltr'><strong>angulares</strong></span> <span class='ocrx_word' id='word_1_768' title='bbox 892 5251 1047 5292; x_wconf 89' lang='lat' dir='ltr'><strong>veras</strong></span> <span class='ocrx_word' id='word_1_769' title='bbox 1086 5224 1208 5293; x_wconf 83' lang='lat' dir='ltr'><strong>esse</strong></span> <span class='ocrx_word' id='word_1_770' title='bbox 1236 5238 1520 5309; x_wconf 87' lang='lat' dir='ltr'><strong>aliquando</strong></span> <span class='ocrx_word' id='word_1_771' title='bbox 1559 5239 1701 5293; x_wconf 91' lang='lat' dir='ltr'><strong>nulla</strong></span> <span class='ocrx_word' id='word_1_772' title='bbox 1740 5241 1949 5295; x_wconf 87' lang='lat' dir='ltr'><strong>ratione</strong></span> 
     </span>
    </p>
   </div>
   <div class='ocr_carea' id='block_1_101' title="bbox 360 5328 1948 5400">
    <p class='ocr_par' dir='ltr' id='par_1_101' title="bbox 360 5328 1948 5400">
     <span class='ocr_line' id='line_1_101' title="bbox 360 5328 1948 5400; baseline 0 -15"><span class='ocrx_word' id='word_1_773' title='bbox 360 5330 636 5400; x_wconf 80' lang='lat' dir='ltr'><strong>contingit.</strong></span> <span class='ocrx_word' id='word_1_774' title='bbox 665 5330 776 5384; x_wconf 85' lang='lat' dir='ltr'><strong>Hoc</strong></span> <span class='ocrx_word' id='word_1_775' title='bbox 808 5337 985 5383; x_wconf 89' lang='lat' dir='ltr'><strong>autem</strong></span> <span class='ocrx_word' id='word_1_776' title='bbox 1023 5329 1365 5385; x_wconf 79' lang='lat' dir='ltr'><strong>manifestum</strong></span> <span class='ocrx_word' id='word_1_777' title='bbox 1395 5330 1528 5398; x_wconf 88' lang='lat' dir='ltr'><strong>erit,</strong></span> <span class='ocrx_word' id='word_1_778' title='bbox 1567 5330 1611 5384; x_wconf 92' lang='lat' dir='ltr'><strong>si</strong></span> <span class='ocrx_word' id='word_1_779' title='bbox 1642 5328 1761 5398; x_wconf 85' lang='lat' dir='ltr'><strong>quis</strong></span> <span class='ocrx_word' id='word_1_780' title='bbox 1792 5340 1845 5384; x_wconf 87' lang='lat' dir='ltr'><strong>et</strong></span> <span class='ocrx_word' id='word_1_781' title='bbox 1883 5344 1948 5385; x_wconf 87' lang='lat' dir='ltr'><strong>ea</strong></span> 
     </span>
    </p>
   </div>
   <div class='ocr_carea' id='block_1_102' title="bbox 360 5421 1948 5492">
    <p class='ocr_par' dir='ltr' id='par_1_102' title="bbox 360 5421 1948 5492">
     <span class='ocr_line' id='line_1_102' title="bbox 360 5421 1948 5492; baseline 0.001 -17"><span class='ocrx_word' id='word_1_782' title='bbox 360 5421 461 5477; x_wconf 88' lang='lat' dir='ltr'><strong>sibi</strong></span> <span class='ocrx_word' id='word_1_783' title='bbox 493 5432 755 5492; x_wconf 90' lang='lat' dir='ltr'><strong>proponat</strong></span> <span class='ocrx_word' id='word_1_784' title='bbox 784 5422 1027 5488; x_wconf 81' lang='lat' dir='ltr'><strong>exempla</strong></span> <span class='ocrx_word' id='word_1_785' title='bbox 1046 5464 1060 5487; x_wconf 94' lang='lat'><strong>,</strong></span> <span class='ocrx_word' id='word_1_786' title='bbox 1093 5423 1146 5477; x_wconf 91' lang='lat' dir='ltr'><strong>in</strong></span> <span class='ocrx_word' id='word_1_787' title='bbox 1173 5424 1367 5487; x_wconf 90' lang='lat' dir='ltr'><strong>quibus</strong></span> <span class='ocrx_word' id='word_1_788' title='bbox 1393 5433 1518 5477; x_wconf 90' lang='lat' dir='ltr'><strong>sunt</strong></span> <span class='ocrx_word' id='word_1_789' title='bbox 1554 5423 1768 5477; x_wconf 87' lang='lat' dir='ltr'><strong>termini</strong></span> <span class='ocrx_word' id='word_1_790' title='bbox 1798 5432 1948 5477; x_wconf 83' lang='lat' dir='ltr'><strong>natu-</strong></span> 
     </span>
    </p>
   </div>
   <div class='ocr_carea' id='block_1_103' title="bbox 362 5514 1952 5585">
    <p class='ocr_par' dir='ltr' id='par_1_103' title="bbox 362 5514 1952 5585">
     <span class='ocr_line' id='line_1_103' title="bbox 362 5514 1952 5585; baseline -0.001 -15"><span class='ocrx_word' id='word_1_791' title='bbox 362 5514 506 5570; x_wconf 84' lang='lat' dir='ltr'><strong>rales</strong></span> <span class='ocrx_word' id='word_1_792' title='bbox 535 5524 693 5583; x_wconf 87' lang='lat' dir='ltr'><strong>atque</strong></span> <span class='ocrx_word' id='word_1_793' title='bbox 712 5514 1097 5582; x_wconf 89' lang='lat' dir='ltr'><strong>impossibiles,</strong></span> <span class='ocrx_word' id='word_1_794' title='bbox 1131 5525 1181 5573; x_wconf 90' lang='lat' dir='ltr'><strong>et</strong></span> <span class='ocrx_word' id='word_1_795' title='bbox 1216 5530 1275 5571; x_wconf 89' lang='lat' dir='ltr'><strong>ea</strong></span> <span class='ocrx_word' id='word_1_796' title='bbox 1316 5516 1371 5569; x_wconf 91' lang='lat' dir='ltr'><strong>in</strong></span> <span class='ocrx_word' id='word_1_797' title='bbox 1401 5517 1591 5585; x_wconf 82' lang='lat' dir='ltr'><strong>quibus</strong></span> <span class='ocrx_word' id='word_1_798' title='bbox 1618 5525 1741 5569; x_wconf 90' lang='lat' dir='ltr'><strong>sunt</strong></span> <span class='ocrx_word' id='word_1_799' title='bbox 1779 5515 1952 5585; x_wconf 81' lang='lat' dir='ltr'><strong>possi-</strong></span> 
     </span>
    </p>
   </div>
   <div class='ocr_carea' id='block_1_104' title="bbox 306 5607 1952 5677">
    <p class='ocr_par' dir='ltr' id='par_1_104' title="bbox 306 5607 1952 5677">
     <span class='ocr_line' id='line_1_104' title="bbox 306 5607 1952 5677; baseline -0.001 -15"><span class='ocrx_word' id='word_1_800' title='bbox 306 5658 316 5675; x_wconf 84' lang='grc'><strong><em>,</em></strong></span> <span class='ocrx_word' id='word_1_801' title='bbox 362 5608 496 5663; x_wconf 87' lang='lat' dir='ltr'><strong>biles</strong></span> <span class='ocrx_word' id='word_1_802' title='bbox 534 5616 588 5661; x_wconf 91' lang='lat' dir='ltr'><strong>et</strong></span> <span class='ocrx_word' id='word_1_803' title='bbox 632 5621 736 5661; x_wconf 91' lang='lat' dir='ltr'><strong>non</strong></span> <span class='ocrx_word' id='word_1_804' title='bbox 781 5607 1057 5667; x_wconf 83' lang='lat' dir='ltr'><strong>naturales</strong></span> <span class='ocrx_word' id='word_1_805' title='bbox 1097 5622 1269 5677; x_wconf 88' lang='lat' dir='ltr'><strong>neque</strong></span> <span class='ocrx_word' id='word_1_806' title='bbox 1315 5608 1694 5677; x_wconf 64' lang='lat' dir='ltr'><strong>impoasibiles,</strong></span> <span class='ocrx_word' id='word_1_807' title='bbox 1738 5608 1790 5662; x_wconf 92' lang='lat' dir='ltr'><strong>in</strong></span> <span class='ocrx_word' id='word_1_808' title='bbox 1840 5624 1952 5661; x_wconf 83' lang='lat' dir='ltr'><strong>nm-</strong></span> 
     </span>
    </p>
   </div>
   <div class='ocr_carea' id='block_1_105' title="bbox 363 5697 1951 5763">
    <p class='ocr_par' dir='ltr' id='par_1_105' title="bbox 363 5697 1951 5763">
     <span class='ocr_line' id='line_1_105' title="bbox 363 5697 1951 5763; baseline -0.003 -7"><span class='ocrx_word' id='word_1_809' title='bbox 363 5700 524 5756; x_wconf 90' lang='lat' dir='ltr'><strong>nibus</strong></span> <span class='ocrx_word' id='word_1_810' title='bbox 572 5699 716 5754; x_wconf 89' lang='lat' dir='ltr'><strong>enim</strong></span> <span class='ocrx_word' id='word_1_811' title='bbox 766 5698 1001 5752; x_wconf 86' lang='lat' dir='ltr'><strong>inveniet</strong></span> <span class='ocrx_word' id='word_1_812' title='bbox 1046 5697 1432 5754; x_wconf 87' lang='lat' dir='ltr'><strong>al&#39;lirmationes</strong></span> <span class='ocrx_word' id='word_1_813' title='bbox 1480 5697 1951 5763; x_wconf 73' lang='lat' dir='ltr'><strong>alﬁrmatiouibus,</strong></span> 
     </span>
    </p>
   </div>
   <div class='ocr_carea' id='block_1_106' title="bbox 364 5792 1951 5863">
    <p class='ocr_par' dir='ltr' id='par_1_106' title="bbox 364 5792 1951 5863">
     <span class='ocr_line' id='line_1_106' title="bbox 364 5792 1951 5863; baseline 0.001 -15"><span class='ocrx_word' id='word_1_814' title='bbox 364 5793 599 5850; x_wconf 87' lang='lat' dir='ltr'><strong>deﬁnitis</strong></span> <span class='ocrx_word' id='word_1_815' title='bbox 640 5792 912 5854; x_wconf 80' lang='lat' dir='ltr'><strong>deﬁnitas,</strong></span> <span class='ocrx_word' id='word_1_816' title='bbox 953 5792 1237 5863; x_wconf 88' lang='lat' dir='ltr'><strong>angulares</strong></span> <span class='ocrx_word' id='word_1_817' title='bbox 1281 5792 1440 5849; x_wconf 91' lang='lat' dir='ltr'><strong>simul</strong></span> <span class='ocrx_word' id='word_1_818' title='bbox 1488 5808 1641 5848; x_wconf 89' lang='lat' dir='ltr'><strong>veras</strong></span> <span class='ocrx_word' id='word_1_819' title='bbox 1689 5806 1808 5848; x_wconf 90' lang='lat' dir='ltr'><strong>esse</strong></span> <span class='ocrx_word' id='word_1_820' title='bbox 1847 5807 1951 5849; x_wconf 91' lang='lat' dir='ltr'><strong>non</strong></span> 
     </span>
    </p>
   </div>
   <div class='ocr_carea' id='block_1_107' title="bbox 366 5883 1921 5971">
    <p class='ocr_par' dir='ltr' id='par_1_107' title="bbox 366 5883 1921 5971">
     <span class='ocr_line' id='line_1_107' title="bbox 366 5883 1921 5971; baseline -0.002 -28"><span class='ocrx_word' id='word_1_821' title='bbox 366 5899 545 5951; x_wconf 83' lang='lat' dir='ltr'><strong>posse.</strong></span> <span class='ocrx_word' id='word_1_822' title='bbox 591 5885 744 5957; x_wconf 84' lang='lat' dir='ltr'><strong>Quod</strong></span> <span class='ocrx_word' id='word_1_823' title='bbox 788 5894 970 5944; x_wconf 84' lang='lat' dir='ltr'><strong>autem</strong></span> <span class='ocrx_word' id='word_1_824' title='bbox 1015 5883 1223 5944; x_wconf 88' lang='lat' dir='ltr'><strong>addidit</strong></span> <span class='ocrx_word' id='word_1_825' title='bbox 1300 5884 1570 5971; x_wconf 57' lang='lat' dir='ltr'><strong>Contingit</strong></span> <span class='ocrx_word' id='word_1_826' title='bbox 1624 5894 1801 5943; x_wconf 83' lang='lat' dir='ltr'><strong>autem</strong></span> <span class='ocrx_word' id='word_1_827' title='bbox 1848 5885 1921 5941; x_wconf 87' lang='lat' dir='ltr'><strong>ali</strong></span> 
     </span>
    </p>
   </div>
   <div class='ocr_carea' id='block_1_108' title="bbox 2045 4665 3629 4739">
    <p class='ocr_par' dir='ltr' id='par_1_108' title="bbox 2045 4665 3629 4739">
     <span class='ocr_line' id='line_1_108' title="bbox 2045 4665 3629 4739; baseline 0.003 -18"><span class='ocrx_word' id='word_1_828' title='bbox 2045 4682 2103 4721; x_wconf 85' lang='lat' dir='ltr'><strong>se</strong></span> <span class='ocrx_word' id='word_1_829' title='bbox 2142 4667 2245 4720; x_wconf 75' lang='lat' dir='ltr'><strong>illa:</strong></span> <span class='ocrx_word' id='word_1_830' title='bbox 2276 4665 2535 4721; x_wconf 89' lang='lat' dir='ltr'><strong>haberent</strong></span> <span class='ocrx_word' id='word_1_831' title='bbox 2576 4666 2642 4719; x_wconf 91' lang='lat' dir='ltr'><strong>ad</strong></span> <span class='ocrx_word' id='word_1_832' title='bbox 2670 4667 3143 4735; x_wconf 87' lang='lat' dir='ltr'><strong>consequentiam,</strong></span> <span class='ocrx_word' id='word_1_833' title='bbox 3179 4682 3337 4739; x_wconf 91' lang='lat' dir='ltr'><strong>supra</strong></span> <span class='ocrx_word' id='word_1_834' title='bbox 3367 4680 3629 4725; x_wconf 78' lang='lat' dir='ltr'><strong>monstra-</strong></span> 
     </span>
    </p>
   </div>
   <div class='ocr_carea' id='block_1_109' title="bbox 2049 4759 3629 4832">
    <p class='ocr_par' dir='ltr' id='par_1_109' title="bbox 2049 4759 3629 4832">
     <span class='ocr_line' id='line_1_109' title="bbox 2049 4759 3629 4832; baseline 0.004 -19"><span class='ocrx_word' id='word_1_835' title='bbox 2049 4769 2161 4814; x_wconf 89' lang='lat' dir='ltr'><strong>tum</strong></span> <span class='ocrx_word' id='word_1_836' title='bbox 2193 4770 2307 4825; x_wconf 86' lang='lat' dir='ltr'><strong>est;</strong></span> <span class='ocrx_word' id='word_1_837' title='bbox 2338 4759 2430 4813; x_wconf 91' lang='lat' dir='ltr'><strong>sed</strong></span> <span class='ocrx_word' id='word_1_838' title='bbox 2473 4774 2610 4825; x_wconf 87' lang='lat' dir='ltr'><strong>non,</strong></span> <span class='ocrx_word' id='word_1_839' title='bbox 2653 4760 2851 4827; x_wconf 80' lang='lat' dir='ltr'><strong>inquit,</strong></span> <span class='ocrx_word' id='word_1_840' title='bbox 2894 4759 3143 4817; x_wconf 87' lang='lat' dir='ltr'><strong>similiter</strong></span> <span class='ocrx_word' id='word_1_841' title='bbox 3185 4765 3466 4832; x_wconf 86' lang='lat' dir='ltr'><strong>angulares</strong></span> <span class='ocrx_word' id='word_1_842' title='bbox 3503 4780 3629 4821; x_wconf 63' lang='lat' dir='ltr'><strong>cons</strong></span> 
     </span>
    </p>
   </div>
   <div class='ocr_carea' id='block_1_110' title="bbox 2052 4852 3629 4926">
    <p class='ocr_par' dir='ltr' id='par_1_110' title="bbox 2052 4852 3629 4926">
     <span class='ocr_line' id='line_1_110' title="bbox 2052 4852 3629 4926; baseline 0.004 -19"><span class='ocrx_word' id='word_1_843' title='bbox 2052 4854 2204 4923; x_wconf 87' lang='lat' dir='ltr'><strong>tingit</strong></span> <span class='ocrx_word' id='word_1_844' title='bbox 2233 4868 2387 4907; x_wconf 88' lang='lat' dir='ltr'><strong>veras</strong></span> <span class='ocrx_word' id='word_1_845' title='bbox 2424 4867 2565 4908; x_wconf 92' lang='lat' dir='ltr'><strong>esse.</strong></span> <span class='ocrx_word' id='word_1_846' title='bbox 2604 4853 2660 4908; x_wconf 89' lang='lat' dir='ltr'><strong>lu</strong></span> <span class='ocrx_word' id='word_1_847' title='bbox 2694 4852 2773 4907; x_wconf 81' lang='lat' dir='ltr'><strong>his</strong></span> <span class='ocrx_word' id='word_1_848' title='bbox 2813 4854 2955 4908; x_wconf 86' lang='lat' dir='ltr'><strong>enim</strong></span> <span class='ocrx_word' id='word_1_849' title='bbox 2985 4871 3104 4926; x_wconf 67' lang='lat' dir='ltr'><strong>qua:</strong></span> <span class='ocrx_word' id='word_1_850' title='bbox 3134 4867 3287 4911; x_wconf 88' lang='lat' dir='ltr'><strong>erant</strong></span> <span class='ocrx_word' id='word_1_851' title='bbox 3318 4857 3629 4925; x_wconf 74' lang='lat' dir='ltr'><strong>indeﬁnitae,</strong></span> 
     </span>
    </p>
   </div>
   <div class='ocr_carea' id='block_1_111' title="bbox 2050 4945 3631 5020">
    <p class='ocr_par' dir='ltr' id='par_1_111' title="bbox 2050 4945 3631 5020">
     <span class='ocr_line' id='line_1_111' title="bbox 2050 4945 3631 5020; baseline 0.004 -19"><span class='ocrx_word' id='word_1_852' title='bbox 2050 4945 2436 5001; x_wconf 81' lang='lat' dir='ltr'><strong>ailirmationes</strong></span> <span class='ocrx_word' id='word_1_853' title='bbox 2480 4945 2925 5002; x_wconf 84' lang='lat' dir='ltr'><strong>alﬁrmationibus</strong></span> <span class='ocrx_word' id='word_1_854' title='bbox 2965 4949 3248 5020; x_wconf 75' lang='lat' dir='ltr'><strong>angulares</strong></span> <span class='ocrx_word' id='word_1_855' title='bbox 3288 4949 3443 5005; x_wconf 90' lang='lat' dir='ltr'><strong>simul</strong></span> <span class='ocrx_word' id='word_1_856' title='bbox 3492 4965 3631 5007; x_wconf 67' lang='lat' dir='ltr'><strong>vera:</strong></span> 
     </span>
    </p>
   </div>
   <div class='ocr_carea' id='block_1_112' title="bbox 2056 5039 3632 5111">
    <p class='ocr_par' dir='ltr' id='par_1_112' title="bbox 2056 5039 3632 5111">
     <span class='ocr_line' id='line_1_112' title="bbox 2056 5039 3632 5111; baseline 0.003 -15"><span class='ocrx_word' id='word_1_857' title='bbox 2056 5056 2176 5097; x_wconf 91' lang='lat' dir='ltr'><strong>esse</strong></span> <span class='ocrx_word' id='word_1_858' title='bbox 2206 5047 2472 5111; x_wconf 89' lang='lat' dir='ltr'><strong>poterant.</strong></span> <span class='ocrx_word' id='word_1_859' title='bbox 2501 5039 2555 5094; x_wconf 93' lang='lat' dir='ltr'><strong>In</strong></span> <span class='ocrx_word' id='word_1_860' title='bbox 2586 5040 2668 5095; x_wconf 88' lang='lat' dir='ltr'><strong>his</strong></span> <span class='ocrx_word' id='word_1_861' title='bbox 2694 5051 2873 5097; x_wconf 88' lang='lat' dir='ltr'><strong>autem</strong></span> <span class='ocrx_word' id='word_1_862' title='bbox 2896 5059 3013 5111; x_wconf 79' lang='lat' dir='ltr'><strong>quae</strong></span> <span class='ocrx_word' id='word_1_863' title='bbox 3039 5043 3268 5098; x_wconf 78' lang='lat' dir='ltr'><strong>deﬁnita:</strong></span> <span class='ocrx_word' id='word_1_864' title='bbox 3291 5055 3447 5111; x_wconf 91' lang='lat' dir='ltr'><strong>sunt,</strong></span> <span class='ocrx_word' id='word_1_865' title='bbox 3473 5044 3632 5100; x_wconf 90' lang='lat' dir='ltr'><strong>simul</strong></span> 
     </span>
    </p>
   </div>
   <div class='ocr_carea' id='block_1_113' title="bbox 2056 5134 3633 5206">
    <p class='ocr_par' dir='ltr' id='par_1_113' title="bbox 2056 5134 3633 5206">
     <span class='ocr_line' id='line_1_113' title="bbox 2056 5134 3633 5206; baseline 0.004 -21"><span class='ocrx_word' id='word_1_866' title='bbox 2056 5151 2197 5190; x_wconf 74' lang='lat' dir='ltr'><strong>vera:</strong></span> <span class='ocrx_word' id='word_1_867' title='bbox 2240 5150 2360 5191; x_wconf 89' lang='lat' dir='ltr'><strong>esse</strong></span> <span class='ocrx_word' id='word_1_868' title='bbox 2408 5151 2510 5190; x_wconf 91' lang='lat' dir='ltr'><strong>non</strong></span> <span class='ocrx_word' id='word_1_869' title='bbox 2545 5146 2784 5204; x_wconf 88' lang='lat' dir='ltr'><strong>possunt.</strong></span> <span class='ocrx_word' id='word_1_870' title='bbox 2815 5134 3085 5206; x_wconf 84' lang='lat' dir='ltr'><strong>Contingit</strong></span> <span class='ocrx_word' id='word_1_871' title='bbox 3130 5146 3308 5191; x_wconf 90' lang='lat' dir='ltr'><strong>autem</strong></span> <span class='ocrx_word' id='word_1_872' title='bbox 3347 5135 3633 5199; x_wconf 76' lang='lat' dir='ltr'><strong>aliquando</strong></span> 
     </span>
    </p>
   </div>
   <div class='ocr_carea' id='block_1_114' title="bbox 2056 5228 3633 5300">
    <p class='ocr_par' dir='ltr' id='par_1_114' title="bbox 2056 5228 3633 5300">
     <span class='ocr_line' id='line_1_114' title="bbox 2056 5228 3633 5300; baseline 0.001 -17"><span class='ocrx_word' id='word_1_873' title='bbox 2056 5236 2115 5283; x_wconf 91' lang='lat' dir='ltr'><strong>ut</strong></span> <span class='ocrx_word' id='word_1_874' title='bbox 2141 5229 2388 5285; x_wconf 80' lang='lat' dir='ltr'><strong>similiter</strong></span> <span class='ocrx_word' id='word_1_875' title='bbox 2415 5229 2699 5300; x_wconf 88' lang='lat' dir='ltr'><strong>angulares</strong></span> <span class='ocrx_word' id='word_1_876' title='bbox 2730 5244 2867 5282; x_wconf 73' lang='lat' dir='ltr'><strong>vera:</strong></span> <span class='ocrx_word' id='word_1_877' title='bbox 2906 5230 3007 5282; x_wconf 89' lang='lat' dir='ltr'><strong>sint</strong></span> <span class='ocrx_word' id='word_1_878' title='bbox 3042 5229 3092 5282; x_wconf 91' lang='lat' dir='ltr'><strong>in</strong></span> <span class='ocrx_word' id='word_1_879' title='bbox 3134 5229 3216 5282; x_wconf 91' lang='lat' dir='ltr'><strong>his</strong></span> <span class='ocrx_word' id='word_1_880' title='bbox 3243 5245 3359 5298; x_wconf 69' lang='lat' dir='ltr'><strong>qua:</strong></span> <span class='ocrx_word' id='word_1_881' title='bbox 3388 5228 3633 5284; x_wconf 68' lang='lat' dir='ltr'><strong>dil‘ﬁnitaa</strong></span> 
     </span>
    </p>
   </div>
   <div class='ocr_carea' id='block_1_115' title="bbox 2057 5306 3632 5394">
    <p class='ocr_par' dir='ltr' id='par_1_115' title="bbox 2057 5306 3632 5394">
     <span class='ocr_line' id='line_1_115' title="bbox 2057 5306 3632 5394; baseline 0.001 -19"><span class='ocrx_word' id='word_1_882' title='bbox 2057 5333 2214 5388; x_wconf 92' lang='lat' dir='ltr'><strong>sunt,</strong></span> <span class='ocrx_word' id='word_1_883' title='bbox 2248 5324 2693 5393; x_wconf 84' lang='lat' dir='ltr'><strong>quemadmodum</strong></span> <span class='ocrx_word' id='word_1_884' title='bbox 2723 5332 2778 5377; x_wconf 94' lang='lat' dir='ltr'><strong>et</strong></span> <span class='ocrx_word' id='word_1_885' title='bbox 2804 5322 3111 5387; x_wconf 90' lang='lat' dir='ltr'><strong>indeﬁnitis,</strong></span> <span class='ocrx_word' id='word_1_886' title='bbox 3144 5306 3457 5394; x_wconf 77' lang='lat' dir='ltr'><strong>negatiOnes</strong></span> <span class='ocrx_word' id='word_1_887' title='bbox 3486 5325 3632 5377; x_wconf 89' lang='lat' dir='ltr'><strong>enim</strong></span> 
     </span>
    </p>
   </div>
   <div class='ocr_carea' id='block_1_116' title="bbox 2059 5412 3634 5487">
    <p class='ocr_par' dir='ltr' id='par_1_116' title="bbox 2059 5412 3634 5487">
     <span class='ocr_line' id='line_1_116' title="bbox 2059 5412 3634 5487; baseline 0.001 -19"><span class='ocrx_word' id='word_1_888' title='bbox 2059 5415 2430 5485; x_wconf 86' lang='lat' dir='ltr'><strong>negationibus</strong></span> <span class='ocrx_word' id='word_1_889' title='bbox 2476 5418 2756 5487; x_wconf 88' lang='lat' dir='ltr'><strong>angulares</strong></span> <span class='ocrx_word' id='word_1_890' title='bbox 2794 5415 3057 5479; x_wconf 65' lang='lat' dir='ltr'><strong>deﬁnitae,</strong></span> <span class='ocrx_word' id='word_1_891' title='bbox 3106 5412 3263 5469; x_wconf 92' lang='lat' dir='ltr'><strong>simul</strong></span> <span class='ocrx_word' id='word_1_892' title='bbox 3309 5416 3362 5468; x_wconf 92' lang='lat' dir='ltr'><strong>in</strong></span> <span class='ocrx_word' id='word_1_893' title='bbox 3407 5415 3634 5470; x_wconf 84' lang='lat' dir='ltr'><strong>veritate</strong></span> 
     </span>
    </p>
   </div>
   <div class='ocr_carea' id='block_1_117' title="bbox 2059 5505 3636 5579">
    <p class='ocr_par' dir='ltr' id='par_1_117' title="bbox 2059 5505 3636 5579">
     <span class='ocr_line' id='line_1_117' title="bbox 2059 5505 3636 5579; baseline 0.001 -18"><span class='ocrx_word' id='word_1_894' title='bbox 2059 5508 2428 5573; x_wconf 90' lang='lat' dir='ltr'><strong>consentiunt,</strong></span> <span class='ocrx_word' id='word_1_895' title='bbox 2478 5518 2531 5561; x_wconf 93' lang='lat' dir='ltr'><strong>ut</strong></span> <span class='ocrx_word' id='word_1_896' title='bbox 2577 5510 2630 5561; x_wconf 91' lang='lat' dir='ltr'><strong>in</strong></span> <span class='ocrx_word' id='word_1_897' title='bbox 2680 5506 2762 5561; x_wconf 86' lang='lat' dir='ltr'><strong>his</strong></span> <span class='ocrx_word' id='word_1_898' title='bbox 2810 5522 3020 5576; x_wconf 92' lang='lat' dir='ltr'><strong>quoque</strong></span> <span class='ocrx_word' id='word_1_899' title='bbox 3069 5505 3457 5571; x_wconf 89' lang='lat' dir='ltr'><strong>inveniebatur,</strong></span> <span class='ocrx_word' id='word_1_900' title='bbox 3502 5522 3636 5579; x_wconf 91' lang='lat' dir='ltr'><strong>qua</strong></span> 
     </span>
    </p>
   </div>
   <div class='ocr_carea' id='block_1_118' title="bbox 2060 5597 3635 5673">
    <p class='ocr_par' dir='ltr' id='par_1_118' title="bbox 2060 5597 3635 5673">
     <span class='ocr_line' id='line_1_118' title="bbox 2060 5597 3635 5673; baseline 0.001 -23"><span class='ocrx_word' id='word_1_901' title='bbox 2060 5598 2365 5653; x_wconf 86' lang='lat' dir='ltr'><strong>indeﬁnitas</strong></span> <span class='ocrx_word' id='word_1_902' title='bbox 2391 5613 2547 5665; x_wconf 87' lang='lat' dir='ltr'><strong>supra</strong></span> <span class='ocrx_word' id='word_1_903' title='bbox 2576 5597 2975 5664; x_wconf 84' lang='lat' dir='ltr'><strong>descripsimus.</strong></span> <span class='ocrx_word' id='word_1_904' title='bbox 3012 5598 3202 5653; x_wconf 73' lang='lat' dir='ltr'><strong>l’leuus</strong></span> <span class='ocrx_word' id='word_1_905' title='bbox 3230 5612 3313 5657; x_wconf 89' lang='lat' dir='ltr'><strong>est</strong></span> <span class='ocrx_word' id='word_1_906' title='bbox 3352 5601 3512 5673; x_wconf 88' lang='lat' dir='ltr'><strong>igitur</strong></span> <span class='ocrx_word' id='word_1_907' title='bbox 3539 5603 3635 5656; x_wconf 67' lang='grc' dir='ltr'><strong>ὺιις</strong></span> 
     </span>
    </p>
   </div>
   <div class='ocr_carea' id='block_1_119' title="bbox 2054 5688 3633 5760">
    <p class='ocr_par' dir='ltr' id='par_1_119' title="bbox 2054 5688 3633 5760">
     <span class='ocr_line' id='line_1_119' title="bbox 2054 5688 3633 5760; baseline 0.004 -16"><span class='ocrx_word' id='word_1_908' title='bbox 2054 5688 2289 5760; x_wconf 89' lang='lat' dir='ltr'><strong>jusmodi</strong></span> <span class='ocrx_word' id='word_1_909' title='bbox 2333 5690 2651 5744; x_wconf 84' lang='lat' dir='ltr'><strong>intellectus.</strong></span> <span class='ocrx_word' id='word_1_910' title='bbox 2690 5690 2970 5744; x_wconf 87' lang='lat' dir='ltr'><strong>llertninus</strong></span> <span class='ocrx_word' id='word_1_911' title='bbox 3014 5700 3192 5746; x_wconf 89' lang='lat' dir='ltr'><strong>autetn</strong></span> <span class='ocrx_word' id='word_1_912' title='bbox 3239 5695 3340 5748; x_wconf 87' lang='lat' dir='ltr'><strong>huc</strong></span> <span class='ocrx_word' id='word_1_913' title='bbox 3368 5696 3523 5749; x_wconf 87' lang='lat' dir='ltr'><strong>aliter</strong></span> <span class='ocrx_word' id='word_1_914' title='bbox 3552 5693 3633 5750; x_wconf 89' lang='lat' dir='ltr'><strong>sic</strong></span> 
     </span>
    </p>
   </div>
   <div class='ocr_carea' id='block_1_120' title="bbox 2059 5781 3633 5856">
    <p class='ocr_par' dir='ltr' id='par_1_120' title="bbox 2059 5781 3633 5856">
     <span class='ocr_line' id='line_1_120' title="bbox 2059 5781 3633 5856; baseline 0.004 -18"><span class='ocrx_word' id='word_1_915' title='bbox 2059 5784 2313 5853; x_wconf 78' lang='lat' dir='ltr'><strong>exnouit:</strong></span> <span class='ocrx_word' id='word_1_916' title='bbox 2344 5781 2619 5845; x_wconf 89' lang='lat' dir='ltr'><strong>Similiter,</strong></span> <span class='ocrx_word' id='word_1_917' title='bbox 2651 5782 2848 5852; x_wconf 88' lang='lat' dir='ltr'><strong>inquit,</strong></span> <span class='ocrx_word' id='word_1_918' title='bbox 2879 5784 3012 5841; x_wconf 89' lang='lat' dir='ltr'><strong>duas</strong></span> <span class='ocrx_word' id='word_1_919' title='bbox 3038 5784 3235 5842; x_wconf 80' lang='lat' dir='ltr'><strong>facient</strong></span> <span class='ocrx_word' id='word_1_920' title='bbox 3269 5802 3438 5856; x_wconf 87' lang='lat' dir='ltr'><strong>oppos</strong></span> <span class='ocrx_word' id='word_1_921' title='bbox 3459 5789 3633 5845; x_wconf 80' lang='lat' dir='ltr'><strong>tiuuel</strong></span> 
     </span>
    </p>
   </div>
   <div class='ocr_carea' id='block_1_121' title="bbox 2059 5875 3632 5959">
    <p class='ocr_par' dir='ltr' id='par_1_121' title="bbox 2059 5875 3632 5959">
     <span class='ocr_line' id='line_1_121' title="bbox 2059 5875 3632 5959; baseline 0.001 -24"><span class='ocrx_word' id='word_1_922' title='bbox 2059 5888 2286 5959; x_wconf 83' lang='lat' dir='ltr'><strong>quatuor</strong></span> <span class='ocrx_word' id='word_1_923' title='bbox 2320 5875 2715 5951; x_wconf 83' lang='lat' dir='ltr'><strong>propositiones</strong></span> <span class='ocrx_word' id='word_1_924' title='bbox 2740 5878 2783 5935; x_wconf 87' lang='lat' dir='ltr'><strong>si</strong></span> <span class='ocrx_word' id='word_1_925' title='bbox 2816 5878 3013 5937; x_wconf 83' lang='lat' dir='ltr'><strong>fuerint</strong></span> <span class='ocrx_word' id='word_1_926' title='bbox 3038 5882 3159 5938; x_wconf 56' lang='lat' dir='ltr'><strong>dum</strong></span> <span class='ocrx_word' id='word_1_927' title='bbox 3192 5880 3487 5954; x_wconf 85' lang='lat' dir='ltr'><strong>simplices,</strong></span> <span class='ocrx_word' id='word_1_928' title='bbox 3509 5881 3632 5939; x_wconf 81' lang='lat' dir='ltr'><strong>dua:</strong></span> 
     </span>
    </p>
   </div>
  </div>
