4270 6266
618 556 666 608 si
696 570 783 609 mo
821 561 982 615 strat,
1013 558 1268 619 proponet
1292 552 1439 618 prius
1460 548 1756 618 simplicem
1782 547 2192 602 afﬁrmationem

620 644 970 700 universalem
1024 658 1142 712 qu.e
1196 640 1358 707 dicit,
1411 644 1587 695 omnis
1641 651 1724 696 est
1780 641 1937 693 homo
1990 638 2189 710 justus.

580 718 808 792 Contra
857 736 993 789 hanc
1045 732 1418 803 particularem
1470 732 1767 800 simplicem
1817 731 2186 802 negationem,

616 811 719 884 n'uu
763 830 938 884 omnis
980 839 1065 885 est
1106 828 1266 883 homo
1307 826 1505 897 justus,
1533 828 1631 881 sub
1668 824 2025 881 afﬁrmatione
2070 825 2188 880 uni-

1324 922 1617 992 Omnisest
1642 934 1820 1006 justus
1851 936 2034 991 homo.

1328 1030 1514 1085 Omnis
1538 1042 1620 1086 est
1647 1047 1748 1083 non
1774 1028 1951 1101 justus
1982 1030 2159 1084 homo.

616 1147 706 1201 llis
737 1161 863 1215 ergo
893 1148 965 1201 ita
1006 1143 1297 1213 dispositis,
1342 1143 1478 1206 duae,
1513 1144 1712 1213 inquit,
1744 1145 1876 1197 ﬁunt
1903 1143 2195 1213 oppositio-

616 1255 732 1292 nes.
763 1236 961 1291 Contra
1006 1237 1147 1290 enim
1195 1250 1312 1289 eam
1358 1250 1478 1304 qua:
1521 1246 1631 1299 est,
1685 1235 1859 1290 ontnis
1897 1244 1981 1290 est
2018 1234 2194 1305 justus

616 1329 795 1391 homo,
829 1329 1116 1399 opponitur
1162 1328 1249 1381 illa
1280 1343 1399 1399 quas
1444 1328 1726 1397 proponit,
1758 1342 1861 1381 non
1907 1328 2085 1381 omnis
2114 1335 2197 1381 est

617 1419 784 1488 justus
816 1419 993 1472 homo.
1026 1419 1136 1473 Hoc
1175 1431 1351 1473 autem
1386 1418 1606 1482 idcirco,
1638 1418 1887 1489 quoniam
1936 1419 2039 1473 sibi
2069 1434 2196 1473 cou-

617 1508 935 1562 tradictoriaa
963 1510 1221 1576 Opposita
1261 1518 1383 1562 sunt
1407 1509 1724 1562 universalis
1753 1506 2043 1563 afﬁrmatio
2072 1510 2199 1562 sim-

617 1600 766 1668 plex,
809 1610 863 1654 et
907 1600 1238 1670 particularis
1286 1602 1497 1669 negatio
1547 1599 1808 1668 simplex,
1858 1610 1913 1654 et
1955 1611 2037 1654 est
2087 1599 2202 1654 lucc

617 1689 829 1757 quidem
857 1706 956 1742 una
1000 1690 1288 1759 Opposllio.
1320 1689 1523 1741 Rursus
1551 1700 1737 1742 contra
1775 1689 2022 1742 eamdem
2052 1689 2201 1743 afﬁr-

1844 341 1952 398 ΔΝ.
1992 338 2196 396 ΜΑΝι.
2235 336 2387 395 SEV.
2430 334 2648 391 BOETII

620 462 861 527 inﬁnitae,
889 459 1330 516 determmatione
1356 463 1535 511 tamen
1577 456 1807 525 adjecta.
1854 456 1965 510 Hoc
2014 469 2191 511 autem
2221 455 2278 509 Α
2299 453 2491 508 versali
2515 451 2776 522 simplici,
2800 448 3207 505 afﬁrmationem
3229 444 3585 504 nuiversalem
3613 443 3874 501 inﬁnitam
3963 450 3969 458 ‘

3770 326 3875 385 548

2297 562 2416 615 qua:
2473 547 2635 613 dicit,
2681 546 2856 599 omnis
2913 554 2995 599 est
3054 546 3214 597 homo
3273 556 3376 596 non
3432 539 3628 611 justus.
3680 541 3876 594 Contra

2296 637 2437 693 hanc
2465 639 2565 693 sub
2594 639 2875 707 negatione
2905 636 3212 706 particulari
3240 635 3468 702 simplici
3502 633 3875 702 particularem

2294 735 2631 801 negationem
2660 731 2925 786 inﬁnitam
2970 745 3091 800 qua:
3140 728 3420 799 proponit,
3456 745 3561 781 non
3592 728 3767 781 munis
3800 734 3879 779 est

2298 828 2459 878 homo
2488 838 2596 877 non
2621 833 2820 893 justus.

2283 934 2399 991 Non
2430 934 2605 989 omnis
2630 942 2714 989 est
2740 934 2911 1003 justus
2943 931 3123 986 homo.

2290 1028 2405 1083 Non
2432 1028 2607 1084 omnis
2633 1040 2714 1084 est
2740 1043 2843 1082 non
2872 1027 3047 1095 justus
3079 1029 3254 1082 homo.

2298 1159 2417 1199 esse
2447 1158 2607 1211 posse
2645 1158 2803 1213 supra
2829 1143 3132 1207 docuimus,
3158 1157 3284 1211 ergo
3316 1156 3419 1195 non
3460 1155 3679 1196 necesse
3708 1148 3811 1207 est,
3834 1140 3884 1196 si

2298 1234 2428 1287 lalsa
2461 1244 2575 1300 est,
2609 1236 2782 1287 omnis
2825 1245 2905 1287 est
2936 1249 3040 1286 non
3084 1234 3260 1303 justus
3304 1234 3485 1298 homo,
3532 1248 3712 1285 veram
3763 1246 3885 1287 esse

2301 1340 2419 1378 eam
2451 1338 2568 1392 qum
2599 1324 2753 1386 dicit,
2785 1324 2959 1376 omnis
2988 1334 3071 1377 est
3101 1324 3261 1375 homo
3287 1323 3459 1390 jnsms
3479 1339 3495 1387 ;
3519 1323 3660 1391 quod
3692 1324 3735 1377 si
3778 1336 3886 1377 non

2304 1430 2527 1469 necesse
2553 1425 2670 1479 est,
2704 1415 2803 1469 hoc
2836 1424 3011 1483 potest
3058 1416 3173 1467 [ieri
3221 1428 3275 1467 ut
3313 1426 3551 1483 utrasque
3578 1416 3683 1468 sint
3715 1414 3885 1483 l‘alsze,

2304 1524 2469 1577 quare
2498 1507 2676 1561 evenit
2705 1507 2991 1574 aliquando
3022 1517 3076 1558 ut
3102 1521 3225 1560 vera
3260 1507 3355 1558 hac
3386 1506 3749 1574 propositione
3769 1521 3888 1574 qua:

2302 1600 2461 1666 dicit,
2490 1614 2595 1654 non
2637 1601 2810 1652 omnis
2840 1610 2921 1652 est
2953 1614 3055 1651 non
3096 1597 3271 1667 justus
3314 1598 3494 1662 hoino,
3530 1599 3658 1652 lalsa
3700 1599 3768 1652 sit
3798 1599 3887 1653 illa

2302 1708 2422 1762 qua:
2458 1691 2739 1761 proponit,
2788 1692 2962 1744 cumis
3010 1700 3093 1744 est
3133 1689 3310 1760 justus
3355 1691 3537 1753 homo,
3568 1706 3735 1757 quare
3782 1706 3886 1745 non

618 1783 903 1836 tuationem
945 1782 1239 1851 simplicem
1284 1798 1400 1849 qua:
1457 1781 1617 1846 dicit,
1667 1782 1843 1834 omnis
1888 1791 1969 1835 est
2022 1781 2201 1851 juStus
2230 1784 2277 1848 Β
2304 1785 2550 1839 similiter
2587 1784 2877 1839 secundum
2927 1783 3244 1837 diametrum
3290 1785 3339 1837 in
3374 1785 3597 1837 veritate
3625 1783 3724 1837 sibi
3755 1798 3886 1852 pro-

619 1878 798 1941 homo,
829 1875 1115 1946 opponitur
1144 1875 1465 1928 universalis
1513 1873 1798 1929 alﬁrmatio
1832 1875 2034 1927 inﬁnita
2080 1890 2198 1943 qnte

619 1968 776 2032 dicit,
804 1970 977 2021 omnis
1007 1974 1089 2021 est
1120 1981 1226 2020 non
1256 1967 1434 2033 justus
1484 1964 1663 2028 homo,
1702 1974 1756 2019 et
1800 1965 1899 2018 hoc
1932 1966 2202 2019 contrario

621 2064 798 2116 modo.
833 2062 904 2115 Ea
936 2075 1163 2127 namque
1203 2075 1320 2128 qua:
1350 2058 1509 2122 dicit,
1544 2060 1721 2113 omnis
1767 2069 1850 2113 est
1879 2075 1983 2112 non
2028 2060 2203 2127 justus

622 2153 803 2217 homo,
848 2155 987 2208 idem
1036 2152 1304 2219 signiﬁcat
1347 2153 1502 2222 eique
1549 2155 1816 2207 consentit
1864 2168 1982 2222 qua:
2035 2154 2197 2217 dicit,

622 2249 796 2304 nullus
824 2249 984 2302 homo
1001 2247 1176 2317 justus
1201 2255 1315 2311 est;
1344 2246 1436 2300 sed
1461 2246 1574 2299 hrcc
1594 2263 1709 2315 qum
1738 2249 2003 2315 proponit,
2028 2246 2201 2301 nullus

622 2342 783 2396 homo
809 2341 987 2410 justus
1007 2351 1119 2401 est,
1152 2340 1422 2392 contrario
1450 2340 1608 2392 modo
1637 2341 1876 2407 opposita
1907 2349 1988 2393 est
2008 2338 2057 2392 ei
2086 2355 2203 2407 qua:

621 2433 774 2497 dicit,
820 2433 995 2485 omnis
1038 2441 1119 2485 est
1161 2430 1340 2499 justus
1393 2431 1570 2483 homo.
1620 2427 1887 2496 Quocirca
1934 2431 2095 2483 etiam
2141 2445 2202 2483 ea

623 2539 740 2595 quae
768 2522 1130 2590 dicit,,omnis
1178 2530 1261 2575 est
1305 2535 1409 2574 non
1456 2518 1637 2590 justus
1690 2526 1868 2587 homo,
1921 2524 2205 2575 contraria:

624 2615 726 2672 erit
751 2618 991 2684 opposita
1012 2615 1059 2668 ei
1082 2630 1199 2684 quae
1232 2616 1497 2682 preponit.
1524 2615 1699 2667 omnis
1718 2623 1802 2669 est
1820 2614 1998 2684 justus
2022 2614 2202 2667 homo.

626 2707 724 2762 Est
769 2705 928 2775 igitur
969 2704 1083 2758 hazc
1122 2719 1332 2773 quoque
1362 2706 1529 2759 altera
1577 2707 1877 2774 oppositio;
1910 2708 2028 2759 dita:
2077 2720 2207 2775 ergo

628 2808 752 2854 sunt
778 2795 1160 2867 oppositiones,
1204 2796 1652 2866 quemadmodum
1683 2797 1844 2851 etiam
1885 2798 1937 2851 in
1971 2796 2052 2850 his
2091 2812 2209 2865 qua:

629 2901 751 2947 sunt
790 2888 1101 2955 iudeﬁnitaz,
1148 2888 1274 2944 licet
1320 2889 1428 2943 alio
1479 2889 1639 2944 modo
1685 2900 1868 2945 essent
1914 2890 2203 2961 oppositae,

631 2992 808 3040 tamen
836 2984 955 3039 duae
977 2994 1127 3038 erant
1150 2984 1539 3053 oppositiones,
1568 2985 1859 3039 secundum
1888 2986 2207 3039 diametrum

632 3087 807 3133 autem
839 3093 944 3132 non
965 3076 1224 3147 contingit
1251 3078 1499 3133 similiter
1530 3092 1685 3133 veras
1708 3092 1847 3143 esse,
1881 3086 1941 3132 ut
1969 3077 2083 3147 ipse
2113 3077 2204 3131 ait.

2309 1876 2600 1944 positiones
2631 1875 3000 1941 censentium,
3036 1885 3195 1941 atque
3230 1877 3329 1929 hoc
3358 1874 3567 1942 quidem
3603 1873 3887 1927 lies-minus

2306 1983 2412 2022 non
2437 1980 2578 2021 recta
2602 1971 2936 2037 expositione
2962 1971 3165 2031 dicens,
3194 1968 3434 2021 ordinem
3466 1968 3658 2020 turbat.
3682 1966 3736 2020 Si
3765 1966 3886 2036 quis

2306 2070 2481 2113 autem
2512 2059 2595 2113 vel
2628 2062 2727 2114 boc
2769 2062 2907 2130 quod
2944 2062 3228 2115 llerminus
3271 2062 3384 2125 ait,
3420 2062 3703 2129 diligenter
3726 2075 3888 2130 agno-

2306 2152 2436 2216 scit,
2467 2153 2546 2205 vel
2581 2153 2630 2206 id
2651 2155 2793 2222 quod
2828 2168 2985 2221 supra
3018 2168 3116 2206 nos
3155 2153 3406 2221 diximus,
3439 2154 3711 2222 cognoscit
3758 2154 3892 2207 mul-

2311 2252 2416 2296 tam
2473 2259 2593 2297 esse
2653 2245 3011 2298 differentiam
3067 2245 3450 2313 expositionis,
3501 2255 3555 2299 et
3614 2246 3890 2299 meliorem

2308 2336 2643 2403 superiorem
2680 2335 2928 2404 judicans
2966 2337 3014 2391 ei
3054 2337 3098 2389 si
3137 2339 3254 2406 quis
3302 2337 3459 2391 nobis
3503 2338 3706 2401 credit,
3748 2350 3889 2393 recte

2307 2430 2625 2482 consentiet.

2382 2519 2431 2573 Η
2437 2536 2481 2573 (ε
2502 2523 2657 2591 igitur
2678 2537 2794 2575 auo:
2816 2523 3057 2591 apposita
3078 2531 3216 2585 sunt,
3239 2521 3355 2575 alia:
3388 2534 3562 2575 autem
3582 2524 3649 2575 ad
3678 2522 3731 2575 id
3752 2523 3888 2593 quod

2310 2622 2406 2679 est,
2462 2629 2560 2664 non
2594 2614 2763 2679 homo,
2800 2614 2944 2681 quasi
2975 2613 3255 2683 subjectum
3291 2612 3503 2684 aliquod
3530 2614 3784 2673 additum,
3816 2624 3891 2681 ut,

2313 2717 2389 2760 est
2406 2708 2579 2778 justus
2608 2723 2709 2759 non
2742 2709 2914 2765 homo.
2940 2723 3039 2759 non
3069 2715 3141 2760 est
3161 2708 3333 2777 justus
3363 2724 3464 2761 non
3494 2709 3666 2773 homo,
3696 2717 3895 2765 estnon

2305 2801 2479 2870 justus
2510 2816 2612 2853 non
2636 2799 2805 2860 homo,
2834 2816 2933 2851 non
2974 2807 3045 2852 est
3078 2814 3177 2853 non
3199 2804 3374 2871 justus
3398 2815 3497 2852 non
3528 2800 3696 2853 homo.
3729 2797 3898 2871 Magis

2313 2899 2479 2943 autem
2514 2890 2681 2958 plures
2709 2890 2787 2943 Itis
2814 2906 2915 2943 non
2930 2905 3048 2943 sunt
3072 2892 3434 2959 oppositiones.
3452 2890 3550 2945 Ha:
3572 2901 3741 2945 autem
3754 2900 3897 2947 extra

2315 2982 2433 3035 illas
2480 2982 2606 3049 ipsa:
2653 2982 2932 3035 secundum
2961 2998 3016 3035 se
3042 2993 3219 3049 erunt,
3257 2992 3308 3035 ut
3338 2985 3542 3037 nomine
3573 2992 3771 3039 utentes
3801 3000 3857 3039 eo
3880 3025 3898 3053 ,

2314 3072 2450 3143 quod
2470 3084 2543 3126 est
2564 3088 2665 3125 non
2696 3071 2867 3126 homo.

598 3232 601 3235 η
633 3170 740 3225 Illa:
779 3168 921 3225 enim
962 3168 1215 3239 quoniam
1265 3168 1555 3224 indeﬁnite
1604 3178 1789 3234 erant,
1818 3178 1873 3223 et
1920 3168 2210 3223 secundum
2243 3171 2289 3234 C,
2389 3162 2557 3233 Supra
2585 3166 2693 3235 jam
2719 3163 2923 3219 dixerat
2952 3179 3112 3219 omne
3141 3165 3443 3235 subjectum
3475 3178 3565 3222 aut
3592 3183 3657 3223 ex
3686 3170 3901 3230 nomine

633 3260 949 3317 (lametrum
976 3275 1094 3330 quae
1119 3269 1302 3327 erant,
1336 3262 1493 3315 simul
1525 3276 1680 3315 veras
1723 3276 1849 3315 esse
1876 3262 2218 3328 contingebat

640 3362 694 3408 et
732 3367 921 3408 omnes
960 3352 1226 3406 omnibus.
1272 3351 1421 3417 Quod
1462 3353 1507 3406 si
1553 3354 1673 3422 quis
1717 3352 1783 3406 ad
1826 3351 2215 3406 iudeﬁnitarum

634 3445 1020 3515 descriptiones
1049 3442 1262 3509 redeat,
1289 3444 1571 3515 diligenter
1594 3455 1869 3515 agnoscet.
1895 3445 1992 3500 Hae
2013 3454 2212 3508 autem,

637 3538 838 3607 inquit,
868 3536 970 3591 hoc
1010 3545 1094 3590 est
1136 3537 1188 3589 in
1221 3536 1304 3591 his
1345 3552 1460 3606 qua:
1490 3535 1721 3591 deﬁnita:
1751 3548 1874 3591 sunt
1894 3579 1908 3601 ,
1939 3553 2043 3593 non
2064 3524 2216 3591 idem

636 3640 737 3685 est.
765 3627 875 3684 Hoc
903 3629 978 3684 sic
1010 3636 1292 3681 monstrat.
1320 3628 1390 3682 Ea
1420 3629 1560 3683 enim
1595 3629 1890 3698 propositio
1920 3645 2037 3697 quaa
2062 3629 2213 3694 dicit,

638 3726 810 3780 omnis
838 3734 919 3779 est
945 3723 1123 3793 justus
1155 3726 1337 3787 homo,
1366 3737 1469 3777 non
1506 3721 1776 3777 consentit
1803 3722 2214 3777 contradictioni

638 3832 748 3873 sua:
771 3831 886 3887 quzr
913 3815 1073 3883 dicit,
1104 3830 1210 3869 non
1244 3815 1419 3871 omnis
1459 3825 1542 3870 est
1578 3814 1756 3885 justus
1787 3815 1969 3871 homo.
2012 3815 2217 3870 Rursus

639 3923 701 3964 ea
731 3923 848 3979 quae
878 3907 1033 3975 dicit,
1065 3908 1237 3961 omnis
1266 3918 1347 3962 est
1377 3922 1479 3961 non
1507 3908 1683 3979 justus
1724 3909 1909 3975 homo,
1952 3925 2055 3963 non
2089 3924 2215 3964 cou-

638 4002 801 4056 eentit
827 4015 1013 4055 rursus
1039 4000 1086 4054 ei
1113 4016 1230 4069 qua:
1261 4000 1419 4066 dicit,
1453 4016 1557 4055 non
1590 4003 1765 4056 omnis
1798 4012 1881 4056 est
1909 4016 2012 4055 non
2038 4001 2216 4070 justus

638 4092 818 4148 homo.
874 4093 999 4149 Haec
1055 4093 1196 4147 enim
1253 4096 1532 4148 contraria:
1586 4093 1755 4162 ipsius
1816 4094 2211 4148 consentiebat.

638 4186 811 4254 Quare
836 4201 957 4241 cum
1001 4201 1122 4240 vera
1146 4196 1245 4263 ⁶εει
1290 4186 1610 4241 universalis
1651 4185 1940 4241 afﬁrmatio
1987 4188 2216 4254 simplex

638 4296 755 4349 qua:
783 4280 940 4341 dicit,
968 4279 1139 4331 omnis
1167 4287 1249 4332 est
1278 4277 1454 4347 justus
1498 4278 1679 4340 homo,
1708 4278 1828 4332 sine
1871 4277 2033 4331 dubio
2079 4277 2210 4331 falsa

638 4384 719 4430 est
748 4388 809 4426 ra
847 4386 964 4441 quae
1000 4370 1161 4429 dicit.
1194 4370 1368 4423 omnis
1398 4378 1485 4423 cst
1523 4385 1626 4422 non
1666 4369 1843 4435 justus
1891 4369 2071 4421 homo.
2109 4368 2215 4423 Sed

638 4448 753 4517 lucc
779 4459 1311 4525 falsa,contradictio
1340 4458 1455 4529 ejus
1483 4474 1605 4512 vera
1630 4460 1761 4524 erit,
1795 4473 1918 4514 vera
1936 4469 2030 4513 est
2054 4458 2218 4528 igitur

2320 3259 2549 3329 simplici
2578 3269 2631 3314 et
2673 3259 2845 3322 ﬁnito,
2877 3271 2968 3313 aut
2995 3276 3060 3313 ex
3090 3262 3308 3315 nomine
3336 3276 3524 3317 rursus
3550 3263 3757 3319 inﬁnito
3781 3280 3901 3319 con-

2321 3357 2534 3421 sistere,
2569 3363 2621 3407 et
2659 3369 2847 3409 eorum
2879 3356 3245 3422 oppositiones
3287 3355 3523 3409 ostendit
3548 3356 3686 3425 quod
3718 3364 3900 3419 essent

2319 3449 2461 3509 dum.
2493 3458 2545 3503 et
2587 3459 2813 3517 quatuor
2844 3446 3255 3515 propositiones,
3288 3445 3406 3500 dua:
3432 3449 3643 3516 quidem
3674 3449 3902 3519 simplex

2319 3539 2615 3606 subjectum
2650 3552 2843 3590 nomen
2878 3538 3154 3605 habentes,
3203 3537 3323 3590 dua:
3358 3551 3487 3591 vero
3531 3537 3816 3603 inﬁnitum,
3836 3550 3901 3600 ‘et

2323 3640 2441 3696 post
2465 3630 2561 3683 has
2585 3629 2799 3697 quando
2829 3638 2912 3682 est
2964 3628 3178 3682 tertium
3220 3628 3469 3697 adjacens
3501 3630 3902 3697 prtedtcaretur.

2319 3719 2433 3773 Illic
2456 3734 2666 3789 quoque
2704 3718 2988 3788 dupliciter
3023 3718 3387 3787 Oppositiones
3426 3720 3539 3773 ﬁeri
3580 3719 3732 3786 dixit,
3778 3735 3902 3777 cum

2321 3813 2547 3877 scilicet,
2588 3814 2790 3866 ﬁnitum
2824 3827 3016 3867 nomen
3047 3820 3192 3867 esset
3237 3813 3319 3867 vel
3348 3812 3612 3867 inﬁnitum
3645 3814 3903 3883 praedica-

2320 3915 2454 3969 tum,
2481 3920 2771 3974 carumque
2801 3906 2939 3958 inter
2962 3918 3021 3958 se
3063 3919 3183 3958 eam
3208 3909 3649 3975 consequentiam
3679 3906 3903 3962 demon-

2321 4001 2527 4065 stravit,
2550 4000 2760 4069 qualem
2800 4000 3059 4055 baberent
3088 4000 3388 4069 privatorite
3417 4003 3483 4055 ad
3508 4004 3727 4058 easdem
3759 4003 3905 4073 ipsas

2320 4092 2609 4161 simplices,
2663 4092 2851 4161 quibus
2912 4106 2977 4146 ex
3033 4089 3186 4145 ﬁnito
3235 4095 3452 4148 nomine
3507 4096 3905 4165 propositiones

2320 4190 2777 4255 compararentur.
2824 4185 2889 4237 Et
2937 4184 3185 4253 quoniam
3234 4187 3411 4241 omnis
3454 4187 3641 4240 barum
3673 4190 3906 4242 varietas

2320 4279 2737 4347 prapositionum
2780 4277 2851 4330 ita
2881 4275 2939 4329 ﬁt
2966 4290 3089 4330 cum
3133 4282 3217 4330 est
3244 4277 3458 4332 tertium
3500 4278 3902 4347 praedicaretur,

2321 4378 2378 4422 ut
2414 4379 2504 4422 aut
2542 4366 2841 4438 subjectum
2870 4379 2917 4422 et
2952 4368 3296 4438 pradicatum
3334 4371 3477 4424 ﬁnita
3506 4371 3639 4437 sint,
3662 4381 3752 4424 aut
3777 4371 3905 4426 sub-

2314 4461 2516 4531 jectum
2559 4461 2772 4530 quidem
2805 4463 3036 4527 ﬁnitum,
3069 4464 3413 4533 praedicatum
3440 4480 3569 4519 vero
3612 4464 3899 4530 inﬁnitum,

638 4568 697 4606 ea
740 4569 861 4622 qum
911 4562 1066 4623 negat
1113 4552 1315 4617 dicens,
1370 4566 1475 4604 non
1525 4552 1701 4605 omnis
1747 4560 1830 4605 est
1881 4566 1988 4605 non
2035 4551 2210 4619 justus
2241 4550 2382 4612 Dde
2411 4554 2600 4622 quibus
2628 4568 2785 4621 supra
2825 4553 3034 4608 locutus
3074 4564 3177 4617 est,
3211 4572 3332 4611 cum
3360 4572 3541 4611 earum
3572 4568 3907 4628 consequen~

639 4644 818 4697 homo.
864 4644 1125 4711 Quocirca
1184 4644 1264 4696 bar;
1311 4642 1430 4695 dum
1489 4641 1881 4712 propositiones
1929 4643 2213 4713 angulares

638 4750 776 4790 verte
803 4735 1081 4805 aliquoties
1120 4734 1482 4799 inveniuntur,
1514 4738 1691 4789 omnis
1713 4743 1797 4789 est
1821 4734 1998 4802 justus
2028 4737 2209 4800 homo,

639 4843 743 4881 non
772 4829 947 4882 omnis
976 4839 1055 4882 est
1085 4844 1190 4882 non
1220 4827 1394 4897 jusms
1427 4829 1585 4881 homo
1610 4844 1624 4891 ;
1657 4828 1917 4898 contingit
1946 4843 2076 4899 ergo
2116 4828 2213 4882 ali-

639 4919 852 4989 quando
880 4933 1035 4973 veras
1058 4934 1198 4985 csse,
1226 4918 1318 4972 sed
1346 4933 1473 4983 non,
1502 4918 1703 4986 inquit,
1734 4921 1971 4973 omnino.
2005 4920 2132 4972 Nam
2164 4920 2209 4973 si

638 5028 667 5066 a
708 5012 1009 5082 particulari
1057 5014 1335 5079 negatione
1380 5012 1584 5065 inﬁnita
1614 5012 1866 5079 coeperis,
1911 5024 2015 5063 non
2063 5011 2208 5064 idem

636 5112 748 5173 est,
779 5102 829 5158 id
858 5112 972 5167 est,
1003 5118 1105 5157 non
1134 5102 1318 5156 eadem
1352 5102 1547 5157 veritas
1576 5104 1752 5168 venit;
1785 5102 1887 5156 hoc
1910 5110 2085 5157 autem
2117 5103 2209 5158 tali

640 5198 891 5267 probatur
920 5195 1096 5250 modo.
1122 5195 1177 5249 Si
1207 5195 1347 5249 enim
1374 5209 1497 5249 vera
1524 5203 1637 5257 est,
1672 5195 1921 5263 quoniam
1955 5207 2059 5247 non
2090 5208 2209 5249 οω-

636 5288 721 5343 nis
745 5298 829 5343 est
858 5304 961 5341 non
992 5290 1159 5351 justus
1190 5288 1365 5345 homo,
1399 5284 1531 5339 falsa
1557 5292 1640 5339 est
1661 5298 1722 5338 ea
1752 5297 1870 5353 quae
1897 5283 2056 5350 dicit,
2096 5299 2211 5338 om-

639 5381 721 5434 nis
747 5389 829 5434 εει
856 5394 962 5434 non
1002 5377 1178 5449 justus
1206 5378 1382 5430 homo.
1412 5376 1505 5430 Est
1530 5376 1672 5430 enim
1697 5375 1746 5430 ei
1787 5376 2212 5432 contradictoria

638 5475 909 5543 opposita,
938 5474 1051 5528 hec
1075 5484 1253 5529 autem
1296 5471 1430 5526 falsa
1460 5487 1576 5541 qute
1604 5469 1749 5535 dicit,
1779 5471 1956 5525 omnis
1982 5483 2064 5526 est
2104 5485 2208 5526 non

634 5568 809 5637 justus
854 5568 1035 5632 homo,
1064 5582 1171 5619 non
1220 5566 1439 5619 omnino
1481 5578 1659 5618 veram
1700 5577 1922 5619 necesse
1963 5572 2046 5617 est
2091 5577 2210 5617 esse

639 5672 754 5709 eam
784 5672 901 5724 quae
942 5657 1220 5725 proponit,
1261 5656 1432 5710 omnis
1471 5664 1554 5708 est
1592 5653 1766 5722 justus
1798 5652 1978 5719 homo,
2013 5652 2211 5705 idcirco

642 5748 888 5813 quoniam
934 5748 1015 5800 ita:
1061 5751 1178 5800 dote
1219 5748 1316 5800 sibi
1347 5746 1735 5802 Contrariorum
1784 5744 1901 5798 loco
1948 5741 2207 5811 oppositae

641 5845 798 5905 sunt,
837 5837 1132 5892 contr-arias
1176 5845 1373 5892 autem.
1404 5832 1796 5907 propositiones
1837 5834 2002 5891 simul
2044 5831 2209 5889 falsas

2322 4644 2448 4697 tiam
2490 4645 2898 4707 demonstravit,
2922 4654 3014 4699 aut
3056 4647 3319 4702 inﬁnitum
3352 4649 3551 4704 habent
3578 4650 3904 4717 subjectum,

2323 4734 2527 4789 ﬁnitum
2540 4751 2668 4791 vero
2684 4736 3047 4804 praedicatum,
3074 4740 3439 4793 autinﬁnitum
3461 4748 3516 4795 et
3535 4742 3830 4809 subjectum
3853 4751 3909 4797 et

2320 4830 2690 4898 praedicatum,
2722 4840 2777 4883 et
2806 4831 3003 4884 habent
3031 4829 3247 4898 quidem
3280 4833 3670 4900 prapositiones
3705 4844 3909 4887 utrum~

2322 4935 2424 4990 que
2451 4918 2684 4973 ﬁnitum.
2726 4919 2797 4975 Ut
2845 4931 2949 4987 est,
2998 4920 3159 4975 homo
3198 4923 3375 4991 justus
3409 4932 3513 4988 est,
3552 4923 3711 4978 homo
3735 4925 3910 4993 justus

2321 5023 2429 5064 non
2470 5016 2571 5070 est,
2605 5009 2808 5063 ﬁnitum
2838 5025 2967 5063 vero
2995 5012 3313 5079 subjectum,
3362 5013 3627 5066 inﬁnitum
3656 5014 3910 5081 pra-dica-

2316 5109 2451 5163 tum,
2487 5114 2543 5153 ut
2571 5111 2674 5167 est,
2710 5102 2870 5155 homo
2902 5118 3006 5156 non
3048 5104 3223 5171 justus
3253 5115 3355 5168 est,
3393 5104 3554 5158 homo
3596 5121 3700 5159 non
3727 5104 3909 5175 justus

2315 5204 2422 5243 non
2457 5201 2561 5253 est,
2593 5203 2647 5245 et
2672 5192 2859 5245 harum
2892 5192 3108 5262 quidem
3138 5195 3523 5264 consequentia
3562 5209 3725 5265 supra
3758 5211 3909 5249 mon-

2314 5292 2478 5335 smta
2504 5292 2605 5337 est.
2630 5283 2763 5337 Alia:
2785 5299 2912 5339 vero
2939 5297 3059 5339 sunt
3091 5301 3210 5356 qua:
3237 5287 3501 5341 inﬁnitum
3534 5287 3736 5342 habent
3776 5288 3907 5342 sub-

2309 5372 2535 5443 jectum,
2567 5385 2620 5429 et
2638 5389 2756 5442 quae
2778 5387 2835 5429 ut
2863 5378 3081 5431 nomine
3101 5385 3317 5431 utantur
3352 5378 3569 5432 nomine
3600 5377 3829 5440 inﬁnito,
3854 5388 3911 5431 ut

2318 5482 2423 5520 non
2456 5468 2616 5520 homo
2641 5470 2817 5533 justus
2845 5478 2949 5533 est,
2971 5484 3075 5523 non
3104 5471 3268 5524 bomo
3296 5485 3400 5524 non
3425 5474 3599 5541 justus
3619 5480 3730 5535 est;
3751 5482 3909 5525 utun-

2319 5568 2406 5614 tur
2425 5562 2567 5615 enim
2600 5561 2682 5615 ita:
2713 5563 3106 5630 propositiones
3134 5564 3399 5632 subjecto,
3430 5563 3489 5619 id
3515 5575 3600 5619 est
3621 5581 3726 5618 non
3751 5566 3910 5618 homo

2316 5663 2373 5706 ut
2419 5656 2654 5717 nomine,
2684 5654 2973 5721 praedicata
3000 5670 3129 5709 vero
3156 5670 3222 5711 eo
3264 5656 3406 5725 quod
3457 5664 3542 5711 est
3573 5657 3774 5727 justus,
3809 5655 3910 5711 hoc

2313 5755 2397 5797 est
2446 5745 2586 5798 enim
2613 5745 2755 5813 quod
2797 5744 2906 5809 ait,
2935 5746 3051 5799 alia:
3078 5758 3256 5802 autem
3288 5748 3353 5801 ad
3400 5761 3504 5802 non
3532 5747 3717 5811 homo,
3750 5754 3806 5799 ut
3843 5743 3911 5799 ad

2312 5833 2612 5903 subjectum
2657 5836 2871 5905 aliquod
2896 5838 3160 5895 additum.
3205 5839 3266 5897 Si
3292 5839 3411 5910 quis
3438 5838 3581 5895 enim
3611 5847 3776 5911 ponat
3797 5847 3911 5895 non
