4270 6266
385 304 487 364 H9

1132 309 1200 367 IN
1235 309 1490 368 LIBRUM
1528 310 1617 366 DE
1656 305 2307 367 INTERPRETATIONE
2346 309 2572 368 EDlTlO
2608 311 2946 375 SECUNDA.

3558 321 3664 381 ειεο

384 420 549 477 homo
578 420 796 491 quidem
827 422 1151 492 subjectum,
1195 434 1249 480 et
1286 424 1353 480 de
1404 424 1506 480 hoc
1526 434 1618 479 aut
1648 424 1855 479 ﬁnitum
1884 438 1980 478 no-
2004 427 2056 486 Α
2085 425 2300 479 tertium
2349 424 2605 496 adjacens
2634 432 2975 497 praedicatum
2999 444 3102 505 est,
3136 445 3187 493 et
3237 435 3338 495 hoc
3382 454 3517 497 sono
3547 444 3665 513 ipso

382 525 502 567 tuen
528 512 806 581 praedicet,
832 524 888 568 ut
907 525 985 568 est
1010 514 1211 585 justus,
1238 526 1330 569 aut
1357 516 1646 581 inﬁnitum,
1673 526 1728 570 ut
1754 525 1837 571 est
1869 532 1972 570 non

381 602 575 672 iustus,
598 615 826 674 utroque
848 605 1008 659 modo
1047 621 1229 661 rursus
1256 605 1523 676 duplicem
1571 605 1727 661 faciet
1754 605 1972 676 opposi-

382 695 606 749 tionem.
637 694 881 764 Quatuor
909 707 1086 752 autem
1116 707 1241 752 sunt
1266 697 1672 769 propositiones
1706 700 1789 755 hae
1815 716 1830 752 :

381 847 481 902 Est
505 864 609 904 non
632 850 793 905 homo
814 851 989 921 juStus
1052 850 1168 907 Non
1194 861 1279 910 est
1300 868 1409 908 non
1434 852 1597 909 homo
1627 852 1807 923 justus

380 940 478 995 Est
510 943 670 995 homo
692 955 797 996 non
826 943 1001 1013 justus
1050 944 1167 998 Non
1192 953 1275 1001 est
1302 959 1407 999 non
1435 945 1597 1000 homo
1626 960 1732 1001 non
1758 944 1964 1016 justus.

379 1090 437 1144 In
466 1090 549 1146 his
590 1091 749 1162 igitur
777 1102 1005 1162 quatuor
1029 1096 1502 1165 propositionibus,
1536 1097 1969 1167 oppositionibus

378 1198 504 1237 vero
543 1184 851 1254 duplicibus
878 1201 988 1240 non
1032 1186 1192 1241 homo
1242 1188 1459 1257 quidem
1510 1186 1810 1258 subjectum
1863 1197 1967 1256 est,

376 1272 469 1327 sed
502 1274 554 1328 in
597 1274 865 1342 superiori
903 1275 1245 1344 oppositione
1290 1275 1494 1331 ﬁnitum
1530 1277 1745 1346 quidem
1779 1277 1973 1346 prtedi-

375 1371 528 1421 catt-.r
550 1378 749 1419 nomen
768 1364 911 1433 quod
941 1374 1028 1419 est
1067 1364 1264 1432 justus,
1315 1367 1368 1419 in
1404 1366 1659 1420 inferiore
1691 1381 1822 1421 vero
1854 1366 1973 1421 inﬁ-

377 1460 548 1509 nitum
587 1455 730 1525 quod
773 1466 856 1510 est
901 1471 1006 1510 non
1039 1456 1289 1525 injustus.
1324 1455 1427 1511 Sed
1460 1457 1585 1520 illae,
1617 1456 1809 1526 inquit,
1855 1471 1973 1527 quae

377 1545 724 1615 praedicatum
771 1547 986 1615 quidem
1045 1545 1317 1601 inﬁnitum
1374 1544 1621 1610 habent,
1673 1547 1971 1614 subjectum

375 1652 506 1694 vero
536 1638 764 1703 ﬁnitum,
790 1640 874 1693 vel
906 1639 1100 1709 quibus
1143 1645 1200 1693 et
1231 1638 1579 1712 praedicatum
1629 1638 1837 1693 ﬁnitum
1885 1649 1975 1695 est

372 1741 432 1786 et
458 1732 785 1799 subjectum,
821 1730 1019 1785 habent
1048 1731 1278 1800 aliquam
1324 1731 1390 1783 ad
1416 1745 1477 1786 se
1503 1733 1969 1799 consequentiam,

2078 525 2132 571 et
2155 518 2454 586 prolatione
2496 520 2864 590 dignoscitur;
2899 529 3018 583 alia:
3047 546 3173 585 vero
3220 544 3344 589 sunt
3390 534 3444 590 in
3473 538 3669 606 quibus

2076 614 2183 668 tale
2212 615 2435 670 verbum
2460 618 2798 689 praedicatur,
2833 624 2973 692 quod
3014 628 3227 683 tertium
3275 630 3491 700 quidem
3518 616 3668 704 ailjaQ

2075 720 2206 760 cens
2236 722 2341 761 non
2375 709 2720 778 praedicetur,
2750 712 2909 769 habet
2932 726 3108 773 tamen
3130 720 3477 792 conjunctum
3507 737 3672 797 atque

2077 799 2214 853 intra
2247 816 2303 854 se
2334 802 2559 857 verbum
2613 814 2717 871 est,
2751 822 2871 876 qua:
2920 814 3217 882 propositio
3247 817 3291 872 si
3332 821 3570 878 solvatur
3614 823 3671 879 in

2077 892 2417 962 participium
2458 904 2619 965 atque
2646 897 2872 954 verbum
2906 912 3009 966 est,
3034 905 3175 972 quod
3220 916 3342 963 ante
3366 913 3482 967 solo
3505 916 3674 970 verbo

2075 982 2277 1037 dictum
2332 986 2720 1057 praedicatum,
2766 992 3009 1046 secundo
3068 995 3460 1067 praedicabitur,
3510 1009 3672 1062 tertio

2076 1074 2196 1130 loco
2227 1078 2603 1144 praedicabitur
2655 1091 2758 1151 εει,
2792 1091 2846 1138 ει
2889 1083 2947 1138 ﬁt
2981 1085 3173 1142 similis
3217 1096 3510 1161 propositio
3555 1109 3672 1152 tan-

2074 1183 2232 1237 quam
2276 1170 2321 1224 si
2378 1174 2682 1241 prolatione
2717 1191 2930 1247 qnoque
2974 1177 3199 1238 haberet
3226 1193 3307 1239 est
3335 1190 3577 1244 verbum.
3610 1191 3670 1247 Si

2074 1260 2197 1328 quis
2224 1261 2370 1317 enim
2400 1263 2544 1320 dicat
2584 1267 2759 1323 omnis
2790 1268 2951 1326 homo
2990 1273 3181 1342 currit,
3211 1276 3265 1331 in
3297 1277 3397 1334 hac
3426 1286 3670 1352 proposi-

2076 1353 2222 1409 tione
2270 1373 2435 1412 unum
2487 1359 2949 1431 subjectttm‘est,
3003 1368 3229 1428 alterum
3284 1378 3668 1448 praedicatum,
3739 1376 3750 1389 ’

2075 1441 2240 1501 homo
2268 1450 2410 1503 enim
2438 1450 2741 1521 subjectum
2764 1465 2867 1521 est,
2910 1461 3253 1526 praedicatum
3276 1441 3454 1523 autem
3478 1441 3667 1529 currit.

2076 1536 2258 1609 Neque
2293 1541 2437 1596 enim
2470 1558 2756 1612 possumus
2785 1549 3034 1606 arbitrari
3064 1553 3115 1607 in
3152 1555 3250 1611 hac
3302 1563 3668 1629 propositione

2076 1640 2186 1715 tres
2207 1649 2328 1690 esse
2370 1637 2651 1704 terminos,
2703 1639 2906 1696 idcirco
2932 1645 3072 1713 quod
3113 1649 3289 1704 omnis
3317 1642 3528 1722 quidem
3563 1669 3668 1714 ter-

2077 1723 2257 1779 minus
2312 1737 2565 1794 nonest,
2598 1730 2691 1785 sed
2744 1731 2972 1803 subjecti
3022 1740 3231 1796 termini
3267 1740 3666 1807 detorutinato.

373 1823 457 1877 hae
488 1835 619 1877 vero
646 1836 779 1891 quas
811 1829 992 1891 postea
1021 1821 1463 1885 memoravimus,
1507 1822 1559 1875 id
1587 1832 1671 1877 est
1699 1837 1818 1891 quae
1848 1822 1969 1877 inﬁ-
1998 1812 2049 1875 B
2075 1814 2353 1887 Signiﬁcat
2382 1823 2525 1875 enim
2558 1824 2811 1891 quoniam
2846 1843 2932 1883 res
2959 1831 3297 1904 universalis,
3314 1838 3365 1893 id
3396 1854 3477 1896 est
3507 1844 3667 1900 homo

371 1914 544 1991 nitum
564 1913 767 1967 habent
812 1912 1113 1983 subjectum
1139 1922 1234 1968 aut
1260 1915 1627 1991 praedicatum,
1654 1916 1736 1968 vel
1763 1915 1969 1969 ﬁnitum

371 2017 458 2061 vel
501 1984 792 2074 inﬁnitum,
834 2005 1040 2060 nullam
1071 1988 1271 2061 habent
1301 2008 1741 2077 consequentiam
1770 2007 1838 2060 ad
1874 2020 1968 2061 eas

375 2098 805 2168 propositiones,
834 2113 954 2169 quae
977 2100 1093 2154 sive
1123 2099 1275 2154 linito
1307 2100 1596 2169 praedicata
1623 2100 1737 2155 sive
1759 2100 1967 2157 inﬁnito

370 2205 436 2247 ex
476 2190 650 2261 ﬁnito,
680 2203 855 2246 tamen
882 2193 1128 2261 subjecto
1154 2192 1537 2261 consisterent,
1580 2193 1683 2248 hoc
1718 2194 1860 2248 enim
1884 2204 1968 2249 est

366 2281 511 2352 quod
554 2283 648 2337 ait.
705 2284 796 2337 lla:
823 2293 1003 2339 autem
1054 2294 1205 2339 extra
1235 2284 1357 2338 illas
1397 2285 1532 2353 ipsa:
1559 2285 1854 2341 secundum
1905 2301 1966 2343 se

365 2385 544 2442 erunt,
580 2377 630 2431 id
652 2385 735 2431 est
756 2376 955 2431 nullam
974 2378 1409 2445 consequentiam
1428 2377 1493 2432 ad
1520 2382 1828 2447 superiores
1844 2393 1964 2449 quae

364 2484 431 2525 ex
462 2468 612 2523 ﬁnito
642 2469 886 2538 subjecto
915 2479 1244 2534 constarent,
1272 2471 1469 2525 habere
1499 2472 1573 2525 ait
1597 2485 1691 2525 eos
1721 2488 1839 2542 qum
1873 2474 1959 2528 in-

365 2560 572 2615 ﬁnitum
621 2562 921 2631 subjectum
961 2565 1013 2617 in
1063 2563 1487 2632 pr0positionum
1529 2565 1719 2620 ordine
1762 2566 1961 2621 retine-

365 2665 505 2707 rent.
532 2652 818 2717 Postquam
874 2654 1038 2724 igitur
1084 2658 1418 2711 enumeravit
1474 2665 1531 2711 et
1586 2673 1675 2711 cas
1729 2674 1847 2726 qure
1894 2676 1961 2715 ex

364 2754 605 2815 utrisque
653 2745 820 2800 ﬁnitis
861 2747 1245 2813 consisterent,
1304 2747 1355 2801 id
1400 2757 1484 2802 est
1528 2758 1583 2802 et
1620 2749 1867 2818 subjecto
1905 2762 1961 2808 et

363 2838 677 2907 praedicam,
728 2849 779 2893 et
831 2839 953 2894 illas
988 2854 1109 2908 qua:
1135 2855 1200 2894 ex
1225 2840 1469 2909 subjecto
1518 2841 1730 2910 quidem
1784 2844 1956 2911 ﬁnito,

360 2932 649 3000 pradicato
680 2947 806 2987 vero
828 2933 1036 2987 inﬁnito
1058 2944 1260 2999 essent,
1289 2934 1371 2987 bis
1400 2935 1561 2989 etiam
1592 2936 1713 2991 illas
1742 2951 1863 3007 qua:
1886 2952 1957 2992 ex

361 3023 603 3093 subjecto
656 3025 861 3081 inﬁnito
897 3036 1100 3093 essent,
1130 3036 1185 3081 et
1211 3040 1277 3081 ex
1316 3028 1471 3083 ﬁnito
1501 3028 1814 3097 praedicam,
1858 3048 1957 3089 nec

363 3129 472 3169 non
512 3116 635 3169 illas
676 3117 874 3172 addidit
899 3134 1017 3188 qua:
1046 3134 1113 3173 ex
1143 3117 1388 3188 utrisque
1432 3118 1655 3175 inﬁnitis
1710 3134 1958 3180 constare

2080 1909 2369 1967 universali
2397 1912 2683 1984 subjicitur
2705 1918 2903 1985 cursui,
2937 1936 3058 1977 cum
3083 1924 3279 1983 dicitur
3304 1940 3476 1990 omnis
3506 1936 3666 1993 homo

2072 2002 2264 2069 currit,
2297 2005 2440 2059 nulla
2477 2016 2560 2062 est
2596 2009 2742 2064 enim
2776 2012 3013 2073 hominis
3039 2022 3305 2091 exceptio,
3334 2026 3422 2080 ubi
3451 2044 3665 2089 omnem

2072 2108 2290 2150 currere
2317 2096 2693 2155 determinatio
2719 2112 2823 2159 est.
2860 2105 2999 2177 Ergo
3023 2126 3130 2166 non
3160 2118 3377 2183 ponitur
3406 2120 3521 2176 loco
3554 2137 3661 2179 ter-

2071 2183 2199 2238 mini
2231 2185 2283 2240 id
2324 2188 2465 2257 quod
2492 2191 2720 2247 dicimus
2751 2197 2945 2263 omnis,
2974 2202 3068 2256 sed
3100 2208 3273 2272 potius
3297 2212 3520 2280 subjecti
3556 2226 3663 2272 ter.

2068 2277 2197 2331 mini
2228 2278 2607 2339 determinatio
2628 2297 2731 2341 est.
2756 2287 3015 2355 Quocirca
3057 2295 3110 2350 in
3164 2299 3260 2355 hac
3290 2277 3653 2375 propositione

2067 2386 2188 2472 quae
2227 2372 2377 2439 dicit,
2411 2379 2586 2433 omnis
2636 2382 2798 2437 homo
2844 2388 3033 2454 currit,
3085 2392 3191 2448 duo
3239 2372 3659 2472 sunt—termini,

2069 2460 2230 2515 homo
2259 2473 2313 2519 et
2340 2468 2529 2535 currit,
2554 2485 2682 2540 ergo
2701 2473 2753 2528 in
2787 2474 2886 2533 hac
2911 2480 3096 2537 eadem
3117 2499 3417 2557 quanquam
3438 2460 3660 2558 verbum

2065 2572 2146 2614 est
2176 2576 2279 2616 non
2328 2565 2668 2644 prazdicetur,
2710 2570 2761 2624 in
2794 2576 3095 2643 prolatione
3134 2590 3311 2639 tamen
3342 2589 3487 2643 verbi
3516 2594 3659 2662 quod

2064 2661 2149 2707 est
2205 2658 2371 2711 currit
2426 2660 2815 2729 signiﬁcatione
2865 2671 3220 2728 concluditur.
3256 2675 3458 2749 Siquis
3509 2658 3651 2740 enim

2064 2746 2202 2803 hanc
2226 2754 2650 2822 propositionem
2689 2773 2810 2828 quae
2863 2761 3009 2831 dicit,
3039 2780 3214 2823 omnis
3268 2746 3430 2830 homo
3469 2780 3657 2848 currit,

2064 2841 2238 2896 Solvat
2283 2846 2336 2898 in
2390 2846 2733 2915 participium
2779 2862 2941 2922 atque
2980 2858 3226 2927 verbum,
3280 2862 3443 2922 faciet
3486 2841 3661 2930 onmis

2062 2937 2225 2993 homo
2279 2954 2502 2998 currens
2553 2956 2657 3012 est,
2715 2961 2769 3005 et
2813 2951 2951 3007 idem
3001 2956 3269 3026 signiﬁcat
3314 2968 3655 3038 participium
3704 3020 3714 3032 .

2061 3030 2226 3087 verbo
2257 3034 2625 3105 'coujunctum
2671 3043 2813 3110 quod
2864 3046 3128 3115 signiﬁcat
3200 3030 3445 3113 verbum.
3499 3030 3657 3129 Quod

2060 3134 2287 3194 utraque
2333 3130 2731 3199 complectitur,
2788 3152 2908 3190 nam
2955 3156 3075 3196 cum
3110 3144 3232 3200 dico
3276 3152 3454 3207 omnis
3494 3153 3658 3212 homo

363 3205 687 3262 viderentur.
748 3209 1036 3279 Postquam
1078 3211 1237 3279 igitur
1284 3210 1383 3265 has
1437 3216 1808 3283 enumeravit,
1838 3215 1953 3270 ait:
1986 3190 2033 3255 (ἶ
2063 3222 2248 3283 currit,
2276 3224 2420 3276 omni
2448 3223 2671 3281 homini
2708 3233 2975 3289 actionem
3025 3249 3222 3307 prmsto
3266 3257 3387 3300 esse
3417 3190 3655 3317 βτί-ηιυηῖ

360 3297 525 3370 Magis
556 3312 730 3357 autem
772 3303 953 3373 plures
984 3304 1065 3358 his
1104 3318 1209 3358 non
1234 3315 1394 3359 erunt
1420 3308 1809 3375 oppositiones,
1847 3324 1956 3365 om-

359 3390 444 3448 nis
471 3394 615 3447 enim
640 3396 905 3464 oppositio
932 3396 1097 3466 (quod
1119 3408 1283 3466 supra
1305 3398 1508 3452 dictum
1535 3401 1641 3469 est)
1666 3408 1761 3454 naut
1785 3412 1953 3458 estex

359 3484 596 3555 utrisque
623 3485 806 3551 ﬁnitis,
840 3497 898 3541 ut
928 3501 1031 3552 est,
1078 3490 1239 3543 homo
1279 3489 1479 3557 justus,
1527 3505 1631 3543 non
1664 3501 1749 3546 est
1788 3492 1954 3548 homo

358 3573 547 3646 justus,
575 3587 667 3631 aut
694 3592 757 3633 es
779 3577 929 3633 ﬁnito
949 3579 1164 3646 quidem
1183 3580 1428 3649 subjecto
1450 3590 1503 3636 et
1533 3584 1739 3639 inﬁnito
1764 3586 1955 3653 pradi-

357 3680 500 3737 cato,
528 3680 589 3725 ut
608 3681 711 3739 est,
746 3671 906 3727 homo
955 3688 1059 3726 non
1104 3675 1283 3743 justus
1312 3685 1415 3739 est,
1452 3674 1611 3730 homo
1643 3692 1746 3731 non
1776 3682 1953 3747 justus

356 3772 460 3816 non
513 3772 616 3817 est.
678 3768 782 3818 Aut
824 3779 891 3820 ex
946 3765 1154 3819 intinito
1198 3767 1415 3835 quidem
1482 3770 1747 3839 subjecto,
1800 3770 1953 3827 ﬁnito

358 3868 493 3910 vero
514 3856 825 3925 praedicata,
855 3866 913 3912 ut
934 3870 1015 3912 est
1038 3872 1144 3913 non
1182 3860 1347 3914 homo
1370 3862 1567 3930 justus,
1602 3877 1704 3919 ηοιι
1730 3876 1813 3919 εει
1845 3882 1951 3921 non

358 3946 521 4005 homo
537 3950 733 4019 justus.
779 3955 885 4007 Aut
930 3968 997 4007 ex
1044 3955 1263 4009 inﬁnitis
1294 3958 1557 4028 utrisque,
1608 3969 1664 4013 ut
1709 3968 1793 4014 εει
1840 3974 1945 4013 non

356 4042 521 4100 homo
549 4061 652 4099 non
680 4046 854 4115 juStus
877 4041 980 4111 est,
1027 4060 1134 4101 non
1162 4048 1325 4103 homo
1352 4064 1457 4104 non
1485 4052 1659 4120 justus
1693 4068 1796 4106 non
1820 4067 1900 4107 εει
1930 4071 1945 4118 ;

355 4146 412 4191 ut
456 4146 635 4192 autem
664 4139 850 4208 quinta
896 4152 1039 4209 oppo
1072 4140 1169 4194 itto
1198 4144 1418 4211 reperiri
1467 4145 1659 4212 poSsit,
1691 4146 1833 4198 nulla
1864 4160 1949 4201 re-

353 4242 468 4284 rum
502 4232 708 4287 ratione
736 4231 994 4299 possibile
1022 4242 1126 4288 est.
1189 4233 1264 4288 De
1322 4236 1405 4289 bis
1459 4251 1587 4306 ergo
1638 4238 1755 4292 btec
1806 4238 1946 4294 dicta

352 4332 495 4387 sunt,
526 4323 579 4377 in
607 4323 799 4393 quibus
828 4335 913 4379 est
951 4327 1165 4381 tertium
1198 4328 1455 4396 a‘djacens
1490 4331 1835 4399 praadicatur.

425 4456 494 4511 In
520 4458 599 4512 Itis
644 4474 759 4514 vero
788 4460 841 4515 in
882 4463 1085 4532 quibus,
1130 4476 1222 4532 est,
1258 4482 1361 4520 non
1395 4472 1643 4538 convenit,
1688 4481 1740 4523 ut
1784 4474 1836 4524 in
1886 4488 1944 4526 eo

352 4552 490 4621 quod
514 4560 587 4604 est
608 4568 827 4620 currere,
853 4556 928 4624 vel
956 4558 1241 4624 ambulare,
1273 4560 1409 4611 idem
1443 4562 1667 4630 facit'sic
1691 4565 1939 4633 pasitum,
1970 4580 2021 4642 ι)

350 4658 410 4695 ac
433 4643 479 4695 si
507 4652 579 4697 est
604 4643 895 4712 adderetur,
928 4658 981 4700 ut
1016 4654 1177 4703 currit
1219 4655 1382 4704 omnis
1422 4656 1595 4721 homo,
1638 4672 1739 4709 non
1783 4658 1941 4710 currit

348 4736 513 4787 omnis
538 4734 707 4803 homo,
747 4740 903 4791 currit
925 4741 1089 4793 omnis
1124 4758 1225 4794 non
1248 4743 1419 4807 homo,
1460 4762 1560 4799 non
1589 4750 1744 4800 currit
1779 4750 1942 4803 omnis

344 4844 446 4880 non
473 4826 642 4881 homo.
671 4828 791 4883 Non
817 4832 951 4884 enim
976 4833 1251 4887 dicendum
1274 4847 1369 4900 est,
1409 4854 1512 4892 non
1564 4842 1728 4893 omnis
1767 4841 1941 4907 homo,

340 4924 428 4974 sed
454 4938 551 4976 non
574 4927 888 4994 negationem
906 4928 974 4979 ad
997 4928 1050 4980 id
1072 4932 1209 4994 quod
1235 4942 1305 4984 est
1337 4934 1507 4998 horno,
1529 4936 1822 4989 addendum
1845 4946 1939 5005 est,

339 5017 505 5069 omnis
529 5018 664 5071 enim
694 5036 793 5073 non
829 5022 1111 5076 universale
1137 5026 1417 5095 signiﬁcat,
1443 5030 1532 5081 sed
1552 5031 1796 5099 quoniam
1822 5033 1941 5084 uni-

338 5112 630 5167 tu'rsaliter.
662 5114 994 5185 Manifestum
1024 5130 1098 5173 est
1124 5133 1295 5174 autem
1324 5141 1386 5177 ea:
1409 5141 1465 5178 eo
1496 5126 1630 5190 quod
1651 5138 1748 5192 est,
1778 5131 1942 5184 currit

334 5200 508 5268 lunato,
564 5220 664 5259 non
701 5208 860 5260 currit
907 5208 1082 5271 homo,
1114 5215 1272 5265 currit
1321 5231 1423 5268 non
1451 5215 1622 5279 homo,
1652 5236 1750 5271 non
1779 5222 1941 5272 currit

333 5307 438 5344 non
471 5294 641 5360 homo,
665 5296 773 5349 hazc
798 5298 928 5351 enim
946 5300 1009 5352 ab
1033 5302 1136 5355 illis
1160 5303 1404 5369 ili/ferunt
1426 5323 1483 5358 eo
1513 5310 1647 5375 quod
1672 5312 1941 5365 universa-

333 5380 452 5435 liter
480 5402 582 5439 non
608 5398 747 5441 sunt.
783 5388 954 5455 Quare
975 5396 1140 5447 omnis
1170 5395 1246 5448 vel
1278 5398 1453 5451 nullus
1479 5400 1609 5451 nihil
1644 5403 1938 5471 consigniﬁ-

282 5523 289 5529 .
333 5484 419 5527 cat
443 5476 610 5539 aliud,
635 5478 733 5531 nisi
754 5484 891 5549 quod
919 5484 1271 5540 universaliter
1305 5489 1371 5542 de
1396 5492 1600 5542 nomine
1625 5496 1697 5545 vel
1718 5494 1941 5563 a/jirma-

347 5570 547 5632 funem,
575 5571 652 5623 vel
692 5573 1031 5641 uenationem,
1077 5592 1200 5647 ergo
1246 5590 1295 5634 et
1324 5590 1508 5635 caetera
1537 5585 1714 5638 eadem
1741 5598 1939 5655 Oportet

334 5660 552 5732 apponi.

338 5792 341 5795 ι
376 5765 544 5852 ἐιη
566 5790 815 5867 Mm
844 5798 1241 5869 mansitiones
1282 5803 1335 5859 in
1366 5804 1561 5877 quibus
1590 5820 1673 5866 est
1714 5812 1935 5883 quidem

2064 3312 2168 3378 tio;
2201 3314 2342 3383 quod
2390 3318 2434 3377 si
2484 3318 2622 3375 idem
2668 3339 2851 3380 rursus
2885 3327 3079 3399 dicam,
3144 3336 3318 3390 omnis
3351 3312 3513 3397 homo
3532 3312 3656 3399 cur;

2060 3420 2187 3462 rens
2216 3418 2316 3474 cst,
2349 3416 2595 3469 eamdem
2642 3417 2913 3476 actionem
2969 3423 3170 3482 homini
3220 3446 3406 3488 rursus
3460 3438 3651 3496 adesse

2060 3505 2334 3570 proposui.
2385 3507 2528 3564 idem
2559 3510 2720 3581 igitur
2766 3515 3034 3586 signiﬁcat
3064 3524 3287 3581 verbum
3319 3531 3488 3586 currit
3510 3535 3653 3605 quod

2058 3608 2282 3652 currens
2307 3609 2412 3667 est,
2439 3611 2494 3656 ct
2512 3602 2563 3658 in
2587 3606 2775 3663 eadem
2807 3614 3178 3681 propositione
3204 3634 3326 3689 quae
3355 3623 3505 3693 dicit,
3528 3602 3655 3683 rom-

2060 3687 2141 3741 nis
2172 3690 2333 3745 homo
2355 3694 2542 3761 currit,
2585 3696 2711 3761 licet
2742 3700 2796 3755 in
2842 3705 3142 3772 prolatione
3171 3687 3255 3765 est
3282 3728 3387 3769 non
3419 3687 3650 3785 dicatur,

2059 3787 2235 3835 tamen
2269 3783 2484 3840 tertium
2528 3798 2790 3856 potestate
2828 3796 3169 3867 pradicatur,
3204 3806 3343 3873 quod
3378 3807 3501 3865 hinc
3526 3783 3679 3883 coge.

2056 3874 2311 3940 noscitur,
2360 3880 2402 3931 si
2456 3886 2563 3933 tota
2599 3882 2894 3951 propositio
2923 3889 3162 3945 solvatur
3216 3894 3269 3947 in
3310 3874 3646 3971 participium

2055 3965 2258 4019 scilicet
2298 3978 2458 4036 atque
2488 3972 2729 4027 verbum.
2763 3974 3122 4040 Quamobrem
3161 3982 3300 4039 sicut
3329 4002 3398 4043 ex
3432 3965 3648 4050 nomine

2055 4054 2263 4108 inﬁnito
2289 4057 2530 4126 subjecto
2572 4059 2627 4114 ﬁt
2676 4063 2985 4128 afﬁrmatio.
3021 4084 3128 4125 non
3156 4074 3349 4130 eodem
3380 4081 3539 4135 modo
3568 4098 3640 4139 ex

2054 4147 2261 4201 inﬁnito
2287 4151 2451 4205 verbo
2479 4151 2764 4211 afﬁrmatio
2808 4159 2921 4215 ﬁeri
2957 4174 3150 4231 pote~t,
3194 4168 3288 4223 sed
3329 4185 3451 4227 mox
3497 4176 3547 4229 in
3581 4191 3646 4232 ea

2052 4239 2132 4294 vis
2154 4242 2451 4309 negationis
2480 4249 2813 4316 agnoscitur,
2849 4256 3104 4324 quoniam
3131 4261 3277 4316 enim
3310 4261 3534 4323 facimus
3563 4269 3646 4322 af-

2052 4332 2405 4390 ﬁrmationem
2437 4337 2703 4408 dicentes,
2754 4345 2943 4403 Omnis
2988 4366 3091 4405 non
3122 4352 3283 4409 homo
3320 4359 3503 4427 currit,
3540 4375 3645 4417 non

2052 4425 2212 4482 homo
2251 4431 2459 4489 scilicet
2507 4436 2807 4506 subjectum
2865 4442 3130 4500 inﬁnitum
3185 4425 3496 4520 ponentes,
3539 4470 3646 4512 non

2052 4517 2120 4571 ita
2153 4535 2437 4587 possumus
2457 4524 2638 4583 dicere
2684 4529 3099 4592 afﬁrmationem
3151 4538 3264 4596 ﬁeri
3297 4558 3417 4600 cum
3452 4517 3646 4619 propo-

2049 4610 2222 4665 nimus
2240 4618 2591 4672 omnisbomo
2618 4637 2722 4674 non
2754 4626 2940 4694 currit,
2974 4627 3087 4683 haec
3109 4632 3253 4687 enim
3282 4634 3395 4705 jam
3430 4610 3644 4711 negatio

2047 4713 2157 4768 est;
2190 4720 2353 4771 qttare
2384 4706 2685 4781 ubicunque
2708 4712 2870 4768 luerit
2900 4734 3006 4772 non
3035 4724 3223 4791 currit,
3256 4730 3336 4781 vel
3361 4745 3469 4785 non
3502 4706 3646 4790 Ῐίὼος

2046 4805 2149 4862 rat,
2193 4796 2277 4850 vel
2310 4813 2413 4853 non
2442 4802 2697 4870 ambulat,
2741 4807 2822 4862 vel
2855 4824 2960 4865 non
2995 4812 3142 4883 legit,
3177 4816 3232 4871 in
3265 4823 3516 4881 omnibus
3546 4843 3640 4883 ne-

2047 4889 2191 4958 gatio
2218 4888 2296 4957 ﬁt,
2321 4893 2375 4947 in
2403 4895 2809 4969 quibuscuuque
2840 4902 3103 4965 inﬁnitum
3119 4912 3284 4966 verbo
3298 4917 3639 4981 praedicatur.

2052 4980 2722 5061 Dubitabitautemaliquis
2738 5008 2803 5047 an
2823 4995 2963 5052 sicut
2991 5014 3060 5054 ex
3096 5001 3305 5060 inﬁnito
3335 5009 3500 5063 verbo
3527 5012 3643 5067 ﬁeri

2046 5067 2331 5131 afﬁrmaio
2347 5094 2450 5133 non
2470 5090 2665 5150 potest,
2690 5087 2781 5141 sed
2800 5103 2929 5147 sem,
2955 5107 3014 5147 er
3029 5097 3251 5166 negatio
3269 5114 3334 5155 ex
3363 5099 3465 5157 hoc
3499 5121 3634 5170 prie-

2048 5167 2353 5258 dicamento
2370 5172 2448 5241 ﬁt,
2476 5174 2544 5227 ita
2572 5192 2781 5247 quoque
2813 5182 3059 5239 sieadeut
3080 5193 3375 5258 propositio
3397 5167 3638 5252 aolvatur

2048 5257 2097 5311 in
2142 5264 2477 5330 participium
2516 5278 2675 5337 atque
2716 5272 2969 5339 verbum,
3005 5291 3070 5331 an
3113 5257 3190 5334 es,
3218 5282 3427 5340 inﬁnito
3467 5290 3642 5357 possit

2045 5352 2333 5410 afﬁrmatio
2360 5356 2473 5412 ﬁeri
2506 5362 2814 5431 participio;
2844 5376 3115 5435 quaeretur
3142 5373 3286 5429 enim
3316 5390 3382 5431 an
3415 5352 3553 5435 sicut
3583 5380 3637 5437 in

2048 5448 2145 5501 hac
2175 5452 2535 5519 propositione
2561 5470 2681 5524 qua:
2712 5456 2881 5523 dicit,
2911 5462 3084 5517 omnis
3113 5462 3277 5521 homo
3307 5472 3515 5538 currit,
3544 5476 3636 5544 qui

2045 5538 2113 5591 ita
2148 5544 2393 5610 proponit
2421 5544 2607 5601 dicens
2628 5590 2642 5615 ,
2676 5549 2853 5605 omnis
2888 5551 3047 5609 homo
3078 5572 3185 5612 non
3218 5563 3419 5632 currit,
3453 5538 3635 5627 facere

2043 5631 2450 5688 afﬁrmationem
2482 5652 2587 5691 non
2611 5650 2806 5707 potest,
2836 5644 2929 5699 sed
2960 5649 3077 5702 sine
3099 5650 3206 5707 dub
3230 5668 3264 5709 ο
3288 5662 3632 5728 negationem

2044 5724 2207 5789 facit,
2245 5728 2310 5780 ita
2341 5746 2550 5800 quoque
2578 5733 2621 5786 si
2653 5734 2841 5791 eadem
2893 5740 3132 5797 solvatur
3182 5746 3237 5800 in
3284 5724 3623 5824 participium

2042 5825 2203 5887 atque
2234 5820 2475 5888 verbum,
2506 5833 2562 5879 ut
2588 5826 2631 5881 si
2667 5827 2788 5895 quis
2824 5830 2988 5899 dicat,
3019 5838 3195 5893 omnis
3223 5839 3388 5900 homo
3410 5820 3632 5904 currens
