4270 6266
618 388 717 453 551

1884 372 1993 427 AN.
2034 366 2248 426 MANL.
2291 363 2443 425 διν.
2482 362 2704 423 ΒΟΕΤΠ

3770 329 3873 413 552‘

622 526 724 583 est,
754 513 800 570 si
830 509 921 567 ﬁat
953 501 1221 560 inﬁnitum
1257 507 1363 550 non
1398 502 1640 555 currens,
1671 494 1727 544 et
1760 486 1989 552 dieatur,
2020 481 2197 540 omnis
2222 491 2277 553 Α
2303 480 2386 535 nis
2410 479 2593 545 homo,
2621 475 2851 532 mediam
2876 487 3083 547 ponens
3108 466 3624 537 determinationem,
3652 484 3767 539 quae
3791 476 3876 525 est

624 580 783 666 homo
812 620 915 659 non
941 610 1163 653 currens
1189 599 1305 653 est;
1334 604 1400 644 an
1424 587 1538 641 [nec
1564 581 1848 639 afﬁrmatio
1868 580 1934 635 sit
1956 594 2023 633 an
2049 585 2195 632 certe

624 704 833 771 negatio
868 690 1194 747 tantumdem
1224 684 1404 738 valens
1430 688 1694 748 tamquam
1726 674 1770 729 si
1802 672 1990 741 aliquis
2032 670 2194 734 dicat,

628 766 804 851 omnis
829 791 988 843 homo
1010 799 1112 839 non
1126 789 1458 837 estcurrens.
1484 773 1589 830 Sed
1610 773 1821 826 fuerunt
1842 768 1930 838 qui
1953 766 2053 821 hoc
2073 778 2195 820 cum

626 906 693 946 ex
720 884 900 942 multis
925 881 1045 937 aliis
1062 920 1077 946 ,
1104 886 1213 932 tum
1242 890 1306 930 ex
1324 872 1500 942 aliquo
1513 863 1748 923 Platonis
1760 863 2066 935 syllogismo
2085 858 2195 913 col-

624 986 872 1055 ligerent,
904 986 960 1032 ut
992 972 1116 1044 quid
1146 985 1213 1026 ex
1241 982 1303 1023 ea
1333 981 1392 1021 re
1420 962 1735 1025 deﬁnirent,
1767 952 2196 1052 doctissimorum

624 1041 871 1133 virorum.
907 1041 1219 1125 auctoritate
1246 1061 1668 1129 cognoscerent;
1711 1064 1777 1105 ex
1822 1046 2024 1103 duabus
2055 1041 2196 1097 enim

626 1168 885 1241 negativis
929 1160 1263 1236 syIIOgismus
1306 1152 1421 1208 ﬁeri
1469 1164 1578 1205 non
1622 1153 1816 1217 potest.
1868 1141 1921 1196 ln
1966 1138 2207 1241 quodam

626 1229 767 1323 enim
798 1229 1007 1327 dialogo
1057 1254 1206 1310 Plato
1256 1242 1559 1317 bujusmodi
1611 1240 1901 1304 interrogat
1949 1229 2198 1327 syllogis-

624 1369 771 1415 mum
800 1372 815 1408 :
843 1322 1075 1414 Sensus,
1133 1343 1329 1414 inquit,
1371 1354 1475 1415 non
1502 1332 1760 1400 contingit
1790 1328 2045 1382 rationem
2074 1322 2199 1415 sub-

626 1449 856 1511 stantiae,
909 1443 1049 1515 quod
1098 1453 1203 1493 non
1251 1414 1511 1499 contingit
1559 1426 1820 1480 rationem
1864 1414 2194 1479 substantiae,

624 1536 791 1612 ipsius
836 1508 1075 1593 veritatis
1124 1530 1394 1585 notionem
1451 1516 1728 1587 contingit.
1794 1514 1995 1567 Sensus
2043 1508 2201 1577 igitur

626 1602 869 1687 veritatis
917 1625 1183 1679 notionem
1229 1633 1335 1672 non
1380 1611 1661 1678 contingit.
1715 1604 1936 1658 Videtur
1965 1602 2106 1655 enim
2134 1612 2201 1651 ex

626 1726 874 1780 omnibus
897 1716 1150 1789 uegativis
1173 1710 1362 1766 fecisse
1381 1701 1768 1775 syllogismum,
1794 1695 1934 1767 quod
1959 1692 2071 1748 ﬁeri
2095 1706 2200 1744 non

630 1826 824 1890 potest,
850 1782 1009 1881 atqu—6
1040 1808 1159 1861 ideo
1190 1803 1337 1856 aiunt
1378 1793 1639 1851 inliuitum
1680 1789 1901 1890 verbum
1941 1782 2082 1890 quod
2119 1788 2204 1836 est

629 1878 734 1966 iton
764 1878 1022 1973 contingit
1052 1914 1146 1968 pro
1178 1892 1438 1965 principio
1475 1886 1681 1940 inﬁnito
1713 1878 1997 1951 profuisse,

630 2019 738 2058 non
766 1967 1079 2064 contingens
1106 1996 1189 2045 est
1219 2003 1234 2041 :
1261 1993 1344 2040 est
1378 1979 1519 2037 cnim
1551 1979 1603 2033 in
1636 1974 1874 2045 pluribus
1902 1967 2020 2022 aliis
2050 1967 2199 2019 inve-

629 2093 808 2150 niendi
839 2062 1062 2143 facultas
1088 2074 1642 2151 frequenter'verbunt
1673 2066 1938 2123 infinitum
1973 2062 2202 2131 positum

629 2201 727 2258 pro
771 2182 985 2238 nomine
1031 2175 1261 2236 inﬁnito,
1291 2183 1457 2241 quare
1498 2163 1718 2219 verbum
1758 2159 1972 2258 quidem
2019 2156 2205 2209 dixere

629 2248 842 2345 quidam
897 2283 1109 2339 semper
1140 2266 1313 2320 facere
1344 2258 1677 2329 negationem
1697 2295 1712 2318 ,
1742 2253 1786 2306 si
1816 2248 2079 2305 inﬁnitum
2110 2259 2206 2314 ap-

633 2336 875 2439 ponatur.
904 2336 1186 2428 Participia
1213 2366 1390 2409 autem
1431 2349 1516 2404 vel
1547 2346 1756 2402 nomina
1790 2344 1835 2398 si
1864 2341 1972 2395 sint
1997 2336 2203 2392 inﬁnita

626 2438 791 2529 posse
824 2461 999 2514 facere
1034 2450 1466 2510 al‘ﬁrmationem,
1497 2453 1550 2498 ct
1579 2441 1700 2496 ideo
1727 2438 2147 2509 quotiescunque
2172 2444 2204 2485 a

626 2551 835 2623 magnis
858 2548 987 2603 viris
1014 2544 1277 2601 inﬁnitum
1307 2540 1529 2594 verbum
1580 2543 1632 2588 ct
1658 2534 1776 2586 dua:
1816 2529 2123 2597 negationes
2150 2524 2203 2579 in

632 2616 935 2712 Byll-Ogtstuo
964 2646 1248 2707 ponuntur,
1278 2632 1378 2686 bac
1403 2628 1607 2683 ratione
1634 2623 1956 2687 defenditur,
1989 2633 2095 2689 quo
2123 2616 2205 2671 di-

631 2744 781 2791 catur
800 2735 1058 2787 inﬁnitum
1082 2743 1178 2799 pro
1202 2724 1480 2796 participio
1500 2735 1621 2774 esse
1644 2718 1895 2787 positum,
1919 2716 2059 2783 quod
2086 2724 2206 2780 par-

630 2829 867 2897 ticipium
896 2823 1128 2879 nominis
1164 2820 1281 2874 loco
1309 2819 1361 2871 in
1393 2812 1750 2885 propositione
1784 2814 2120 2880 prceuicatur,
2151 2810 2206 2858 et

631 2921 685 2979 id
712 2918 923 2990 quidem
954 2914 1254 2971 Alexander
1280 2907 1642 2980 Apltrodiseus
1666 2903 2023 2958 arbitrabatur
2048 2907 2207 2951 caete-

632 3017 783 3088 rique
811 3013 1131 3082 complures.
1173 3006 1377 3063 idcirco
1406 3004 1551 3059 enim
1592 2999 1739 3054 aiunt
1770 3011 1872 3050 non
1905 3007 2060 3064 posse
2091 2989 2206 3045 ﬁcii

633 3081 713 3165 εχ·
742 3081 947 3163 inﬁnito
987 3102 1149 3159 verbo
1186 3097 1569 3155 afﬁrmationes
1595 3134 1611 3161 ,
1658 3090 1906 3161 quoniam
1956 3085 2096 3140 sicut
2138 3081 2204 3137 ad

633 3200 849 3257 verbum
876 3206 956 3253 est
978 3195 1161 3265 juncta
1190 3190 1443 3263 particula
1475 3188 1713 3255 negativa
1741 3198 1859 3236 mox
1892 3189 2051 3235 totum
2080 3191 2203 3246 per-

633 3292 775 3349 ficiet
800 3292 1155 3361 negationem,
1186 3286 1262 3341 sic
1289 3285 1447 3339 etiam
1478 3281 1637 3335 verba
1666 3292 1783 3346 qua:
1814 3282 1939 3330 sunt
1976 3270 2203 3336 inﬁnita,

634 3387 714 3442 Vel
737 3401 855 3454 qua:
888 3400 939 3438 tn
965 3401 1022 3438 se
1048 3381 1470 3448 complectuntur
1494 3372 1716 3428 verbum
1747 3380 1851 3437 est,
1881 3382 1985 3422 non
2015 3365 2209 3418 facient

635 3478 892 3533 inﬁnitam
924 3472 1327 3527 aiﬁt-tnationem
1352 3509 1364 3531 ,
1400 3466 1493 3521 sed
1535 3467 1710 3534 potius
1751 3458 2107 3531 negationem.
2150 3453 2209 3510 Si

635 3572 751 3642 quis
778 3571 920 3625 enim
951 3570 1028 3622 sic
1052 3565 1234 3630 dicat,
1268 3564 1426 3616 homo
1463 3573 1681 3613 currens
1722 3572 1826 3609 tton
1876 3560 1958 3607 est
1981 3593 1996 3617 ,
2033 3548 2210 3603 nullus

634 3640 773 3718 lianc
812 3660 1005 3714 dixerit
1048 3654 1479 3711 aflirmatiouem.
1532 3648 1590 3704 Si
1633 3645 1752 3717 quis
1794 3659 1920 3698 vero
1947 3643 2025 3696 sic
2054 3640 2205 3706 dicit,

633 3755 792 3810 homo
817 3769 922 3808 non
947 3750 1137 3816 currit,
1168 3747 1366 3802 idcirco
1392 3757 1490 3799 nec
1519 3742 1632 3797 hinc
1660 3738 1949 3812 propositio
1972 3736 2207 3789 afﬁrma-

632 3849 706 3903 tio
732 3860 811 3902 est
844 3845 1094 3916 quoniam
1122 3838 1289 3895 currit
1318 3846 1403 3894 est
1435 3837 1656 3891 verbum
1688 3833 1824 3887 intra
1856 3846 1914 3885 se
1945 3828 2205 3895 continet,

631 3954 686 3997 et
714 3943 848 3995 sicut
874 3938 939 3992 ad
970 3946 1050 3993 est
1078 3934 1299 3993 verbum
1331 3932 1587 4004 particula
1620 3927 1864 3999 negativa
1887 3926 2067 3995 juncta
2102 3936 2206 3976 non

632 4036 759 4090 facit
783 4030 1189 4087 afﬁrmationetn
1210 4068 1225 4093 ,
1257 4028 1351 4082 sed
1383 4026 1557 4095 potius
1588 4024 1945 4091 negationem,
1979 4018 2048 4071 ita
2076 4029 2208 4084 quo-

632 4142 734 4196 que
763 4129 829 4179 ad
862 4123 1002 4177 aliud
1047 4121 1267 4177 verbum
1310 4117 1493 4189 juncta
1542 4116 1753 4185 negatio
1793 4112 1935 4182 quod
1982 4112 2123 4163 intra
2151 4120 2211 4161 se

631 4218 867 4272 continet
911 4226 994 4270 est
1038 4214 1297 4278 verbum,
1339 4212 1548 4280 plenam
1596 4206 1803 4277 perficit
1850 4210 2208 4274 negationem.

633 4309 947 4366 Aristoteles
975 4318 1149 4359 autem
1177 4319 1284 4358 non
1309 4300 1516 4357 videtur
1540 4302 1637 4354 ἰδίει
1662 4301 1991 4364 discernere,
2020 4293 2115 4349 sed
2138 4293 2211 4347 si-

633 4404 829 4459 militer
851 4401 1116 4469 arbitrari,
1142 4400 1256 4453 sive
1276 4410 1398 4451 cum
1428 4393 1706 4463 participio
1732 4403 1959 4462 ponatur
1978 4397 2061 4443 est
2085 4402 2209 4442 ver-

635 4497 781 4560 bum,
811 4494 922 4548 sive
946 4494 1061 4547 sine
1090 4488 1365 4561 participio
1392 4488 1616 4555 verbum
1646 4486 1795 4551 illud,
1818 4482 1962 4553 quod
1986 4485 2209 4537 verbum

637 4596 719 4641 cst
748 4588 885 4663 intra
910 4600 968 4640 se
1002 4583 1215 4657 claudit
1260 4594 1420 4649 atque
1467 4576 1881 4647 complectitur;
1911 4574 2037 4628 dicit
2067 4572 2211 4627 enim

636 4682 737 4736 ltoc
774 4680 933 4736 modo
962 4695 975 4732 :
1011 4679 1067 4733 ln
1111 4678 1198 4733 bis
1238 4691 1364 4731 vero
1396 4678 1451 4728 in
1479 4673 1668 4743 quibus
1695 4684 1780 4728 εει
1805 4686 1907 4725 non
1936 4669 2206 4737 convenit,

638 4778 766 4829 utin
795 4790 860 4829 eo
887 4772 1027 4843 quod
1051 4780 1133 4825 est
1152 4783 1368 4824 currere
1396 4768 1480 4823 vel
1506 4767 1801 4831 ambulare,
1828 4763 1968 4818 idem
1993 4763 2214 4826 faciunt,

636 4870 714 4923 sic
745 4867 911 4936 pOsita
935 4879 998 4919 ac
1022 4865 1065 4916 si
1092 4872 1173 4917 est
1199 4861 1505 4926 adderetur,
1531 4869 1584 4914 et
1606 4858 1762 4929 hujus
1782 4857 2007 4925 subjecit
2029 4869 2215 4909 exem-

640 4960 818 5029 plum,
852 4964 909 5010 ut
932 4956 1098 5011 currit
1124 4955 1298 5009 omnis
1338 4954 1516 5008 homo.
1556 4954 1611 5006 In
1644 4953 1742 5006 hac
1776 4950 1919 5005 enim
1965 4948 2212 5017 proposi-

639 5053 783 5106 tione
830 5066 950 5122 quae
978 5049 1148 5115 dicit,
1188 5048 1357 5104 currit
1400 5047 1574 5103 omnis
1618 5049 1816 5112 homo,
1860 5060 1963 5098 non
1997 5043 2212 5113 quidem

639 5155 885 5199 Convenit
911 5141 1035 5211 poni
1072 5150 1153 5196 est
1186 5142 1405 5195 verbum
1427 5180 1441 5203 ,
1478 5138 1665 5194 eodem
1709 5136 1870 5191 modo
1900 5136 1981 5190 vel
2013 5136 2057 5189 si
2086 5136 2209 5205 quis

638 5236 780 5311 dicat
807 5235 982 5290 omnis
1013 5232 1172 5288 homo
1200 5230 1476 5294 ambulat,
1516 5229 1601 5283 hic
1644 5243 1849 5297 quoque
1879 5240 1959 5280 eSt
1990 5227 2208 5282 verbum
2254 5229 2262 5237 ’

640 5345 745 5384 non
769 5330 1020 5384 convenit
1042 5326 1186 5397 poni,
1212 5325 1306 5381 sed
1335 5324 1449 5380 hinc
1474 5324 1592 5378 talia
1621 5333 1762 5388 sunt,
1792 5332 2038 5393 tanquam
2065 5324 2110 5380 si
2132 5333 2216 5379 est

638 5424 942 5479 adderetur.
977 5420 1124 5488 Quod
1156 5421 1400 5490 exemplo
1427 5418 1624 5474 docuit.
1656 5416 1784 5471 Nam
1815 5416 1951 5471 sicut
1976 5428 2057 5473 cst
2087 5433 2211 5472 cur-

640 5531 764 5571 rcns
787 5519 959 5571 omnis
990 5515 1151 5569 homo
1178 5513 1460 5568 afﬁrmatio
1502 5522 1583 5566 est
1608 5554 1622 5577 ,
1656 5526 1845 5565 cursus
1871 5512 2211 5579 praesentiam

642 5616 942 5662 monstrans
961 5649 973 5670 ,
1006 5608 1079 5663 ita
1104 5622 1312 5678 quoque
1340 5604 1504 5659 currit
1535 5607 1710 5658 omnis
1740 5604 1899 5658 homo
1930 5604 2214 5659 afﬁrmatio

643 5709 727 5753 est
754 5700 893 5754 idem
920 5702 1131 5765 valens,
1166 5700 1406 5769 idemque
1434 5697 1755 5768 signiﬁcans.
1784 5706 1839 5752 et
1863 5697 1958 5752 has
1988 5714 2052 5754 ex
2081 5700 2212 5752 sitn-

648 5797 873 5867 plicibus
897 5800 1145 5869 subjectis
1170 5800 1550 5853 afﬁrmationes
1579 5801 1629 5854 in
1652 5800 1843 5867 quibus
1867 5808 1950 5853 est
1976 5797 2079 5854 dici
2107 5815 2211 5854 non

646 5886 918 5955 convenit,
947 5900 1336 5961 consequenter
1363 5900 1640 5948 enumerat
1665 5890 1879 5973 dicens,
1903 5889 2074 5947 currit
2100 5906 2217 5948 om-

2298 571 2496 636 omnis,
2540 567 2846 624 intercurrit
2871 566 3012 637 quod
3040 574 3121 621 est
3152 564 3475 635 praedicatio,
3504 571 3557 617 et
3582 561 3871 630 subjectum

2298 663 2439 732 quod
2467 668 2552 716 est
2580 660 2763 715 homo.
2804 659 2999 713 Contra
3034 656 3170 712 lianc
3209 654 3428 726 opponit
3456 653 3754 722 simplicem
3784 669 3876 707 ne-

2297 756 2565 824 gationem
2589 751 2794 819 dicens,
2822 766 2927 805 non
2956 748 3123 804 currit
3143 749 3320 803 omnis
3345 746 3525 811 homo,
3550 759 3730 797 rursu~
3753 742 3876 796 facit

2299 844 2705 899 aifirmationem
2736 857 2801 896 ex
2836 841 3040 895 infinito
3087 840 3306 895 nomine
3349 837 3518 892 currit
3558 834 3733 889 omnis
3771 849 3875 887 non

2298 932 2484 1002 homo,
2517 932 2642 987 huic
2668 929 2885 1001 opponit
2912 930 3247 1001 negationem
3276 927 3464 983 inﬁniti
3496 927 3726 981 nominis
3754 925 3877 979 sub-

2296 1022 2424 1094 jecti
2449 1064 2466 1088 ,
2497 1039 2605 1078 non
2633 1022 2798 1078 currit
2843 1022 3017 1077 omnis
3072 1036 3179 1075 non
3227 1021 3387 1074 homo
3411 1058 3425 1084 ,
3457 1028 3511 1070 et
3550 1016 3647 1070 has
3677 1015 3877 1069 idcirco

2300 1113 2596 1183 proposuit,
2628 1121 2687 1167 ut
2715 1120 3037 1167 monstraret
3072 1111 3210 1164 idem
3239 1110 3290 1163 in
3321 1109 3402 1162 bis
3428 1106 3649 1162 evenire
3679 1106 3729 1159 in
3762 1104 3880 1173 qui-

2298 1205 2398 1264 bus
2425 1217 2509 1261 est
2542 1220 2647 1259 non
2677 1204 2926 1259 convenit
2955 1201 3254 1273 praedicari,
3282 1200 3424 1270 quod
3454 1198 3507 1254 in
3538 1197 3639 1251 illis
3666 1211 3880 1266 quoque

2299 1298 2355 1353 in
2394 1299 2587 1368 quibus
2632 1306 2715 1351 est
2762 1297 2974 1350 tertium
3022 1295 3272 1364 adjacens
3320 1291 3732 1361 praedicabatur,
3784 1285 3879 1341 scd

2300 1389 2550 1458 quottiam
2581 1387 2632 1441 in
2664 1388 2942 1456 negatione
2969 1386 3158 1440 inﬁniti
3186 1383 3418 1438 nominis
3444 1379 3739 1447 substituit,
3775 1394 3880 1431 nUll

2301 1479 2471 1533 currit
2496 1478 2672 1532 omnis
2698 1494 2801 1531 non
2831 1477 3012 1532 homo.
3053 1476 3139 1531 Ait
3169 1490 3275 1529 non
3301 1473 3441 1528 enim
3470 1472 3751 1527 dicendum
3778 1478 3882 1533 est,

2304 1586 2411 1623 non
2439 1570 2613 1624 omnis
2645 1568 2804 1622 bomo
2829 1608 2845 1634 ,
2884 1567 2979 1622 sed
3030 1582 3133 1620 non
3183 1567 3393 1637 negatio
3440 1565 3507 1619 ad
3554 1563 3608 1618 id
3638 1562 3779 1632 quod
3802 1570 3883 1620 est

2302 1661 2467 1715 homo
2513 1660 2757 1715 addenda
2795 1669 2898 1715 est.
2955 1661 3169 1714 Poterat
3214 1656 3514 1725 enim‘quis
3560 1656 3739 1710 dicere
3777 1668 3881 1710 non

2307 1765 2452 1808 reete
2482 1752 2675 1807 fecisse
2708 1750 3043 1821 negationem
3087 1750 3203 1821 ejus
3234 1749 3602 1803 alﬁrmationis
3632 1761 3750 1815 qua:
3778 1754 3880 1811 est,

2032 1874 2081 1927 id
2118 1880 2201 1928 es,
2233 1877 2280 1938 Β
2306 1847 2472 1900 currit
2498 1846 2673 1901 omnis
2705 1862 2810 1901 non
2842 1845 3001 1900 homo
3024 1886 3039 1910 ,
3086 1844 3224 1899 lianc
3270 1859 3388 1913 quae
3419 1842 3546 1896 dicit
3575 1857 3678 1895 non
3717 1840 3879 1916 currit

2306 1938 2483 1993 omnis
2516 1955 2620 1993 non
2654 1938 2835 2006 homo,
2867 1938 2958 1992 sed
2990 1936 3162 2007 pctius
3193 1936 3265 1989 ita
3300 1933 3548 1989 debuisse
3587 1928 3879 2002 oppositioQ

2309 2045 2431 2086 nem
2463 2031 2757 2095 constitui,
2795 2029 2962 2083 currit
2987 2028 3160 2081 omnis
3199 2040 3305 2080 non
3338 2024 3498 2079 homo
3523 2065 3537 2088 ,
3581 2038 3685 2078 non
3721 2022 3882 2079 currit

2312 2138 2420 2179 non
2447 2123 2622 2178 omnis
2654 2109 2834 2176 homo.
2884 2121 2965 2175 Ex
3006 2120 3107 2174 ltoc
3146 2131 3323 2173 autem
3354 2116 3683 2172 demonstrat
3712 2114 3781 2167 ita
3814 2111 3884 2165 fa.

2309 2215 2554 2270 ciendam
2577 2228 2699 2269 esse
2721 2214 3077 2283 negationem,
3107 2221 3162 2264 ut
3182 2224 3298 2266 eam
3320 2209 3435 2278 ipse
3458 2204 3739 2277 disposuit,
3764 2203 3886 2260 dicit

2311 2309 2473 2372 enim,
2500 2306 2613 2358 Non
2642 2308 2782 2359 enim
2812 2303 3096 2358 dicendum
3125 2310 3230 2369 est,
3254 2316 3359 2355 non
3380 2299 3553 2355 omnis
3584 2299 3764 2363 homo,
3791 2295 3885 2353 sed

2310 2396 2682 2471 non_negatio
2724 2396 2791 2450 ad
2843 2396 3000 2450 homo
3047 2394 3289 2449 addenda
3318 2403 3399 2449 est
3425 2433 3441 2458 ,
3476 2394 3564 2462 qui
3591 2400 3670 2447 est
3698 2404 3887 2447 sensus

2314 2487 2618 2557 bujusmodi
2662 2506 2675 2541 :
2726 2489 2945 2556 Quoties
2990 2488 3249 2552 facimus,
3300 2487 3506 2556 inquit,
3553 2486 3888 2555 negationem

2311 2592 2497 2638 contra
2529 2583 2665 2636 hanc
2695 2580 3109 2635 afﬁrtnationetn
3153 2597 3271 2651 quae
3302 2580 3470 2646 dicit,
3504 2580 3683 2634 ‘currit
3717 2578 3890 2632 omnis

2308 2693 2417 2731 non
2452 2677 2609 2731 ltomo
2633 2718 2650 2744 ,
2693 2690 2799 2730 non
2836 2684 2919 2729 est
2954 2676 3194 2745 negatita
3233 2672 3488 2742 particula
3514 2713 3529 2739 ,
3572 2686 3677 2727 non
3705 2672 3890 2739 adjun-

2311 2768 2481 2837 genda
2511 2767 2560 2820 ei
2590 2767 2730 2836 quod
2761 2772 2844 2820 est
2875 2764 3050 2818 omnis
3076 2804 3091 2830 ,
3144 2764 3238 2818 sed
3280 2765 3453 2832 potius
3483 2762 3725 2833 subjecto
3749 2761 3891 2832 quod

2310 2868 2394 2914 est
2424 2860 2604 2913 homo.
2652 2856 2785 2911 Cum
2811 2858 2953 2911 enim
2980 2857 3049 2909 ita
3091 2854 3348 2922 dicimus,
3392 2855 3559 2909 currit
3585 2855 3758 2910 omnis
3785 2868 3892 2911 non

2310 2951 2472 3007 homo
2494 2991 2509 3019 ,
2544 2951 2782 3007 facienda
2829 2961 2911 3005 est
2946 2948 3157 3020 negatio
3184 2989 3200 3015 ,
3241 2964 3346 3004 non
3385 2958 3555 3004 currit
3583 2948 3757 3003 omnis
3786 2962 3891 3003 non

2315 3048 2498 3103 homo.
2526 3047 2643 3103 Non
2667 3048 2811 3103 enim
2832 3046 3119 3100 dicendum
3148 3052 3230 3099 est
3255 3059 3361 3099 non
3386 3046 3554 3099 currit
3583 3059 3687 3098 non
3714 3043 3893 3098 omnia

2308 3141 2509 3205 homo,
2557 3139 2610 3195 id
2637 3149 2718 3195 est
2760 3153 2866 3193 non
2916 3138 3155 3207 negativa
3200 3135 3460 3205 particula
3503 3149 3612 3190 non
3642 3144 3726 3191 est
3757 3133 3893 3204 adji-

2231 3262 2277 3326 υ
2308 3229 2502 3286 εἰθηάει
2519 3231 2583 3283 ad
2605 3230 2801 3296 omnis,
2824 3227 2918 3284 sed
2942 3228 3116 3298 potius
3136 3226 3202 3282 ad
3229 3228 3423 3326 bomo;
3450 3226 3753 3296 bujusmodi
3778 3225 3892 3280 hzec

2314 3336 2476 3377 causa
2511 3330 2593 3376 est
2628 3320 2770 3390 quod
2813 3320 2988 3373 omnis
3025 3316 3399 3373 determinatio
3442 3317 3497 3372 in
3545 3316 3888 3372 terminorum

2315 3429 2538 3470 numero
2562 3428 2667 3467 non
2697 3410 2983 3467 ascribitur
3005 3455 3019 3480 ,
3053 3410 3145 3467 sed
3174 3412 3347 3480 potius
3374 3410 3441 3465 ad
3480 3411 3585 3463 vim
3616 3423 3762 3464 suam
3782 3446 3798 3473 ,
3832 3408 3887 3462 id

2314 3521 2398 3566 est
2433 3509 2501 3565 ad
2533 3506 3031 3563 determinationem
3054 3546 3071 3573 ,
3111 3520 3216 3560 non
3256 3504 3399 3560 enim
3439 3502 3636 3571 aliquid
3674 3502 3891 3555 univer-

2313 3603 2427 3657 sale
2464 3600 2724 3671 signiﬁcat
2767 3599 2940 3667 ipsum
2979 3598 3157 3653 omnis
3180 3637 3196 3662 ,
3240 3597 3334 3651 sed
3372 3593 3634 3664 signiﬁcat
3669 3591 3886 3663 quidem

2313 3691 2644 3756 universale,
2676 3689 2816 3760 quod
2846 3699 2929 3744 est
2958 3688 3117 3743 homo
3157 3686 3543 3742 universaliter.
3583 3684 3769 3740 Omnis
3795 3698 3891 3739 au-

2312 3792 2417 3839 tem
2439 3781 2811 3838 determinatio
2831 3791 2933 3847 est,
2956 3766 3207 3850 quoniam
3230 3779 3282 3834 id
3302 3779 3440 3849 quod
3465 3777 3763 3833 universale
3783 3785 3886 3843 est,

2312 3876 2365 3929 id
2392 3885 2475 3929 est
2492 3875 2653 3928 homo
2673 3873 3046 3928 universaliter
3063 3871 3407 3941 praedicatur;
3425 3884 3530 3925 non
3547 3884 3674 3941 ergo
3692 3867 3891 3936 aliquid

2312 3966 2611 4021 universale
2637 3964 2901 4034 signiﬁcat
2929 3963 3304 4018 determinatio
3333 3964 3545 4027 omnis,
3590 3961 3685 4017 sed
3716 3959 3894 4031 potius

2312 4057 2455 4129 quod
2484 4056 2787 4112 universale
2812 4071 3004 4110 nomen
3030 4054 3403 4110 universaliter
3423 4053 3762 4125 praedicatur.
3796 4052 3893 4106 At-

2313 4166 2418 4223 que
2464 4150 2586 4205 ideo
2632 4150 2840 4219 quoties
2884 4149 2937 4204 in
2978 4148 3061 4203 his
3109 4147 3319 4218 negatio
3349 4148 3444 4215 ﬁt,
3486 4147 3553 4201 ad
3591 4146 3891 4215 subjectum

2315 4246 2492 4315 potius
2513 4258 2709 4298 nomen
2733 4242 2869 4296 trahi
2892 4250 3105 4310 oportet
3128 4242 3467 4311 negationem
3490 4255 3596 4296 non
3620 4240 3686 4293 ad
3711 4238 3890 4292 deter-

2311 4335 2660 4391 minationem
2688 4374 2702 4399 ,
2732 4332 2823 4388 sed
2866 4349 2934 4387 ne
2974 4333 3112 4387 forte
3140 4333 3257 4401 quis
3285 4331 3525 4397 dubitet,
3558 4341 3616 4383 ut
3643 4330 3801 4384 etiam
3834 4329 3889 4383 in

2315 4426 2435 4480 aliis
2463 4439 2672 4494 quoque
2700 4424 2774 4477 ita
2803 4422 2916 4479 ﬁeri
2965 4432 3215 4492 oportere
3252 4420 3613 4493 oppositiones
3639 4418 3802 4474 dicat.
3832 4416 3891 4471 iu

2314 4518 2399 4574 bis
2427 4517 2571 4574 enim
2610 4531 2728 4586 quae
2770 4515 3070 4586 subjectum
3111 4515 3314 4570 ﬁnitum
3353 4513 3580 4575 habent,
3613 4526 3735 4567 cum
3764 4510 3894 4565 dici-

2239 4640 2293 4701 D
2317 4626 2435 4667 mus
2464 4609 2640 4663 omnis
2669 4608 2829 4662 homo
2858 4607 3048 4675 currit,
3083 4607 3129 4662 si
3158 4616 3339 4662 contra
3368 4606 3507 4661 hanc
3532 4602 3893 4660 contradicto-

2315 4704 2414 4760 ris:
2460 4702 2700 4773 opposita
2729 4741 2746 4768 ,
2777 4700 2986 4770 negatio
3028 4699 3240 4768 ponitur
3282 4698 3349 4753 ad
3401 4697 3894 4755 detertninatiouem

2316 4796 2563 4867 negativa
2601 4794 2859 4863 particula
2903 4801 2987 4847 est
3020 4790 3388 4845 consumenda
3410 4830 3426 4856 ,
3475 4801 3532 4843 ut
3564 4798 3750 4845 contra
3778 4802 3894 4842 eam

2317 4903 2435 4958 quae
2464 4887 2621 4949 dicit,
2653 4886 2827 4939 omnis
2858 4884 3017 4937 homo
3046 4882 3237 4946 currit,
3267 4897 3329 4935 ea
3359 4880 3430 4935 sit
3459 4894 3577 4949 quae
3606 4880 3759 4943 dicit,
3788 4893 3895 4933 non

2315 4979 2491 5033 omnis
2517 4978 2674 5032 homo
2698 4974 2887 5031 currit.
2921 4974 2976 5028 In
3006 4975 3085 5029 his
3111 4983 3287 5027 autem
3318 4987 3436 5041 qua:
3464 4986 3526 5027 ex
3556 4970 3766 5026 inﬁnito
3796 4984 3895 5023 no-

2316 5070 2461 5124 mine
2488 5068 2729 5136 subjeCto
2756 5067 2919 5129 ﬁunt,
2951 5067 3063 5120 sive
3093 5067 3145 5118 in
3175 5063 3548 5124 afﬁrmatione.
3582 5062 3696 5116 sive
3723 5062 3777 5117 in
3803 5076 3894 5116 nes

2315 5161 2530 5232 gatione
2552 5175 2584 5213 a
2603 5158 2845 5229 subjecto
2867 5160 3082 5213 nomine
3104 5174 3210 5212 non
3232 5166 3317 5213 est
3336 5156 3636 5226 separanda
3663 5153 3895 5224 negatio.

2316 5254 2430 5309 Hoc
2458 5262 2631 5308 autem
2661 5251 2732 5306 ita
2762 5266 2882 5307 esse
2916 5250 3165 5307 facillima
3193 5253 3397 5306 ratione
3438 5246 3809 5318 cognoscitur,
3840 5243 3892 5301 si

2317 5347 2790 5404 determinationes
2826 5346 3091 5415 paulisper
3126 5343 3455 5409 auferantur,
3495 5352 3550 5398 et
3578 5343 3632 5397 in
3661 5341 3745 5396 his
3775 5353 3898 5409 pro-

2320 5441 2669 5512 positionibus
2711 5454 2779 5494 ex
2821 5436 3026 5495 infinito
3066 5437 3283 5494 nomine
3326 5436 3571 5507 subjecto
3613 5450 3735 5506 quae
3773 5442 3899 5490 sunt

2320 5532 2612 5589 indeﬁnite
2639 5532 2931 5601 speculatio
2963 5530 3073 5587 ﬁat.
3119 5532 3199 5586 Sit
3225 5530 3368 5586 enim
3401 5529 3687 5584 afﬁrmatio
3715 5526 3898 5583 indeﬁ-

2317 5628 2449 5689 nita,
2477 5640 2582 5679 non
2611 5624 2774 5679 homo
2799 5624 2984 5680 currit.
3011 5622 3209 5680 Contra
3239 5624 3375 5679 hanc
3399 5625 3502 5679 erit
3530 5621 3763 5691 negatio,
3790 5634 3898 5674 non

2318 5715 2479 5770 ltonto
2527 5731 2630 5771 non
2669 5718 2854 5772 currit.
2904 5715 2958 5772 Si
3009 5717 3167 5785 igitur
3212 5716 3294 5771 hae
3325 5715 3714 5786 propositiones
3744 5712 3899 5768 facta

2317 5822 2441 5863 sunt
2471 5815 2525 5866 in
2554 5810 2944 5866 nnivcrsalibus
2973 5812 3236 5879 terminis,
3273 5809 3592 5867 universalis
3619 5810 3762 5864 enim
3795 5818 3900 5864 ter-

2319 5902 2495 5959 minus
2524 5912 2637 5967 est,
2670 5902 2861 5981 homo,
2894 5902 3120 5983 sednon
3148 5902 3347 5960 habent
3374 5902 3611 5959 additam
3641 5899 3899 5959 determi-
