  <div class='ocr_page' id='page_1' title='image "/cluster/home/n/w/nwhite01/storage/ocr_20150623/64/hvd.32044073505265/282.png"; bbox 0 0 4270 6266; ppageno 0'>
   <div class='ocr_carea' id='block_1_1' title="bbox 451 288 553 347">
    <p class='ocr_par' dir='ltr' id='par_1_1' title="bbox 451 288 553 347">
     <span class='ocr_line' id='line_1_1' title="bbox 451 288 553 347; baseline -0.029 0"><span class='ocrx_word' id='word_1_1' title='bbox 451 288 553 347; x_wconf 72' lang='lat'><strong>553</strong></span> 
     </span>
    </p>
   </div>
   <div class='ocr_carea' id='block_1_2' title="bbox 1167 290 2990 361">
    <p class='ocr_par' dir='ltr' id='par_1_2' title="bbox 1167 290 2990 361">
     <span class='ocr_line' id='line_1_2' title="bbox 1167 290 2990 361; baseline 0.009 -17"><span class='ocrx_word' id='word_1_2' title='bbox 1167 290 1228 344; x_wconf 71' lang='grc' dir='ltr'><strong>ΙΝ</strong></span> <span class='ocrx_word' id='word_1_3' title='bbox 1276 290 1528 346; x_wconf 77' lang='lat' dir='ltr'><strong>LIBRUM</strong></span> <span class='ocrx_word' id='word_1_4' title='bbox 1574 292 1656 346; x_wconf 83' lang='lat' dir='ltr'><strong>DE</strong></span> <span class='ocrx_word' id='word_1_5' title='bbox 1698 292 2346 353; x_wconf 70' lang='lat' dir='ltr'><strong>lNTEiiPRETATlONE</strong></span> <span class='ocrx_word' id='word_1_6' title='bbox 2388 296 2617 356; x_wconf 80' lang='lat' dir='ltr'><strong>E-DITIO</strong></span> <span class='ocrx_word' id='word_1_7' title='bbox 2656 304 2990 361; x_wconf 80' lang='lat' dir='ltr'><strong>SECUNDA.</strong></span> 
     </span>
    </p>
   </div>
   <div class='ocr_carea' id='block_1_3' title="bbox 3608 312 3716 377">
    <p class='ocr_par' dir='ltr' id='par_1_3' title="bbox 3608 312 3716 377">
     <span class='ocr_line' id='line_1_3' title="bbox 3608 312 3716 377; baseline 0.046 -5"><span class='ocrx_word' id='word_1_8' title='bbox 3608 312 3716 377; x_wconf 68' lang='grc'><strong>554</strong></span> 
     </span>
    </p>
   </div>
   <div class='ocr_carea' id='block_1_4' title="bbox 445 406 3724 503">
    <p class='ocr_par' dir='ltr' id='par_1_4' title="bbox 445 406 3724 503">
     <span class='ocr_line' id='line_1_4' title="bbox 445 406 3724 503; baseline 0.01 -43"><span class='ocrx_word' id='word_1_9' title='bbox 445 407 743 472; x_wconf 88' lang='lat' dir='ltr'><strong>nationem,</strong></span> <span class='ocrx_word' id='word_1_10' title='bbox 775 408 1026 476; x_wconf 85' lang='lat' dir='ltr'><strong>quoniam</strong></span> <span class='ocrx_word' id='word_1_11' title='bbox 1059 406 1433 480; x_wconf 87' lang='lat' dir='ltr'><strong>universaliter</strong></span> <span class='ocrx_word' id='word_1_12' title='bbox 1463 409 1841 480; x_wconf 74' lang='lat' dir='ltr'><strong>prmdicantur,</strong></span> <span class='ocrx_word' id='word_1_13' title='bbox 1874 412 1925 467; x_wconf 87' lang='lat' dir='ltr'><strong>id</strong></span> <span class='ocrx_word' id='word_1_14' title='bbox 1950 423 2034 470; x_wconf 91' lang='lat' dir='ltr'><strong>est</strong></span> <span class='ocrx_word' id='word_1_15' title='bbox 2059 421 2111 480; x_wconf 77' lang='grc' dir='ltr'>Α</span> <span class='ocrx_word' id='word_1_16' title='bbox 2136 426 2226 470; x_wconf 90' lang='lat' dir='ltr'><strong>aut</strong></span> <span class='ocrx_word' id='word_1_17' title='bbox 2253 415 2395 471; x_wconf 90' lang='lat' dir='ltr'><strong>enim</strong></span> <span class='ocrx_word' id='word_1_18' title='bbox 2428 416 2717 475; x_wconf 67' lang='lat' dir='ltr'><strong>indeﬁnitm</strong></span> <span class='ocrx_word' id='word_1_19' title='bbox 2743 433 2899 490; x_wconf 87' lang='lat' dir='ltr'><strong>sunt,</strong></span> <span class='ocrx_word' id='word_1_20' title='bbox 2931 437 3021 480; x_wconf 87' lang='lat' dir='ltr'><strong>aut</strong></span> <span class='ocrx_word' id='word_1_21' title='bbox 3048 426 3402 495; x_wconf 85' lang='lat' dir='ltr'><strong>universales,</strong></span> <span class='ocrx_word' id='word_1_22' title='bbox 3434 441 3526 487; x_wconf 88' lang='lat' dir='ltr'><strong>aut</strong></span> <span class='ocrx_word' id='word_1_23' title='bbox 3553 440 3724 503; x_wconf 84' lang='lat' dir='ltr'><strong>parti-</strong></span> 
     </span>
    </p>
   </div>
   <div class='ocr_carea' id='block_1_5' title="bbox 443 498 2029 574">
    <p class='ocr_par' dir='ltr' id='par_1_5' title="bbox 443 498 2029 574">
     <span class='ocr_line' id='line_1_5' title="bbox 443 498 2029 574; baseline 0.007 -22"><span class='ocrx_word' id='word_1_24' title='bbox 443 498 621 552; x_wconf 88' lang='lat' dir='ltr'><strong>omnis</strong></span> <span class='ocrx_word' id='word_1_25' title='bbox 642 538 658 563; x_wconf 90' lang='lat'><strong>,</strong></span> <span class='ocrx_word' id='word_1_26' title='bbox 690 505 746 554; x_wconf 89' lang='lat' dir='ltr'><strong>et</strong></span> <span class='ocrx_word' id='word_1_27' title='bbox 770 507 978 555; x_wconf 74' lang='lat' dir='ltr'><strong>servata</strong></span> <span class='ocrx_word' id='word_1_28' title='bbox 1005 509 1087 557; x_wconf 89' lang='lat' dir='ltr'><strong>est</strong></span> <span class='ocrx_word' id='word_1_29' title='bbox 1122 508 1178 557; x_wconf 90' lang='lat' dir='ltr'><strong>et</strong></span> <span class='ocrx_word' id='word_1_30' title='bbox 1206 500 1261 556; x_wconf 93' lang='lat' dir='ltr'><strong>in</strong></span> <span class='ocrx_word' id='word_1_31' title='bbox 1287 501 1642 558; x_wconf 88' lang='lat' dir='ltr'><strong>afﬁrmatione</strong></span> <span class='ocrx_word' id='word_1_32' title='bbox 1667 512 1721 559; x_wconf 90' lang='lat' dir='ltr'><strong>et</strong></span> <span class='ocrx_word' id='word_1_33' title='bbox 1750 506 2029 574; x_wconf 89' lang='lat' dir='ltr'><strong>negatione</strong></span> 
     </span>
    </p>
   </div>
   <div class='ocr_carea' id='block_1_6' title="bbox 446 587 2031 670">
    <p class='ocr_par' dir='ltr' id='par_1_6' title="bbox 446 587 2031 670">
     <span class='ocr_line' id='line_1_6' title="bbox 446 587 2031 670; baseline 0.008 -28"><span class='ocrx_word' id='word_1_34' title='bbox 446 587 509 643; x_wconf 92' lang='lat' dir='ltr'><strong>ad</strong></span> <span class='ocrx_word' id='word_1_35' title='bbox 539 589 840 659; x_wconf 90' lang='lat' dir='ltr'><strong>subjectum</strong></span> <span class='ocrx_word' id='word_1_36' title='bbox 868 592 1115 663; x_wconf 86' lang='lat' dir='ltr'><strong>negativa</strong></span> <span class='ocrx_word' id='word_1_37' title='bbox 1141 594 1418 670; x_wconf 85' lang='lat' dir='ltr'><strong>particula.</strong></span> <span class='ocrx_word' id='word_1_38' title='bbox 1452 594 1678 666; x_wconf 87' lang='lat' dir='ltr'><strong>Semper</strong></span> <span class='ocrx_word' id='word_1_39' title='bbox 1701 598 1843 653; x_wconf 90' lang='lat' dir='ltr'><strong>enim</strong></span> <span class='ocrx_word' id='word_1_40' title='bbox 1869 597 2031 655; x_wconf 87' lang='lat' dir='ltr'><strong>ﬁebat</strong></span> 
     </span>
    </p>
   </div>
   <div class='ocr_carea' id='block_1_7' title="bbox 448 683 2028 763">
    <p class='ocr_par' dir='ltr' id='par_1_7' title="bbox 448 683 2028 763">
     <span class='ocr_line' id='line_1_7' title="bbox 448 683 2028 763; baseline 0.008 -28"><span class='ocrx_word' id='word_1_41' title='bbox 448 697 645 736; x_wconf 88' lang='lat' dir='ltr'><strong>nomen</strong></span> <span class='ocrx_word' id='word_1_42' title='bbox 674 683 961 751; x_wconf 89' lang='lat' dir='ltr'><strong>inﬁnitum,</strong></span> <span class='ocrx_word' id='word_1_43' title='bbox 997 685 1160 742; x_wconf 85' lang='lat' dir='ltr'><strong>etiam</strong></span> <span class='ocrx_word' id='word_1_44' title='bbox 1190 696 1315 742; x_wconf 91' lang='lat' dir='ltr'><strong>tunc</strong></span> <span class='ocrx_word' id='word_1_45' title='bbox 1342 688 1557 758; x_wconf 86' lang='lat' dir='ltr'><strong>quando</strong></span> <span class='ocrx_word' id='word_1_46' title='bbox 1585 688 1799 746; x_wconf 83' lang='lat' dir='ltr'><strong>additur</strong></span> <span class='ocrx_word' id='word_1_47' title='bbox 1830 691 2028 763; x_wconf 90' lang='lat' dir='ltr'><strong>aliquid</strong></span> 
     </span>
    </p>
   </div>
   <div class='ocr_carea' id='block_1_8' title="bbox 445 775 2075 855">
    <p class='ocr_par' dir='ltr' id='par_1_8' title="bbox 445 775 2075 855">
     <span class='ocr_line' id='line_1_8' title="bbox 445 775 2075 855; baseline 0.008 -29"><span class='ocrx_word' id='word_1_48' title='bbox 445 775 584 843; x_wconf 84' lang='lat' dir='ltr'><strong>quod</strong></span> <span class='ocrx_word' id='word_1_49' title='bbox 622 776 970 840; x_wconf 86' lang='lat' dir='ltr'><strong>determinet,</strong></span> <span class='ocrx_word' id='word_1_50' title='bbox 1012 792 1117 832; x_wconf 89' lang='lat' dir='ltr'><strong>non</strong></span> <span class='ocrx_word' id='word_1_51' title='bbox 1147 777 1215 834; x_wconf 88' lang='lat' dir='ltr'><strong>ad</strong></span> <span class='ocrx_word' id='word_1_52' title='bbox 1245 778 1749 839; x_wconf 88' lang='lat' dir='ltr'><strong>determinationem</strong></span> <span class='ocrx_word' id='word_1_53' title='bbox 1781 783 2025 840; x_wconf 88' lang='lat' dir='ltr'><strong>addenda</strong></span> <span class='ocrx_word' id='word_1_54' title='bbox 2072 854 2075 855; x_wconf 17' lang='grc' dir='ltr'><em>ν</em></span> 
     </span>
    </p>
   </div>
   <div class='ocr_carea' id='block_1_9' title="bbox 442 866 2026 956">
    <p class='ocr_par' dir='ltr' id='par_1_9' title="bbox 442 866 2026 956">
     <span class='ocr_line' id='line_1_9' title="bbox 442 866 2026 956; baseline 0.009 -38"><span class='ocrx_word' id='word_1_55' title='bbox 442 872 524 919; x_wconf 86' lang='grc' dir='ltr'><strong>εει</strong></span> <span class='ocrx_word' id='word_1_56' title='bbox 559 866 799 935; x_wconf 88' lang='lat' dir='ltr'><strong>negatio,</strong></span> <span class='ocrx_word' id='word_1_57' title='bbox 838 867 930 922; x_wconf 90' lang='lat' dir='ltr'><strong>sed</strong></span> <span class='ocrx_word' id='word_1_58' title='bbox 970 869 1144 936; x_wconf 91' lang='lat' dir='ltr'><strong>potius</strong></span> <span class='ocrx_word' id='word_1_59' title='bbox 1171 868 1238 924; x_wconf 90' lang='lat' dir='ltr'><strong>ad</strong></span> <span class='ocrx_word' id='word_1_60' title='bbox 1280 870 1580 956; x_wconf 69' lang='lat' dir='ltr'><strong>subjectum</strong></span> <span class='ocrx_word' id='word_1_61' title='bbox 1628 889 1844 941; x_wconf 90' lang='lat' dir='ltr'><strong>nomen,</strong></span> <span class='ocrx_word' id='word_1_62' title='bbox 1884 876 2026 947; x_wconf 88' lang='lat' dir='ltr'><strong>quod</strong></span> 
     </span>
    </p>
   </div>
   <div class='ocr_carea' id='block_1_10' title="bbox 440 958 2027 1023">
    <p class='ocr_par' dir='ltr' id='par_1_10' title="bbox 440 958 2027 1023">
     <span class='ocr_line' id='line_1_10' title="bbox 440 958 2027 1023; baseline 0.008 -13"><span class='ocrx_word' id='word_1_63' title='bbox 440 972 561 1013; x_wconf 91' lang='lat' dir='ltr'><strong>cum</strong></span> <span class='ocrx_word' id='word_1_64' title='bbox 592 958 642 1013; x_wconf 91' lang='lat' dir='ltr'><strong>in</strong></span> <span class='ocrx_word' id='word_1_65' title='bbox 673 958 1030 1016; x_wconf 89' lang='lat' dir='ltr'><strong>afﬁrmatione</strong></span> <span class='ocrx_word' id='word_1_66' title='bbox 1067 959 1226 1017; x_wconf 84' lang='lat' dir='ltr'><strong>fuerit</strong></span> <span class='ocrx_word' id='word_1_67' title='bbox 1262 962 1547 1019; x_wconf 88' lang='lat' dir='ltr'><strong>inﬁnitum.</strong></span> <span class='ocrx_word' id='word_1_68' title='bbox 1596 966 1707 1022; x_wconf 88' lang='lat' dir='ltr'><strong>Hoc</strong></span> <span class='ocrx_word' id='word_1_69' title='bbox 1737 967 1876 1023; x_wconf 90' lang='lat' dir='ltr'><strong>idem</strong></span> <span class='ocrx_word' id='word_1_70' title='bbox 1906 967 2027 1023; x_wconf 90' lang='lat' dir='ltr'><strong>inﬁ-</strong></span> 
     </span>
    </p>
   </div>
   <div class='ocr_carea' id='block_1_11' title="bbox 438 1046 2024 1128">
    <p class='ocr_par' dir='ltr' id='par_1_11' title="bbox 438 1046 2024 1128">
     <span class='ocr_line' id='line_1_11' title="bbox 438 1046 2024 1128; baseline 0.008 -23"><span class='ocrx_word' id='word_1_71' title='bbox 438 1052 605 1106; x_wconf 88' lang='lat' dir='ltr'><strong>nitum</strong></span> <span class='ocrx_word' id='word_1_72' title='bbox 630 1095 643 1120; x_wconf 92' lang='lat'><strong>,</strong></span> <span class='ocrx_word' id='word_1_73' title='bbox 677 1061 734 1106; x_wconf 93' lang='lat' dir='ltr'><strong>ut</strong></span> <span class='ocrx_word' id='word_1_74' title='bbox 772 1053 825 1107; x_wconf 90' lang='lat' dir='ltr'><strong>in</strong></span> <span class='ocrx_word' id='word_1_75' title='bbox 856 1054 1138 1125; x_wconf 73' lang='lat' dir='ltr'><strong>negatione</strong></span> <span class='ocrx_word' id='word_1_76' title='bbox 1164 1046 1468 1112; x_wconf 64' lang='lat' dir='ltr'><strong>revertatur</strong></span> <span class='ocrx_word' id='word_1_77' title='bbox 1497 1059 1881 1127; x_wconf 87' lang='lat' dir='ltr'><strong>providendum</strong></span> <span class='ocrx_word' id='word_1_78' title='bbox 1913 1071 2024 1128; x_wconf 91' lang='lat' dir='ltr'><strong>est;</strong></span> 
     </span>
    </p>
   </div>
   <div class='ocr_carea' id='block_1_12' title="bbox 437 1143 2027 1219">
    <p class='ocr_par' dir='ltr' id='par_1_12' title="bbox 437 1143 2027 1219">
     <span class='ocr_line' id='line_1_12' title="bbox 437 1143 2027 1219; baseline 0.006 -20"><span class='ocrx_word' id='word_1_79' title='bbox 437 1143 573 1199; x_wconf 83' lang='lat' dir='ltr'><strong>sicut</strong></span> <span class='ocrx_word' id='word_1_80' title='bbox 599 1145 742 1200; x_wconf 90' lang='lat' dir='ltr'><strong>enim</strong></span> <span class='ocrx_word' id='word_1_81' title='bbox 770 1145 975 1201; x_wconf 87' lang='lat' dir='ltr'><strong>ﬁnitum</strong></span> <span class='ocrx_word' id='word_1_82' title='bbox 1014 1147 1298 1203; x_wconf 87' lang='lat' dir='ltr'><strong>terminum</strong></span> <span class='ocrx_word' id='word_1_83' title='bbox 1328 1158 1382 1204; x_wconf 93' lang='lat' dir='ltr'><strong>et</strong></span> <span class='ocrx_word' id='word_1_84' title='bbox 1409 1150 1707 1219; x_wconf 89' lang='lat' dir='ltr'><strong>simplicem</strong></span> <span class='ocrx_word' id='word_1_85' title='bbox 1749 1154 1801 1207; x_wconf 93' lang='lat' dir='ltr'><strong>in</strong></span> <span class='ocrx_word' id='word_1_86' title='bbox 1834 1152 1916 1208; x_wconf 88' lang='lat' dir='ltr'><strong>bis</strong></span> <span class='ocrx_word' id='word_1_87' title='bbox 1946 1153 2027 1209; x_wconf 91' lang='lat' dir='ltr'><strong>in-</strong></span> 
     </span>
    </p>
   </div>
   <div class='ocr_carea' id='block_1_13' title="bbox 436 1235 2023 1316">
    <p class='ocr_par' dir='ltr' id='par_1_13' title="bbox 436 1235 2023 1316">
     <span class='ocr_line' id='line_1_13' title="bbox 436 1235 2023 1316; baseline 0.008 -27"><span class='ocrx_word' id='word_1_88' title='bbox 436 1235 670 1292; x_wconf 88' lang='lat' dir='ltr'><strong>deﬁnitis</strong></span> <span class='ocrx_word' id='word_1_89' title='bbox 712 1238 1173 1306; x_wconf 84' lang='lat' dir='ltr'><strong>prepositionibus</strong></span> <span class='ocrx_word' id='word_1_90' title='bbox 1209 1241 1274 1293; x_wconf 89' lang='lat' dir='ltr'><strong>ad</strong></span> <span class='ocrx_word' id='word_1_91' title='bbox 1310 1242 1722 1298; x_wconf 85' lang='lat' dir='ltr'><strong>aflirmationem</strong></span> <span class='ocrx_word' id='word_1_92' title='bbox 1766 1253 1818 1300; x_wconf 90' lang='lat' dir='ltr'><strong>et</strong></span> <span class='ocrx_word' id='word_1_93' title='bbox 1858 1260 2023 1316; x_wconf 84' lang='lat' dir='ltr'><strong>nega-</strong></span> 
     </span>
    </p>
   </div>
   <div class='ocr_carea' id='block_1_14' title="bbox 435 1329 2021 1407">
    <p class='ocr_par' dir='ltr' id='par_1_14' title="bbox 435 1329 2021 1407">
     <span class='ocr_line' id='line_1_14' title="bbox 435 1329 2021 1407; baseline 0.01 -27"><span class='ocrx_word' id='word_1_94' title='bbox 435 1329 636 1384; x_wconf 87' lang='lat' dir='ltr'><strong>tionem</strong></span> <span class='ocrx_word' id='word_1_95' title='bbox 664 1330 921 1386; x_wconf 89' lang='lat' dir='ltr'><strong>custodiri</strong></span> <span class='ocrx_word' id='word_1_96' title='bbox 954 1341 1203 1401; x_wconf 86' lang='lat' dir='ltr'><strong>oportet,</strong></span> <span class='ocrx_word' id='word_1_97' title='bbox 1237 1342 1295 1388; x_wconf 91' lang='lat' dir='ltr'><strong>ut</strong></span> <span class='ocrx_word' id='word_1_98' title='bbox 1339 1335 1580 1389; x_wconf 83' lang='lat' dir='ltr'><strong>dicamus</strong></span> <span class='ocrx_word' id='word_1_99' title='bbox 1627 1337 1795 1393; x_wconf 90' lang='lat' dir='ltr'><strong>currit</strong></span> <span class='ocrx_word' id='word_1_100' title='bbox 1839 1339 2021 1407; x_wconf 87' lang='lat' dir='ltr'><strong>homo,</strong></span> 
     </span>
    </p>
   </div>
   <div class='ocr_carea' id='block_1_15' title="bbox 436 1422 2025 1501">
    <p class='ocr_par' dir='ltr' id='par_1_15' title="bbox 436 1422 2025 1501">
     <span class='ocr_line' id='line_1_15' title="bbox 436 1422 2025 1501; baseline 0.007 -26"><span class='ocrx_word' id='word_1_101' title='bbox 436 1437 543 1477; x_wconf 92' lang='lat' dir='ltr'><strong>non</strong></span> <span class='ocrx_word' id='word_1_102' title='bbox 574 1422 744 1478; x_wconf 90' lang='lat' dir='ltr'><strong>currit</strong></span> <span class='ocrx_word' id='word_1_103' title='bbox 773 1422 954 1478; x_wconf 81' lang='lat' dir='ltr'><strong>homo.</strong></span> <span class='ocrx_word' id='word_1_104' title='bbox 1000 1423 1075 1479; x_wconf 85' lang='lat' dir='ltr'><strong>Ita</strong></span> <span class='ocrx_word' id='word_1_105' title='bbox 1099 1441 1313 1495; x_wconf 86' lang='lat' dir='ltr'><strong>quoque</strong></span> <span class='ocrx_word' id='word_1_106' title='bbox 1346 1427 1399 1481; x_wconf 93' lang='lat' dir='ltr'><strong>in</strong></span> <span class='ocrx_word' id='word_1_107' title='bbox 1429 1443 1490 1482; x_wconf 89' lang='lat' dir='ltr'><strong>ea</strong></span> <span class='ocrx_word' id='word_1_108' title='bbox 1517 1430 1881 1499; x_wconf 89' lang='lat' dir='ltr'><strong>propositione</strong></span> <span class='ocrx_word' id='word_1_109' title='bbox 1908 1446 2025 1501; x_wconf 69' lang='lat' dir='ltr'><strong>quae</strong></span> 
     </span>
    </p>
   </div>
   <div class='ocr_carea' id='block_1_16' title="bbox 438 1516 2020 1594">
    <p class='ocr_par' dir='ltr' id='par_1_16' title="bbox 438 1516 2020 1594">
     <span class='ocr_line' id='line_1_16' title="bbox 438 1516 2020 1594; baseline 0.005 -25"><span class='ocrx_word' id='word_1_110' title='bbox 438 1522 522 1579; x_wconf 87' lang='lat' dir='ltr'><strong>est</strong></span> <span class='ocrx_word' id='word_1_111' title='bbox 547 1530 613 1569; x_wconf 80' lang='lat' dir='ltr'><strong>ex</strong></span> <span class='ocrx_word' id='word_1_112' title='bbox 638 1516 850 1571; x_wconf 88' lang='lat' dir='ltr'><strong>inﬁnito</strong></span> <span class='ocrx_word' id='word_1_113' title='bbox 875 1519 1088 1573; x_wconf 90' lang='lat' dir='ltr'><strong>nomine</strong></span> <span class='ocrx_word' id='word_1_114' title='bbox 1113 1519 1376 1588; x_wconf 89' lang='lat' dir='ltr'><strong>subjecto,</strong></span> <span class='ocrx_word' id='word_1_115' title='bbox 1406 1521 1545 1575; x_wconf 91' lang='lat' dir='ltr'><strong>idem</strong></span> <span class='ocrx_word' id='word_1_116' title='bbox 1573 1523 1891 1579; x_wconf 86' lang='lat' dir='ltr'><strong>servandum</strong></span> <span class='ocrx_word' id='word_1_117' title='bbox 1917 1536 2020 1594; x_wconf 86' lang='lat' dir='ltr'><strong>est,</strong></span> 
     </span>
    </p>
   </div>
   <div class='ocr_carea' id='block_1_17' title="bbox 438 1607 2026 1681">
    <p class='ocr_par' dir='ltr' id='par_1_17' title="bbox 438 1607 2026 1681">
     <span class='ocr_line' id='line_1_17' title="bbox 438 1607 2026 1681; baseline 0.008 -22"><span class='ocrx_word' id='word_1_118' title='bbox 438 1616 497 1660; x_wconf 91' lang='lat' dir='ltr'><strong>ut</strong></span> <span class='ocrx_word' id='word_1_119' title='bbox 525 1607 665 1677; x_wconf 86' lang='lat' dir='ltr'><strong>quod</strong></span> <span class='ocrx_word' id='word_1_120' title='bbox 691 1608 741 1661; x_wconf 93' lang='lat' dir='ltr'><strong>in</strong></span> <span class='ocrx_word' id='word_1_121' title='bbox 782 1608 1137 1664; x_wconf 90' lang='lat' dir='ltr'><strong>alﬁrmatione</strong></span> <span class='ocrx_word' id='word_1_122' title='bbox 1172 1611 1469 1681; x_wconf 87' lang='lat' dir='ltr'><strong>subjectum</strong></span> <span class='ocrx_word' id='word_1_123' title='bbox 1499 1624 1579 1669; x_wconf 89' lang='lat' dir='ltr'><strong>est</strong></span> <span class='ocrx_word' id='word_1_124' title='bbox 1618 1614 1754 1670; x_wconf 89' lang='lat' dir='ltr'><strong>idem</strong></span> <span class='ocrx_word' id='word_1_125' title='bbox 1783 1625 2026 1672; x_wconf 77' lang='lat' dir='ltr'><strong>servetur</strong></span> 
     </span>
    </p>
   </div>
   <div class='ocr_carea' id='block_1_18' title="bbox 435 1697 2023 1776">
    <p class='ocr_par' dir='ltr' id='par_1_18' title="bbox 435 1697 2023 1776">
     <span class='ocr_line' id='line_1_18' title="bbox 435 1697 2023 1776; baseline 0.008 -24"><span class='ocrx_word' id='word_1_126' title='bbox 435 1698 592 1752; x_wconf 69' lang='lat' dir='ltr'><strong>etiam</strong></span> <span class='ocrx_word' id='word_1_127' title='bbox 618 1697 671 1751; x_wconf 89' lang='lat' dir='ltr'><strong>in</strong></span> <span class='ocrx_word' id='word_1_128' title='bbox 701 1700 1017 1769; x_wconf 78' lang='lat' dir='ltr'><strong>negatione;</strong></span> <span class='ocrx_word' id='word_1_129' title='bbox 1051 1701 1191 1771; x_wconf 90' lang='lat' dir='ltr'><strong>quod</strong></span> <span class='ocrx_word' id='word_1_130' title='bbox 1220 1703 1263 1756; x_wconf 89' lang='lat' dir='ltr'><strong>si</strong></span> <span class='ocrx_word' id='word_1_131' title='bbox 1295 1702 1474 1758; x_wconf 88' lang='lat' dir='ltr'><strong>hocin</strong></span> <span class='ocrx_word' id='word_1_132' title='bbox 1499 1705 1562 1759; x_wconf 90' lang='lat' dir='ltr'><strong>iis</strong></span> <span class='ocrx_word' id='word_1_133' title='bbox 1587 1722 1704 1776; x_wconf 65' lang='lat' dir='ltr'><strong>quae</strong></span> <span class='ocrx_word' id='word_1_134' title='bbox 1726 1715 1847 1763; x_wconf 90' lang='lat' dir='ltr'><strong>sunt</strong></span> <span class='ocrx_word' id='word_1_135' title='bbox 1872 1708 2023 1764; x_wconf 88' lang='lat' dir='ltr'><strong>inde-</strong></span> 
     </span>
    </p>
   </div>
   <div class='ocr_carea' id='block_1_19' title="bbox 2132 507 3723 596">
    <p class='ocr_par' dir='ltr' id='par_1_19' title="bbox 2132 507 3723 596">
     <span class='ocr_line' id='line_1_19' title="bbox 2132 507 3723 596; baseline 0.008 -32"><span class='ocrx_word' id='word_1_136' title='bbox 2132 507 2367 575; x_wconf 90' lang='lat' dir='ltr'><strong>culares,</strong></span> <span class='ocrx_word' id='word_1_137' title='bbox 2391 518 2483 564; x_wconf 87' lang='lat' dir='ltr'><strong>aut</strong></span> <span class='ocrx_word' id='word_1_138' title='bbox 2505 511 2854 580; x_wconf 83' lang='lat' dir='ltr'><strong>singularium</strong></span> <span class='ocrx_word' id='word_1_139' title='bbox 2880 525 3039 587; x_wconf 90' lang='lat' dir='ltr'><strong>atque</strong></span> <span class='ocrx_word' id='word_1_140' title='bbox 3062 518 3481 576; x_wconf 84' lang='lat' dir='ltr'><strong>individuorum.</strong></span> <span class='ocrx_word' id='word_1_141' title='bbox 3512 523 3566 579; x_wconf 89' lang='lat' dir='ltr'><strong>Si</strong></span> <span class='ocrx_word' id='word_1_142' title='bbox 3593 542 3723 596; x_wconf 79' lang='lat' dir='ltr'><strong>ergn</strong></span> 
     </span>
    </p>
   </div>
   <div class='ocr_carea' id='block_1_20' title="bbox 2132 598 3723 682">
    <p class='ocr_par' dir='ltr' id='par_1_20' title="bbox 2132 598 3723 682">
     <span class='ocr_line' id='line_1_20' title="bbox 2132 598 3723 682; baseline 0.013 -30"><span class='ocrx_word' id='word_1_143' title='bbox 2132 598 2494 667; x_wconf 83' lang='lat' dir='ltr'><strong>perspiciatur</strong></span> <span class='ocrx_word' id='word_1_144' title='bbox 2532 611 2746 671; x_wconf 62' lang='lat' dir='ltr'><strong>quantae</strong></span> <span class='ocrx_word' id='word_1_145' title='bbox 2787 605 2893 660; x_wconf 88' lang='lat' dir='ltr'><strong>sint</strong></span> <span class='ocrx_word' id='word_1_146' title='bbox 2920 606 3209 665; x_wconf 83' lang='lat' dir='ltr'><strong>indeﬁnitae</strong></span> <span class='ocrx_word' id='word_1_147' title='bbox 3236 612 3639 682; x_wconf 88' lang='lat' dir='ltr'><strong>afﬁrmationcs,</strong></span> <span class='ocrx_word' id='word_1_148' title='bbox 3668 628 3723 675; x_wconf 85' lang='lat' dir='ltr'><strong>et</strong></span> 
     </span>
    </p>
   </div>
   <div class='ocr_carea' id='block_1_21' title="bbox 2134 691 3719 778">
    <p class='ocr_par' dir='ltr' id='par_1_21' title="bbox 2134 691 3719 778">
     <span class='ocr_line' id='line_1_21' title="bbox 2134 691 3719 778; baseline 0.014 -34"><span class='ocrx_word' id='word_1_149' title='bbox 2134 691 2229 745; x_wconf 85' lang='lat' dir='ltr'><strong>has</strong></span> <span class='ocrx_word' id='word_1_150' title='bbox 2272 692 2318 747; x_wconf 91' lang='lat' dir='ltr'><strong>si</strong></span> <span class='ocrx_word' id='word_1_151' title='bbox 2366 708 2462 763; x_wconf 89' lang='lat' dir='ltr'><strong>per</strong></span> <span class='ocrx_word' id='word_1_152' title='bbox 2503 696 2906 764; x_wconf 90' lang='lat' dir='ltr'><strong>quaternarium</strong></span> <span class='ocrx_word' id='word_1_153' title='bbox 2956 715 3235 758; x_wconf 88' lang='lat' dir='ltr'><strong>numerum</strong></span> <span class='ocrx_word' id='word_1_154' title='bbox 3275 706 3719 778; x_wconf 87' lang='lat' dir='ltr'><strong>multiplicavero,</strong></span> 
     </span>
    </p>
   </div>
   <div class='ocr_carea' id='block_1_22' title="bbox 2132 784 3723 868">
    <p class='ocr_par' dir='ltr' id='par_1_22' title="bbox 2132 784 3723 868">
     <span class='ocr_line' id='line_1_22' title="bbox 2132 784 3723 868; baseline 0.011 -30"><span class='ocrx_word' id='word_1_155' title='bbox 2132 784 2401 854; x_wconf 77' lang='lat' dir='ltr'><strong>colligitur</strong></span> <span class='ocrx_word' id='word_1_156' title='bbox 2427 785 2560 842; x_wconf 90' lang='lat' dir='ltr'><strong>mihi</strong></span> <span class='ocrx_word' id='word_1_157' title='bbox 2589 803 2843 844; x_wconf 88' lang='lat' dir='ltr'><strong>numerus</strong></span> <span class='ocrx_word' id='word_1_158' title='bbox 2872 789 3284 849; x_wconf 83' lang='lat' dir='ltr'><strong>afﬁrmationum</strong></span> <span class='ocrx_word' id='word_1_159' title='bbox 3308 812 3321 861; x_wconf 89' lang='lat'><strong>;</strong></span> <span class='ocrx_word' id='word_1_160' title='bbox 3365 814 3531 868; x_wconf 83' lang='lat' dir='ltr'><strong>quem</strong></span> <span class='ocrx_word' id='word_1_161' title='bbox 3553 802 3596 855; x_wconf 85' lang='lat' dir='ltr'><strong>si</strong></span> <span class='ocrx_word' id='word_1_162' title='bbox 3624 801 3723 856; x_wconf 73' lang='lat' dir='ltr'><strong>du~</strong></span> 
     </span>
    </p>
   </div>
   <div class='ocr_carea' id='block_1_23' title="bbox 2130 875 3723 964">
    <p class='ocr_par' dir='ltr' id='par_1_23' title="bbox 2130 875 3723 964">
     <span class='ocr_line' id='line_1_23' title="bbox 2130 875 3723 964; baseline 0.013 -34"><span class='ocrx_word' id='word_1_163' title='bbox 2130 875 2296 945; x_wconf 90' lang='lat' dir='ltr'><strong>plico,</strong></span> <span class='ocrx_word' id='word_1_164' title='bbox 2326 877 2591 949; x_wconf 78' lang='lat' dir='ltr'><strong>colligitur</strong></span> <span class='ocrx_word' id='word_1_165' title='bbox 2618 881 3132 951; x_wconf 87' lang='lat' dir='ltr'><strong>etiamnegationum</strong></span> <span class='ocrx_word' id='word_1_166' title='bbox 3167 885 3266 941; x_wconf 92' lang='lat' dir='ltr'><strong>hoc</strong></span> <span class='ocrx_word' id='word_1_167' title='bbox 3293 892 3453 945; x_wconf 91' lang='lat' dir='ltr'><strong>modo</strong></span> <span class='ocrx_word' id='word_1_168' title='bbox 3480 909 3491 944; x_wconf 89' lang='lat'><strong>:</strong></span> <span class='ocrx_word' id='word_1_169' title='bbox 3526 893 3723 964; x_wconf 67' lang='lat' dir='ltr'><strong>praedi-</strong></span> 
     </span>
    </p>
   </div>
   <div class='ocr_carea' id='block_1_24' title="bbox 2131 972 3718 1047">
    <p class='ocr_par' dir='ltr' id='par_1_24' title="bbox 2131 972 3718 1047">
     <span class='ocr_line' id='line_1_24' title="bbox 2131 972 3718 1047; baseline 0.013 -23"><span class='ocrx_word' id='word_1_170' title='bbox 2131 981 2285 1026; x_wconf 83' lang='lat' dir='ltr'><strong>catur</strong></span> <span class='ocrx_word' id='word_1_171' title='bbox 2331 972 2473 1027; x_wconf 90' lang='lat' dir='ltr'><strong>enim</strong></span> <span class='ocrx_word' id='word_1_172' title='bbox 2522 981 2605 1030; x_wconf 86' lang='lat' dir='ltr'><strong>est</strong></span> <span class='ocrx_word' id='word_1_173' title='bbox 2642 986 2733 1029; x_wconf 90' lang='lat' dir='ltr'><strong>aut</strong></span> <span class='ocrx_word' id='word_1_174' title='bbox 2764 975 2935 1045; x_wconf 92' lang='lat' dir='ltr'><strong>ipsum</strong></span> <span class='ocrx_word' id='word_1_175' title='bbox 2966 977 3136 1033; x_wconf 89' lang='lat' dir='ltr'><strong>solum</strong></span> <span class='ocrx_word' id='word_1_176' title='bbox 3164 1021 3177 1047; x_wconf 92' lang='lat'><strong>,</strong></span> <span class='ocrx_word' id='word_1_177' title='bbox 3211 990 3301 1034; x_wconf 82' lang='lat' dir='ltr'><strong>aut</strong></span> <span class='ocrx_word' id='word_1_178' title='bbox 3331 994 3474 1041; x_wconf 91' lang='lat' dir='ltr'><strong>certe</strong></span> <span class='ocrx_word' id='word_1_179' title='bbox 3502 990 3718 1043; x_wconf 88' lang='lat' dir='ltr'><strong>tertium</strong></span> 
     </span>
    </p>
   </div>
   <div class='ocr_carea' id='block_1_25' title="bbox 2126 1064 3720 1145">
    <p class='ocr_par' dir='ltr' id='par_1_25' title="bbox 2126 1064 3720 1145">
     <span class='ocr_line' id='line_1_25' title="bbox 2126 1064 3720 1145; baseline 0.013 -26"><span class='ocrx_word' id='word_1_180' title='bbox 2126 1064 2378 1136; x_wconf 86' lang='lat' dir='ltr'><strong>adjacens</strong></span> <span class='ocrx_word' id='word_1_181' title='bbox 2417 1081 2537 1122; x_wconf 89' lang='lat' dir='ltr'><strong>cum</strong></span> <span class='ocrx_word' id='word_1_182' title='bbox 2583 1067 2725 1133; x_wconf 86' lang='lat' dir='ltr'><strong>alio;</strong></span> <span class='ocrx_word' id='word_1_183' title='bbox 2760 1078 2814 1125; x_wconf 91' lang='lat' dir='ltr'><strong>et</strong></span> <span class='ocrx_word' id='word_1_184' title='bbox 2859 1071 2902 1126; x_wconf 88' lang='lat' dir='ltr'><strong>si</strong></span> <span class='ocrx_word' id='word_1_185' title='bbox 2936 1070 3107 1127; x_wconf 89' lang='lat' dir='ltr'><strong>solum</strong></span> <span class='ocrx_word' id='word_1_186' title='bbox 3150 1075 3501 1145; x_wconf 70' lang='lat' dir='ltr'><strong>praedicatur,</strong></span> <span class='ocrx_word' id='word_1_187' title='bbox 3537 1092 3626 1137; x_wconf 89' lang='lat' dir='ltr'><strong>aut</strong></span> <span class='ocrx_word' id='word_1_188' title='bbox 3654 1084 3720 1139; x_wconf 87' lang='lat' dir='ltr'><strong>ad</strong></span> 
     </span>
    </p>
   </div>
   <div class='ocr_carea' id='block_1_26' title="bbox 2129 1158 3719 1234">
    <p class='ocr_par' dir='ltr' id='par_1_26' title="bbox 2129 1158 3719 1234">
     <span class='ocr_line' id='line_1_26' title="bbox 2129 1158 3719 1234; baseline 0.012 -24"><span class='ocrx_word' id='word_1_189' title='bbox 2129 1170 2327 1213; x_wconf 88' lang='lat' dir='ltr'><strong>nomen</strong></span> <span class='ocrx_word' id='word_1_190' title='bbox 2355 1158 2588 1229; x_wconf 83' lang='lat' dir='ltr'><strong>simplex</strong></span> <span class='ocrx_word' id='word_1_191' title='bbox 2619 1170 2780 1231; x_wconf 85' lang='lat' dir='ltr'><strong>atque</strong></span> <span class='ocrx_word' id='word_1_192' title='bbox 2806 1162 3015 1218; x_wconf 88' lang='lat' dir='ltr'><strong>ﬁnitum</strong></span> <span class='ocrx_word' id='word_1_193' title='bbox 3039 1164 3383 1234; x_wconf 70' lang='lat' dir='ltr'><strong>praedicatum</strong></span> <span class='ocrx_word' id='word_1_194' title='bbox 3411 1180 3495 1225; x_wconf 86' lang='lat' dir='ltr'><strong>est</strong></span> <span class='ocrx_word' id='word_1_195' title='bbox 3536 1184 3624 1228; x_wconf 86' lang='lat' dir='ltr'><strong>aut</strong></span> <span class='ocrx_word' id='word_1_196' title='bbox 3655 1174 3719 1229; x_wconf 91' lang='lat' dir='ltr'><strong>ad</strong></span> 
     </span>
    </p>
   </div>
   <div class='ocr_carea' id='block_1_27' title="bbox 2128 1245 3719 1334">
    <p class='ocr_par' dir='ltr' id='par_1_27' title="bbox 2128 1245 3719 1334">
     <span class='ocr_line' id='line_1_27' title="bbox 2128 1245 3719 1334; baseline 0.012 -33"><span class='ocrx_word' id='word_1_197' title='bbox 2128 1245 2416 1303; x_wconf 91' lang='lat' dir='ltr'><strong>inﬁnitum.</strong></span> <span class='ocrx_word' id='word_1_198' title='bbox 2452 1251 2532 1305; x_wconf 75' lang='lat' dir='ltr'><strong>Ex</strong></span> <span class='ocrx_word' id='word_1_199' title='bbox 2559 1250 2663 1321; x_wconf 86' lang='lat' dir='ltr'><strong>his,</strong></span> <span class='ocrx_word' id='word_1_200' title='bbox 2695 1252 2814 1309; x_wconf 71' lang='lat' dir='ltr'><strong>dua:</strong></span> <span class='ocrx_word' id='word_1_201' title='bbox 2841 1265 2967 1310; x_wconf 89' lang='lat' dir='ltr'><strong>sunt</strong></span> <span class='ocrx_word' id='word_1_202' title='bbox 2993 1257 3395 1325; x_wconf 85' lang='lat' dir='ltr'><strong>aflirmationes,</strong></span> <span class='ocrx_word' id='word_1_203' title='bbox 3424 1272 3507 1317; x_wconf 89' lang='lat' dir='ltr'><strong>est</strong></span> <span class='ocrx_word' id='word_1_204' title='bbox 3537 1263 3719 1334; x_wconf 82' lang='lat' dir='ltr'><strong>homo,</strong></span> 
     </span>
    </p>
   </div>
   <div class='ocr_carea' id='block_1_28' title="bbox 2129 1340 3722 1424">
    <p class='ocr_par' dir='ltr' id='par_1_28' title="bbox 2129 1340 3722 1424">
     <span class='ocr_line' id='line_1_28' title="bbox 2129 1340 3722 1424; baseline 0.011 -29"><span class='ocrx_word' id='word_1_205' title='bbox 2129 1349 2211 1395; x_wconf 92' lang='lat' dir='ltr'><strong>est</strong></span> <span class='ocrx_word' id='word_1_206' title='bbox 2238 1356 2346 1397; x_wconf 91' lang='lat' dir='ltr'><strong>non</strong></span> <span class='ocrx_word' id='word_1_207' title='bbox 2378 1340 2564 1398; x_wconf 90' lang='lat' dir='ltr'><strong>homo.</strong></span> <span class='ocrx_word' id='word_1_208' title='bbox 2614 1343 2835 1411; x_wconf 84' lang='lat' dir='ltr'><strong>Quoties</strong></span> <span class='ocrx_word' id='word_1_209' title='bbox 2884 1356 3062 1403; x_wconf 89' lang='lat' dir='ltr'><strong>autem</strong></span> <span class='ocrx_word' id='word_1_210' title='bbox 3104 1357 3187 1405; x_wconf 90' lang='lat' dir='ltr'><strong>est</strong></span> <span class='ocrx_word' id='word_1_211' title='bbox 3228 1352 3440 1407; x_wconf 90' lang='lat' dir='ltr'><strong>tertium</strong></span> <span class='ocrx_word' id='word_1_212' title='bbox 3470 1354 3722 1424; x_wconf 89' lang='lat' dir='ltr'><strong>adjacens</strong></span> 
     </span>
    </p>
   </div>
   <div class='ocr_carea' id='block_1_29' title="bbox 2129 1432 3717 1510">
    <p class='ocr_par' dir='ltr' id='par_1_29' title="bbox 2129 1432 3717 1510">
     <span class='ocr_line' id='line_1_29' title="bbox 2129 1432 3717 1510; baseline 0.011 -24"><span class='ocrx_word' id='word_1_213' title='bbox 2129 1432 2465 1500; x_wconf 77' lang='lat' dir='ltr'><strong>praedicatur,</strong></span> <span class='ocrx_word' id='word_1_214' title='bbox 2516 1444 2745 1505; x_wconf 86' lang='lat' dir='ltr'><strong>quatuor</strong></span> <span class='ocrx_word' id='word_1_215' title='bbox 2794 1446 2953 1494; x_wconf 89' lang='lat' dir='ltr'><strong>erunt</strong></span> <span class='ocrx_word' id='word_1_216' title='bbox 2994 1439 3416 1510; x_wconf 89' lang='lat' dir='ltr'><strong>afﬁrmationes,</strong></span> <span class='ocrx_word' id='word_1_217' title='bbox 3458 1456 3550 1501; x_wconf 91' lang='lat' dir='ltr'><strong>aut</strong></span> <span class='ocrx_word' id='word_1_218' title='bbox 3597 1464 3717 1503; x_wconf 83' lang='lat' dir='ltr'><strong>cum</strong></span> 
     </span>
    </p>
   </div>
   <div class='ocr_carea' id='block_1_30' title="bbox 2129 1524 3724 1604">
    <p class='ocr_par' dir='ltr' id='par_1_30' title="bbox 2129 1524 3724 1604">
     <span class='ocr_line' id='line_1_30' title="bbox 2129 1524 3724 1604; baseline 0.013 -27"><span class='ocrx_word' id='word_1_219' title='bbox 2129 1524 2430 1594; x_wconf 88' lang='lat' dir='ltr'><strong>subjectum</strong></span> <span class='ocrx_word' id='word_1_220' title='bbox 2476 1527 2741 1583; x_wconf 88' lang='lat' dir='ltr'><strong>inﬁnitum</strong></span> <span class='ocrx_word' id='word_1_221' title='bbox 2782 1538 2865 1585; x_wconf 87' lang='lat' dir='ltr'><strong>est</strong></span> <span class='ocrx_word' id='word_1_222' title='bbox 2908 1531 3080 1587; x_wconf 88' lang='lat' dir='ltr'><strong>solum</strong></span> <span class='ocrx_word' id='word_1_223' title='bbox 3107 1575 3123 1601; x_wconf 87' lang='lat'><strong>,</strong></span> <span class='ocrx_word' id='word_1_224' title='bbox 3173 1544 3232 1590; x_wconf 90' lang='lat' dir='ltr'><strong>ut</strong></span> <span class='ocrx_word' id='word_1_225' title='bbox 3262 1545 3381 1604; x_wconf 89' lang='lat' dir='ltr'><strong>est,</strong></span> <span class='ocrx_word' id='word_1_226' title='bbox 3424 1555 3529 1595; x_wconf 93' lang='lat' dir='ltr'><strong>non</strong></span> <span class='ocrx_word' id='word_1_227' title='bbox 3561 1540 3724 1597; x_wconf 83' lang='lat' dir='ltr'><strong>homo</strong></span> 
     </span>
    </p>
   </div>
   <div class='ocr_carea' id='block_1_31' title="bbox 2121 1616 3724 1700">
    <p class='ocr_par' dir='ltr' id='par_1_31' title="bbox 2121 1616 3724 1700">
     <span class='ocr_line' id='line_1_31' title="bbox 2121 1616 3724 1700; baseline 0.012 -30"><span class='ocrx_word' id='word_1_228' title='bbox 2121 1616 2331 1685; x_wconf 91' lang='lat' dir='ltr'><strong>justus,</strong></span> <span class='ocrx_word' id='word_1_229' title='bbox 2364 1627 2456 1673; x_wconf 91' lang='lat' dir='ltr'><strong>aut</strong></span> <span class='ocrx_word' id='word_1_230' title='bbox 2483 1633 2603 1673; x_wconf 89' lang='lat' dir='ltr'><strong>cum</strong></span> <span class='ocrx_word' id='word_1_231' title='bbox 2637 1621 2983 1690; x_wconf 80' lang='lat' dir='ltr'><strong>praedicatum</strong></span> <span class='ocrx_word' id='word_1_232' title='bbox 3014 1625 3278 1681; x_wconf 86' lang='lat' dir='ltr'><strong>inﬁnitum</strong></span> <span class='ocrx_word' id='word_1_233' title='bbox 3310 1638 3393 1683; x_wconf 90' lang='lat' dir='ltr'><strong>est</strong></span> <span class='ocrx_word' id='word_1_234' title='bbox 3421 1631 3592 1686; x_wconf 89' lang='lat' dir='ltr'><strong>solum</strong></span> <span class='ocrx_word' id='word_1_235' title='bbox 3615 1672 3631 1700; x_wconf 91' lang='lat'><strong>,</strong></span> <span class='ocrx_word' id='word_1_236' title='bbox 3664 1642 3724 1688; x_wconf 90' lang='lat' dir='ltr'><strong>ut</strong></span> 
     </span>
    </p>
   </div>
   <div class='ocr_carea' id='block_1_32' title="bbox 2128 1707 3717 1790">
    <p class='ocr_par' dir='ltr' id='par_1_32' title="bbox 2128 1707 3717 1790">
     <span class='ocr_line' id='line_1_32' title="bbox 2128 1707 3717 1790; baseline 0.011 -27"><span class='ocrx_word' id='word_1_237' title='bbox 2128 1718 2232 1775; x_wconf 92' lang='lat' dir='ltr'><strong>est,</strong></span> <span class='ocrx_word' id='word_1_238' title='bbox 2258 1707 2422 1766; x_wconf 84' lang='lat' dir='ltr'><strong>homo</strong></span> <span class='ocrx_word' id='word_1_239' title='bbox 2442 1720 2527 1767; x_wconf 93' lang='lat' dir='ltr'><strong>est</strong></span> <span class='ocrx_word' id='word_1_240' title='bbox 2548 1727 2650 1767; x_wconf 90' lang='lat' dir='ltr'><strong>non</strong></span> <span class='ocrx_word' id='word_1_241' title='bbox 2671 1713 2868 1783; x_wconf 90' lang='lat' dir='ltr'><strong>justus,</strong></span> <span class='ocrx_word' id='word_1_242' title='bbox 2896 1724 2987 1770; x_wconf 89' lang='lat' dir='ltr'><strong>aut</strong></span> <span class='ocrx_word' id='word_1_243' title='bbox 3006 1731 3126 1772; x_wconf 90' lang='lat' dir='ltr'><strong>cum</strong></span> <span class='ocrx_word' id='word_1_244' title='bbox 3156 1727 3379 1790; x_wconf 84' lang='lat' dir='ltr'><strong>utraque</strong></span> <span class='ocrx_word' id='word_1_245' title='bbox 3402 1722 3549 1779; x_wconf 88' lang='lat' dir='ltr'><strong>ﬁnita</strong></span> <span class='ocrx_word' id='word_1_246' title='bbox 3575 1734 3717 1789; x_wconf 91' lang='lat' dir='ltr'><strong>sunt,</strong></span> 
     </span>
    </p>
   </div>
   <div class='ocr_carea' id='block_1_33' title="bbox 438 1789 3721 1883">
    <p class='ocr_par' dir='ltr' id='par_1_33' title="bbox 438 1789 3721 1883">
     <span class='ocr_line' id='line_1_33' title="bbox 438 1789 3721 1883; baseline 0.009 -42"><span class='ocrx_word' id='word_1_247' title='bbox 438 1789 602 1843; x_wconf 73' lang='lat' dir='ltr'><strong>linitre</strong></span> <span class='ocrx_word' id='word_1_248' title='bbox 633 1790 797 1854; x_wconf 84' lang='lat' dir='ltr'><strong>venit,</strong></span> <span class='ocrx_word' id='word_1_249' title='bbox 826 1806 921 1845; x_wconf 91' lang='lat' dir='ltr'><strong>cur</strong></span> <span class='ocrx_word' id='word_1_250' title='bbox 944 1808 1049 1847; x_wconf 89' lang='lat' dir='ltr'><strong>non</strong></span> <span class='ocrx_word' id='word_1_251' title='bbox 1077 1793 1236 1848; x_wconf 90' lang='lat' dir='ltr'><strong>etiam</strong></span> <span class='ocrx_word' id='word_1_252' title='bbox 1261 1794 1312 1849; x_wconf 89' lang='lat' dir='ltr'><strong>in</strong></span> <span class='ocrx_word' id='word_1_253' title='bbox 1336 1796 1442 1851; x_wconf 89' lang='lat' dir='ltr'><strong>illis</strong></span> <span class='ocrx_word' id='word_1_254' title='bbox 1462 1796 1601 1853; x_wconf 88' lang='lat' dir='ltr'><strong>idem</strong></span> <span class='ocrx_word' id='word_1_255' title='bbox 1630 1798 1743 1854; x_wconf 90' lang='lat' dir='ltr'><strong>ﬁeri</strong></span> <span class='ocrx_word' id='word_1_256' title='bbox 1774 1808 2025 1870; x_wconf 87' lang='lat' dir='ltr'><strong>oportere</strong></span> <span class='ocrx_word' id='word_1_257' title='bbox 2052 1804 2101 1867; x_wconf 87' lang='lat' dir='ltr'><strong>B</strong></span> <span class='ocrx_word' id='word_1_258' title='bbox 2131 1809 2186 1855; x_wconf 93' lang='lat' dir='ltr'><strong>ut</strong></span> <span class='ocrx_word' id='word_1_259' title='bbox 2213 1810 2314 1866; x_wconf 90' lang='lat' dir='ltr'><strong>est,</strong></span> <span class='ocrx_word' id='word_1_260' title='bbox 2342 1801 2515 1872; x_wconf 86' lang='lat' dir='ltr'><strong>justus</strong></span> <span class='ocrx_word' id='word_1_261' title='bbox 2545 1804 2740 1871; x_wconf 86' lang='lat' dir='ltr'><strong>homo,</strong></span> <span class='ocrx_word' id='word_1_262' title='bbox 2771 1816 2863 1861; x_wconf 89' lang='lat' dir='ltr'><strong>aut</strong></span> <span class='ocrx_word' id='word_1_263' title='bbox 2890 1822 3010 1861; x_wconf 89' lang='lat' dir='ltr'><strong>cum</strong></span> <span class='ocrx_word' id='word_1_264' title='bbox 3041 1817 3268 1881; x_wconf 89' lang='lat' dir='ltr'><strong>utraque</strong></span> <span class='ocrx_word' id='word_1_265' title='bbox 3295 1789 3446 1869; x_wconf 82' lang='lat' dir='ltr'><strong>ﬁnita</strong></span> <span class='ocrx_word' id='word_1_266' title='bbox 3476 1826 3635 1883; x_wconf 90' lang='lat' dir='ltr'><strong>sunt,</strong></span> <span class='ocrx_word' id='word_1_267' title='bbox 3664 1830 3721 1872; x_wconf 82' lang='lat' dir='ltr'><strong>ut</strong></span> 
     </span>
    </p>
   </div>
   <div class='ocr_carea' id='block_1_34' title="bbox 438 1879 2023 1951">
    <p class='ocr_par' dir='ltr' id='par_1_34' title="bbox 438 1879 2023 1951">
     <span class='ocr_line' id='line_1_34' title="bbox 438 1879 2023 1951; baseline 0.013 -23"><span class='ocrx_word' id='word_1_268' title='bbox 438 1879 681 1935; x_wconf 82' lang='lat' dir='ltr'><strong>videatur</strong></span> <span class='ocrx_word' id='word_1_269' title='bbox 701 1896 822 1951; x_wconf 87' lang='lat' dir='ltr'><strong>quae</strong></span> <span class='ocrx_word' id='word_1_270' title='bbox 843 1883 1074 1938; x_wconf 85' lang='lat' dir='ltr'><strong>deﬁnitae</strong></span> <span class='ocrx_word' id='word_1_271' title='bbox 1101 1887 1261 1940; x_wconf 90' lang='lat' dir='ltr'><strong>sunt?</strong></span> <span class='ocrx_word' id='word_1_272' title='bbox 1280 1886 1393 1942; x_wconf 86' lang='lat' dir='ltr'><strong>Hoc</strong></span> <span class='ocrx_word' id='word_1_273' title='bbox 1418 1889 1591 1944; x_wconf 91' lang='lat' dir='ltr'><strong>solum</strong></span> <span class='ocrx_word' id='word_1_274' title='bbox 1616 1891 1758 1947; x_wconf 91' lang='lat' dir='ltr'><strong>enim</strong></span> <span class='ocrx_word' id='word_1_275' title='bbox 1784 1892 2023 1949; x_wconf 66' lang='lat' dir='ltr'><strong>deﬁnitae</strong></span> 
     </span>
    </p>
   </div>
   <div class='ocr_carea' id='block_1_35' title="bbox 434 1972 2022 2048">
    <p class='ocr_par' dir='ltr' id='par_1_35' title="bbox 434 1972 2022 2048">
     <span class='ocr_line' id='line_1_35' title="bbox 434 1972 2022 2048; baseline 0.011 -23"><span class='ocrx_word' id='word_1_276' title='bbox 434 1972 499 2026; x_wconf 89' lang='lat' dir='ltr'><strong>ab</strong></span> <span class='ocrx_word' id='word_1_277' title='bbox 529 1972 819 2028; x_wconf 88' lang='lat' dir='ltr'><strong>indeﬁnitis</strong></span> <span class='ocrx_word' id='word_1_278' title='bbox 850 1975 1129 2040; x_wconf 76' lang='lat' dir='ltr'><strong>differunt,</strong></span> <span class='ocrx_word' id='word_1_279' title='bbox 1170 1979 1309 2048; x_wconf 89' lang='lat' dir='ltr'><strong>quod</strong></span> <span class='ocrx_word' id='word_1_280' title='bbox 1341 1995 1461 2035; x_wconf 86' lang='lat' dir='ltr'><strong>cum</strong></span> <span class='ocrx_word' id='word_1_281' title='bbox 1492 1982 1779 2040; x_wconf 71' lang='lat' dir='ltr'><strong>indelinita:</strong></span> <span class='ocrx_word' id='word_1_282' title='bbox 1806 1987 2022 2043; x_wconf 86' lang='lat' dir='ltr'><strong>univer-</strong></span> 
     </span>
    </p>
   </div>
   <div class='ocr_carea' id='block_1_36' title="bbox 424 2066 2023 2139">
    <p class='ocr_par' dir='ltr' id='par_1_36' title="bbox 424 2066 2023 2139">
     <span class='ocr_line' id='line_1_36' title="bbox 424 2066 2023 2139; baseline 0.012 -20"><span class='ocrx_word' id='word_1_283' title='bbox 424 2066 565 2121; x_wconf 86' lang='lat' dir='ltr'><strong>salia</strong></span> <span class='ocrx_word' id='word_1_284' title='bbox 599 2067 918 2137; x_wconf 86' lang='lat' dir='ltr'><strong>praedicant,</strong></span> <span class='ocrx_word' id='word_1_285' title='bbox 953 2081 1146 2139; x_wconf 58' lang='lat' dir='ltr'><strong>praeter</strong></span> <span class='ocrx_word' id='word_1_286' title='bbox 1178 2074 1594 2132; x_wconf 88' lang='lat' dir='ltr'><strong>universalitatis</strong></span> <span class='ocrx_word' id='word_1_287' title='bbox 1621 2078 2023 2137; x_wconf 87' lang='lat' dir='ltr'><strong>determinatio-</strong></span> 
     </span>
    </p>
   </div>
   <div class='ocr_carea' id='block_1_37' title="bbox 437 2159 2079 2243">
    <p class='ocr_par' dir='ltr' id='par_1_37' title="bbox 437 2159 2079 2243">
     <span class='ocr_line' id='line_1_37' title="bbox 437 2159 2079 2243; baseline 0.011 -32"><span class='ocrx_word' id='word_1_288' title='bbox 437 2172 557 2213; x_wconf 88' lang='lat' dir='ltr'><strong>netn</strong></span> <span class='ocrx_word' id='word_1_289' title='bbox 587 2159 954 2217; x_wconf 75' lang='lat' dir='ltr'><strong>determinata:</strong></span> <span class='ocrx_word' id='word_1_290' title='bbox 982 2203 995 2226; x_wconf 94' lang='lat'><strong>,</strong></span> <span class='ocrx_word' id='word_1_291' title='bbox 1041 2171 1096 2217; x_wconf 92' lang='lat' dir='ltr'><strong>et</strong></span> <span class='ocrx_word' id='word_1_292' title='bbox 1136 2163 1369 2220; x_wconf 64' lang='lat' dir='ltr'><strong>deﬁnitae</strong></span> <span class='ocrx_word' id='word_1_293' title='bbox 1396 2165 1537 2223; x_wconf 91' lang='lat' dir='ltr'><strong>idem</strong></span> <span class='ocrx_word' id='word_1_294' title='bbox 1567 2168 1699 2223; x_wconf 93' lang='lat' dir='ltr'><strong>illud</strong></span> <span class='ocrx_word' id='word_1_295' title='bbox 1732 2170 2025 2240; x_wconf 73' lang='lat' dir='ltr'><strong>praedicant</strong></span> <span class='ocrx_word' id='word_1_296' title='bbox 2078 2236 2079 2243; x_wconf 15' lang='grc' dir='ltr'>γ</span> 
     </span>
    </p>
   </div>
   <div class='ocr_carea' id='block_1_38' title="bbox 433 2252 2021 2334">
    <p class='ocr_par' dir='ltr' id='par_1_38' title="bbox 433 2252 2021 2334">
     <span class='ocr_line' id='line_1_38' title="bbox 433 2252 2021 2334; baseline 0.011 -28"><span class='ocrx_word' id='word_1_297' title='bbox 433 2252 732 2309; x_wconf 82' lang='lat' dir='ltr'><strong>universale</strong></span> <span class='ocrx_word' id='word_1_298' title='bbox 757 2268 878 2309; x_wconf 91' lang='lat' dir='ltr'><strong>cum</strong></span> <span class='ocrx_word' id='word_1_299' title='bbox 908 2255 1207 2325; x_wconf 86' lang='lat' dir='ltr'><strong>adjectione</strong></span> <span class='ocrx_word' id='word_1_300' title='bbox 1235 2267 1290 2313; x_wconf 92' lang='lat' dir='ltr'><strong>et</strong></span> <span class='ocrx_word' id='word_1_301' title='bbox 1325 2259 1737 2331; x_wconf 88' lang='lat' dir='ltr'><strong>signiﬁcatione,</strong></span> <span class='ocrx_word' id='word_1_302' title='bbox 1769 2266 2021 2334; x_wconf 90' lang='lat' dir='ltr'><strong>quoniam</strong></span> 
     </span>
    </p>
   </div>
   <div class='ocr_carea' id='block_1_39' title="bbox 432 2344 2022 2420">
    <p class='ocr_par' dir='ltr' id='par_1_39' title="bbox 432 2344 2022 2420">
     <span class='ocr_line' id='line_1_39' title="bbox 432 2344 2022 2420; baseline 0.009 -22"><span class='ocrx_word' id='word_1_303' title='bbox 432 2344 806 2401; x_wconf 88' lang='lat' dir='ltr'><strong>universaliter</strong></span> <span class='ocrx_word' id='word_1_304' title='bbox 836 2348 1173 2417; x_wconf 66' lang='lat' dir='ltr'><strong>prtedimtur.</strong></span> <span class='ocrx_word' id='word_1_305' title='bbox 1206 2348 1347 2405; x_wconf 78' lang='lat' dir='ltr'><strong>Nihil</strong></span> <span class='ocrx_word' id='word_1_306' title='bbox 1376 2350 1534 2420; x_wconf 88' lang='lat' dir='ltr'><strong>igitur</strong></span> <span class='ocrx_word' id='word_1_307' title='bbox 1559 2351 1703 2407; x_wconf 91' lang='lat' dir='ltr'><strong>aliud</strong></span> <span class='ocrx_word' id='word_1_308' title='bbox 1732 2356 1907 2411; x_wconf 92' lang='lat' dir='ltr'><strong>omnis</strong></span> <span class='ocrx_word' id='word_1_309' title='bbox 1935 2356 2022 2412; x_wconf 84' lang='lat' dir='ltr'><strong>vel</strong></span> 
     </span>
    </p>
   </div>
   <div class='ocr_carea' id='block_1_40' title="bbox 432 2440 2022 2518">
    <p class='ocr_par' dir='ltr' id='par_1_40' title="bbox 432 2440 2022 2518">
     <span class='ocr_line' id='line_1_40' title="bbox 432 2440 2022 2518; baseline 0.009 -25"><span class='ocrx_word' id='word_1_310' title='bbox 432 2440 609 2495; x_wconf 89' lang='lat' dir='ltr'><strong>nullus</strong></span> <span class='ocrx_word' id='word_1_311' title='bbox 634 2441 918 2510; x_wconf 89' lang='lat' dir='ltr'><strong>signiﬁcat,</strong></span> <span class='ocrx_word' id='word_1_312' title='bbox 948 2445 1048 2499; x_wconf 90' lang='lat' dir='ltr'><strong>nisi</strong></span> <span class='ocrx_word' id='word_1_313' title='bbox 1078 2444 1329 2517; x_wconf 89' lang='lat' dir='ltr'><strong>quoniam</strong></span> <span class='ocrx_word' id='word_1_314' title='bbox 1359 2446 1410 2502; x_wconf 87' lang='lat' dir='ltr'><strong>id</strong></span> <span class='ocrx_word' id='word_1_315' title='bbox 1440 2446 1581 2518; x_wconf 88' lang='lat' dir='ltr'><strong>quod</strong></span> <span class='ocrx_word' id='word_1_316' title='bbox 1612 2449 1912 2506; x_wconf 85' lang='lat' dir='ltr'><strong>universale</strong></span> <span class='ocrx_word' id='word_1_317' title='bbox 1940 2452 2022 2508; x_wconf 92' lang='lat' dir='ltr'><strong>di-</strong></span> 
     </span>
    </p>
   </div>
   <div class='ocr_carea' id='block_1_41' title="bbox 431 2532 2024 2616">
    <p class='ocr_par' dir='ltr' id='par_1_41' title="bbox 431 2532 2024 2616">
     <span class='ocr_line' id='line_1_41' title="bbox 431 2532 2024 2616; baseline 0.011 -31"><span class='ocrx_word' id='word_1_318' title='bbox 431 2532 569 2588; x_wconf 87' lang='lat' dir='ltr'><strong>citur</strong></span> <span class='ocrx_word' id='word_1_319' title='bbox 588 2535 961 2605; x_wconf 86' lang='lat' dir='ltr'><strong>universaliter</strong></span> <span class='ocrx_word' id='word_1_320' title='bbox 985 2538 1330 2609; x_wconf 63' lang='lat' dir='ltr'><strong>praedicatur;</strong></span> <span class='ocrx_word' id='word_1_321' title='bbox 1353 2555 1480 2611; x_wconf 87' lang='lat' dir='ltr'><strong>ergo</strong></span> <span class='ocrx_word' id='word_1_322' title='bbox 1500 2543 1678 2598; x_wconf 91' lang='lat' dir='ltr'><strong>omnia</strong></span> <span class='ocrx_word' id='word_1_323' title='bbox 1697 2545 1883 2601; x_wconf 90' lang='lat' dir='ltr'><strong>eadem</strong></span> <span class='ocrx_word' id='word_1_324' title='bbox 1904 2562 2024 2616; x_wconf 66' lang='lat' dir='ltr'><strong>qua:</strong></span> 
     </span>
    </p>
   </div>
   <div class='ocr_carea' id='block_1_42' title="bbox 378 2622 2021 2705">
    <p class='ocr_par' dir='ltr' id='par_1_42' title="bbox 378 2622 2021 2705">
     <span class='ocr_line' id='line_1_42' title="bbox 378 2622 2021 2705; baseline 0.011 -30"><span class='ocrx_word' id='word_1_325' title='bbox 378 2696 388 2699; x_wconf 90' lang='lat'>_</span> <span class='ocrx_word' id='word_1_326' title='bbox 429 2622 482 2676; x_wconf 89' lang='lat' dir='ltr'><strong>in</strong></span> <span class='ocrx_word' id='word_1_327' title='bbox 508 2622 864 2683; x_wconf 88' lang='lat' dir='ltr'><strong>afﬁrmatione</strong></span> <span class='ocrx_word' id='word_1_328' title='bbox 887 2636 940 2683; x_wconf 90' lang='lat' dir='ltr'><strong>et</strong></span> <span class='ocrx_word' id='word_1_329' title='bbox 960 2629 1243 2700; x_wconf 86' lang='lat' dir='ltr'><strong>negatione</strong></span> <span class='ocrx_word' id='word_1_330' title='bbox 1266 2631 1319 2685; x_wconf 90' lang='lat' dir='ltr'><strong>in</strong></span> <span class='ocrx_word' id='word_1_331' title='bbox 1347 2631 1640 2689; x_wconf 85' lang='lat' dir='ltr'><strong>indeiinilis</strong></span> <span class='ocrx_word' id='word_1_332' title='bbox 1666 2636 2021 2705; x_wconf 88' lang='lat' dir='ltr'><strong>ponebantur,</strong></span> 
     </span>
    </p>
   </div>
   <div class='ocr_carea' id='block_1_43' title="bbox 431 2715 2021 2789">
    <p class='ocr_par' dir='ltr' id='par_1_43' title="bbox 431 2715 2021 2789">
     <span class='ocr_line' id='line_1_43' title="bbox 431 2715 2021 2789; baseline 0.011 -21"><span class='ocrx_word' id='word_1_333' title='bbox 431 2715 615 2771; x_wconf 87' lang='lat' dir='ltr'><strong>eadem</strong></span> <span class='ocrx_word' id='word_1_334' title='bbox 647 2735 858 2789; x_wconf 88' lang='lat' dir='ltr'><strong>quoque</strong></span> <span class='ocrx_word' id='word_1_335' title='bbox 897 2730 950 2776; x_wconf 90' lang='lat' dir='ltr'><strong>ct</strong></span> <span class='ocrx_word' id='word_1_336' title='bbox 995 2721 1048 2776; x_wconf 91' lang='lat' dir='ltr'><strong>in</strong></span> <span class='ocrx_word' id='word_1_337' title='bbox 1090 2722 1292 2779; x_wconf 89' lang='lat' dir='ltr'><strong>eisdem</strong></span> <span class='ocrx_word' id='word_1_338' title='bbox 1336 2724 1711 2782; x_wconf 78' lang='lat' dir='ltr'><strong>determinetis</strong></span> <span class='ocrx_word' id='word_1_339' title='bbox 1759 2731 2021 2786; x_wconf 85' lang='lat' dir='ltr'><strong>servanda</strong></span> 
     </span>
    </p>
   </div>
   <div class='ocr_carea' id='block_1_44' title="bbox 429 2811 2020 2888">
    <p class='ocr_par' dir='ltr' id='par_1_44' title="bbox 429 2811 2020 2888">
     <span class='ocr_line' id='line_1_44' title="bbox 429 2811 2020 2888; baseline 0.011 -26"><span class='ocrx_word' id='word_1_340' title='bbox 429 2817 569 2862; x_wconf 89' lang='lat' dir='ltr'><strong>sunt.</strong></span> <span class='ocrx_word' id='word_1_341' title='bbox 621 2811 803 2868; x_wconf 84' lang='lat' dir='ltr'><strong>Omnis</strong></span> <span class='ocrx_word' id='word_1_342' title='bbox 850 2814 992 2869; x_wconf 89' lang='lat' dir='ltr'><strong>enim</strong></span> <span class='ocrx_word' id='word_1_343' title='bbox 1037 2824 1091 2870; x_wconf 92' lang='lat' dir='ltr'><strong>et</strong></span> <span class='ocrx_word' id='word_1_344' title='bbox 1142 2817 1321 2871; x_wconf 92' lang='lat' dir='ltr'><strong>nullus</strong></span> <span class='ocrx_word' id='word_1_345' title='bbox 1360 2832 1466 2874; x_wconf 90' lang='lat' dir='ltr'><strong>non</strong></span> <span class='ocrx_word' id='word_1_346' title='bbox 1493 2829 1615 2875; x_wconf 91' lang='lat' dir='ltr'><strong>sunt</strong></span> <span class='ocrx_word' id='word_1_347' title='bbox 1641 2821 1895 2888; x_wconf 88' lang='lat' dir='ltr'><strong>termini,</strong></span> <span class='ocrx_word' id='word_1_348' title='bbox 1924 2823 2020 2880; x_wconf 91' lang='lat' dir='ltr'><strong>sed</strong></span> 
     </span>
    </p>
   </div>
   <div class='ocr_carea' id='block_1_45' title="bbox 428 2899 2020 2984">
    <p class='ocr_par' dir='ltr' id='par_1_45' title="bbox 428 2899 2020 2984">
     <span class='ocr_line' id='line_1_45' title="bbox 428 2899 2020 2984; baseline 0.011 -31"><span class='ocrx_word' id='word_1_349' title='bbox 428 2899 742 2969; x_wconf 86' lang='lat' dir='ltr'><strong>universalis</strong></span> <span class='ocrx_word' id='word_1_350' title='bbox 791 2904 1007 2961; x_wconf 89' lang='lat' dir='ltr'><strong>termini</strong></span> <span class='ocrx_word' id='word_1_351' title='bbox 1057 2908 1549 2968; x_wconf 88' lang='lat' dir='ltr'><strong>determinationes.</strong></span> <span class='ocrx_word' id='word_1_352' title='bbox 1600 2911 1694 2969; x_wconf 73' lang='lat' dir='ltr'><strong>[iis</strong></span> <span class='ocrx_word' id='word_1_353' title='bbox 1741 2914 1903 2984; x_wconf 80' lang='lat' dir='ltr'><strong>igitur</strong></span> <span class='ocrx_word' id='word_1_354' title='bbox 1952 2916 2020 2971; x_wconf 92' lang='lat' dir='ltr'><strong>ab</strong></span> 
     </span>
    </p>
   </div>
   <div class='ocr_carea' id='block_1_46' title="bbox 428 2991 2016 3075">
    <p class='ocr_par' dir='ltr' id='par_1_46' title="bbox 428 2991 2016 3075">
     <span class='ocr_line' id='line_1_46' title="bbox 428 2991 2016 3075; baseline 0.011 -29"><span class='ocrx_word' id='word_1_355' title='bbox 428 2991 718 3050; x_wconf 79' lang='lat' dir='ltr'><strong>Aristotele</strong></span> <span class='ocrx_word' id='word_1_356' title='bbox 749 2996 1026 3065; x_wconf 89' lang='lat' dir='ltr'><strong>discursis,</strong></span> <span class='ocrx_word' id='word_1_357' title='bbox 1060 3016 1160 3056; x_wconf 92' lang='lat' dir='ltr'><strong>nos</strong></span> <span class='ocrx_word' id='word_1_358' title='bbox 1185 3017 1397 3072; x_wconf 89' lang='lat' dir='ltr'><strong>quoque</strong></span> <span class='ocrx_word' id='word_1_359' title='bbox 1424 3018 1453 3057; x_wconf 92' lang='lat' dir='ltr'><strong>a</strong></span> <span class='ocrx_word' id='word_1_360' title='bbox 1494 3004 1743 3075; x_wconf 86' lang='lat' dir='ltr'><strong>Syriano,</strong></span> <span class='ocrx_word' id='word_1_361' title='bbox 1773 3007 1856 3062; x_wconf 91' lang='lat' dir='ltr'><strong>cui</strong></span> <span class='ocrx_word' id='word_1_362' title='bbox 1886 3006 2016 3063; x_wconf 93' lang='lat' dir='ltr'><strong>Phi-</strong></span> 
     </span>
    </p>
   </div>
   <div class='ocr_carea' id='block_1_47' title="bbox 430 3082 2013 3169">
    <p class='ocr_par' dir='ltr' id='par_1_47' title="bbox 430 3082 2013 3169">
     <span class='ocr_line' id='line_1_47' title="bbox 430 3082 2013 3169; baseline 0.013 -33"><span class='ocrx_word' id='word_1_363' title='bbox 430 3082 623 3140; x_wconf 81' lang='lat' dir='ltr'><strong>loxeno</strong></span> <span class='ocrx_word' id='word_1_364' title='bbox 643 3102 936 3157; x_wconf 85' lang='lat' dir='ltr'><strong>cognomen</strong></span> <span class='ocrx_word' id='word_1_365' title='bbox 959 3105 1079 3148; x_wconf 89' lang='lat' dir='ltr'><strong>esse</strong></span> <span class='ocrx_word' id='word_1_366' title='bbox 1095 3107 1255 3163; x_wconf 83' lang='lat' dir='ltr'><strong>supra</strong></span> <span class='ocrx_word' id='word_1_367' title='bbox 1273 3096 1573 3164; x_wconf 84' lang='lat' dir='ltr'><strong>retulimus,</strong></span> <span class='ocrx_word' id='word_1_368' title='bbox 1588 3102 2013 3169; x_wconf 86' lang='lat' dir='ltr'><strong>propositionum</strong></span> 
     </span>
    </p>
   </div>
   <div class='ocr_carea' id='block_1_48' title="bbox 2128 1892 3717 1973">
    <p class='ocr_par' dir='ltr' id='par_1_48' title="bbox 2128 1892 3717 1973">
     <span class='ocr_line' id='line_1_48' title="bbox 2128 1892 3717 1973; baseline 0.012 -27"><span class='ocrx_word' id='word_1_369' title='bbox 2128 1899 2231 1957; x_wconf 88' lang='lat' dir='ltr'><strong>est,</strong></span> <span class='ocrx_word' id='word_1_370' title='bbox 2260 1907 2365 1946; x_wconf 90' lang='lat' dir='ltr'><strong>non</strong></span> <span class='ocrx_word' id='word_1_371' title='bbox 2383 1892 2558 1962; x_wconf 90' lang='lat' dir='ltr'><strong>justus</strong></span> <span class='ocrx_word' id='word_1_372' title='bbox 2584 1910 2688 1949; x_wconf 90' lang='lat' dir='ltr'><strong>non</strong></span> <span class='ocrx_word' id='word_1_373' title='bbox 2709 1895 2889 1952; x_wconf 85' lang='lat' dir='ltr'><strong>homo.</strong></span> <span class='ocrx_word' id='word_1_374' title='bbox 2909 1897 3072 1969; x_wconf 85' lang='lat' dir='ltr'><strong>Magis</strong></span> <span class='ocrx_word' id='word_1_375' title='bbox 3098 1910 3275 1956; x_wconf 87' lang='lat' dir='ltr'><strong>autem</strong></span> <span class='ocrx_word' id='word_1_376' title='bbox 3297 1904 3476 1973; x_wconf 92' lang='lat' dir='ltr'><strong>plures</strong></span> <span class='ocrx_word' id='word_1_377' title='bbox 3503 1908 3587 1963; x_wconf 87' lang='lat' dir='ltr'><strong>Itis</strong></span> <span class='ocrx_word' id='word_1_378' title='bbox 3612 1926 3717 1965; x_wconf 90' lang='lat' dir='ltr'><strong>non</strong></span> 
     </span>
    </p>
   </div>
   <div class='ocr_carea' id='block_1_49' title="bbox 2127 1985 3722 2063">
    <p class='ocr_par' dir='ltr' id='par_1_49' title="bbox 2127 1985 3722 2063">
     <span class='ocr_line' id='line_1_49' title="bbox 2127 1985 3722 2063; baseline 0.008 -21"><span class='ocrx_word' id='word_1_379' title='bbox 2127 1993 2285 2042; x_wconf 74' lang='lat' dir='ltr'><strong>erunt</strong></span> <span class='ocrx_word' id='word_1_380' title='bbox 2314 1985 2680 2055; x_wconf 90' lang='lat' dir='ltr'><strong>oppositiones</strong></span> <span class='ocrx_word' id='word_1_381' title='bbox 2702 2028 2717 2053; x_wconf 96' lang='lat'><strong>,</strong></span> <span class='ocrx_word' id='word_1_382' title='bbox 2752 1997 2807 2041; x_wconf 93' lang='lat' dir='ltr'><strong>ut</strong></span> <span class='ocrx_word' id='word_1_383' title='bbox 2837 1989 2952 2057; x_wconf 87' lang='lat' dir='ltr'><strong>ipse</strong></span> <span class='ocrx_word' id='word_1_384' title='bbox 2980 1991 3074 2044; x_wconf 91' lang='lat' dir='ltr'><strong>ait.</strong></span> <span class='ocrx_word' id='word_1_385' title='bbox 3119 1990 3249 2046; x_wconf 90' lang='lat' dir='ltr'><strong>Cum</strong></span> <span class='ocrx_word' id='word_1_386' title='bbox 3283 1994 3440 2063; x_wconf 88' lang='lat' dir='ltr'><strong>igitur</strong></span> <span class='ocrx_word' id='word_1_387' title='bbox 3476 2013 3573 2053; x_wconf 79' lang='lat' dir='ltr'><strong>sex</strong></span> <span class='ocrx_word' id='word_1_388' title='bbox 3614 2001 3722 2054; x_wconf 87' lang='lat' dir='ltr'><strong>sint</strong></span> 
     </span>
    </p>
   </div>
   <div class='ocr_carea' id='block_1_50' title="bbox 2125 2073 3718 2157">
    <p class='ocr_par' dir='ltr' id='par_1_50' title="bbox 2125 2073 3718 2157">
     <span class='ocr_line' id='line_1_50' title="bbox 2125 2073 3718 2157; baseline 0.013 -31"><span class='ocrx_word' id='word_1_389' title='bbox 2125 2073 2513 2131; x_wconf 81' lang='lat' dir='ltr'><strong>afﬁrmationes</strong></span> <span class='ocrx_word' id='word_1_390' title='bbox 2536 2118 2551 2143; x_wconf 95' lang='lat'><strong>,</strong></span> <span class='ocrx_word' id='word_1_391' title='bbox 2592 2076 2712 2132; x_wconf 83' lang='lat' dir='ltr'><strong>duae</strong></span> <span class='ocrx_word' id='word_1_392' title='bbox 2742 2078 2936 2147; x_wconf 84' lang='lat' dir='ltr'><strong>quibus</strong></span> <span class='ocrx_word' id='word_1_393' title='bbox 2965 2090 3049 2135; x_wconf 90' lang='lat' dir='ltr'><strong>est</strong></span> <span class='ocrx_word' id='word_1_394' title='bbox 3088 2082 3405 2150; x_wconf 69' lang='lat' dir='ltr'><strong>praedicatur</strong></span> <span class='ocrx_word' id='word_1_395' title='bbox 3433 2127 3446 2151; x_wconf 87' lang='lat'><strong>,</strong></span> <span class='ocrx_word' id='word_1_396' title='bbox 3489 2098 3718 2157; x_wconf 88' lang='lat' dir='ltr'><strong>quatuor</strong></span> 
     </span>
    </p>
   </div>
   <div class='ocr_carea' id='block_1_51' title="bbox 2124 2164 3716 2251">
    <p class='ocr_par' dir='ltr' id='par_1_51' title="bbox 2124 2164 3716 2251">
     <span class='ocr_line' id='line_1_51' title="bbox 2124 2164 3716 2251; baseline 0.011 -33"><span class='ocrx_word' id='word_1_397' title='bbox 2124 2179 2254 2220; x_wconf 79' lang='lat' dir='ltr'><strong>vero</strong></span> <span class='ocrx_word' id='word_1_398' title='bbox 2274 2164 2549 2235; x_wconf 85' lang='lat' dir='ltr'><strong>adjacens,</strong></span> <span class='ocrx_word' id='word_1_399' title='bbox 2571 2167 2666 2221; x_wconf 90' lang='lat' dir='ltr'><strong>has</strong></span> <span class='ocrx_word' id='word_1_400' title='bbox 2692 2167 2735 2221; x_wconf 88' lang='lat' dir='ltr'><strong>si</strong></span> <span class='ocrx_word' id='word_1_401' title='bbox 2764 2184 2859 2238; x_wconf 92' lang='lat' dir='ltr'><strong>per</strong></span> <span class='ocrx_word' id='word_1_402' title='bbox 2881 2174 3276 2239; x_wconf 89' lang='lat' dir='ltr'><strong>quaternarium</strong></span> <span class='ocrx_word' id='word_1_403' title='bbox 3298 2175 3511 2243; x_wconf 81' lang='lat' dir='ltr'><strong>ducatu,</strong></span> <span class='ocrx_word' id='word_1_404' title='bbox 3532 2178 3716 2251; x_wconf 75' lang='lat' dir='ltr'><strong>viginti</strong></span> 
     </span>
    </p>
   </div>
   <div class='ocr_carea' id='block_1_52' title="bbox 2124 2257 3717 2328">
    <p class='ocr_par' dir='ltr' id='par_1_52' title="bbox 2124 2257 3717 2328">
     <span class='ocr_line' id='line_1_52' title="bbox 2124 2257 3717 2328; baseline 0.011 -18"><span class='ocrx_word' id='word_1_405' title='bbox 2124 2266 2352 2328; x_wconf 87' lang='lat' dir='ltr'><strong>quatuor</strong></span> <span class='ocrx_word' id='word_1_406' title='bbox 2382 2257 2541 2324; x_wconf 88' lang='lat' dir='ltr'><strong>ﬁent,</strong></span> <span class='ocrx_word' id='word_1_407' title='bbox 2580 2273 2711 2328; x_wconf 89' lang='lat' dir='ltr'><strong>quas</strong></span> <span class='ocrx_word' id='word_1_408' title='bbox 2741 2275 2927 2315; x_wconf 89' lang='lat' dir='ltr'><strong>rursus</strong></span> <span class='ocrx_word' id='word_1_409' title='bbox 2967 2261 3012 2315; x_wconf 91' lang='lat' dir='ltr'><strong>si</strong></span> <span class='ocrx_word' id='word_1_410' title='bbox 3047 2263 3256 2319; x_wconf 91' lang='lat' dir='ltr'><strong>binario</strong></span> <span class='ocrx_word' id='word_1_411' title='bbox 3286 2282 3509 2323; x_wconf 91' lang='lat' dir='ltr'><strong>numero</strong></span> <span class='ocrx_word' id='word_1_412' title='bbox 3539 2272 3717 2328; x_wconf 87' lang='lat' dir='ltr'><strong>multi-</strong></span> 
     </span>
    </p>
   </div>
   <div class='ocr_carea' id='block_1_53' title="bbox 2124 2349 3712 2428">
    <p class='ocr_par' dir='ltr' id='par_1_53' title="bbox 2124 2349 3712 2428">
     <span class='ocr_line' id='line_1_53' title="bbox 2124 2349 3712 2428; baseline 0.008 -25"><span class='ocrx_word' id='word_1_413' title='bbox 2124 2349 2315 2418; x_wconf 85' lang='lat' dir='ltr'><strong>pliccm</strong></span> <span class='ocrx_word' id='word_1_414' title='bbox 2340 2388 2358 2414; x_wconf 89' lang='lat'><strong>,</strong></span> <span class='ocrx_word' id='word_1_415' title='bbox 2401 2349 2751 2421; x_wconf 87' lang='lat' dir='ltr'><strong>quadraginta</strong></span> <span class='ocrx_word' id='word_1_416' title='bbox 2791 2361 2914 2406; x_wconf 87' lang='lat' dir='ltr'><strong>octo</strong></span> <span class='ocrx_word' id='word_1_417' title='bbox 2958 2352 3089 2407; x_wconf 86' lang='lat' dir='ltr'><strong>mihi</strong></span> <span class='ocrx_word' id='word_1_418' title='bbox 3131 2370 3338 2410; x_wconf 90' lang='lat' dir='ltr'><strong>summa</strong></span> <span class='ocrx_word' id='word_1_419' title='bbox 3377 2371 3712 2428; x_wconf 85' lang='lat' dir='ltr'><strong>sucercscet;</strong></span> 
     </span>
    </p>
   </div>
   <div class='ocr_carea' id='block_1_54' title="bbox 2125 2445 3715 2525">
    <p class='ocr_par' dir='ltr' id='par_1_54' title="bbox 2125 2445 3715 2525">
     <span class='ocr_line' id='line_1_54' title="bbox 2125 2445 3715 2525; baseline 0.008 -25"><span class='ocrx_word' id='word_1_420' title='bbox 2125 2454 2203 2501; x_wconf 93' lang='lat' dir='ltr'><strong>tot</strong></span> <span class='ocrx_word' id='word_1_421' title='bbox 2233 2445 2395 2516; x_wconf 90' lang='lat' dir='ltr'><strong>igitur</strong></span> <span class='ocrx_word' id='word_1_422' title='bbox 2423 2454 2581 2501; x_wconf 91' lang='lat' dir='ltr'><strong>erunt</strong></span> <span class='ocrx_word' id='word_1_423' title='bbox 2619 2445 3005 2503; x_wconf 85' lang='lat' dir='ltr'><strong>afﬁrmationes</strong></span> <span class='ocrx_word' id='word_1_424' title='bbox 3040 2456 3096 2503; x_wconf 91' lang='lat' dir='ltr'><strong>et</strong></span> <span class='ocrx_word' id='word_1_425' title='bbox 3124 2451 3435 2521; x_wconf 69' lang='lat' dir='ltr'><strong>negationes</strong></span> <span class='ocrx_word' id='word_1_426' title='bbox 3462 2470 3715 2525; x_wconf 74' lang='lat' dir='ltr'><strong>quzeenn-</strong></span> 
     </span>
    </p>
   </div>
   <div class='ocr_carea' id='block_1_55' title="bbox 2122 2537 3717 2618">
    <p class='ocr_par' dir='ltr' id='par_1_55' title="bbox 2122 2537 3717 2618">
     <span class='ocr_line' id='line_1_55' title="bbox 2122 2537 3717 2618; baseline 0.008 -28"><span class='ocrx_word' id='word_1_427' title='bbox 2122 2552 2229 2606; x_wconf 91' lang='lat' dir='ltr'><strong>que</strong></span> <span class='ocrx_word' id='word_1_428' title='bbox 2260 2537 2339 2593; x_wconf 87' lang='lat' dir='ltr'><strong>vel</strong></span> <span class='ocrx_word' id='word_1_429' title='bbox 2369 2537 2658 2607; x_wconf 70' lang='lat' dir='ltr'><strong>praedicam</strong></span> <span class='ocrx_word' id='word_1_430' title='bbox 2684 2545 2768 2592; x_wconf 89' lang='lat' dir='ltr'><strong>est</strong></span> <span class='ocrx_word' id='word_1_431' title='bbox 2790 2537 2957 2593; x_wconf 88' lang='lat' dir='ltr'><strong>verbo</strong></span> <span class='ocrx_word' id='word_1_432' title='bbox 2996 2539 3080 2595; x_wconf 92' lang='lat' dir='ltr'><strong>vel</strong></span> <span class='ocrx_word' id='word_1_433' title='bbox 3110 2540 3407 2618; x_wconf 84' lang='lat' dir='ltr'><strong>adjacenti,</strong></span> <span class='ocrx_word' id='word_1_434' title='bbox 3440 2554 3494 2601; x_wconf 90' lang='lat' dir='ltr'><strong>et</strong></span> <span class='ocrx_word' id='word_1_435' title='bbox 3521 2548 3717 2615; x_wconf 86' lang='lat' dir='ltr'><strong>praedi-</strong></span> 
     </span>
    </p>
   </div>
   <div class='ocr_carea' id='block_1_56' title="bbox 2122 2629 3715 2709">
    <p class='ocr_par' dir='ltr' id='par_1_56' title="bbox 2122 2629 3715 2709">
     <span class='ocr_line' id='line_1_56' title="bbox 2122 2629 3715 2709; baseline 0.008 -24"><span class='ocrx_word' id='word_1_436' title='bbox 2122 2638 2243 2686; x_wconf 89' lang='lat' dir='ltr'><strong>cato</strong></span> <span class='ocrx_word' id='word_1_437' title='bbox 2291 2630 2444 2685; x_wconf 87' lang='lat' dir='ltr'><strong>ﬁunt.</strong></span> <span class='ocrx_word' id='word_1_438' title='bbox 2491 2629 2665 2698; x_wconf 83' lang='lat' dir='ltr'><strong>Quare</strong></span> <span class='ocrx_word' id='word_1_439' title='bbox 2705 2632 2955 2699; x_wconf 85' lang='lat' dir='ltr'><strong>quoniam</strong></span> <span class='ocrx_word' id='word_1_440' title='bbox 2988 2642 3103 2690; x_wconf 91' lang='lat' dir='ltr'><strong>tres</strong></span> <span class='ocrx_word' id='word_1_441' title='bbox 3130 2644 3257 2691; x_wconf 87' lang='lat' dir='ltr'><strong>sunt</strong></span> <span class='ocrx_word' id='word_1_442' title='bbox 3285 2636 3403 2694; x_wconf 86' lang='lat' dir='ltr'><strong>aliae</strong></span> <span class='ocrx_word' id='word_1_443' title='bbox 3429 2640 3715 2709; x_wconf 87' lang='lat' dir='ltr'><strong>qualitates</strong></span> 
     </span>
    </p>
   </div>
   <div class='ocr_carea' id='block_1_57' title="bbox 2124 2725 3715 2803">
    <p class='ocr_par' dir='ltr' id='par_1_57' title="bbox 2124 2725 3715 2803">
     <span class='ocr_line' id='line_1_57' title="bbox 2124 2725 3715 2803; baseline 0.006 -24"><span class='ocrx_word' id='word_1_444' title='bbox 2124 2725 2546 2795; x_wconf 88' lang='lat' dir='ltr'><strong>propositionum</strong></span> <span class='ocrx_word' id='word_1_445' title='bbox 2573 2740 2694 2796; x_wconf 69' lang='lat' dir='ltr'><strong>qua:</strong></span> <span class='ocrx_word' id='word_1_446' title='bbox 2743 2736 2867 2781; x_wconf 86' lang='lat' dir='ltr'><strong>sunt</strong></span> <span class='ocrx_word' id='word_1_447' title='bbox 2895 2729 3209 2784; x_wconf 83' lang='lat' dir='ltr'><strong>necessariae</strong></span> <span class='ocrx_word' id='word_1_448' title='bbox 3240 2732 3633 2803; x_wconf 88' lang='lat' dir='ltr'><strong>contingentes,</strong></span> <span class='ocrx_word' id='word_1_449' title='bbox 3661 2744 3715 2789; x_wconf 88' lang='lat' dir='ltr'><strong>et</strong></span> 
     </span>
    </p>
   </div>
   <div class='ocr_carea' id='block_1_58' title="bbox 2123 2816 3801 2894">
    <p class='ocr_par' dir='ltr' id='par_1_58' title="bbox 2123 2816 3801 2894">
     <span class='ocr_line' id='line_1_58' title="bbox 2123 2816 3801 2894; baseline 0.006 -23"><span class='ocrx_word' id='word_1_450' title='bbox 2123 2816 2189 2884; x_wconf 51' lang='lat' dir='ltr'><strong>in.</strong></span> <span class='ocrx_word' id='word_1_451' title='bbox 2207 2831 2327 2872; x_wconf 90' lang='lat' dir='ltr'><strong>esse</strong></span> <span class='ocrx_word' id='word_1_452' title='bbox 2358 2825 2560 2872; x_wconf 86' lang='lat' dir='ltr'><strong>tantum</strong></span> <span class='ocrx_word' id='word_1_453' title='bbox 2590 2818 2972 2888; x_wconf 87' lang='lat' dir='ltr'><strong>signiﬁcantes,</strong></span> <span class='ocrx_word' id='word_1_454' title='bbox 3002 2821 3297 2877; x_wconf 89' lang='lat' dir='ltr'><strong>secundum</strong></span> <span class='ocrx_word' id='word_1_455' title='bbox 3326 2838 3461 2892; x_wconf 90' lang='lat' dir='ltr'><strong>quas</strong></span> <span class='ocrx_word' id='word_1_456' title='bbox 3486 2826 3714 2894; x_wconf 87' lang='lat' dir='ltr'><strong>qualita-</strong></span> <span class='ocrx_word' id='word_1_457' title='bbox 3794 2882 3801 2888; x_wconf 68' lang='grc'><strong>,</strong></span> 
     </span>
    </p>
   </div>
   <div class='ocr_carea' id='block_1_59' title="bbox 2122 2909 3712 2987">
    <p class='ocr_par' dir='ltr' id='par_1_59' title="bbox 2122 2909 3712 2987">
     <span class='ocr_line' id='line_1_59' title="bbox 2122 2909 3712 2987; baseline 0.006 -23"><span class='ocrx_word' id='word_1_458' title='bbox 2122 2916 2202 2964; x_wconf 88' lang='lat' dir='ltr'><strong>tes</strong></span> <span class='ocrx_word' id='word_1_459' title='bbox 2238 2909 2353 2964; x_wconf 71' lang='lat' dir='ltr'><strong>ista:</strong></span> <span class='ocrx_word' id='word_1_460' title='bbox 2386 2924 2573 2964; x_wconf 79' lang='lat' dir='ltr'><strong>omnes</strong></span> <span class='ocrx_word' id='word_1_461' title='bbox 2600 2910 2994 2980; x_wconf 87' lang='lat' dir='ltr'><strong>propositiones</strong></span> <span class='ocrx_word' id='word_1_462' title='bbox 3021 2912 3403 2983; x_wconf 84' lang='lat' dir='ltr'><strong>proferuntur;</strong></span> <span class='ocrx_word' id='word_1_463' title='bbox 3448 2914 3546 2971; x_wconf 79' lang='lat' dir='ltr'><strong>has</strong></span> <span class='ocrx_word' id='word_1_464' title='bbox 3578 2934 3712 2987; x_wconf 77' lang='lat' dir='ltr'><strong>qua—</strong></span> 
     </span>
    </p>
   </div>
   <div class='ocr_carea' id='block_1_60' title="bbox 2119 3000 3711 3072">
    <p class='ocr_par' dir='ltr' id='par_1_60' title="bbox 2119 3000 3711 3072">
     <span class='ocr_line' id='line_1_60' title="bbox 2119 3000 3711 3072; baseline 0.006 -16"><span class='ocrx_word' id='word_1_465' title='bbox 2119 3000 2363 3071; x_wconf 88' lang='lat' dir='ltr'><strong>draginta</strong></span> <span class='ocrx_word' id='word_1_466' title='bbox 2393 3011 2514 3057; x_wconf 90' lang='lat' dir='ltr'><strong>octo</strong></span> <span class='ocrx_word' id='word_1_467' title='bbox 2546 3001 2940 3072; x_wconf 89' lang='lat' dir='ltr'><strong>propositiones</strong></span> <span class='ocrx_word' id='word_1_468' title='bbox 2960 3006 3005 3060; x_wconf 91' lang='lat' dir='ltr'><strong>si</strong></span> <span class='ocrx_word' id='word_1_469' title='bbox 3034 3004 3089 3060; x_wconf 92' lang='lat' dir='ltr'><strong>in</strong></span> <span class='ocrx_word' id='word_1_470' title='bbox 3115 3007 3408 3062; x_wconf 89' lang='lat' dir='ltr'><strong>ternarium</strong></span> <span class='ocrx_word' id='word_1_471' title='bbox 3429 3024 3711 3066; x_wconf 87' lang='lat' dir='ltr'><strong>numerum</strong></span> 
     </span>
    </p>
   </div>
   <div class='ocr_carea' id='block_1_61' title="bbox 2117 3095 3712 3175">
    <p class='ocr_par' dir='ltr' id='par_1_61' title="bbox 2117 3095 3712 3175">
     <span class='ocr_line' id='line_1_61' title="bbox 2117 3095 3712 3175; baseline 0.007 -25"><span class='ocrx_word' id='word_1_472' title='bbox 2117 3095 2446 3162; x_wconf 78' lang='lat' dir='ltr'><strong>duxerimus,</strong></span> <span class='ocrx_word' id='word_1_473' title='bbox 2476 3095 2683 3150; x_wconf 89' lang='lat' dir='ltr'><strong>scilicet</strong></span> <span class='ocrx_word' id='word_1_474' title='bbox 2707 3097 3002 3153; x_wconf 90' lang='lat' dir='ltr'><strong>secundum</strong></span> <span class='ocrx_word' id='word_1_475' title='bbox 3034 3100 3459 3168; x_wconf 86' lang='lat' dir='ltr'><strong>propositionum</strong></span> <span class='ocrx_word' id='word_1_476' title='bbox 3488 3105 3712 3175; x_wconf 86' lang='lat' dir='ltr'><strong>qualita-</strong></span> 
     </span>
    </p>
   </div>
   <div class='ocr_carea' id='block_1_62' title="bbox 430 3178 2058 3270">
    <p class='ocr_par' dir='ltr' id='par_1_62' title="bbox 430 3178 2058 3265">
     <span class='ocr_line' id='line_1_62' title="bbox 430 3178 2058 3265; baseline 0.015 -36"><span class='ocrx_word' id='word_1_477' title='bbox 430 3178 664 3233; x_wconf 88' lang='lat' dir='ltr'><strong>omnium</strong></span> <span class='ocrx_word' id='word_1_478' title='bbox 696 3196 974 3239; x_wconf 86' lang='lat' dir='ltr'><strong>numerum</strong></span> <span class='ocrx_word' id='word_1_479' title='bbox 1003 3226 1019 3252; x_wconf 91' lang='lat'><strong>,</strong></span> <span class='ocrx_word' id='word_1_480' title='bbox 1048 3185 1117 3242; x_wconf 89' lang='lat' dir='ltr'><strong>de</strong></span> <span class='ocrx_word' id='word_1_481' title='bbox 1147 3187 1337 3257; x_wconf 88' lang='lat' dir='ltr'><strong>quibus</strong></span> <span class='ocrx_word' id='word_1_482' title='bbox 1390 3189 1444 3244; x_wconf 92' lang='lat' dir='ltr'><strong>in</strong></span> <span class='ocrx_word' id='word_1_483' title='bbox 1489 3193 1589 3247; x_wconf 88' lang='lat' dir='ltr'><strong>hac</strong></span> <span class='ocrx_word' id='word_1_484' title='bbox 1634 3192 1753 3248; x_wconf 91' lang='lat' dir='ltr'><strong>libri</strong></span> <span class='ocrx_word' id='word_1_485' title='bbox 1781 3186 2058 3265; x_wconf 67' lang='lat' dir='ltr'><strong>diSputa-‘</strong></span> 
     </span>
    </p>
   </div>
   <div class='ocr_carea' id='block_1_63' title="bbox 2122 3178 3710 3270">
    <p class='ocr_par' dir='ltr' id='par_1_63' title="bbox 2124 3187 3710 3270">
     <span class='ocr_line' id='line_1_63' title="bbox 2124 3187 3710 3270; baseline 0.004 -27"><span class='ocrx_word' id='word_1_486' title='bbox 2124 3198 2237 3256; x_wconf 90' lang='lat' dir='ltr'><strong>tes,</strong></span> <span class='ocrx_word' id='word_1_487' title='bbox 2271 3196 2486 3256; x_wconf 84' lang='lat' dir='ltr'><strong>centum</strong></span> <span class='ocrx_word' id='word_1_488' title='bbox 2529 3187 2881 3259; x_wconf 87' lang='lat' dir='ltr'><strong>quadraginta</strong></span> <span class='ocrx_word' id='word_1_489' title='bbox 2925 3201 3154 3261; x_wconf 88' lang='lat' dir='ltr'><strong>quatuor</strong></span> <span class='ocrx_word' id='word_1_490' title='bbox 3182 3194 3422 3270; x_wconf 84' lang='lat' dir='ltr'><strong>omnium</strong></span> <span class='ocrx_word' id='word_1_491' title='bbox 3464 3198 3710 3267; x_wconf 81' lang='lat' dir='ltr'><strong>proposi-</strong></span> 
     </span>
    </p>
   </div>
   <div class='ocr_carea' id='block_1_64' title="bbox 427 3269 2015 3358">
    <p class='ocr_par' dir='ltr' id='par_1_64' title="bbox 427 3269 2015 3358">
     <span class='ocr_line' id='line_1_64' title="bbox 427 3269 2015 3358; baseline 0.014 -36"><span class='ocrx_word' id='word_1_492' title='bbox 427 3269 570 3324; x_wconf 90' lang='lat' dir='ltr'><strong>tione</strong></span> <span class='ocrx_word' id='word_1_493' title='bbox 592 3275 890 3343; x_wconf 87' lang='lat' dir='ltr'><strong>perpendit,</strong></span> <span class='ocrx_word' id='word_1_494' title='bbox 919 3276 1075 3334; x_wconf 91' lang='lat' dir='ltr'><strong>nimis</strong></span> <span class='ocrx_word' id='word_1_495' title='bbox 1100 3278 1167 3334; x_wconf 88' lang='lat' dir='ltr'><strong>ad</strong></span> <span class='ocrx_word' id='word_1_496' title='bbox 1197 3295 1308 3336; x_wconf 90' lang='lat' dir='ltr'><strong>rem</strong></span> <span class='ocrx_word' id='word_1_497' title='bbox 1342 3283 1696 3351; x_wconf 88' lang='lat' dir='ltr'><strong>pertinentem</strong></span> <span class='ocrx_word' id='word_1_498' title='bbox 1726 3297 1884 3358; x_wconf 88' lang='lat' dir='ltr'><strong>atque</strong></span> <span class='ocrx_word' id='word_1_499' title='bbox 1912 3292 2015 3345; x_wconf 89' lang='lat' dir='ltr'><strong>uti-</strong></span> 
     </span>
    </p>
   </div>
   <div class='ocr_carea' id='block_1_65' title="bbox 425 3360 2007 3446">
    <p class='ocr_par' dir='ltr' id='par_1_65' title="bbox 425 3360 2007 3446">
     <span class='ocr_line' id='line_1_65' title="bbox 425 3360 2007 3446; baseline 0.015 -31"><span class='ocrx_word' id='word_1_500' title='bbox 425 3360 528 3417; x_wconf 89' lang='lat' dir='ltr'><strong>lem</strong></span> <span class='ocrx_word' id='word_1_501' title='bbox 558 3366 961 3436; x_wconf 78' lang='lat' dir='ltr'><strong>transferamus,</strong></span> <span class='ocrx_word' id='word_1_502' title='bbox 995 3381 1047 3427; x_wconf 91' lang='lat' dir='ltr'><strong>ct</strong></span> <span class='ocrx_word' id='word_1_503' title='bbox 1079 3373 1226 3443; x_wconf 89' lang='lat' dir='ltr'><strong>prius</strong></span> <span class='ocrx_word' id='word_1_504' title='bbox 1256 3377 1685 3446; x_wconf 90' lang='lat' dir='ltr'><strong>perspiciendum</strong></span> <span class='ocrx_word' id='word_1_505' title='bbox 1717 3388 1801 3436; x_wconf 89' lang='lat' dir='ltr'><strong>est</strong></span> <span class='ocrx_word' id='word_1_506' title='bbox 1828 3381 1883 3437; x_wconf 94' lang='lat' dir='ltr'><strong>in</strong></span> <span class='ocrx_word' id='word_1_507' title='bbox 1914 3397 2007 3439; x_wconf 90' lang='lat' dir='ltr'><strong>ca-</strong></span> 
     </span>
    </p>
   </div>
   <div class='ocr_carea' id='block_1_66' title="bbox 424 3456 2013 3541">
    <p class='ocr_par' dir='ltr' id='par_1_66' title="bbox 424 3456 2013 3541">
     <span class='ocr_line' id='line_1_66' title="bbox 424 3456 2013 3541; baseline 0.015 -35"><span class='ocrx_word' id='word_1_508' title='bbox 424 3456 670 3524; x_wconf 88' lang='lat' dir='ltr'><strong>tegoricis</strong></span> <span class='ocrx_word' id='word_1_509' title='bbox 695 3463 1145 3531; x_wconf 89' lang='lat' dir='ltr'><strong>propositionibus</strong></span> <span class='ocrx_word' id='word_1_510' title='bbox 1167 3477 1297 3537; x_wconf 92' lang='lat' dir='ltr'><strong>quot</strong></span> <span class='ocrx_word' id='word_1_511' title='bbox 1322 3468 1614 3526; x_wconf 71' lang='lat' dir='ltr'><strong>indeﬁnite:</strong></span> <span class='ocrx_word' id='word_1_512' title='bbox 1639 3471 1766 3530; x_wconf 91' lang='lat' dir='ltr'><strong>sint.</strong></span> <span class='ocrx_word' id='word_1_513' title='bbox 1791 3473 2013 3541; x_wconf 63' lang='lat' dir='ltr'><strong>Quantae</strong></span> 
     </span>
    </p>
   </div>
   <div class='ocr_carea' id='block_1_67' title="bbox 423 3545 2015 3629">
    <p class='ocr_par' dir='ltr' id='par_1_67' title="bbox 423 3545 2015 3629">
     <span class='ocr_line' id='line_1_67' title="bbox 423 3545 2015 3629; baseline 0.015 -31"><span class='ocrx_word' id='word_1_514' title='bbox 423 3545 563 3599; x_wconf 89' lang='lat' dir='ltr'><strong>enim</strong></span> <span class='ocrx_word' id='word_1_515' title='bbox 613 3547 811 3615; x_wconf 89' lang='lat' dir='ltr'><strong>fuerint</strong></span> <span class='ocrx_word' id='word_1_516' title='bbox 854 3552 1145 3612; x_wconf 75' lang='lat' dir='ltr'><strong>indeﬁnita:</strong></span> <span class='ocrx_word' id='word_1_517' title='bbox 1169 3596 1187 3625; x_wconf 89' lang='lat'><strong>,</strong></span> <span class='ocrx_word' id='word_1_518' title='bbox 1220 3566 1299 3613; x_wconf 89' lang='lat' dir='ltr'><strong>tot</strong></span> <span class='ocrx_word' id='word_1_519' title='bbox 1335 3569 1493 3615; x_wconf 90' lang='lat' dir='ltr'><strong>erunt</strong></span> <span class='ocrx_word' id='word_1_520' title='bbox 1538 3561 1865 3619; x_wconf 84' lang='lat' dir='ltr'><strong>universales</strong></span> <span class='ocrx_word' id='word_1_521' title='bbox 1889 3604 1905 3629; x_wconf 92' lang='lat'><strong>,</strong></span> <span class='ocrx_word' id='word_1_522' title='bbox 1937 3574 2015 3622; x_wconf 90' lang='lat' dir='ltr'><strong>tot</strong></span> 
     </span>
    </p>
   </div>
   <div class='ocr_carea' id='block_1_68' title="bbox 423 3636 2006 3723">
    <p class='ocr_par' dir='ltr' id='par_1_68' title="bbox 423 3636 2006 3723">
     <span class='ocr_line' id='line_1_68' title="bbox 423 3636 2006 3723; baseline 0.013 -32"><span class='ocrx_word' id='word_1_523' title='bbox 423 3636 805 3709; x_wconf 88' lang='lat' dir='ltr'><strong>particulares,</strong></span> <span class='ocrx_word' id='word_1_524' title='bbox 858 3654 935 3700; x_wconf 92' lang='lat' dir='ltr'><strong>tot</strong></span> <span class='ocrx_word' id='word_1_525' title='bbox 987 3648 1334 3719; x_wconf 89' lang='lat' dir='ltr'><strong>singularium</strong></span> <span class='ocrx_word' id='word_1_526' title='bbox 1399 3662 1559 3723; x_wconf 88' lang='lat' dir='ltr'><strong>atque</strong></span> <span class='ocrx_word' id='word_1_527' title='bbox 1610 3653 2006 3712; x_wconf 89' lang='lat' dir='ltr'><strong>individuorunt</strong></span> 
     </span>
    </p>
   </div>
   <div class='ocr_carea' id='block_1_69' title="bbox 428 3732 2010 3819">
    <p class='ocr_par' dir='ltr' id='par_1_69' title="bbox 428 3732 2010 3819">
     <span class='ocr_line' id='line_1_69' title="bbox 428 3732 2010 3819; baseline 0.015 -38"><span class='ocrx_word' id='word_1_528' title='bbox 428 3732 820 3799; x_wconf 70' lang='lat' dir='ltr'><strong>aropositiones</strong></span> <span class='ocrx_word' id='word_1_529' title='bbox 839 3776 855 3802; x_wconf 91' lang='lat'><strong>,</strong></span> <span class='ocrx_word' id='word_1_530' title='bbox 891 3746 943 3793; x_wconf 93' lang='lat' dir='ltr'><strong>et</strong></span> <span class='ocrx_word' id='word_1_531' title='bbox 973 3741 1118 3808; x_wconf 90' lang='lat' dir='ltr'><strong>prius</strong></span> <span class='ocrx_word' id='word_1_532' title='bbox 1146 3742 1360 3812; x_wconf 88' lang='lat' dir='ltr'><strong>quidem</strong></span> <span class='ocrx_word' id='word_1_533' title='bbox 1391 3743 1776 3802; x_wconf 86' lang='lat' dir='ltr'><strong>afﬁrmationes</strong></span> <span class='ocrx_word' id='word_1_534' title='bbox 1806 3749 2010 3819; x_wconf 89' lang='lat' dir='ltr'><strong>perspi-</strong></span> 
     </span>
    </p>
   </div>
   <div class='ocr_carea' id='block_1_70' title="bbox 424 3819 2007 3907">
    <p class='ocr_par' dir='ltr' id='par_1_70' title="bbox 424 3819 2007 3907">
     <span class='ocr_line' id='line_1_70' title="bbox 424 3819 2007 3907; baseline 0.011 -30"><span class='ocrx_word' id='word_1_535' title='bbox 424 3819 625 3879; x_wconf 85' lang='lat' dir='ltr'><strong>liamus</strong></span> <span class='ocrx_word' id='word_1_536' title='bbox 649 3824 750 3882; x_wconf 85' lang='lat' dir='ltr'><strong>hoc</strong></span> <span class='ocrx_word' id='word_1_537' title='bbox 771 3828 949 3885; x_wconf 88' lang='lat' dir='ltr'><strong>modo.</strong></span> <span class='ocrx_word' id='word_1_538' title='bbox 983 3830 1219 3905; x_wconf 84' lang='lat' dir='ltr'><strong>Quatuor</strong></span> <span class='ocrx_word' id='word_1_539' title='bbox 1247 3834 1389 3891; x_wconf 83' lang='lat' dir='ltr'><strong>modi</strong></span> <span class='ocrx_word' id='word_1_540' title='bbox 1410 3846 1536 3893; x_wconf 90' lang='lat' dir='ltr'><strong>sunt</strong></span> <span class='ocrx_word' id='word_1_541' title='bbox 1560 3839 2007 3907; x_wconf 83' lang='lat' dir='ltr'><strong>propositionum,</strong></span> 
     </span>
    </p>
   </div>
   <div class='ocr_carea' id='block_1_71' title="bbox 2122 3278 3709 3359">
    <p class='ocr_par' dir='ltr' id='par_1_71' title="bbox 2122 3278 3709 3359">
     <span class='ocr_line' id='line_1_71' title="bbox 2122 3278 3709 3359; baseline 0.006 -26"><span class='ocrx_word' id='word_1_542' title='bbox 2122 3280 2325 3336; x_wconf 91' lang='lat' dir='ltr'><strong>tionum</strong></span> <span class='ocrx_word' id='word_1_543' title='bbox 2358 3278 2846 3349; x_wconf 86' lang='lat' dir='ltr'><strong>praedicativarnm,</strong></span> <span class='ocrx_word' id='word_1_544' title='bbox 2877 3279 2947 3335; x_wconf 89' lang='lat' dir='ltr'><strong>de</strong></span> <span class='ocrx_word' id='word_1_545' title='bbox 2974 3281 3165 3350; x_wconf 90' lang='lat' dir='ltr'><strong>quibus</strong></span> <span class='ocrx_word' id='word_1_546' title='bbox 3198 3283 3301 3338; x_wconf 86' lang='lat' dir='ltr'><strong>ltoc</strong></span> <span class='ocrx_word' id='word_1_547' title='bbox 3330 3283 3467 3341; x_wconf 91' lang='lat' dir='ltr'><strong>libro</strong></span> <span class='ocrx_word' id='word_1_548' title='bbox 3496 3293 3709 3359; x_wconf 75' lang='lat' dir='ltr'><strong>tremat,</strong></span> 
     </span>
    </p>
   </div>
   <div class='ocr_carea' id='block_1_72' title="bbox 2120 3370 3713 3450">
    <p class='ocr_par' dir='ltr' id='par_1_72' title="bbox 2120 3370 3713 3450">
     <span class='ocr_line' id='line_1_72' title="bbox 2120 3370 3713 3450; baseline 0.009 -27"><span class='ocrx_word' id='word_1_549' title='bbox 2120 3371 2481 3425; x_wconf 88' lang='lat' dir='ltr'><strong>numerositas</strong></span> <span class='ocrx_word' id='word_1_550' title='bbox 2502 3378 2729 3440; x_wconf 82' lang='lat' dir='ltr'><strong>crescet.</strong></span> <span class='ocrx_word' id='word_1_551' title='bbox 2764 3370 2870 3426; x_wconf 90' lang='lat' dir='ltr'><strong>Sed</strong></span> <span class='ocrx_word' id='word_1_552' title='bbox 2901 3386 3044 3427; x_wconf 90' lang='lat' dir='ltr'><strong>nunc</strong></span> <span class='ocrx_word' id='word_1_553' title='bbox 3068 3382 3266 3443; x_wconf 78' lang='lat' dir='ltr'><strong>praeter</strong></span> <span class='ocrx_word' id='word_1_554' title='bbox 3292 3376 3389 3434; x_wconf 85' lang='lat' dir='ltr'><strong>has</strong></span> <span class='ocrx_word' id='word_1_555' title='bbox 3415 3386 3526 3435; x_wconf 85' lang='lat' dir='ltr'><strong>tres</strong></span> <span class='ocrx_word' id='word_1_556' title='bbox 3545 3381 3713 3450; x_wconf 88' lang='lat' dir='ltr'><strong>quali-</strong></span> 
     </span>
    </p>
   </div>
   <div class='ocr_carea' id='block_1_73' title="bbox 2121 3462 3715 3539">
    <p class='ocr_par' dir='ltr' id='par_1_73' title="bbox 2121 3462 3715 3539">
     <span class='ocr_line' id='line_1_73' title="bbox 2121 3462 3715 3539; baseline 0.007 -24"><span class='ocrx_word' id='word_1_557' title='bbox 2121 3469 2259 3517; x_wconf 88' lang='lat' dir='ltr'><strong>tates</strong></span> <span class='ocrx_word' id='word_1_558' title='bbox 2289 3476 2382 3516; x_wconf 90' lang='lat' dir='ltr'><strong>eas</strong></span> <span class='ocrx_word' id='word_1_559' title='bbox 2408 3477 2528 3532; x_wconf 73' lang='lat' dir='ltr'><strong>qua:</strong></span> <span class='ocrx_word' id='word_1_560' title='bbox 2559 3470 2720 3527; x_wconf 90' lang='lat' dir='ltr'><strong>sunt,</strong></span> <span class='ocrx_word' id='word_1_561' title='bbox 2753 3462 3107 3533; x_wconf 87' lang='lat' dir='ltr'><strong>quadraginta</strong></span> <span class='ocrx_word' id='word_1_562' title='bbox 3152 3476 3275 3522; x_wconf 90' lang='lat' dir='ltr'><strong>octo</strong></span> <span class='ocrx_word' id='word_1_563' title='bbox 3317 3470 3715 3539; x_wconf 74' lang='lat' dir='ltr'><strong>propositiones</strong></span> 
     </span>
    </p>
   </div>
   <div class='ocr_carea' id='block_1_74' title="bbox 2118 3555 3715 3634">
    <p class='ocr_par' dir='ltr' id='par_1_74' title="bbox 2118 3555 3715 3634">
     <span class='ocr_line' id='line_1_74' title="bbox 2118 3555 3715 3634; baseline 0.003 -21"><span class='ocrx_word' id='word_1_564' title='bbox 2118 3572 2239 3613; x_wconf 90' lang='lat' dir='ltr'><strong>cum</strong></span> <span class='ocrx_word' id='word_1_565' title='bbox 2271 3555 2643 3627; x_wconf 87' lang='lat' dir='ltr'><strong>negationibns</strong></span> <span class='ocrx_word' id='word_1_566' title='bbox 2670 3555 2811 3621; x_wconf 89' lang='lat' dir='ltr'><strong>suis;</strong></span> <span class='ocrx_word' id='word_1_567' title='bbox 2852 3571 2985 3626; x_wconf 90' lang='lat' dir='ltr'><strong>quas</strong></span> <span class='ocrx_word' id='word_1_568' title='bbox 3010 3557 3052 3613; x_wconf 87' lang='lat' dir='ltr'><strong>si</strong></span> <span class='ocrx_word' id='word_1_569' title='bbox 3086 3572 3181 3628; x_wconf 82' lang='lat' dir='ltr'><strong>per</strong></span> <span class='ocrx_word' id='word_1_570' title='bbox 3206 3560 3490 3629; x_wconf 87' lang='lat' dir='ltr'><strong>qualitates</strong></span> <span class='ocrx_word' id='word_1_571' title='bbox 3518 3578 3715 3634; x_wconf 75' lang='lat' dir='ltr'><strong>prope-</strong></span> 
     </span>
    </p>
   </div>
   <div class='ocr_carea' id='block_1_75' title="bbox 2121 3646 3716 3719">
    <p class='ocr_par' dir='ltr' id='par_1_75' title="bbox 2121 3646 3716 3719">
     <span class='ocr_line' id='line_1_75' title="bbox 2121 3646 3716 3719; baseline 0.003 -15"><span class='ocrx_word' id='word_1_572' title='bbox 2121 3649 2358 3717; x_wconf 86' lang='lat' dir='ltr'><strong>sitionis,</strong></span> <span class='ocrx_word' id='word_1_573' title='bbox 2389 3648 2747 3703; x_wconf 83' lang='lat' dir='ltr'><strong>necessariam</strong></span> <span class='ocrx_word' id='word_1_574' title='bbox 2779 3646 2988 3703; x_wconf 85' lang='lat' dir='ltr'><strong>scilicet</strong></span> <span class='ocrx_word' id='word_1_575' title='bbox 3027 3650 3428 3719; x_wconf 82' lang='lat' dir='ltr'><strong>contingentem</strong></span> <span class='ocrx_word' id='word_1_576' title='bbox 3460 3662 3514 3708; x_wconf 89' lang='lat' dir='ltr'><strong>et</strong></span> <span class='ocrx_word' id='word_1_577' title='bbox 3539 3656 3716 3709; x_wconf 85' lang='lat' dir='ltr'><strong>inesse</strong></span> 
     </span>
    </p>
   </div>
   <div class='ocr_carea' id='block_1_76' title="bbox 2114 3737 3713 3816">
    <p class='ocr_par' dir='ltr' id='par_1_76' title="bbox 2114 3737 3713 3816">
     <span class='ocr_line' id='line_1_76' title="bbox 2114 3737 3713 3816; baseline 0.004 -21"><span class='ocrx_word' id='word_1_578' title='bbox 2114 3740 2503 3812; x_wconf 80' lang='lat' dir='ltr'><strong>signiﬁcantem</strong></span> <span class='ocrx_word' id='word_1_579' title='bbox 2561 3737 3023 3806; x_wconf 89' lang='lat' dir='ltr'><strong>multiplicavero,</strong></span> <span class='ocrx_word' id='word_1_580' title='bbox 3093 3751 3309 3798; x_wconf 85' lang='lat' dir='ltr'><strong>centum</strong></span> <span class='ocrx_word' id='word_1_581' title='bbox 3366 3743 3713 3816; x_wconf 72' lang='lat' dir='ltr'><strong>quadraginta</strong></span> 
     </span>
    </p>
   </div>
   <div class='ocr_carea' id='block_1_77' title="bbox 2122 3828 3138 3905">
    <p class='ocr_par' dir='ltr' id='par_1_77' title="bbox 2122 3828 3138 3905">
     <span class='ocr_line' id='line_1_77' title="bbox 2122 3828 3138 3905; baseline -0.008 -15"><span class='ocrx_word' id='word_1_582' title='bbox 2122 3843 2354 3905; x_wconf 88' lang='lat' dir='ltr'><strong>quatuor</strong></span> <span class='ocrx_word' id='word_1_583' title='bbox 2388 3833 2539 3894; x_wconf 84' lang='lat' dir='ltr'><strong>ﬁent,</strong></span> <span class='ocrx_word' id='word_1_584' title='bbox 2566 3830 2751 3886; x_wconf 88' lang='lat' dir='ltr'><strong>subter</strong></span> <span class='ocrx_word' id='word_1_585' title='bbox 2780 3828 3138 3899; x_wconf 80' lang='lat' dir='ltr'><strong>ascripsimus.</strong></span> 
     </span>
    </p>
   </div>
   <div class='ocr_carea' id='block_1_78' title="bbox 2055 3945 2495 4006">
    <p class='ocr_par' dir='ltr' id='par_1_78' title="bbox 2055 3945 2495 4006">
     <span class='ocr_line' id='line_1_78' title="bbox 2055 3945 2495 4006; baseline -0.02 0"><span class='ocrx_word' id='word_1_586' title='bbox 2055 3948 2172 4006; x_wconf 80' lang='lat' dir='ltr'><strong>Non</strong></span> <span class='ocrx_word' id='word_1_587' title='bbox 2203 3958 2285 4003; x_wconf 87' lang='lat' dir='ltr'><strong>est</strong></span> <span class='ocrx_word' id='word_1_588' title='bbox 2313 3945 2495 4000; x_wconf 88' lang='lat' dir='ltr'><strong>homo.</strong></span> 
     </span>
    </p>
   </div>
   <div class='ocr_carea' id='block_1_79' title="bbox 2054 4038 2694 4101">
    <p class='ocr_par' dir='ltr' id='par_1_79' title="bbox 2054 4038 2694 4101">
     <span class='ocr_line' id='line_1_79' title="bbox 2054 4038 2694 4101; baseline -0.019 0"><span class='ocrx_word' id='word_1_589' title='bbox 2054 4046 2170 4101; x_wconf 83' lang='lat' dir='ltr'><strong>Non</strong></span> <span class='ocrx_word' id='word_1_590' title='bbox 2196 4051 2279 4099; x_wconf 88' lang='lat' dir='ltr'><strong>est</strong></span> <span class='ocrx_word' id='word_1_591' title='bbox 2306 4039 2485 4096; x_wconf 91' lang='lat' dir='ltr'><strong>omnis</strong></span> <span class='ocrx_word' id='word_1_592' title='bbox 2514 4038 2694 4092; x_wconf 83' lang='lat' dir='ltr'><strong>homo.</strong></span> 
     </span>
    </p>
   </div>
   <div class='ocr_carea' id='block_1_80' title="bbox 2054 4130 2738 4203">
    <p class='ocr_par' dir='ltr' id='par_1_80' title="bbox 2054 4130 2738 4203">
     <span class='ocr_line' id='line_1_80' title="bbox 2054 4130 2738 4203; baseline -0.013 -11"><span class='ocrx_word' id='word_1_593' title='bbox 2054 4137 2171 4194; x_wconf 81' lang='lat' dir='ltr'><strong>Non</strong></span> <span class='ocrx_word' id='word_1_594' title='bbox 2200 4143 2285 4191; x_wconf 91' lang='lat' dir='ltr'><strong>est</strong></span> <span class='ocrx_word' id='word_1_595' title='bbox 2308 4130 2525 4203; x_wconf 90' lang='lat' dir='ltr'><strong>quidam</strong></span> <span class='ocrx_word' id='word_1_596' title='bbox 2557 4130 2738 4186; x_wconf 87' lang='lat' dir='ltr'><strong>homo.</strong></span> 
     </span>
    </p>
   </div>
   <div class='ocr_carea' id='block_1_81' title="bbox 2056 4229 2573 4289">
    <p class='ocr_par' dir='ltr' id='par_1_81' title="bbox 2056 4229 2573 4289">
     <span class='ocr_line' id='line_1_81' title="bbox 2056 4229 2573 4289; baseline -0.014 0"><span class='ocrx_word' id='word_1_597' title='bbox 2056 4232 2171 4289; x_wconf 82' lang='lat' dir='ltr'><strong>Non</strong></span> <span class='ocrx_word' id='word_1_598' title='bbox 2198 4238 2283 4286; x_wconf 88' lang='lat' dir='ltr'><strong>est</strong></span> <span class='ocrx_word' id='word_1_599' title='bbox 2304 4229 2573 4286; x_wconf 88' lang='lat' dir='ltr'><strong>Socrates.</strong></span> 
     </span>
    </p>
   </div>
   <div class='ocr_carea' id='block_1_82' title="bbox 2052 4344 2827 4418">
    <p class='ocr_par' dir='ltr' id='par_1_82' title="bbox 2052 4344 2827 4418">
     <span class='ocr_line' id='line_1_82' title="bbox 2052 4344 2827 4418; baseline -0.006 -13"><span class='ocrx_word' id='word_1_600' title='bbox 2052 4349 2168 4405; x_wconf 85' lang='lat' dir='ltr'><strong>Non</strong></span> <span class='ocrx_word' id='word_1_601' title='bbox 2196 4356 2283 4405; x_wconf 89' lang='lat' dir='ltr'><strong>est</strong></span> <span class='ocrx_word' id='word_1_602' title='bbox 2304 4347 2480 4418; x_wconf 90' lang='lat' dir='ltr'><strong>justus</strong></span> <span class='ocrx_word' id='word_1_603' title='bbox 2509 4360 2616 4403; x_wconf 92' lang='lat' dir='ltr'><strong>non</strong></span> <span class='ocrx_word' id='word_1_604' title='bbox 2648 4344 2827 4403; x_wconf 87' lang='lat' dir='ltr'><strong>homo.</strong></span> 
     </span>
    </p>
   </div>
   <div class='ocr_carea' id='block_1_83' title="bbox 2048 4437 3005 4510">
    <p class='ocr_par' dir='ltr' id='par_1_83' title="bbox 2048 4437 3005 4510">
     <span class='ocr_line' id='line_1_83' title="bbox 2048 4437 3005 4510; baseline -0.006 -13"><span class='ocrx_word' id='word_1_605' title='bbox 2048 4441 2164 4497; x_wconf 77' lang='lat' dir='ltr'><strong>Non</strong></span> <span class='ocrx_word' id='word_1_606' title='bbox 2193 4449 2277 4497; x_wconf 91' lang='lat' dir='ltr'><strong>est</strong></span> <span class='ocrx_word' id='word_1_607' title='bbox 2297 4440 2475 4510; x_wconf 87' lang='lat' dir='ltr'><strong>justus</strong></span> <span class='ocrx_word' id='word_1_608' title='bbox 2496 4437 2671 4494; x_wconf 88' lang='lat' dir='ltr'><strong>omnis</strong></span> <span class='ocrx_word' id='word_1_609' title='bbox 2695 4454 2799 4494; x_wconf 91' lang='lat' dir='ltr'><strong>non</strong></span> <span class='ocrx_word' id='word_1_610' title='bbox 2824 4438 3005 4492; x_wconf 85' lang='lat' dir='ltr'><strong>homo.</strong></span> 
     </span>
    </p>
   </div>
   <div class='ocr_carea' id='block_1_84' title="bbox 2051 4530 3061 4601">
    <p class='ocr_par' dir='ltr' id='par_1_84' title="bbox 2051 4530 3061 4601">
     <span class='ocr_line' id='line_1_84' title="bbox 2051 4530 3061 4601; baseline -0.002 -12"><span class='ocrx_word' id='word_1_611' title='bbox 2051 4533 2168 4589; x_wconf 83' lang='lat' dir='ltr'><strong>Non</strong></span> <span class='ocrx_word' id='word_1_612' title='bbox 2192 4542 2285 4589; x_wconf 81' lang='lat' dir='ltr'><strong>est</strong></span> <span class='ocrx_word' id='word_1_613' title='bbox 2305 4532 2482 4601; x_wconf 87' lang='lat' dir='ltr'><strong>justus</strong></span> <span class='ocrx_word' id='word_1_614' title='bbox 2511 4532 2725 4601; x_wconf 89' lang='lat' dir='ltr'><strong>quidam</strong></span> <span class='ocrx_word' id='word_1_615' title='bbox 2751 4547 2856 4586; x_wconf 92' lang='lat' dir='ltr'><strong>non</strong></span> <span class='ocrx_word' id='word_1_616' title='bbox 2885 4530 3061 4587; x_wconf 86' lang='lat' dir='ltr'><strong>homo.</strong></span> 
     </span>
    </p>
   </div>
   <div class='ocr_carea' id='block_1_85' title="bbox 2047 4625 2910 4694">
    <p class='ocr_par' dir='ltr' id='par_1_85' title="bbox 2047 4625 2910 4694">
     <span class='ocr_line' id='line_1_85' title="bbox 2047 4625 2910 4694; baseline -0.002 -12"><span class='ocrx_word' id='word_1_617' title='bbox 2047 4626 2164 4682; x_wconf 82' lang='lat' dir='ltr'><strong>Non</strong></span> <span class='ocrx_word' id='word_1_618' title='bbox 2197 4636 2278 4682; x_wconf 89' lang='lat' dir='ltr'><strong>est</strong></span> <span class='ocrx_word' id='word_1_619' title='bbox 2304 4625 2477 4694; x_wconf 85' lang='lat' dir='ltr'><strong>justus</strong></span> <span class='ocrx_word' id='word_1_620' title='bbox 2510 4638 2614 4679; x_wconf 90' lang='lat' dir='ltr'><strong>non</strong></span> <span class='ocrx_word' id='word_1_621' title='bbox 2643 4626 2910 4680; x_wconf 79' lang='lat' dir='ltr'><strong>Socrates.</strong></span> 
     </span>
    </p>
   </div>
   <div class='ocr_carea' id='block_1_86' title="bbox 1070 3947 1369 4003">
    <p class='ocr_par' dir='ltr' id='par_1_86' title="bbox 1070 3947 1369 4003">
     <span class='ocr_line' id='line_1_86' title="bbox 1070 3947 1369 4003; baseline 0.007 -2"><span class='ocrx_word' id='word_1_622' title='bbox 1070 3947 1163 4002; x_wconf 87' lang='lat' dir='ltr'><strong>Est</strong></span> <span class='ocrx_word' id='word_1_623' title='bbox 1192 3947 1369 4003; x_wconf 89' lang='lat' dir='ltr'><strong>homo.</strong></span> 
     </span>
    </p>
   </div>
   <div class='ocr_carea' id='block_1_87' title="bbox 1066 4040 1578 4104">
    <p class='ocr_par' dir='ltr' id='par_1_87' title="bbox 1066 4040 1578 4104">
     <span class='ocr_line' id='line_1_87' title="bbox 1066 4040 1578 4104; baseline 0.014 -9"><span class='ocrx_word' id='word_1_624' title='bbox 1066 4040 1163 4096; x_wconf 86' lang='lat' dir='ltr'><strong>Est</strong></span> <span class='ocrx_word' id='word_1_625' title='bbox 1190 4044 1365 4098; x_wconf 90' lang='lat' dir='ltr'><strong>omnis</strong></span> <span class='ocrx_word' id='word_1_626' title='bbox 1397 4045 1578 4104; x_wconf 88' lang='lat' dir='ltr'><strong>homo.</strong></span> 
     </span>
    </p>
   </div>
   <div class='ocr_carea' id='block_1_88' title="bbox 1062 4134 1612 4207">
    <p class='ocr_par' dir='ltr' id='par_1_88' title="bbox 1062 4134 1612 4207">
     <span class='ocr_line' id='line_1_88' title="bbox 1062 4134 1612 4207; baseline 0.011 -18"><span class='ocrx_word' id='word_1_627' title='bbox 1062 4134 1161 4190; x_wconf 87' lang='lat' dir='ltr'><strong>Est</strong></span> <span class='ocrx_word' id='word_1_628' title='bbox 1191 4136 1404 4207; x_wconf 90' lang='lat' dir='ltr'><strong>quidam</strong></span> <span class='ocrx_word' id='word_1_629' title='bbox 1432 4138 1612 4197; x_wconf 84' lang='lat' dir='ltr'><strong>homo.</strong></span> 
     </span>
    </p>
   </div>
   <div class='ocr_carea' id='block_1_89' title="bbox 1063 4228 1457 4288">
    <p class='ocr_par' dir='ltr' id='par_1_89' title="bbox 1063 4228 1457 4288">
     <span class='ocr_line' id='line_1_89' title="bbox 1063 4228 1457 4288; baseline 0.01 -4"><span class='ocrx_word' id='word_1_630' title='bbox 1063 4228 1155 4285; x_wconf 84' lang='lat' dir='ltr'><strong>Est</strong></span> <span class='ocrx_word' id='word_1_631' title='bbox 1183 4232 1457 4288; x_wconf 82' lang='lat' dir='ltr'><strong>Socrates.</strong></span> 
     </span>
    </p>
   </div>
   <div class='ocr_carea' id='block_1_90' title="bbox 1062 4345 1703 4417">
    <p class='ocr_par' dir='ltr' id='par_1_90' title="bbox 1062 4345 1703 4417">
     <span class='ocr_line' id='line_1_90' title="bbox 1062 4345 1703 4417; baseline 0.009 -16"><span class='ocrx_word' id='word_1_632' title='bbox 1062 4345 1154 4401; x_wconf 91' lang='lat' dir='ltr'><strong>Est</strong></span> <span class='ocrx_word' id='word_1_633' title='bbox 1175 4347 1354 4417; x_wconf 90' lang='lat' dir='ltr'><strong>justus</strong></span> <span class='ocrx_word' id='word_1_634' title='bbox 1384 4364 1487 4404; x_wconf 92' lang='lat' dir='ltr'><strong>non</strong></span> <span class='ocrx_word' id='word_1_635' title='bbox 1519 4350 1703 4407; x_wconf 84' lang='lat' dir='ltr'><strong>immo.</strong></span> 
     </span>
    </p>
   </div>
   <div class='ocr_carea' id='block_1_91' title="bbox 1054 4435 1897 4507">
    <p class='ocr_par' dir='ltr' id='par_1_91' title="bbox 1054 4435 1897 4507">
     <span class='ocr_line' id='line_1_91' title="bbox 1054 4435 1897 4507; baseline 0.006 -16"><span class='ocrx_word' id='word_1_636' title='bbox 1054 4435 1150 4492; x_wconf 87' lang='lat' dir='ltr'><strong>Est</strong></span> <span class='ocrx_word' id='word_1_637' title='bbox 1169 4438 1347 4507; x_wconf 90' lang='lat' dir='ltr'><strong>justus</strong></span> <span class='ocrx_word' id='word_1_638' title='bbox 1378 4442 1556 4497; x_wconf 89' lang='lat' dir='ltr'><strong>omnis</strong></span> <span class='ocrx_word' id='word_1_639' title='bbox 1580 4459 1685 4499; x_wconf 92' lang='lat' dir='ltr'><strong>non</strong></span> <span class='ocrx_word' id='word_1_640' title='bbox 1719 4444 1897 4500; x_wconf 85' lang='lat' dir='ltr'><strong>homo.</strong></span> 
     </span>
    </p>
   </div>
   <div class='ocr_carea' id='block_1_92' title="bbox 1059 4529 1955 4604">
    <p class='ocr_par' dir='ltr' id='par_1_92' title="bbox 1059 4529 1955 4604">
     <span class='ocr_line' id='line_1_92' title="bbox 1059 4529 1955 4604; baseline 0.01 -21"><span class='ocrx_word' id='word_1_641' title='bbox 1059 4529 1153 4584; x_wconf 86' lang='lat' dir='ltr'><strong>Est</strong></span> <span class='ocrx_word' id='word_1_642' title='bbox 1178 4531 1357 4599; x_wconf 89' lang='lat' dir='ltr'><strong>justus</strong></span> <span class='ocrx_word' id='word_1_643' title='bbox 1388 4535 1604 4604; x_wconf 88' lang='lat' dir='ltr'><strong>quidam</strong></span> <span class='ocrx_word' id='word_1_644' title='bbox 1637 4552 1740 4591; x_wconf 91' lang='lat' dir='ltr'><strong>non</strong></span> <span class='ocrx_word' id='word_1_645' title='bbox 1775 4538 1955 4592; x_wconf 90' lang='lat' dir='ltr'><strong>homo.</strong></span> 
     </span>
    </p>
   </div>
   <div class='ocr_carea' id='block_1_93' title="bbox 1063 4620 1804 4691">
    <p class='ocr_par' dir='ltr' id='par_1_93' title="bbox 1063 4620 1804 4691">
     <span class='ocr_line' id='line_1_93' title="bbox 1063 4620 1804 4691; baseline 0.011 -16"><span class='ocrx_word' id='word_1_646' title='bbox 1063 4620 1158 4677; x_wconf 87' lang='lat' dir='ltr'><strong>Est</strong></span> <span class='ocrx_word' id='word_1_647' title='bbox 1187 4622 1364 4691; x_wconf 82' lang='lat' dir='ltr'><strong>justus</strong></span> <span class='ocrx_word' id='word_1_648' title='bbox 1395 4643 1501 4683; x_wconf 87' lang='lat' dir='ltr'><strong>non</strong></span> <span class='ocrx_word' id='word_1_649' title='bbox 1534 4628 1804 4685; x_wconf 89' lang='lat' dir='ltr'><strong>Socrates.</strong></span> 
     </span>
    </p>
   </div>
   <div class='ocr_carea' id='block_1_94' title="bbox 2046 4737 2620 4797">
    <p class='ocr_par' dir='ltr' id='par_1_94' title="bbox 2046 4737 2620 4797">
     <span class='ocr_line' id='line_1_94' title="bbox 2046 4737 2620 4797; baseline -0.009 0"><span class='ocrx_word' id='word_1_650' title='bbox 2046 4739 2163 4797; x_wconf 87' lang='lat' dir='ltr'><strong>Non</strong></span> <span class='ocrx_word' id='word_1_651' title='bbox 2195 4748 2280 4794; x_wconf 77' lang='lat' dir='ltr'><strong>est</strong></span> <span class='ocrx_word' id='word_1_652' title='bbox 2306 4754 2409 4795; x_wconf 93' lang='lat' dir='ltr'><strong>non</strong></span> <span class='ocrx_word' id='word_1_653' title='bbox 2440 4737 2620 4792; x_wconf 87' lang='lat' dir='ltr'><strong>homo.</strong></span> 
     </span>
    </p>
   </div>
   <div class='ocr_carea' id='block_1_95' title="bbox 2044 4832 2817 4891">
    <p class='ocr_par' dir='ltr' id='par_1_95' title="bbox 2044 4832 2817 4891">
     <span class='ocr_line' id='line_1_95' title="bbox 2044 4832 2817 4891; baseline -0.006 0"><span class='ocrx_word' id='word_1_654' title='bbox 2044 4834 2164 4891; x_wconf 82' lang='lat' dir='ltr'><strong>Non</strong></span> <span class='ocrx_word' id='word_1_655' title='bbox 2194 4843 2276 4889; x_wconf 90' lang='lat' dir='ltr'><strong>est</strong></span> <span class='ocrx_word' id='word_1_656' title='bbox 2300 4833 2477 4889; x_wconf 89' lang='lat' dir='ltr'><strong>omnis</strong></span> <span class='ocrx_word' id='word_1_657' title='bbox 2506 4849 2609 4888; x_wconf 91' lang='lat' dir='ltr'><strong>non</strong></span> <span class='ocrx_word' id='word_1_658' title='bbox 2637 4832 2817 4887; x_wconf 82' lang='lat' dir='ltr'><strong>homo.</strong></span> 
     </span>
    </p>
   </div>
   <div class='ocr_carea' id='block_1_96' title="bbox 2039 4924 2856 4996">
    <p class='ocr_par' dir='ltr' id='par_1_96' title="bbox 2039 4924 2856 4996">
     <span class='ocr_line' id='line_1_96' title="bbox 2039 4924 2856 4996; baseline -0.004 -15"><span class='ocrx_word' id='word_1_659' title='bbox 2039 4926 2159 4982; x_wconf 85' lang='lat' dir='ltr'><strong>Non</strong></span> <span class='ocrx_word' id='word_1_660' title='bbox 2186 4936 2269 4983; x_wconf 91' lang='lat' dir='ltr'><strong>est</strong></span> <span class='ocrx_word' id='word_1_661' title='bbox 2295 4926 2509 4996; x_wconf 86' lang='lat' dir='ltr'><strong>quidam</strong></span> <span class='ocrx_word' id='word_1_662' title='bbox 2540 4941 2643 4981; x_wconf 90' lang='lat' dir='ltr'><strong>non</strong></span> <span class='ocrx_word' id='word_1_663' title='bbox 2677 4924 2856 4981; x_wconf 87' lang='lat' dir='ltr'><strong>homo.</strong></span> 
     </span>
    </p>
   </div>
   <div class='ocr_carea' id='block_1_97' title="bbox 2050 5016 2724 5076">
    <p class='ocr_par' dir='ltr' id='par_1_97' title="bbox 2050 5016 2724 5076">
     <span class='ocr_line' id='line_1_97' title="bbox 2050 5016 2724 5076; baseline -0.001 -2"><span class='ocrx_word' id='word_1_664' title='bbox 2050 5016 2167 5075; x_wconf 85' lang='lat' dir='ltr'><strong>Non</strong></span> <span class='ocrx_word' id='word_1_665' title='bbox 2198 5028 2283 5076; x_wconf 91' lang='lat' dir='ltr'><strong>est</strong></span> <span class='ocrx_word' id='word_1_666' title='bbox 2311 5034 2416 5074; x_wconf 88' lang='lat' dir='ltr'><strong>non</strong></span> <span class='ocrx_word' id='word_1_667' title='bbox 2450 5019 2724 5076; x_wconf 86' lang='lat' dir='ltr'><strong>Socrates.</strong></span> 
     </span>
    </p>
   </div>
   <div class='ocr_carea' id='block_1_98' title="bbox 1065 4735 1511 4796">
    <p class='ocr_par' dir='ltr' id='par_1_98' title="bbox 1065 4735 1511 4796">
     <span class='ocr_line' id='line_1_98' title="bbox 1065 4735 1511 4796; baseline 0.013 -6"><span class='ocrx_word' id='word_1_668' title='bbox 1065 4735 1158 4792; x_wconf 88' lang='lat' dir='ltr'><strong>Est</strong></span> <span class='ocrx_word' id='word_1_669' title='bbox 1190 4754 1295 4794; x_wconf 90' lang='lat' dir='ltr'><strong>non</strong></span> <span class='ocrx_word' id='word_1_670' title='bbox 1328 4740 1511 4796; x_wconf 88' lang='lat' dir='ltr'><strong>homo.</strong></span> 
     </span>
    </p>
   </div>
   <div class='ocr_carea' id='block_1_99' title="bbox 1066 4830 1715 4892">
    <p class='ocr_par' dir='ltr' id='par_1_99' title="bbox 1066 4830 1715 4892">
     <span class='ocr_line' id='line_1_99' title="bbox 1066 4830 1715 4892; baseline 0.008 -6"><span class='ocrx_word' id='word_1_671' title='bbox 1066 4830 1160 4887; x_wconf 88' lang='lat' dir='ltr'><strong>Est</strong></span> <span class='ocrx_word' id='word_1_672' title='bbox 1189 4836 1365 4890; x_wconf 89' lang='lat' dir='ltr'><strong>omnis</strong></span> <span class='ocrx_word' id='word_1_673' title='bbox 1392 4851 1499 4891; x_wconf 91' lang='lat' dir='ltr'><strong>non</strong></span> <span class='ocrx_word' id='word_1_674' title='bbox 1531 4838 1715 4892; x_wconf 85' lang='lat' dir='ltr'><strong>homo.</strong></span> 
     </span>
    </p>
   </div>
   <div class='ocr_carea' id='block_1_100' title="bbox 1066 4926 1747 4999">
    <p class='ocr_par' dir='ltr' id='par_1_100' title="bbox 1066 4926 1747 4999">
     <span class='ocr_line' id='line_1_100' title="bbox 1066 4926 1747 4999; baseline 0.001 -19"><span class='ocrx_word' id='word_1_675' title='bbox 1066 4926 1161 4982; x_wconf 88' lang='lat' dir='ltr'><strong>Est</strong></span> <span class='ocrx_word' id='word_1_676' title='bbox 1185 4928 1401 4999; x_wconf 88' lang='lat' dir='ltr'><strong>quidam</strong></span> <span class='ocrx_word' id='word_1_677' title='bbox 1433 4945 1537 4985; x_wconf 90' lang='lat' dir='ltr'><strong>non</strong></span> <span class='ocrx_word' id='word_1_678' title='bbox 1566 4928 1747 4985; x_wconf 85' lang='lat' dir='ltr'><strong>homo.</strong></span> 
     </span>
    </p>
   </div>
   <div class='ocr_carea' id='block_1_101' title="bbox 1060 5019 1583 5079">
    <p class='ocr_par' dir='ltr' id='par_1_101' title="bbox 1060 5019 1583 5079">
     <span class='ocr_line' id='line_1_101' title="bbox 1060 5019 1583 5079; baseline 0.004 -4"><span class='ocrx_word' id='word_1_679' title='bbox 1060 5019 1154 5076; x_wconf 86' lang='lat' dir='ltr'><strong>Est</strong></span> <span class='ocrx_word' id='word_1_680' title='bbox 1182 5037 1285 5078; x_wconf 90' lang='lat' dir='ltr'><strong>non</strong></span> <span class='ocrx_word' id='word_1_681' title='bbox 1314 5023 1583 5079; x_wconf 88' lang='lat' dir='ltr'><strong>Socrates.</strong></span> 
     </span>
    </p>
   </div>
   <div class='ocr_carea' id='block_1_102' title="bbox 2045 5128 2829 5200">
    <p class='ocr_par' dir='ltr' id='par_1_102' title="bbox 2045 5128 2829 5200">
     <span class='ocr_line' id='line_1_102' title="bbox 2045 5128 2829 5200; baseline 0 -15"><span class='ocrx_word' id='word_1_682' title='bbox 2045 5128 2167 5187; x_wconf 84' lang='lat' dir='ltr'><strong>Non</strong></span> <span class='ocrx_word' id='word_1_683' title='bbox 2197 5142 2279 5187; x_wconf 89' lang='lat' dir='ltr'><strong>est</strong></span> <span class='ocrx_word' id='word_1_684' title='bbox 2305 5145 2410 5187; x_wconf 90' lang='lat' dir='ltr'><strong>non</strong></span> <span class='ocrx_word' id='word_1_685' title='bbox 2439 5130 2617 5200; x_wconf 88' lang='lat' dir='ltr'><strong>justus</strong></span> <span class='ocrx_word' id='word_1_686' title='bbox 2650 5130 2829 5186; x_wconf 88' lang='lat' dir='ltr'><strong>homo.</strong></span> 
     </span>
    </p>
   </div>
   <div class='ocr_carea' id='block_1_103' title="bbox 2050 5219 3024 5291">
    <p class='ocr_par' dir='ltr' id='par_1_103' title="bbox 2050 5219 3024 5291">
     <span class='ocr_line' id='line_1_103' title="bbox 2050 5219 3024 5291; baseline 0.002 -18"><span class='ocrx_word' id='word_1_687' title='bbox 2050 5219 2167 5277; x_wconf 86' lang='lat' dir='ltr'><strong>Non</strong></span> <span class='ocrx_word' id='word_1_688' title='bbox 2196 5229 2280 5276; x_wconf 89' lang='lat' dir='ltr'><strong>est</strong></span> <span class='ocrx_word' id='word_1_689' title='bbox 2306 5236 2412 5276; x_wconf 91' lang='lat' dir='ltr'><strong>non</strong></span> <span class='ocrx_word' id='word_1_690' title='bbox 2440 5222 2613 5291; x_wconf 87' lang='lat' dir='ltr'><strong>justus</strong></span> <span class='ocrx_word' id='word_1_691' title='bbox 2642 5223 2819 5275; x_wconf 87' lang='lat' dir='ltr'><strong>omnis</strong></span> <span class='ocrx_word' id='word_1_692' title='bbox 2850 5221 3024 5275; x_wconf 71' lang='lat' dir='ltr'><strong>homo.</strong></span> 
     </span>
    </p>
   </div>
   <div class='ocr_carea' id='block_1_104' title="bbox 2048 5311 3055 5383">
    <p class='ocr_par' dir='ltr' id='par_1_104' title="bbox 2048 5311 3055 5383">
     <span class='ocr_line' id='line_1_104' title="bbox 2048 5311 3055 5383; baseline -0.001 -17"><span class='ocrx_word' id='word_1_693' title='bbox 2048 5311 2164 5369; x_wconf 84' lang='lat' dir='ltr'><strong>Non</strong></span> <span class='ocrx_word' id='word_1_694' title='bbox 2191 5320 2271 5367; x_wconf 90' lang='lat' dir='ltr'><strong>est</strong></span> <span class='ocrx_word' id='word_1_695' title='bbox 2302 5328 2406 5368; x_wconf 91' lang='lat' dir='ltr'><strong>non</strong></span> <span class='ocrx_word' id='word_1_696' title='bbox 2431 5312 2610 5383; x_wconf 88' lang='lat' dir='ltr'><strong>justus</strong></span> <span class='ocrx_word' id='word_1_697' title='bbox 2636 5312 2851 5383; x_wconf 88' lang='lat' dir='ltr'><strong>quidam</strong></span> <span class='ocrx_word' id='word_1_698' title='bbox 2880 5311 3055 5365; x_wconf 81' lang='lat' dir='ltr'><strong>homo.</strong></span> 
     </span>
    </p>
   </div>
   <div class='ocr_carea' id='block_1_105' title="bbox 2042 5404 2892 5473">
    <p class='ocr_par' dir='ltr' id='par_1_105' title="bbox 2042 5404 2892 5473">
     <span class='ocr_line' id='line_1_105' title="bbox 2042 5404 2892 5473; baseline -0.006 -12"><span class='ocrx_word' id='word_1_699' title='bbox 2042 5404 2160 5461; x_wconf 84' lang='lat' dir='ltr'><strong>Non</strong></span> <span class='ocrx_word' id='word_1_700' title='bbox 2186 5413 2270 5461; x_wconf 88' lang='lat' dir='ltr'><strong>est</strong></span> <span class='ocrx_word' id='word_1_701' title='bbox 2295 5420 2401 5461; x_wconf 93' lang='lat' dir='ltr'><strong>non</strong></span> <span class='ocrx_word' id='word_1_702' title='bbox 2425 5404 2596 5473; x_wconf 88' lang='lat' dir='ltr'><strong>justus</strong></span> <span class='ocrx_word' id='word_1_703' title='bbox 2622 5404 2892 5461; x_wconf 87' lang='lat' dir='ltr'><strong>Socrates.</strong></span> 
     </span>
    </p>
   </div>
   <div class='ocr_carea' id='block_1_106' title="bbox 1058 5131 1698 5201">
    <p class='ocr_par' dir='ltr' id='par_1_106' title="bbox 1058 5131 1698 5201">
     <span class='ocr_line' id='line_1_106' title="bbox 1058 5131 1698 5201; baseline 0 -14"><span class='ocrx_word' id='word_1_704' title='bbox 1058 5131 1153 5188; x_wconf 88' lang='lat' dir='ltr'><strong>Est</strong></span> <span class='ocrx_word' id='word_1_705' title='bbox 1184 5147 1289 5187; x_wconf 92' lang='lat' dir='ltr'><strong>non</strong></span> <span class='ocrx_word' id='word_1_706' title='bbox 1310 5136 1486 5201; x_wconf 88' lang='lat' dir='ltr'><strong>justus</strong></span> <span class='ocrx_word' id='word_1_707' title='bbox 1514 5134 1698 5190; x_wconf 84' lang='lat' dir='ltr'><strong>homo.</strong></span> 
     </span>
    </p>
   </div>
   <div class='ocr_carea' id='block_1_107' title="bbox 1061 5221 1904 5294">
    <p class='ocr_par' dir='ltr' id='par_1_107' title="bbox 1061 5221 1904 5294">
     <span class='ocr_line' id='line_1_107' title="bbox 1061 5221 1904 5294; baseline -0.008 -16"><span class='ocrx_word' id='word_1_708' title='bbox 1061 5222 1157 5279; x_wconf 88' lang='lat' dir='ltr'><strong>Est</strong></span> <span class='ocrx_word' id='word_1_709' title='bbox 1189 5238 1295 5279; x_wconf 91' lang='lat' dir='ltr'><strong>non</strong></span> <span class='ocrx_word' id='word_1_710' title='bbox 1315 5223 1490 5294; x_wconf 89' lang='lat' dir='ltr'><strong>justus</strong></span> <span class='ocrx_word' id='word_1_711' title='bbox 1518 5223 1697 5280; x_wconf 88' lang='lat' dir='ltr'><strong>omnis</strong></span> <span class='ocrx_word' id='word_1_712' title='bbox 1725 5221 1904 5277; x_wconf 86' lang='lat' dir='ltr'><strong>homo.</strong></span> 
     </span>
    </p>
   </div>
   <div class='ocr_carea' id='block_1_108' title="bbox 1063 5313 1961 5387">
    <p class='ocr_par' dir='ltr' id='par_1_108' title="bbox 1063 5313 1961 5387">
     <span class='ocr_line' id='line_1_108' title="bbox 1063 5313 1961 5387; baseline -0.01 -14"><span class='ocrx_word' id='word_1_713' title='bbox 1063 5317 1159 5373; x_wconf 92' lang='lat' dir='ltr'><strong>Est</strong></span> <span class='ocrx_word' id='word_1_714' title='bbox 1189 5332 1294 5372; x_wconf 91' lang='lat' dir='ltr'><strong>non</strong></span> <span class='ocrx_word' id='word_1_715' title='bbox 1320 5316 1497 5387; x_wconf 91' lang='lat' dir='ltr'><strong>justus</strong></span> <span class='ocrx_word' id='word_1_716' title='bbox 1526 5315 1743 5385; x_wconf 88' lang='lat' dir='ltr'><strong>quidam</strong></span> <span class='ocrx_word' id='word_1_717' title='bbox 1781 5313 1961 5368; x_wconf 85' lang='lat' dir='ltr'><strong>homo.</strong></span> 
     </span>
    </p>
   </div>
   <div class='ocr_carea' id='block_1_109' title="bbox 1059 5409 1792 5478">
    <p class='ocr_par' dir='ltr' id='par_1_109' title="bbox 1059 5409 1792 5478">
     <span class='ocr_line' id='line_1_109' title="bbox 1059 5409 1792 5478; baseline -0.007 -14"><span class='ocrx_word' id='word_1_718' title='bbox 1059 5409 1154 5466; x_wconf 87' lang='lat' dir='ltr'><strong>Est</strong></span> <span class='ocrx_word' id='word_1_719' title='bbox 1183 5426 1289 5465; x_wconf 91' lang='lat' dir='ltr'><strong>non</strong></span> <span class='ocrx_word' id='word_1_720' title='bbox 1319 5409 1495 5478; x_wconf 87' lang='lat' dir='ltr'><strong>justus</strong></span> <span class='ocrx_word' id='word_1_721' title='bbox 1523 5411 1792 5466; x_wconf 90' lang='lat' dir='ltr'><strong>Socrates.</strong></span> 
     </span>
    </p>
   </div>
   <div class='ocr_carea' id='block_1_110' title="bbox 2038 5525 2675 5595">
    <p class='ocr_par' dir='ltr' id='par_1_110' title="bbox 2038 5525 2675 5595">
     <span class='ocr_line' id='line_1_110' title="bbox 2038 5525 2675 5595; baseline -0.008 -13"><span class='ocrx_word' id='word_1_722' title='bbox 2038 5525 2154 5583; x_wconf 86' lang='lat' dir='ltr'><strong>Non</strong></span> <span class='ocrx_word' id='word_1_723' title='bbox 2183 5534 2266 5582; x_wconf 89' lang='lat' dir='ltr'><strong>est</strong></span> <span class='ocrx_word' id='word_1_724' title='bbox 2289 5526 2466 5595; x_wconf 88' lang='lat' dir='ltr'><strong>justus</strong></span> <span class='ocrx_word' id='word_1_725' title='bbox 2495 5528 2675 5581; x_wconf 84' lang='lat' dir='ltr'><strong>homo.</strong></span> 
     </span>
    </p>
   </div>
   <div class='ocr_carea' id='block_1_111' title="bbox 1066 5616 2871 5688">
    <p class='ocr_par' dir='ltr' id='par_1_111' title="bbox 1066 5616 2871 5688">
     <span class='ocr_line' id='line_1_111' title="bbox 1066 5616 2871 5688; baseline -0.001 -16"><span class='ocrx_word' id='word_1_726' title='bbox 1066 5618 1161 5675; x_wconf 86' lang='lat' dir='ltr'><strong>Est</strong></span> <span class='ocrx_word' id='word_1_727' title='bbox 1182 5619 1359 5688; x_wconf 90' lang='lat' dir='ltr'><strong>justus</strong></span> <span class='ocrx_word' id='word_1_728' title='bbox 1386 5619 1565 5675; x_wconf 91' lang='lat' dir='ltr'><strong>omnis</strong></span> <span class='ocrx_word' id='word_1_729' title='bbox 1594 5617 1779 5673; x_wconf 82' lang='lat' dir='ltr'><strong>homo.</strong></span> <span class='ocrx_word' id='word_1_730' title='bbox 2031 5617 2148 5673; x_wconf 87' lang='lat' dir='ltr'><strong>Non</strong></span> <span class='ocrx_word' id='word_1_731' title='bbox 2180 5627 2263 5673; x_wconf 90' lang='lat' dir='ltr'><strong>est</strong></span> <span class='ocrx_word' id='word_1_732' title='bbox 2287 5620 2463 5687; x_wconf 82' lang='lat' dir='ltr'><strong>justus</strong></span> <span class='ocrx_word' id='word_1_733' title='bbox 2487 5617 2663 5672; x_wconf 88' lang='lat' dir='ltr'><strong>omnis</strong></span> <span class='ocrx_word' id='word_1_734' title='bbox 2691 5616 2871 5671; x_wconf 86' lang='lat' dir='ltr'><strong>homo.</strong></span> 
     </span>
    </p>
   </div>
   <div class='ocr_carea' id='block_1_112' title="bbox 1066 5705 2921 5782">
    <p class='ocr_par' dir='ltr' id='par_1_112' title="bbox 1066 5705 2921 5782">
     <span class='ocr_line' id='line_1_112' title="bbox 1066 5705 2921 5782; baseline -0.001 -19"><span class='ocrx_word' id='word_1_735' title='bbox 1066 5709 1161 5764; x_wconf 85' lang='lat' dir='ltr'><strong>Est</strong></span> <span class='ocrx_word' id='word_1_736' title='bbox 1184 5709 1360 5778; x_wconf 88' lang='lat' dir='ltr'><strong>justus</strong></span> <span class='ocrx_word' id='word_1_737' title='bbox 1389 5710 1605 5782; x_wconf 89' lang='lat' dir='ltr'><strong>quidam</strong></span> <span class='ocrx_word' id='word_1_738' title='bbox 1640 5711 1819 5766; x_wconf 72' lang='lat' dir='ltr'><strong>homo.</strong></span> <span class='ocrx_word' id='word_1_739' title='bbox 2040 5707 2154 5764; x_wconf 88' lang='lat' dir='ltr'><strong>Non</strong></span> <span class='ocrx_word' id='word_1_740' title='bbox 2186 5716 2267 5763; x_wconf 90' lang='lat' dir='ltr'><strong>est</strong></span> <span class='ocrx_word' id='word_1_741' title='bbox 2292 5708 2467 5777; x_wconf 85' lang='lat' dir='ltr'><strong>justus</strong></span> <span class='ocrx_word' id='word_1_742' title='bbox 2496 5705 2712 5777; x_wconf 85' lang='lat' dir='ltr'><strong>quidam</strong></span> <span class='ocrx_word' id='word_1_743' title='bbox 2744 5708 2921 5764; x_wconf 81' lang='lat' dir='ltr'><strong>homo.</strong></span> 
     </span>
    </p>
   </div>
   <div class='ocr_carea' id='block_1_113' title="bbox 978 5796 2755 5869">
    <p class='ocr_par' dir='ltr' id='par_1_113' title="bbox 978 5796 2755 5869">
     <span class='ocr_line' id='line_1_113' title="bbox 978 5796 2755 5869; baseline -0.002 -14"><span class='ocrx_word' id='word_1_744' title='bbox 978 5858 985 5861; x_wconf 24' lang='grc' dir='ltr'><strong>ν</strong></span> <span class='ocrx_word' id='word_1_745' title='bbox 1066 5800 1157 5855; x_wconf 86' lang='lat' dir='ltr'><strong>Est</strong></span> <span class='ocrx_word' id='word_1_746' title='bbox 1182 5801 1356 5869; x_wconf 86' lang='lat' dir='ltr'><strong>justus</strong></span> <span class='ocrx_word' id='word_1_747' title='bbox 1383 5804 1646 5863; x_wconf 83' lang='lat' dir='ltr'><strong>Socrates.</strong></span> <span class='ocrx_word' id='word_1_748' title='bbox 2032 5798 2146 5855; x_wconf 82' lang='lat' dir='ltr'><strong>Non</strong></span> <span class='ocrx_word' id='word_1_749' title='bbox 2178 5807 2258 5853; x_wconf 83' lang='lat' dir='ltr'><strong>est</strong></span> <span class='ocrx_word' id='word_1_750' title='bbox 2283 5797 2456 5867; x_wconf 87' lang='lat' dir='ltr'><strong>justus</strong></span> <span class='ocrx_word' id='word_1_751' title='bbox 2482 5796 2755 5854; x_wconf 82' lang='lat' dir='ltr'><strong>Socrates.</strong></span> 
     </span>
    </p>
   </div>
   <div class='ocr_carea' id='block_1_114' title="bbox 744 5892 2058 5956">
    <p class='ocr_par' dir='ltr' id='par_1_114' title="bbox 744 5892 1287 5953">
     <span class='ocr_line' id='line_1_114' title="bbox 744 5892 1287 5953; baseline 0.007 -5"><span class='ocrx_word' id='word_1_752' title='bbox 744 5896 1012 5949; x_wconf 71' lang='lat' dir='ltr'><strong>i&#39;tt‘aut.</strong></span> <span class='ocrx_word' id='word_1_753' title='bbox 1067 5892 1287 5953; x_wconf 75' lang='lat' dir='ltr'><strong>LXIV.</strong></span> 
     </span>
    </p>
   </div>
   <div class='ocr_carea' id='block_1_115' title="bbox 2122 5892 3397 5956">
    <p class='ocr_par' dir='ltr' id='par_1_115' title="bbox 2594 5895 3397 5956">
     <span class='ocr_line' id='line_1_115' title="bbox 2594 5895 3397 5956; baseline 0.009 -7"><span class='ocrx_word' id='word_1_754' title='bbox 2594 5943 2598 5949; x_wconf 94' lang='lat'><strong>.</strong></span> <span class='ocrx_word' id='word_1_755' title='bbox 3320 5895 3397 5956; x_wconf 76' lang='grc'>18</span> 
     </span>
    </p>
   </div>
   <div class='ocr_carea' id='block_1_116' title="bbox 1069 5527 1578 5597">
    <p class='ocr_par' dir='ltr' id='par_1_116' title="bbox 1069 5527 1578 5597">
     <span class='ocr_line' id='line_1_116' title="bbox 1069 5527 1578 5597; baseline -0.004 -14"><span class='ocrx_word' id='word_1_756' title='bbox 1069 5527 1163 5583; x_wconf 87' lang='lat' dir='ltr'><strong>Est</strong></span> <span class='ocrx_word' id='word_1_757' title='bbox 1188 5528 1366 5597; x_wconf 86' lang='lat' dir='ltr'><strong>justus</strong></span> <span class='ocrx_word' id='word_1_758' title='bbox 1397 5528 1578 5585; x_wconf 88' lang='lat' dir='ltr'><strong>homo.</strong></span> 
     </span>
    </p>
   </div>
  </div>
