4270 6266
568 374 671 442 553

1212 484 1308 543 Est
1339 501 1441 541 non
1467 475 1640 553 justus
1667 495 1771 537 non
1799 482 1979 536 homo.

1806 366 1913 423 AN.
1957 364 2162 424 MANL.
2204 356 2350 423 sEv.
2396 364 2615 424 somn
2702 439 2706 445 λ

3721 356 3824 417 55's

2162 482 2275 538 Non
2306 491 2391 539 est
2416 498 2518 538 non
2544 483 2723 554 justus
2753 488 2861 538 noti
2894 473 3072 537 homo.

1210 580 1307 635 Est
1322 593 1427 631 non
1447 575 1618 645 iustus
1635 574 1807 627 omnis
1824 587 1931 628 non
1952 573 2131 627 homo.
2169 572 2283 628 Non
2304 583 2385 629 est
2405 588 2510 629 non
2536 573 2713 643 justus
2732 574 2907 629 omnis
2930 588 3039 628 non
3058 571 3241 629 homo.

1210 675 1419 728 Estnon
1429 672 1603 740 jusms
1616 670 1828 739 quidam
1844 684 1948 723 non
1965 669 2147 723 homo.
2162 668 2278 725 Non
2296 682 2378 725 est
2404 684 2509 725 non
2532 671 2706 741 justus
2726 670 2941 741 quidam
2971 685 3079 726 non
3104 670 3281 727 homo.

1210 764 1305 818 Est
1329 777 1436 817 non
1462 761 1637 831 justus
1668 775 1771 815 non
1803 758 2073 815 Socrates.

2164 759 2280 816 Non
2305 769 2388 829 est
2411 776 2516 818 non
2542 761 2720 832 justus
2746 777 2855 820 non
2885 764 3152 821 Socrates.

630 909 735 964 H38
759 908 915 976 ἱείιυτ
940 903 1334 977 ρτονοεὶιίοηθε
1362 899 1588 972 Syllano
1601 896 1826 954 Camillis
1841 872 2143 966 colligente.
2172 897 2231 959 A
2250 899 2471 967 eodem;
2514 899 2601 956 illa
2630 901 2774 955 enim
2802 898 3090 954 afﬁrmatio
3124 896 3192 953 de
3222 896 3522 953 hominibus
3553 897 3689 951 facta
3715 904 3823 962 est,

565 1013 660 1052 nos
683 1012 893 1069 quoque
919 993 1228 1050 nominatim
1256 989 1638 1059 diSposuimus,
1666 985 1868 1041 idcirco
1894 986 2145 1055 quoniam

565 1093 769 1149 facilior
799 1091 930 1145 ﬁdes
962 1084 1245 1144 habebitur
1272 1099 1520 1148 numero,
1551 1086 1594 1138 si
1626 1099 1719 1151 per
1748 1082 1996 1153 exempla
2024 1097 2149 1152 pro-

564 1184 772 1239 dantur.
809 1180 980 1235 Simul
1026 1178 1208 1245 etiam,
1262 1175 1514 1247 quoniam
1566 1173 1706 1229 male
1751 1170 1939 1228 doctus
1970 1172 2037 1227 de
2067 1170 2150 1227 bis

563 1271 1022 1344 propositionibus
1051 1266 1457 1341 perversissitne
1492 1264 1888 1332 contendebat,
1922 1272 1977 1318 et
2004 1262 2152 1317 afﬁr-

563 1366 825 1420 mationes
849 1363 1063 1433 quidem
1090 1359 1434 1431 negationum
1469 1357 1588 1411 loco
1613 1370 1841 1426 ponens,
1873 1370 1966 1424 per
1994 1368 2153 1423 nega-

564 1457 736 1511 tiones
768 1469 895 1511 vero
922 1451 1337 1507 alﬁrmationum
1372 1456 1539 1505 totum
1570 1445 1817 1502 ordinem
1861 1443 2151 1499 confunde-

566 1548 678 1603 bat.
710 1546 888 1615 Quare
926 1561 993 1599 ne
1031 1559 1189 1615 quem
1232 1541 1373 1596 illius
1420 1540 1592 1596 oratio
1639 1555 1669 1593 a
1719 1547 1883 1594 rectae
1928 1535 2152 1591 rationis

564 1640 787 1696 veritate
817 1639 1153 1705 traduceret,
1187 1635 1387 1689 idcirco
1416 1634 1552 1687 hanc
1579 1631 1645 1685 ad
1678 1629 1919 1686 elatioris
1944 1644 2151 1685 memo-

563 1732 655 1786 riae
680 1729 976 1793 subsidium
1018 1727 1242 1782 fecimus
1273 1725 1701 1794 dispositionem.

638 1824 891 1893 Quoniam
916 1837 1028 1876 vero
1058 1820 1316 1873 contraria
1348 1827 1421 1871 est
1458 1816 1658 1885 negatio
1685 1813 1729 1867 ei
1751 1829 1863 1881 qua:
1891 1821 1982 1876 est,
2010 1824 2155 1863 omne

564 1914 757 1969 animal
789 1923 861 1967 est
890 1916 1121 1985 justum,
1151 1909 1245 1963 illa
1271 1924 1383 1976 qua:
1408 1907 1661 1977 signiﬁcat
1683 1903 1926 1974 quoniam
1955 1900 2155 1953 nullum

564 2005 755 2060 animal
794 2012 867 2058 est
896 2004 1135 2072 justum,
1187 2000 1265 2052 hw
1301 1999 1506 2069 quidem
1549 1994 1871 2064 manifestum
1912 2002 1982 2045 est
2022 1989 2156 2060 quod

564 2110 825 2164 nunquam
853 2101 998 2146 erunt
1026 2107 1183 2159 neque
1209 2104 1337 2143 vera:
1362 2085 1515 2140 simul
1538 2101 1698 2155 neque
1741 2084 1793 2137 in
1826 2082 1999 2136 eodem
2023 2081 2152 2151 ipso.

566 2186 666 2241 His
690 2201 807 2239 vero
834 2184 1082 2255 apposita:
1106 2190 1251 2237 erunt
1272 2178 1571 2249 aliquando,
1594 2186 1647 2229 ut
1671 2191 1771 2229 non
1796 2189 1941 2228 omne
1963 2170 2155 2227 animal

565 2280 757 2348 iustum
783 2285 877 2341 est,
904 2284 951 2329 et
982 2284 1054 2327 est
1083 2271 1291 2341 aliquod
1321 2268 1516 2323 animal
1536 2270 1759 2340 justum.

637 2366 748 2423 Hoc
769 2380 982 2437 quoque
1006 2372 1091 2418 est
1113 2360 1521 2432 diligentissime
1552 2357 1797 2428 superius
1819 2354 2155 2409 demonstra-

567 2465 702 2523 tum,
736 2458 988 2528 quoniam
1019 2453 1303 2510 contraria:
1338 2450 1620 2521 aliquoties
1650 2462 1831 2503 verum
1863 2446 2155 2513 falsumque

568 2552 889 2615 dividerent,
912 2550 956 2604 si
987 2561 1077 2602 aut
1106 2548 1159 2601 in
1191 2546 1352 2601 rebus
1382 2542 1730 2608 naturalibus,
1758 2549 1846 2595 aut
1871 2540 1925 2595 in
1958 2538 2156 2607 impos-

567 2645 814 2701 sibilibus
844 2647 1300 2711 praponerentur;
1328 2634 1612 2707 aliquoties
1640 2647 1767 2688 vero
1812 2630 1969 2686 simul
2005 2629 2157 2683 inve-

570 2735 671 2791 niri
692 2748 851 2805 posse
874 2732 1054 2799 falsas,
1080 2732 1125 2785 si
1157 2745 1245 2785 res
1279 2743 1450 2800 neque
1470 2725 1738 2781 naturales
1768 2735 1940 2792 neque
1959 2721 2158 2789 impos-

568 2827 750 2884 sibiles
765 2823 1142 2897 praedicarent.
1164 2819 1476 2877 Contrarias
1490 2826 1667 2872 autem
1688 2827 1807 2870 esse
1828 2812 2029 2867 dictum
2050 2817 2157 2877 est,

568 2918 614 2975 si
630 2917 748 2990 quis
768 2917 851 2974 vel
870 2916 1187 2971 afﬁrmative
1208 2912 1291 2968 vel
1315 2911 1559 2983 negative
1579 2905 1935 2963 universalem
1962 2904 2160 2958 faceret

570 3012 1018 3075 enuntiationem;
1035 3022 1162 3078 ergo
1184 3020 1325 3061 nunc
1347 3003 1448 3058 hoc
1471 3000 1603 3058 dicit
1629 3016 1644 3053 :
1667 3013 1785 3071 quae
1799 3004 1944 3059 sunt,
1967 2994 2158 3064 inquit,

570 3104 851 3160 contraria:
880 3098 1040 3157 simul
1071 3114 1211 3155 verte
1240 3112 1361 3153 esse
1392 3112 1498 3150 non
1533 3100 1791 3163 possunt,
1832 3098 1887 3145 et
1917 3090 2016 3142 hoc
2055 3101 2160 3141 non

570 3197 687 3253 sine
717 3194 943 3266 quadam
980 3207 1162 3247 rerum
1187 3186 1630 3244 determinatione
1667 3183 1878 3238 locutus
1912 3188 2030 3240 est;
2086 3177 2161 3232 ait

573 3287 713 3344 enim
744 3306 758 3341 :
782 3286 1043 3353 Quoniam
1069 3298 1195 3337 vero
1215 3280 1480 3335 contraria
1508 3285 1590 3331 est
1611 3274 1820 3344 negatio
1844 3271 1892 3326 ei
1916 3285 2035 3339 qure
2055 3278 2159 3333 est,

570 3394 731 3435 omne
751 3386 832 3433 est
852 3368 1051 3431 animal
1072 3361 1296 3445 justum,
1321 3371 1524 3426 scilicet
1545 3364 1907 3430 afﬁrmationi,
1931 3362 2019 3417 illa
2041 3375 2159 3431 qua:

572 3471 853 3543 signiﬁcat,
875 3467 1125 3537 quoniam
1146 3464 1354 3519 nullum
1379 3471 1461 3518 est
1481 3460 1678 3514 animal
1697 3458 1932 3529 justum;
1957 3455 2159 3509 scilicet

574 3561 807 3634 negatio,
831 3558 914 3614 ha:
942 3556 1177 3628 quidem,
1199 3554 1386 3625 inquit,
1418 3553 1667 3622 quoniam
1700 3560 1823 3606 sunt
1853 3546 2156 3614 contrariae,

2183 2270 2233 2332 B

2251 993 2337 1057 hic
2364 1006 2495 1049 vero
2532 991 2600 1047 de
2640 991 2791 1062 equis
2831 992 3061 1062 negatio.
3110 989 3464 1056 Quamobrem
3507 987 3707 1042 dictum
3748 994 3832 1041 est

2253 1100 2523 1153 nunquam
2564 1099 2683 1140 esse
2714 1098 2870 1151 posse
2897 1082 3055 1138 simul
3091 1080 3385 1137 contrarias
3416 1092 3573 1134 veras
3594 1119 3611 1145 ,
3655 1062 3830 1146 neque

2254 1174 2304 1231 in
2331 1175 2545 1238 eodem,
2576 1174 2627 1229 id
2658 1184 2740 1228 cst
2766 1188 2863 1228 nec
2890 1190 2995 1228 uno
3020 1172 3316 1242 eodemque
3342 1179 3599 1243 tempore,
3632 1184 3734 1224 uec
3758 1168 3828 1224 de

2254 1282 2360 1322 uno
2386 1266 2645 1335 subjecto.
2690 1265 2793 1319 Sed
2834 1268 3082 1333 quoniam
3123 1263 3205 1317 his
3236 1263 3494 1333 opposita:
3524 1270 3681 1316 erunt
3712 1261 3828 1314 uni-

2256 1358 2448 1413 versali
2483 1357 2694 1427 quidem
2725 1355 3062 1409 aiﬁrmatiuni
3095 1353 3425 1423 particular-is
3452 1352 3681 1421 negatio,
3715 1352 3831 1405 uni-

2258 1450 2454 1506 versali
2478 1460 2651 1505 autem
2678 1447 2944 1516 negationi
2976 1445 3307 1515 particularis
3334 1444 3637 1507 afﬁrmatio,
3660 1451 3715 1499 et
3739 1442 3834 1498 has

2257 1543 2489 1599 diximus
2516 1542 2711 1597 idcirco
2736 1539 3132 1595 subcontrarias
3151 1538 3277 1603 dici,
3303 1536 3445 1608 quod
3472 1536 3678 1592 diversa
3705 1552 3833 1606 quo-

2258 1634 2545 1691 dammodo
2582 1634 2861 1690 contrariis
2891 1633 3179 1703 patiantur.
3227 1631 3560 1685 Manifestum
3588 1637 3670 1685 est
3703 1645 3834 1700 quo-

2256 1730 2399 1783 niam
2438 1730 2578 1783 sicut
2607 1727 2890 1782 contrariae
2924 1740 3065 1779 vera:
3095 1724 3251 1779 simul
3292 1738 3412 1779 esse
3454 1739 3557 1777 non
3589 1731 3833 1791 possunt,

2256 1822 2497 1877 dividunt
2526 1832 2703 1875 tamen
2732 1818 3013 1889 aliquoties
3051 1818 3191 1873 inter
3219 1832 3279 1872 se
3306 1816 3580 1871 veritatem
3610 1825 3663 1870 et
3689 1817 3833 1870 falsi-

2259 1923 2445 1978 tatem,
2476 1912 2548 1967 ita
2577 1926 2788 1981 quoque
2831 1919 2886 1964 et
2915 1908 3299 1964 subcontrarias
3323 1906 3563 1963 dividunt
3590 1907 3831 1977 quaedam

2256 2006 2399 2061 inter
2423 2019 2482 2060 se
2506 2018 2690 2059 verum
2719 2002 3015 2072 falsumque
3043 1999 3355 2069 aliquoties,
3385 1997 3597 2069 quando
3623 2007 3831 2052 contra-

2257 2099 2351 2169 riae
2381 2112 2591 2168 quoque
2636 2096 2955 2163 diviserint;
3000 2092 3156 2148 simul
3197 2103 3372 2146 autem
3422 2106 3564 2145 verae
3607 2090 3832 2145 inveniri

2260 2199 2504 2269 possunt,
2526 2186 2737 2259 quando
2760 2185 3087 2241 universales
3115 2192 3169 2239 et
3194 2183 3477 2239 contraria:
3505 2181 3663 2237 simul
3694 2196 3836 2237 verae

2259 2300 2363 2340 non
2391 2290 2535 2350 sunt,
2568 2290 2626 2336 ut
2652 2290 2829 2335 autem
2859 2277 3016 2333 simul
3043 2276 3188 2331 falsze
3213 2275 3343 2341 sint,
3372 2273 3516 2328 nulla
3543 2287 3718 2327 rerum
3750 2287 3833 2327 ra-

2258 2379 2403 2435 tione
2431 2375 2707 2444 contingit.
2754 2373 2896 2443 Ergo
2925 2370 3222 2426 contrarias
3248 2366 3464 2437 quidem
3492 2366 3651 2421 simul
3680 2379 3832 2422 veras

2257 2484 2379 2524 esse
2401 2476 2562 2533 atque
2587 2466 2639 2519 in
2662 2464 2850 2520 eodem
2874 2477 3141 2530 nunquam
3165 2461 3441 2531 quisquam
3471 2458 3661 2529 poterit
3680 2456 3831 2513 inve-

2260 2561 2394 2616 nire.
2435 2555 2832 2614 Subcontrariae
2858 2562 3034 2609 autem
3063 2567 3181 2621 qua:
3208 2550 3601 2607 universalihus
3626 2558 3680 2604 et
3703 2563 3835 2605 con-

2260 2652 2435 2709 trariis
2463 2651 2721 2720 0ppositai
2752 2655 2908 2713 sunt,
2940 2645 3040 2701 sibi
3072 2646 3294 2700 invicem
3322 2653 3657 2712 comparatas
3685 2657 3835 2699 veras

2260 2742 2480 2800 inveniri
2504 2739 2760 2812 possibile
2781 2747 2885 2801 est,
2908 2746 2965 2792 ut
2990 2738 3041 2791 in
3074 2751 3137 2792 eo
3160 2736 3273 2805 ipso
3294 2734 3539 2803 exemplo
3560 2733 3701 2804 quod
3724 2734 3835 2803 ipse

2261 2834 2573 2909 proposuit,
2605 2847 2711 2886 non
2752 2842 2909 2883 omne
2950 2824 3147 2881 animal
3191 2825 3390 2895 justum
3424 2832 3529 2888 est,
3561 2837 3683 2878 vera
3714 2829 3835 2885 est;

2262 2942 2468 2995 rursus,
2498 2935 2581 2981 est
2607 2922 2820 2992 aliquod
2851 2918 3049 2974 animal
3076 2921 3297 2986 justum,
3334 2916 3450 2971 haec
3474 2930 3685 2986 quoque
3714 2929 3836 2977 vera

2264 3029 2367 3076 est.
2417 3019 2593 3086 Quare
2622 3013 2903 3071 contraria:
2939 3011 3095 3066 simul
3127 3025 3265 3065 vera:
3298 3025 3420 3064 esse
3460 3026 3565 3063 non
3595 3016 3836 3079 possunt,

2262 3109 2663 3170 subcontrarias
2688 3106 2846 3161 simul
2887 3119 3044 3161 veras
3075 3104 3205 3157 nihil
3238 3103 3482 3173 prohibet
3512 3103 3755 3158 inveniri.

2338 3205 2580 3274 Sequitur
2620 3218 2736 3256 vero
2766 3200 2900 3253 hanc
2937 3197 3144 3267 quidem
3188 3212 3303 3267 qua:
3340 3207 3435 3264 est,
3479 3197 3654 3251 nullus
3693 3197 3840 3250 homo

2263 3310 2335 3356 est
2356 3302 2551 3373 justus,
2579 3297 2673 3351 illa
2698 3311 2811 3366 qua:
2831 3304 2925 3360 est,
2955 3294 3119 3345 omnis
3150 3292 3302 3344 homo
3331 3300 3401 3344 est
3430 3305 3530 3343 non
3552 3292 3745 3361 justus.
3770 3286 3839 3340 ll-

2264 3378 2368 3448 lam
2414 3408 2530 3446 vero
2559 3406 2672 3459 qua:
2713 3397 2804 3456 est,
2837 3387 3023 3456 aliquis
3058 3385 3209 3438 homo
3232 3386 3409 3452 justus
3443 3391 3534 3447 est,
3584 3380 3834 3449 oppositu,

2263 3470 2363 3538 non
2394 3483 2557 3537 omnis
2601 3491 2674 3536 est
2704 3480 2856 3533 homo
2885 3494 2985 3531 non
3005 3478 3202 3549 justus,
3242 3490 3442 3529 necesse
3467 3481 3538 3527 est
3568 3473 3699 3526 enim
3740 3471 3836 3524 ali-

2269 3591 2417 3645 quem
2443 3590 2569 3627 esse.

574 3670 694 3728 qua}
742 3652 901 3709 Simul
932 3664 1073 3705 lem
1110 3662 1231 3704 esse
1269 3662 1375 3700 ¹¹⁰¹¹
1416 3653 1676 3714 possum’
1715 3639 2055 3734 mml'feslum
2084 3643 2167 3692 est
2195 3640 2243 3704 δ
2274 3659 2277 3663 ’
2348 3670 2419 3722 De
2442 3664 2822 3734 consequentia
2853 3659 3277 3732 pr0positionum
3318 3656 3637 3727 simplicium
3676 3663 3839 3725 atque

575 3745 828 3819 quoniam
859 3756 1129 3813 nunquam
1158 3746 1317 3795 erunt
1339 3777 1355 3804 ,
1396 3750 1569 3807 neque
1622 3748 1761 3788 verae
1801 3731 1961 3785 simul
1994 3740 2167 3797 neque

576 3836 633 3895 in
657 3837 847 3895 eodem
869 3877 885 3905 ,
912 3833 1007 3889 sed
1040 3831 1181 3904 quod
1213 3830 1346 3886 dixit
1372 3843 1545 3898 neque
1575 3840 1719 3881 verae
1755 3822 1950 3887 simul,
1983 3819 2170 3888 hujus-

578 3932 722 3989 modi
762 3941 864 3987 est.
910 3928 1051 3985 Nihil
1092 3927 1235 3983 enim
1276 3924 1523 3995 prohibet
1552 3921 1660 3976 alio
1690 3929 1744 3975 et
1793 3918 1899 3971 alio
1928 3924 2166 3984 tempore

577 4034 634 4083 et
670 4024 1075 4081 alﬁrmationem
1119 4019 1474 4076 universalem
1496 4056 1512 4085 ,
1543 4025 1595 4071 et
1635 4012 1968 4081 negationem
2008 4021 2167 4064 vera-

583 4120 720 4176 citer
749 4114 908 4190 posse
936 4114 1199 4186 proponi,
1243 4110 1375 4166 utsi
1411 4108 1527 4178 quis
1570 4106 1710 4162 dicat
1747 4122 1759 4157 :
1793 4106 1967 4159 omnis
2007 4100 2170 4155 homo

578 4214 753 4284 justus
781 4224 860 4267 est
884 4251 900 4277 ,
940 4210 1043 4264 hoc
1071 4208 1117 4262 si
1143 4216 1306 4261 aureo
1335 4202 1533 4258 saeculo
1558 4198 1827 4254 diceretur
1848 4236 1862 4262 ,
1892 4194 2171 4251 verissimo

583 4312 994 4378 preponeretur.
1023 4298 1174 4365 Quod
1197 4296 1244 4351 si
1266 4296 1385 4364 quis
1412 4304 1596 4348 rnrsns
1624 4290 1786 4353 dicat,
1812 4285 1985 4339 nullus
2011 4284 2171 4337 homo

580 4376 755 4468 iustus
784 4404 899 4460 est,
932 4393 1034 4446 hoc
1058 4390 1103 4444 si
1134 4387 1309 4441 ferreo
1338 4383 1537 4437 szeculo
1562 4378 1887 4442 enuntiaret,
1918 4376 2019 4427 erit
2044 4383 2171 4426 vera

584 4463 899 4559 prepositio.
930 4486 1104 4551 Quare
1132 4476 1389 4546 contingit
1412 4471 1823 4529 altirmationem
1850 4475 1905 4521 et
1933 4463 2171 4535 negatio-

584 4595 707 4637 nem
731 4574 1083 4632 universalcm
1106 4585 1260 4625 veras
1277 4582 1416 4635 esse,
1435 4578 1569 4635 quas
1590 4559 1930 4618 manifestum
1953 4564 2169 4611 estesse

584 4672 899 4742 contrarias,
920 4668 1015 4723 sed
1046 4681 1152 4720 non
1179 4661 1369 4718 simul-
1389 4660 1483 4715 illa
1509 4658 1651 4714 enim
1680 4656 1735 4710 in
1762 4666 1927 4707 aureo
1950 4646 2169 4714 saeculo,

585 4775 629 4828 si
653 4771 723 4826 ita
744 4767 1021 4834 contingit,
1046 4762 1134 4817 illa
1158 4761 1210 4814 in
1237 4759 1409 4812 ferreo
1430 4752 1647 4818 saeculo,
1672 4751 1766 4805 sed
1793 4750 1908 4804 haec
1933 4755 2170 4815 tempora

585 4862 794 4918 diversa
822 4865 968 4922 sunt,
989 4863 1042 4908 et
1065 4866 1169 4906 non
1198 4859 1322 4903 sunt
1342 4846 1522 4901 simul.
1553 4844 1728 4912 Quare
1752 4849 1896 4896 recte
1918 4839 2020 4893 hoc
2041 4852 2172 4907 quo-

540 5018 549 5022 ,
587 4968 690 5024 que
720 4946 923 5003 addidit
948 4953 1008 4999 ut
1036 4943 1260 5003 diceret,
1283 4935 1621 4993 manifestum
1651 4942 1735 4988 est
1758 4931 2008 5003 quoniam
2036 4946 2169 4982 nuu-

2270 3759 2598 3815 inﬁnitarum
2641 3755 2965 3810 sulﬁcienter
2992 3750 3207 3823 quidem
3238 3764 3396 3820 supra
3430 3750 3698 3803 disseruit.
3731 3747 3838 3803 Sed

2270 3872 2409 3911 nunc
2439 3854 2553 3909 haec
2581 3863 2663 3909 est
2691 3851 2812 3906 huic
2842 3848 3069 3905 intentio
3097 3863 3199 3919 non
3230 3859 3346 3917 qua)
3385 3843 3719 3914 particularis
3763 3841 3841 3898 af-

2269 3938 2523 4012 ﬁrmatio,
2552 3959 2707 4015 quam
2740 3940 3093 3997 universalem
3126 3939 3538 3993 aiﬁrmationem
3569 3936 3648 3990 vel
3682 3950 3843 4005 nega-

2271 4040 2470 4095 tionem
2516 4044 2787 4106 sequatur,
2836 4031 2978 4103 qnod
3026 4044 3184 4101 supra
3225 4028 3333 4098 jam
3367 4026 3707 4082 monstravit.
3741 4024 3844 4081 Sed

2270 4148 2388 4203 qua:
2418 4128 2734 4185 universalis
2762 4124 2976 4195 negatio
3005 4121 3366 4177 universalem
3408 4128 3662 4188 sequatur
3701 4116 3842 4171 afﬁr-

2270 4225 2580 4287 mationem,
2621 4218 2707 4276 vel
2738 4234 2855 4289 quae
2905 4216 3241 4287 particularis
3284 4212 3496 4283 negatio
3537 4209 3839 4280 particulari

2270 4318 2474 4373 scilicet
2500 4310 2840 4367 afﬁrmationi
2867 4308 3189 4371 consentiat,
3213 4302 3565 4375 proponitqne
3588 4301 3684 4355 has
3712 4313 3841 4369 qua-

2272 4417 2393 4463 tuor
2427 4405 2631 4467 dicens,
2680 4400 3016 4470 negationem
3058 4397 3354 4468 simplicem
3401 4392 3757 4449 universalem
3788 4399 3842 4446 et

2269 4501 2680 4560 afﬁrmationem
2722 4497 2985 4553 inﬁnitam
3026 4495 3382 4551 universalem
3430 4505 3551 4546 sese
3585 4488 3735 4561 sequi
3789 4495 3844 4544 et

2271 4598 2484 4654 sibimet
2521 4592 2845 4656 consentire,
2880 4604 2979 4646 nec
3025 4589 3204 4644 minus
3242 4588 3325 4642 his
3354 4586 3650 4656 oppositas,
3683 4582 3733 4636 id
3762 4589 3845 4637 est

2272 4689 2646 4763 particularem
2678 4684 3089 4740 afﬁrmationem
3120 4681 3418 4751 simplicem
3460 4687 3515 4733 et
3560 4674 3843 4746 particula-

2272 4801 2387 4841 rem
2421 4783 2678 4839 inﬁnitam
2710 4779 3070 4849 negationem,
3098 4784 3153 4830 et
3181 4777 3231 4831 in
3264 4773 3489 4829 veritate
3530 4779 3583 4825 et
3611 4770 3662 4823 in
3702 4766 3845 4822 falsi-

2274 4889 2381 4935 tate
2407 4892 2466 4933 se
2492 4875 2664 4945 sequi,
2702 4881 2756 4928 et
2794 4886 2824 4925 a
2854 4885 2913 4926 se
2933 4869 3082 4924 nullo
3108 4866 3268 4922 modo
3297 4865 3625 4932 discrepare.
3661 4860 3846 4928 Dispo-

2275 4980 2466 5026 nantur
2510 4967 2655 5024 enim
2695 4964 2776 5018 hae
2823 4971 3073 5032 quatuor,
3123 4958 3267 5027 prior
3315 4952 3601 5009 afﬁrmatio
3641 4949 3847 5005 inﬁnita

534 5026 555 5114 ι’,
586 5059 747 5116 quam
774 5047 933 5097 erum
970 5050 1143 5105 neque
1165 5046 1315 5128 “ita:
1343 5028 1503 5128 Sinin!
1522 5067 1547 5128 ’.
1571 5024 1913 5128 quOdPIE‘em
1944 5020 2167 5126 aldidlt’
2194 5008 2250 5074 Β
2276 5008 3332 5128 homo
3379 5056 3461 5104 est
3508 5062 3610 5101 non
3648 5045 3845 5114 justus,

587 5113 763 5207 neque
789 5135 842 5189 in
870 5131 1084 5196 eodem,
1113 5127 1178 5181 ad
1209 5124 1369 5179 aliam
1396 5119 1638 5190 ejusdem
1669 5118 1745 5175 rei
1773 5113 2173 5171 determinatio—

590 5244 712 5283 nem
747 5225 891 5281 valet
922 5241 936 5279 :
969 5226 1188 5292 possunt
1224 5216 1366 5272 enim
1407 5226 1591 5267 rursus
1631 5207 1818 5264 eodem
1854 5215 2096 5275 tempore
2119 5212 2175 5260 et

503 5336 526 5349 ··
590 5322 745 5377 simul
765 5313 1083 5375 universalis
1104 5308 1387 5366 alﬁrmatio
1402 5314 1455 5360 et
1472 5300 1788 5359 universalis
1808 5297 2016 5370 negatio
2032 5310 2174 5352 verae

591 5428 740 5479 esse;
791 5409 885 5467 sed
918 5408 963 5463 si
1004 5421 1110 5461 non
1159 5402 1227 5459 de
1265 5400 1451 5457 eodem
1494 5394 1867 5469 praedicentur,
1894 5400 1959 5447 'ut
1983 5390 2028 5446 si
2055 5390 2174 5461 quis

592 5506 738 5562 dicat
757 5524 768 5558 :
786 5517 946 5558 omne
970 5497 1165 5555 animal
1194 5493 1453 5551 rationale
1475 5490 1691 5559 est,hoc
1714 5487 1757 5542 si
1779 5487 1847 5543 de
1865 5484 2170 5540 hominibus

597 5597 938 5668 praedicetur,
971 5605 1095 5646 vera
1128 5597 1213 5643 est
1248 5583 1550 5641 afﬁrmatio.
1591 5579 1740 5648 Quod
1772 5580 1817 5634 si
1848 5578 1965 5649 quis
1989 5576 2167 5633 dicat:

598 5689 803 5743 nullum
827 5684 1026 5741 animal
1048 5680 1303 5737 rationale
1322 5687 1424 5745 est,
1450 5676 1554 5731 hoc
1581 5674 1627 5730 si
1654 5673 1721 5730 de
1740 5672 1894 5743 equis
1914 5668 2171 5729 enuntiet.

599 5794 725 5833 vera
749 5776 851 5831 erit
880 5788 986 5829 uno
1012 5773 1303 5839 eodemque
1332 5780 1569 5838 tempore
1596 5774 1781 5821 contra
1819 5758 2175 5818 universalem

594 5868 1007 5929 atﬁrmationem
1051 5859 1365 5917 universalis
1407 5859 1543 5915 facta
1572 5855 1816 5925 negatio,
1848 5852 1945 5910 sed
1972 5866 2082 5913 non
2108 5848 2178 5907 de

1798 6028 1805 6029 κ
1843 5998 1917 6033 iw
1952 6012 2046 6031 δε.-

2216 5188 2217 5191 η
2274 5157 2374 5214 sub
2402 5155 2501 5210 hac
2540 5153 2591 5208 ei
2633 5148 2975 5207 consentiens
3015 5146 3244 5217 simplex
3274 5141 3592 5198 universalis
3637 5135 3850 5208 negatio

2275 5264 2394 5321 qua:
2424 5244 2692 5318 proponit,
2725 5240 2901 5297 nullus
2932 5238 3285 5308 homojustus
3311 5242 3416 5291 est.
3446 5232 3650 5287 Rursus
3680 5229 3735 5284 in
3776 5227 3851 5281 al-

2279 5320 2387 5410 tera
2416 5345 2569 5411 parte
2593 5345 2777 5392 contra
2808 5332 3217 5387 atﬁrmationem
3246 5325 3526 5389 inﬁnitam,
3561 5320 3850 5395 particula-

2277 5436 2351 5491 ris
2377 5430 2607 5505 simplex
2633 5424 2921 5483 afﬁrmatio
2947 5437 3066 5493 qua:
3087 5421 3235 5491 dicit,
3262 5428 3345 5475 est
3368 5415 3561 5486 aliquis
3588 5415 3747 5471 homo
3766 5412 3853 5483 ju-

2272 5536 2407 5594 stus,
2458 5535 2513 5580 et
2559 5522 2659 5579 sub
2707 5521 2807 5574 hac
2846 5515 3183 5589 particularis
3230 5511 3440 5567 inﬁnita
3484 5507 3695 5579 negatio
3731 5514 3854 5576 qua

2278 5588 2545 5695 proponit,
2572 5631 2681 5672 non
2710 5611 2887 5670 omnis
2915 5617 3000 5667 est
3020 5606 3185 5664 homo
3215 5619 3324 5662 non
3338 5602 3539 5675 justus.
3870 5588 3877 5598 ’

3206 5868 3231 5881 ρ
