4270 6266
444 314 543 385 ssi

1223 442 1407 499 Omnis
1437 449 1521 497 est
1541 441 1702 498 homo
1728 456 1837 496 non
1860 441 2057 510 justus.

1230 533 1416 591 Nullus
1441 545 1523 591 est
1547 535 1709 590 homo
1732 533 1932 605 jusms.

1167 325 1230 383 IN
1266 314 1526 383 Ltunuit
1569 327 1655 381 ne
1699 325 2349 399 lNTERPltETATlUNE
2392 320 2618 383 EDITIO
2657 314 3006 387 SECUNDA.
3572 380 3575 383 λ
3620 341 3721 396 sas

2134 440 2231 495 Est
2258 440 2453 511 aliquis
2479 442 2643 499 homo
2661 446 2856 514 justus.

2129 532 2248 590 Non
2279 534 2456 591 omnis
2482 545 2567 591 est
2596 535 2894 597 homonon
2920 542 3117 612 justus.

517 669 833 741 Risergoita
862 669 1218 741 dispositis,si
1240 669 1527 727 afﬁrmatio
1556 670 1875 727 universalis
1903 670 2027 727 inﬁ-
2053 673 2110 737 Α
2136 682 2323 725 rursus
2352 684 2479 726 vera
2506 680 2589 728 est
2610 672 2927 732 universalis
2956 678 3183 751 simplex
3207 686 3440 757 negatio,
3473 687 3608 755 falsa
3632 700 3717 753 est

456 760 567 817 nita
598 775 729 818 vera
753 764 845 829 sit,
872 777 934 818 ea
963 778 1083 834 qua:
1112 763 1268 830 dicit,
1301 765 1476 821 omnis
1502 774 1584 822 est
1618 764 1781 821 homo
1816 781 1923 821 non
1943 765 2031 836 ju-

440 861 579 919 stus,
628 868 755 910 vera
791 863 875 911 est
927 858 1089 911 etiam
1134 871 1196 912 ea
1237 872 1357 927 qua:
1398 858 1672 927 proponit,
1731 858 1909 921 nullus
1943 865 2029 923 est
2061 840 2078 853 ’

446 945 609 1003 homo
631 946 827 1016 justus,
873 963 994 1018 quae
1036 956 1120 1003 est
1157 948 1478 1005 universalis
1508 950 1733 1022 simplex
1779 951 2025 1022 negatio;

447 1039 549 1096 hoc
569 1050 745 1097 autem
790 1041 981 1099 melius
1012 1043 1065 1097 in
1099 1041 1444 1101 inferioribus
1472 1044 1816 1117 cognoscitur
1845 1060 2030 1102 exem-

437 1132 557 1202 plis.
590 1132 811 1189 Dicatur
849 1135 1013 1199 enim,
1040 1135 1219 1192 omnis
1260 1146 1347 1192 est
1370 1136 1533 1193 homo
1560 1153 1667 1193 non
1698 1136 2022 1209 quadrupes,

436 1237 558 1278 vera
598 1233 706 1292 est,
746 1214 932 1282 rursus
982 1226 1165 1283 nullus
1218 1238 1304 1284 est
1346 1227 1510 1284 homo
1548 1230 1878 1300 quadrupes,
1910 1228 2029 1284 haec

437 1331 649 1387 quoque
681 1333 807 1373 vera
837 1325 952 1383 est;
992 1320 1133 1388 quod
1166 1318 1213 1373 si
1243 1334 1345 1375 una
1377 1320 1564 1376 barum
1596 1321 1667 1377 sit
1706 1321 1859 1386 falsa,
1890 1319 2024 1375 falsa

440 1421 654 1477 quoque
692 1408 799 1463 erit
844 1417 898 1463 et
941 1408 1135 1465 altera.
1187 1408 1318 1464 Nam
1368 1409 1414 1466 si
1450 1408 1581 1465 falsa
1629 1419 1731 1479 εει,
1773 1409 2028 1481 quoniam

440 1500 615 1554 omnis
644 1508 729 1555 est
757 1500 921 1556 homo
952 1516 1059 1557 non
1098 1503 1294 1569 iustus,
1325 1503 1463 1558 sicut
1493 1519 1617 1560 vere
1654 1518 1867 1575 quoque
1897 1504 2026 1561 falsa

440 1602 547 1658 est,
578 1591 667 1646 illa
694 1606 907 1662 quoque
933 1591 1150 1662 negatio
1179 1592 1407 1663 simplex
1442 1595 1851 1650 mendacissime
1890 1608 2027 1664 pra:-

438 1680 639 1736 dicavit
669 1697 788 1752 qua:
823 1683 974 1751 dicit,
1011 1684 1186 1739 nullus
1226 1695 1309 1738 est
1351 1684 1513 1740 homo
1532 1684 1728 1753 justus.
1761 1685 2024 1754 Quocirca

435 1774 724 1829 afﬁrmatio
762 1773 1086 1829 universalis
1118 1775 1323 1829 inﬁnita
1368 1784 1418 1829 et
1461 1778 1675 1845 negatio
1702 1776 2022 1832 universalis

435 1864 667 1935 simplex
694 1865 909 1921 sibimet
936 1865 1305 1934 consentiunt,
1349 1872 1437 1937 ut,
1466 1883 1570 1923 una
1602 1884 1747 1937 vera,
1794 1869 2020 1923 alteram

438 1968 623 2011 veram
651 1969 776 2024 esse
804 1969 1029 2011 necesse
1055 1955 1167 2021 sit;
1209 1958 1435 2013 alterius
1464 1958 1751 2013 falsitatem
1799 1958 2021 2029 reliquie

2132 762 2475 833 particularis
2514 764 2742 836 simplex
2768 765 3094 838 afﬁrmatio;
3140 774 3233 829 sed
3280 778 3597 845 universalis
3623 780 3711 837 af-

2133 855 2367 911 ﬁrmatio
2391 857 2598 913 inﬁnita
2628 866 2685 917 et
2706 859 3029 917 universalis
3059 868 3271 937 negatio
3296 870 3528 943 simplex
3551 875 3714 934 simul

2134 963 2275 1006 vera:
2300 959 2449 1017 sunt,
2476 951 2638 1008 simul
2665 952 2825 1025 igitur
2854 967 3012 1012 erunt
3035 957 3185 1017 falsa
3204 963 3713 1033 particularisafﬁrp
3777 1025 3780 1029 .

2131 1044 2301 1099 matio
2324 1045 2551 1116 simplex
2582 1056 2637 1109 et
2674 1050 3014 1119 particularis
3048 1052 3255 1115 inﬁnita
3282 1060 3515 1128 negatio.
3535 1065 3712 1131 Quare

2132 1135 2218 1192 ba
2257 1152 2496 1209 quoque,
2541 1138 2596 1196 id
2643 1150 2727 1197 est
2774 1143 3111 1212 particularis
3154 1147 3442 1207 affirmatio
3485 1156 3716 1225 simplex

2131 1236 2189 1283 et
2216 1230 2558 1299 particularis
2584 1231 2790 1289 inﬁnita
2820 1236 3040 1294 sibimet
3064 1239 3116 1294 in
3146 1241 3369 1298 veritate
3396 1253 3453 1301 et
3481 1245 3714 1306 falsitate

2137 1325 2508 1393 consentiunt,
2554 1336 2609 1383 et
2651 1328 2930 1385 veritatem
2968 1347 3118 1388 suam
3158 1346 3214 1390 et
3256 1338 3591 1397 mendacium
3629 1343 3714 1399 in.-

2133 1412 2304 1469 vicem
2354 1425 2779 1487 consequuntur.
2836 1421 3017 1487 Quare
3063 1423 3349 1483 afﬁrmatio
3396 1432 3613 1500 quidem
3654 1444 3714 1493 et

2132 1502 2369 1571 negatio,
2403 1513 2631 1575 utraque
2664 1509 3007 1577 universalis,
3040 1514 3154 1571 haec
3191 1517 3441 1589 simplex,
3469 1521 3559 1579 illa
3593 1524 3713 1581 inﬁ-

2130 1593 2261 1661 nita,
2293 1607 2595 1669 sequuntur
2620 1615 2744 1657 sese
2782 1602 2992 1675 sibique
3020 1612 3383 1668 consentiunt.
3414 1614 3710 1674 Particula-

2129 1703 2220 1781 res
2249 1699 2452 1756 autem,
2484 1690 2538 1747 id
2567 1703 2652 1748 est
2673 1694 3067 1754 universalibus
3093 1707 3354 1773 opposita
3380 1709 3608 1781 simplex
3631 1713 3710 1769 af-

2127 1777 2392 1837 ﬁrmativa
2435 1792 2491 1838 et
2519 1785 2762 1856 negativa
2810 1786 3040 1857 inﬁnita,
3072 1792 3201 1862 ipsa:
3229 1812 3444 1869 quoque
3487 1777 3711 1865 sibimet

2125 1875 2491 1931 consentiunt.
2514 1876 2692 1943 Quare
2715 1890 2893 1941 rectus
2923 1885 3058 1941 ordo
3086 1895 3191 1955 est,
3224 1900 3282 1949 ut
3308 1892 3449 1950 sicut
3468 1895 3711 1956 afﬁrma-
3790 1886 3793 1889 I

2125 1961 2260 2054 tioni
2291 1966 2579 2022 universali
2612 1970 2836 2028 infinitae
2862 1981 3134 2034 consentit
3173 1982 3403 2054 simplex
3444 1991 3711 2051 universa-

436 2048 891 2157 [ιυίξιιυοέέιξείίξέ
923 2059 1305 2157 ww"?-
1335 2049 1739 2157 “wtw.
1757 2052 1940 2157 ενοτιίι
1969 2052 2025 2108 in
2054 2061 2102 2122 Β
2129 2052 2195 2157 iis
2220 2060 2454 2157 exitio»
2485 2059 2572 2157 ίιθ,
2590 2063 2903 2157 Ρθτιὲενιπί
2926 2048 3294 2132 amr-nm
3322 2079 3551 2153 mpm
3574 2048 3708 2157 ριέᾲ

434 2150 589 2212 parte
617 2138 803 2210 altera,
831 2154 954 2195 nam
985 2141 1032 2196 si
1051 2156 1179 2197 vera
1202 2152 1305 2208 est,
1332 2142 1587 2212 quoniam
1616 2143 1831 2213 quidam
1859 2145 2020 2202 homo

432 2228 611 2303 justus
639 2239 741 2299 est,
776 2244 904 2285 vera
929 2245 1145 2302 quoque
1181 2240 1285 2300 est,
1312 2234 1563 2302 quoniam
1602 2249 1709 2288 non
1737 2236 1915 2289 omnis
1938 2245 2023 2291 est

434 2323 599 2381 homo
624 2340 730 2379 non
748 2322 952 2397 jusms,
984 2334 1067 2381 est
1085 2325 1232 2381 enim
1258 2326 1489 2396 aliquis;
1522 2341 1646 2381 nam
1685 2328 1729 2382 si
1770 2327 1914 2398 quod
1940 2328 2023 2383 di-

434 2417 595 2485 citur,
623 2433 729 2473 non
772 2417 975 2484 omnis,
1006 2418 1339 2475 tantumdem
1384 2426 1491 2485 εει,
1520 2426 1773 2489 tanquam
1810 2419 1859 2473 si
1899 2420 2019 2490 quis

434 2507 599 2575 dicat,
626 2511 845 2580 quidam
869 2525 978 2566 non
1003 2521 1107 2576 est,
1146 2512 1290 2582 quod
1319 2512 1374 2566 in
1401 2510 1511 2566 alio
1537 2527 1751 2582 quoque
1770 2512 2020 2581 exemplo

430 2604 773 2671 manifestius
807 2604 1106 2675 apparebit.
1152 2605 1209 2661 Si
1236 2605 1358 2675 quis
1386 2604 1552 2674 dicat,
1578 2618 1688 2660 non
1729 2604 1908 2660 omnis
1936 2618 2021 2662 est

434 2694 595 2763 hostio
622 2698 825 2769 justus,
872 2701 975 2754 hoc
1021 2707 1105 2755 est
1142 2697 1347 2765 dicere,
1377 2699 1594 2769 quidam
1644 2698 1807 2753 homo
1841 2698 2021 2767 justus

437 2805 546 2849 non
568 2801 683 2858 est;
712 2806 842 2862 ergo
866 2807 973 2848 non
1008 2793 1208 2861 omnis,
1239 2792 1453 2862 quidam
1480 2807 1609 2859 non,
1641 2791 1927 2865 signiﬁcat.
1959 2791 2019 2847 Si

439 2883 563 2957 quis
582 2899 712 2955 ergo
736 2884 807 2940 ita
838 2883 1357 2957 primoriat,quidam
1392 2885 1551 2939 homo
1578 2897 1683 2939 non
1707 2884 1885 2953 justus
1910 2872 2017 2938 non

434 2985 539 3043 est,
560 2991 723 3048 quem
749 2976 882 3033 dicit
916 2991 1023 3032 non
1052 2991 1175 3033 esse
1205 2990 1311 3031 non
1353 2974 1634 3044 iujustutn,
1664 2973 1868 3046 justum
1896 2988 2017 3028 esse

436 3067 735 3125 confirmat.
764 3069 943 3137 Quare
977 3070 1067 3125 ille
1104 3068 1172 3124 de
1211 3082 1318 3139 quo
1362 3066 1579 3132 dicitur,
1609 3066 1860 3136 quoniam
1910 3078 2019 3119 non

436 3156 609 3228 iustus
630 3168 737 3213 non
767 3168 869 3225 est,
902 3158 1005 3214 erit
1024 3158 1220 3230 justus.
1258 3158 1407 3214 Unde
1441 3156 1502 3211 ﬁt
1528 3165 1585 3211 ut
1628 3170 1689 3210 ea
1713 3168 1837 3225 qua:
1864 3155 2015 3220 dicit,

437 3263 543 3303 non
571 3250 745 3304 omnis
789 3263 870 3304 est
900 3249 1063 3304 homo
1094 3263 1201 3302 non
1222 3248 1420 3318 justus,
1469 3245 1774 3301 consentiat
1810 3246 1858 3298 ei
1894 3258 2018 3314 qua:

436 3339 583 3409 dicit,
614 3342 832 3411 quidam
863 3340 1024 3396 homo
1040 3340 1224 3412 justus
1246 3348 1353 3395 est.
1381 3338 1487 3395 Sed
1518 3339 1631 3392 haec
1653 3352 1760 3391 non
1782 3351 2014 3390 consen-

2131 2144 2369 2202 ticularis
2398 2151 2611 2221 negatio
2635 2154 2841 2209 inﬁnita
2870 2162 3190 2232 consentiat,

2196 2236 2534 2307 Manifestum
2564 2254 2635 2298 est
2663 2254 2855 2313 autem,
2886 2253 3127 2315 quoniam
3155 2257 3310 2311 etiam
3342 2259 3397 2312 in
3421 2258 3723 2332 singulari;

2126 2328 2237 2394 bus,
2279 2331 2324 2384 si
2368 2344 2441 2387 est
2478 2350 2649 2389 verum
2686 2337 3059 2411 interrogatum
3086 2361 3271 2416 negare
3316 2351 3452 2419 quod
3488 2328 3535 2407 et
3579 2356 3707 2426 ψ

2126 2437 2265 2475 mare
2281 2439 2453 2479 uerum
2474 2437 2569 2491 est,
2592 2438 2670 2492 ut,
2690 2427 2916 2488 Putasne
2943 2433 3181 2493 Socrates
3203 2443 3404 2511 sapiens
3431 2448 3542 2501 est?
3565 2446 3705 2509 Non.

2126 2512 2362 2569 Socrates
2390 2518 2548 2588 igitur
2582 2534 2688 2574 non
2720 2523 2923 2592 sapiens
2951 2536 3047 2582 est.
3090 2527 3157 2584 In
3187 2534 3559 2595 universalibus
3590 2558 3706 2598 uero

2124 2620 2228 2660 non
2255 2618 2328 2663 est
2357 2623 2473 2663 uera
2500 2626 2616 2678 quae
2643 2614 2880 2670 similiter
2919 2618 3132 2689 dicitur;
3161 2639 3276 2681 uera
3313 2640 3387 2683 est
3420 2642 3589 2687 autem
3618 2652 3705 2691 neh

2122 2700 2283 2768 gatio,
2310 2710 2387 2767 ut,
2406 2699 2634 2758 Putasne
2655 2708 2819 2762 omnis
2845 2709 2998 2766 homo
3012 2718 3221 2785 sapiens
3243 2731 3315 2774 est
3329 2721 3512 2780 7Non.
3530 2724 3706 2782 Omnis

2121 2790 2282 2888 mitur
2307 2791 2459 2888 acino
2481 2811 2583 2851 non
2605 2814 2808 2870 sapiens
2829 2812 2933 2868 est;
2961 2802 3056 2860 hoc
3076 2809 3211 2862 enim
3233 2822 3305 2865 est
3352 2815 3566 2888 falsum,
3590 2820 3705 2888 sul,

2120 2898 2225 2936 non
2250 2884 2404 2954 igitur
2429 2890 2594 2942 omnis
2620 2890 2771 2944 homo
2797 2893 3002 2960 sapiens
3034 2907 3127 2964 est,
3157 2915 3274 2954 uera
3294 2913 3401 2970 est;
3429 2884 3704 2969 MC’G'HI';

2124 2978 2358 3044 opposita
2385 2986 2482 3043 est,
2506 2978 2599 3032 illa
2627 2996 2743 3035 uero
2765 2987 3047 3039 contraria.

2202 3066 2277 3121 De
2304 3070 2687 3157 consequentia
2717 3077 3141 3144 propositionum
3181 3080 3477 3157 disputans,
3518 3099 3571 3145 et
3603 3086 3703 3152 sibi

2121 3156 2573 3225 quemadmodum
2595 3167 2967 3220 consentirent
2993 3167 3143 3224 illum
3176 3156 3469 3233 tractatum
3492 3192 3701 3249 parum-

2120 3267 2221 3321 per
2253 3267 2509 3324 egressus
2547 3257 2745 3315 docere
2774 3265 3069 3334 proposuit,
3112 3282 3237 3337 qua
3268 3272 3487 3329 veniant
3527 3277 3582 3333 in
3611 3294 3701 3335 re-

2119 3345 2466 3413 sponsionem
2509 3347 2580 3405 de
2627 3350 3013 3422 singularibus,
3060 3357 3106 3411 si
3147 3358 3213 3415 ad
3256 3363 3698 3429 medicationem

518 3434 567 3489 ei
599 3448 718 3529 quae
751 3435 904 3498 dicit,
944 3430 1162 3529 quidam
1210 3431 1372 3486 homo
1413 3446 1520 3486 non
1545 3431 1722 3529 justus
1770 3439 1874 3494 est,
1906 3444 2015 3529 n0_n
2039 3440 2087 3504 (ζ
2120 3434 2358 3505 ipsarum
2406 3441 2477 3495 sit
2505 3443 2759 3509 particula
2792 3449 3092 3518 negationis
3128 3454 3396 3525 apposita,
3429 3476 3548 3529 qua:
3580 3478 3700 3521 rer.

432 3525 591 3597 igitur
639 3527 753 3583 haec
793 3527 1063 3583 consentit
1106 3525 1159 3581 ei
1202 3541 1322 3598 qua:
1373 3523 1644 3595 proponit,
1682 3538 1789 3577 non
1839 3522 2025 3576 omnis

435 3619 595 3675 homo
624 3628 709 3675 est
751 3637 856 3675 non
878 3620 1073 3691 justus.
1104 3620 1209 3675 Sed
1237 3618 1489 3690 quoniam
1524 3618 1623 3673 hoc
1655 3619 1881 3672 fortasse
1908 3617 2012 3671 ali-

436 3721 698 3784 quatenus
745 3714 953 3769 videtur
994 3714 1301 3780 obscurius,
1344 3723 1740 3785 consequentia:
1779 3713 2012 3783 ipsarum

438 3804 541 3861 lioc
572 3805 733 3862 modo
766 3802 1041 3862 sumendae
1068 3818 1213 3863 sunt.
1252 3807 1440 3878 Sitque
1468 3807 1625 3862 nobis
1654 3807 1757 3863 hoc
1782 3807 2014 3877 positum

438 3897 852 3953 afﬁrtnatlonetn
883 3900 1237 3954 universalem
1267 3899 1550 3979 infinitain,
1584 3910 1640 3955 et
1674 3899 2011 3970 negationem

440 3991 1125 4067 universalem_simp|icem
1161 3992 1374 4047 sibimet
1411 3993 1740 4059 consentire,
1772 4001 1831 4046 ut
1858 3992 2013 4047 unius

437 4083 718 4138 veritatem
756 4094 810 4139 et
840 4084 1147 4150 falsitatem,
1195 4085 1413 4139 alterius
1440 4085 1638 4139 veritas
1684 4094 1775 4137 aut
1810 4083 2013 4137 falsitas

433 4184 812 4245 consequatur.
853 4175 909 4233 Si
949 4174 1087 4231 falsa
1115 4188 1197 4232 est
1224 4176 1524 4230 affirmatio
1565 4177 1769 4230 inﬁnita
1798 4176 2013 4231 univer-

433 4267 558 4323 salis
580 4284 701 4339 quze
725 4267 877 4335 dicit,
911 4268 1088 4325 omnis
1116 4279 1198 4324 est
1219 4268 1380 4323 homo
1412 4285 1516 4323 non
1535 4269 1732 4339 justus,
1758 4284 1883 4325 vera
1909 4268 2014 4323 erit

434 4359 558 4416 huic
587 4363 829 4431 opposita
862 4362 1199 4431 particularis
1230 4362 1434 4416 inﬁnita
1486 4362 1699 4434 negatio
1727 4377 1846 4432 qua:
1891 4375 2014 4431 pro-

409 4453 615 4521 ponit,
662 4469 765 4507 non
807 4453 979 4509 omnis
1021 4465 1102 4509 est
1154 4455 1313 4508 homo
1363 4470 1467 4507 non
1494 4453 1700 4523 justus;
1748 4452 1842 4508 sed
1889 4468 2011 4508 cum

434 4542 565 4599 falsa
595 4556 676 4599 εει
703 4544 987 4600 afﬁrmatio
1018 4544 1341 4601 universalis
1382 4545 1611 4611 infinita,
1645 4544 1773 4599 falsa
1800 4559 2012 4615 quoque

431 4645 487 4692 et
514 4636 833 4693 univers-lis
872 4637 1103 4706 simplex
1152 4638 1366 4710 negatio
1393 4652 1511 4708 qua:
1548 4637 1698 4706 dicit,
1730 4638 1906 4691 nullus
1931 4646 2015 4692 est

430 4724 595 4783 hdmo
617 4730 822 4799 justus;
855 4730 949 4786 sed
995 4730 1095 4784 hac
1126 4730 1257 4784 falsa
1289 4731 1667 4800 particularem
1698 4729 2009 4784 afﬁrmatio-

2120 3544 2212 3631 sus
2232 3532 2287 3631 in
2318 3534 2401 3589 his
2422 3536 2632 3631 quarde
2655 3539 3048 3631 universalibus
3075 3556 3202 3609 sunt
3222 3554 3698 3631 propositionibus,

2120 3620 2165 3677 si
2195 3622 2261 3677 ad
2292 3626 2727 3692 praedicationem
2775 3625 2953 3689 addiia
2995 3638 3256 3707 particula
3296 3649 3542 3717 negativa
3570 3620 3697 3707 cun:

2117 3722 2324 3782 currat,
2355 3730 2531 3787 neque
2562 3718 2707 3776 enim
2735 3734 2949 3792 oportet
2976 3728 3222 3788 similiter
3250 3731 3428 3793 facere
3448 3742 3696 3797 enuntia-

2118 3804 2314 3905 tiones.
2339 3806 2455 3863 Non
2483 3808 2626 3866 enim
2657 3814 2836 3905 simile
2862 3827 2945 3872 est
2971 3822 3111 3889 quod
3142 3839 3206 3879 ex
3242 3837 3465 3900 utraque
3493 3838 3693 3905 praedi-

2117 3898 2332 3954 catione
2358 3904 2640 3973 contingit.
2670 3904 2782 3961 Hoc
2810 3919 2988 3964 autem
3020 3913 3093 3966 ita
3121 3898 3465 3980 manifestum
3493 3898 3578 3983 est
3607 3948 3622 3984 :
3654 3935 3696 3987 si

2118 3991 2240 4091 quis
2273 3992 2340 4048 de
2368 3996 2627 4091 singulari
2658 3998 2837 4091 aliquo
2880 4002 3237 4074 interrogatus
3266 4027 3443 4083 neget,
3487 4019 3576 4073 ille
3603 4025 3696 4091 qui

2116 4081 2529 4179 iitterrogaverit
2556 4096 2734 4157 potest
2760 4088 2936 4146 facere
2963 4107 3025 4146 ex
3061 4095 3271 4155 inﬁnito
3310 4081 3528 4163 nomine
3552 4081 3695 4179 pra:-

2117 4172 2296 4229 dicato
2321 4176 2747 4247 conclusionem,
2791 4180 2937 4238 illam
2966 4186 3172 4244 scilicet
3202 4195 3533 4263 negationem
3552 4172 3697 4269 ujun-

2117 4280 2252 4337 gens
2274 4281 2435 4338 quam
2468 4270 2804 4341 respondens
2832 4287 2956 4332 ante
2992 4293 3303 4352 negaverat,
3341 4299 3394 4343 et
3421 4288 3524 4345 boc
3546 4307 3698 4349 vera-

2119 4360 2257 4414 citer
2286 4362 2623 4431 praedicabit.
2658 4363 2732 4421 De
2773 4369 3166 4430 universalibus
3197 4387 3374 4435 autem
3415 4384 3697 4453 apparebit

2118 4468 2226 4509 non
2262 4454 2505 4511 eamdem
2548 4460 2823 4517 veritatem
2855 4479 3013 4532 posse
3053 4468 3383 4542 contingere,
3431 4476 3480 4533 si
3518 4494 3583 4534 ex
3613 4480 3696 4537 bis

2117 4544 2400 4642 afﬁrmatio
2417 4562 2792 4619 componatur.
2822 4554 2877 4612 Si
2896 4560 3016 4626 quis
3030 4560 3173 4617 enim
3191 4563 3657 4642 interrogetaliutn
3680 4613 3695 4630 .

2118 4636 2351 4734 Putasne
2381 4640 2632 4734 Socrates
2656 4646 2869 4715 sapiens
2890 4648 3009 4703 εειῖ
3030 4650 3076 4706 si
3105 4652 3196 4717 ille
3222 4636 3527 4728 reSptitidet,
3550 4664 3691 4734 Non,

2120 4745 2246 4785 vere
2290 4730 2382 4787 ille
2411 4733 2682 4789 concludit
2721 4736 2908 4808 dicens
2940 4744 3231 4801 :Socrates
3272 4751 3433 4819 igitur
3466 4767 3571 4809 non
3609 4730 3698 4811 sa-

431 4834 553 4874 nem
593 4836 715 4893 qua:
753 4821 878 4877 huic
919 4823 1353 4878 contradictoriae
1401 4823 1643 4892 opposita
1691 4834 1794 4889 est,
1828 4837 2007 4879 veram
2035 4822 2088 4882 D
2114 4820 2267 4892 piens
2319 4831 2424 4877 est.
2472 4821 2554 4879 Sit
2596 4834 2774 4881 autem
2823 4826 2923 4883 bne
2974 4844 3187 4902 quoque
3233 4835 3287 4891 in
3330 4840 3438 4895 alio
3479 4844 3696 4901 clariori

432 4928 551 4969 esse
578 4929 802 4970 necesse
840 4924 923 4970 est
952 4931 1070 4986 quae
1105 4924 1206 4984 εει,
1261 4914 1479 4985 quidam
1506 4914 1668 4969 homo
1694 4916 1868 4982 justus
1907 4923 2011 4969 est.
2060 4912 2067 4919 “

432 5007 717 5077 Quocirca,
739 5008 953 5080 quando
976 5008 1267 5069 affirmatio
1299 5007 1617 5062 universalis
1646 5007 1848 5063 inﬁnita
1880 5006 2012 5062 falsa

343 5162 359 5179 δ
430 5109 534 5167 εει,
570 5116 694 5156 vera
725 5110 811 5155 est
841 5100 1179 5168 particularis
1207 5099 1413 5154 inﬁnita
1445 5098 1680 5170 negatio,
1710 5109 1764 5154 et
1798 5099 2014 5171 quando

343 5190 358 5203 ⁴
429 5194 746 5250 universalis
775 5194 989 5267 negatio
1017 5185 1247 5264 simplex
1277 5193 1406 5247 falsa
1451 5201 1555 5258 est,
1590 5207 1711 5247 vera
1758 5203 1841 5247 est
1882 5193 2013 5248 sim-

428 5287 552 5358 plex
593 5288 879 5344 affirmatio
921 5286 1278 5358 particularis.
1328 5285 1434 5342 Sed
1464 5285 1753 5340 afﬁrmatio
1794 5284 2013 5341 univer-

428 5368 556 5440 salis
584 5385 794 5441 inﬁnita
822 5394 877 5438 et
903 5384 1119 5455 negatio
1140 5381 1460 5438 universalis
1479 5380 1707 5449 simplex
1728 5379 1888 5433 simul
1918 5379 2019 5436 fal-

428 5490 506 5529 sae
536 5485 663 5529 sunt
705 5483 760 5529 et
789 5473 1006 5530 sibimet
1054 5474 1108 5529 in
1153 5472 1388 5530 falsitate
1433 5470 1812 5536 consentiunt;
1856 5471 2014 5527 simul

357 5610 368 5635 κ
431 5565 596 5635 igitur
622 5580 766 5622 verte
796 5574 954 5620 erunt
998 5566 1226 5632 simplex
1266 5563 1607 5637 particularis
1647 5561 1935 5621 afﬁrmatio
1964 5576 2017 5621 ct

354 5650 372 5658 ’
429 5655 638 5715 inﬁnita
677 5656 894 5731 negatio
914 5659 1274 5729 particularis.
1306 5660 1512 5718 Rursus
1535 5662 1582 5717 si
1611 5676 1735 5718 vera
1764 5671 1847 5718 est
1870 5661 2011 5716 afﬁr-

426 5749 599 5815 matio
624 5748 942 5807 universalis
970 5749 1199 5820 inﬁnita,
1222 5752 1358 5809 falsa
1396 5755 1499 5810 erit
1535 5755 1748 5829 negatio
1779 5754 2012 5825 particu-

406 5841 815 5927 i‘larisinfinlta,
841 5840 888 5896 ei
920 5840 1066 5898 enim
1096 5846 1523 5905 contradictorim
1549 5847 1790 5921 opposita
1822 5853 1924 5902 est.
1950 5846 2007 5901 Si

2120 4914 2369 4986 exemplo
2392 4918 2751 4974 manifesmtn.
2775 4920 2833 4976 Si
2854 4922 3304 5000 interrogaremus
3332 4936 3563 5006 aliquem
3594 4940 3694 4997 hoc

2120 5005 2281 5100 modo
2304 5006 2670 5100 :Socratesne
2700 5010 2972 5072 Romanus
3000 5020 3117 5074 est?
3146 5032 3307 5094 atque
3337 5005 3430 5084 ille
3471 5044 3699 5100 respon-

2120 5097 2241 5155 deal
2260 5116 2275 5154 :
2296 5098 2436 5169 Non,
2473 5116 2569 5159 nos
2596 5118 2723 5159 vere
2747 5107 3071 5168 concludere
3097 5128 3416 5183 possumus:
3447 5097 3699 5183 Socrates

2121 5190 2280 5261 igitur
2304 5208 2413 5248 non
2437 5193 2709 5252 Romanus
2722 5206 2822 5252 est.
2848 5197 3127 5259 Facientes
3147 5220 3215 5261 ex
3234 5211 3516 5280 negatione
3536 5231 3697 5284 quam

2121 5284 2212 5340 ille
2233 5287 2611 5357 respondebat,
2640 5299 2696 5347 et
2729 5307 2795 5346 ex
2821 5294 3037 5350 nomine
3068 5299 3210 5367 quod
3242 5300 3297 5355 in
3331 5306 3699 5375 propositione

2122 5375 2534 5443 praedicavimus
2564 5380 2974 5438 afﬁrmationem
3006 5400 3071 5440 ex
3102 5388 3311 5447 infinito
3334 5396 3551 5453 nomine
3579 5414 3696 5469 quau

2120 5469 2249 5527 dicit
2274 5489 2288 5527 :
2321 5470 2570 5529 Socrates
2594 5489 2697 5529 non
2727 5475 2939 5546 sapiens
2961 5488 3064 5545 est,
3088 5481 3172 5536 vel
3195 5484 3442 5543 Socrates
3460 5504 3565 5545 non
3590 5490 3692 5546 Ro~

2120 5579 2309 5619 manus
2340 5576 2443 5621 est.
2478 5565 2583 5620 Has
2617 5567 2758 5621 enim
2802 5567 3185 5628 afﬁrmationes
3222 5592 3343 5634 esse
3389 5594 3455 5635 ex
3490 5582 3690 5640 inﬁnita

2121 5655 2342 5710 nomine
2359 5670 2518 5725 supra
2543 5666 2897 5713 monstratum
2928 5672 3027 5716 est.
3054 5662 3109 5719 Si
3135 5665 3294 5736 igitur
3321 5669 3510 5727 eodem
3538 5676 3689 5731 nitida

2120 5749 2308 5820 aliquis
2339 5748 2392 5804 in
2428 5749 2818 5807 universalibus
2849 5752 3106 5827 subjectis
3144 5758 3438 5835 interroget
3463 5752 3687 5827 dicens:

2122 5844 2375 5902 Omnistte
2408 5848 2568 5902 homo
2600 5846 2813 5916 sapiens
2853 5852 2968 5906 est?
3003 5867 3099 5907 nos
3131 5855 3311 5930 utique
3343 5862 3683 5932 ερειοριιιιεὺὶε
