4270 6266
552 424 653 479 559
1799 405 1908 459 AN.
1952 399 2158 457 MANL.
2202 399 2354 456 sev.
2398 394 2620 450 nomn
3729 368 3822 440 suo

555 555 677 595 mus
709 556 720 589 :
753 537 889 591 Non.
927 529 1060 583 Tum
1093 524 1183 581 ille
1210 523 1400 579 eadem
1448 520 1797 576 similitudine
1837 517 2133 583 concludit,
2166 524 2220 583 Α
2249 514 2338 566 ﬁat
2367 511 2582 595 negatio
2614 506 2950 579 particularis
2995 524 3011 559 :
3044 512 3125 560 est
3169 502 3311 559 enim
3357 501 3473 557 htec
3514 513 3674 567 vera,
3708 498 3821 555 haec

552 634 683 688 dicit
711 629 874 691 enim’,
901 621 1089 678 Omnis
1119 620 1275 689 igitur
1300 618 1462 672 homo
1493 628 1597 670 non
1620 614 1834 683 sapiens
1862 625 1967 667 est.
1992 613 2135 678 Quo-
2243 592 2422 663 autem
2448 614 2531 662 est
2558 605 2718 660 etiam
2749 601 3016 673 opposita.
3047 599 3178 655 Nam
3220 613 3342 655 cum
3386 594 3671 652 afﬁrmatio
3711 592 3825 677 nni-

550 726 693 779 circn
736 718 910 773 nullus
952 716 1114 770 homo
1144 712 1358 780 sapiens
1388 717 1504 774 est;
1550 722 1613 763 ea
1643 707 1786 763 enim
1817 720 1936 775 quae
1967 705 2134 759 dicit:
2166 702 2181 741 -’
2247 699 2475 756 versatis
2521 697 2849 766 interrogata
2892 701 3036 749 esset
3080 706 3141 746 ea
3185 705 3305 761 quae
3352 689 3525 756 dicit,
3582 687 3828 743 omnisne

556 813 732 869 omnis
759 810 920 864 homo
966 822 1072 861 non
1102 804 1317 873 sapiens
1345 810 1450 869 est,
1485 799 1797 855 consentire
1843 806 2142 852 monstrata
2184 850 2201 863 ,
2240 792 2407 848 homo
2434 793 2648 861 sapiens
2677 788 2793 845 est?
2827 803 2897 843 ex
2929 786 3171 857 negativa
3197 783 3453 854 particula
3485 781 3682 837 factum
3713 788 3826 845 est,

555 916 634 963 est
667 904 715 960 ei
745 918 865 972 qua:
892 900 1019 958 dicit
1049 916 1061 951 :
1093 898 1273 952 nullus
1303 895 1464 949 homo
1494 891 1711 963 sapiens
1730 896 1835 947 est.
1864 888 2143 945 Videbitur
2246 901 2354 942 non
2379 886 2554 942 omnis
2582 884 2741 939 homo
2769 881 2980 951 sapiens
3006 889 3088 935 est
3127 879 3182 933 in
3216 876 3594 941 conclusione,
3627 883 3681 928 et
3707 881 3831 928 sunt

552 999 719 1070 igitur
745 993 1140 1068 quodammodo
1184 1006 1247 1045 ex
1285 1003 1410 1043 vera
1450 985 1803 1055 reSponsione
1833 982 1963 1037 falsa
1996 981 2141 1037 illata
2242 980 2529 1051 'opposilaz.
2572 978 2665 1034 illa
2691 987 2770 1033 est
2814 976 2957 1032 enim
3000 973 3285 1029 afﬁrmatio
3332 970 3681 1033 universalis,
3718 956 3833 1022 lucc

554 1106 683 1147 "csse
711 1086 1009 1151 conclusio,
1040 1083 1123 1138 cui
1163 1097 1259 1137 nos
1288 1080 1517 1134 dicimus
1548 1076 1886 1146 negationem
1920 1073 2137 1143 quidem
2250 1082 2425 1129 autem
2452 1071 2791 1142 particularis
2817 1068 3055 1139 negatio,
3087 1067 3174 1122 illa
3214 1080 3342 1122 vero
3371 1064 3664 1120 contraria.
3697 1060 3830 1116 Nam

562 1200 659 1238 nos
703 1178 1066 1249 respondisse,
1095 1188 1199 1229 non
1246 1181 1302 1226 ut
1333 1187 1394 1225 ea
1443 1169 1652 1239 negatio
1683 1167 1751 1221 ad
1794 1164 2140 1237 przedicatum
2248 1166 2294 1221 si
2321 1180 2431 1221 non
2460 1164 2671 1235 negatio
2693 1162 2759 1219 ad
2778 1162 3123 1233 praedicatum
3141 1160 3415 1229 jungatur,
3435 1156 3493 1210 ﬁt
3516 1152 3833 1211 universalis

558 1278 909 1348 jungeretur,’
943 1269 1035 1323 sed
1082 1268 1148 1321 ad
1191 1262 1719 1326 determinationem,
1774 1273 1948 1329 neque
1997 1256 2141 1312 enint
2238 1256 2537 1310 afﬁrmatio
2582 1253 2816 1319 inﬁnita,
2855 1268 2976 1323 quae
3025 1251 3291 1306 consentit
3334 1248 3620 1304 universali
3675 1248 3835 1315 nrga-

558 1382 666 1422 ‘nos
718 1365 951 1419 voluisse
994 1360 1063 1413 ab
1111 1358 1258 1413 omni
1309 1355 1525 1410 homine
1566 1350 1883 1421 sapientiam
1933 1349 2143 1411 tollere,
2254 1350 2385 1404 tioni
2418 1340 2612 1413 ﬁnitae;
2648 1347 2745 1402 sed
2775 1346 2891 1402 haec
2918 1355 3100 1401 contra
3131 1343 3493 1399 universalem
3527 1338 3837 1393 aftirmatioa

568 1475 689 1514 cum
743 1458 1105 1522 interrogante
1154 1448 1336 1518 aliquo
1384 1462 1451 1500 an
1513 1444 1687 1499 omnis
1729 1443 1890 1497 homo
1937 1440 2151 1510 sapiens

558 1558 734 1613 esset,
788 1561 884 1601 nos
928 1556 1269 1613 negaremus,
1303 1539 1397 1593 sed
1447 1537 1517 1591 ab
1560 1536 1705 1590 omni
1752 1532 1928 1604 potius
1976 1532 2029 1587 id
2071 1540 2153 1585 est

566 1637 1014 1697 determinatione
1049 1633 1281 1687 voluisse
1321 1644 1419 1685 nos
1450 1625 1763 1682 absuabere
1808 1622 2149 1694 sapientiam,

570 1730 701 1787 illud
769 1728 975 1783 scilicet
1021 1722 1412 1793 signiﬁcantes,
1464 1717 1605 1787 quod
1658 1716 1815 1770 alicui
1870 1721 2047 1779 esset,
2100 1724 2153 1767 et

569 1824 729 1881 alicui
780 1837 885 1878 non
942 1828 1087 1876 esset
1124 1815 1407 1887 sapientia,
1455 1820 1513 1867 ut
1562 1810 1703 1880 quod
1736 1807 1988 1863 diximus
2045 1822 2150 1863 non

2257 1456 2379 1496 nem
2403 1441 2605 1495 linitam
2633 1454 2749 1508 quas
2771 1438 2824 1493 in
2857 1436 3273 1504 interrogatione
3302 1436 3385 1489 est
3411 1432 3602 1503 posita,
3628 1439 3839 1486 contra-

2256 1532 2332 1587 ria
2359 1542 2465 1588 est.
2498 1530 2778 1587 Contraria
2803 1529 2965 1597 igitur
2988 1528 3090 1584 erit
3116 1527 3275 1582 etiam
3306 1525 3394 1581 illa
3421 1540 3541 1595 quae
3564 1523 3840 1579 universa-

2258 1624 2323 1678 lis
2349 1631 2432 1678 est
2479 1620 2768 1677 afﬁrmatio
2794 1619 3022 1674 inﬁnita.
3055 1619 3183 1686 Quae
3228 1624 3406 1672 autem
3444 1629 3603 1670 causa
3632 1623 3715 1670 est
3748 1628 3840 1668 cur

2260 1714 2311 1767 in
2342 1712 2708 1783 singularibus
2738 1712 2823 1768 vel
2845 1710 3134 1765 afﬁrmatio
3158 1724 3221 1765 ex
3257 1706 3463 1764 infinito
3487 1708 3730 1775 nomine,
3758 1707 3841 1762 vel

2261 1807 2471 1875 negatio
2497 1804 2713 1860 sibimet
2751 1803 2899 1882 ﬁnita
2945 1800 3322 1866 consentiant,
3354 1798 3405 1852 in
3456 1796 3843 1853 universalibus

572 1929 776 1976 tantum
818 1915 1023 1971 valeret
1074 1920 1328 1981 quantum
1380 1907 1425 1962 si
1465 1905 1767 1961 diceremus
1806 1904 1920 1955 non
1952 1900 2148 1955 omnis.
2186 1908 2235 1967 Β
2260 1907 2439 1951 autem
2488 1894 2805 1950 universalis
2842 1892 3131 1948 affirmatio
3159 1905 3224 1947 ex
3259 1889 3463 1946 inﬁnito
3492 1888 3707 1944 nomin‘e
3735 1899 3842 1940 non

566 2016 734 2087 igitur
760 2013 805 2069 si
835 2009 925 2065 illa
957 2004 1170 2077 negatio
1200 2003 1263 2058 ad
1297 2015 1515 2064 nomen,
1546 1998 1596 2052 id
1632 2007 1715 2052 est
1744 1995 1810 2049 ad
1839 1994 2156 2063 sapientiam

570 2083 842 2178 jungatur,
893 2096 1211 2155 universalis
1241 2094 1300 2147 ﬁt
1325 2089 1612 2145 afﬁrmatio
1656 2102 1776 2157 qua:
1800 2084 1951 2151 dicit,
1985 2083 2160 2138 omnis

574 2177 736 2257 homo
760 2212 865 2253 non
896 2192 1109 2262 sapiens
1137 2196 1253 2256 est,
1288 2184 1632 2241 consentiens
1677 2177 1966 2234 universali
2000 2190 2163 2245 nega-

571 2294 727 2357 tioni,
759 2304 878 2359 quae
912 2282 1184 2356 proponit,
1234 2278 1409 2333 nullus
1436 2277 1596 2330 homo
1644 2271 1856 2342 sapiens
1902 2277 2003 2324 est.
2054 2265 2161 2321 Sed

578 2387 695 2441 haec
724 2380 993 2439 contraria
1023 2384 1107 2432 est
1135 2368 1534 2438 interrogationi
1561 2382 1575 2431 ;
1608 2364 1703 2419 fuit
1737 2361 1880 2418 enim
1929 2359 2160 2414 interro-

574 2478 745 2551 gatio,
803 2471 1046 2527 omnisne
1077 2467 1237 2521 homo
1290 2461 1499 2530 sapiens
1531 2467 1632 2513 est.
1682 2456 1807 2510 Haec
1854 2452 2016 2507 habet
2045 2449 2165 2504 uni-

578 2543 844 2624 versalem
875 2558 1311 2617 afﬁrmationem,
1343 2552 1428 2629 cui
1470 2547 1743 2605 contraria
1770 2552 1858 2601 est
1889 2543 2164 2598 universa-

580 2660 646 2714 lis
672 2653 905 2725 negatio,
940 2650 1025 2705 cui
1048 2660 1233 2703 rursus
1256 2642 1523 2712 negationi
1553 2637 1822 2694 consentit
1845 2632 2166 2690 universalis

580 2746 868 2806 afﬁrmatio
929 2740 1157 2797 inﬁnita.
1227 2734 1488 2802 Quocirca
1551 2726 1897 2784 afﬁrmationi
1953 2737 2167 2796 quoque

582 2835 873 2897 universali
900 2828 1152 2901 simplici,
1177 2842 1296 2899 quae
1320 2827 1370 2879 in
1396 2819 1819 2891 interrogatione
1856 2817 2026 2887 posita
2061 2824 2165 2880 est,

600 2932 634 2989 d
680 2940 762 2986 est
799 2929 1044 2984 omnisne
1072 2925 1233 2978 homo
1282 2918 1495 2989 sapiens
1525 2925 1644 2982 est,
1677 2912 1943 2968 contraria
1985 2918 2069 2966 est
2106 2924 2168 2965 ea

583 3041 703 3099 quas
724 3022 853 3079 dicit
882 3017 1182 3081 conclusio,
1231 3013 1484 3085 quoniam
1515 3008 1695 3065 omnis
1746 3007 1907 3062 homo
1948 3020 2055 3059 non
2083 3018 2171 3057 sa-

582 3094 737 3187 piens
758 3123 859 3171 est.
894 3109 1042 3179 Quod
1081 3109 1126 3162 si
1167 3106 1394 3171 dicatur,
1420 3100 1733 3157 non‘omnis
1763 3098 1924 3151 homo
1954 3094 2170 3167 sapiens

581 3218 687 3275 est,
718 3217 774 3263 et
814 3220 1001 3261 verum
1049 3209 1164 3264 est,
1197 3208 1252 3254 et
1279 3199 1325 3253 ei
1357 3196 1601 3267 opposita
1649 3202 1753 3247 cst.
1786 3190 1982 3245 Contra
2028 3188 2169 3243 enim

2263 1988 2562 2045 consentiat
2593 1986 2901 2058 particulari
2950 1984 3217 2055 negationi
3260 1982 3462 2049 ﬁnitae,
3501 1979 3844 2051 quaerendum

2262 2092 2364 2139 est.
2401 2082 2613 2137 Etenim
2640 2081 2686 2137 si
2729 2079 2850 2150 quis
2894 2079 3071 2143 dicat,
3098 2077 3347 2133 Socrates
3378 2092 3483 2131 non
3521 2075 3733 2144 sapiens
3766 2085 3848 2129 est

2262 2188 2317 2233 et
2341 2176 2591 2233 Socrates
2612 2176 2829 2248 sapiens
2859 2189 2964 2230 non
2993 2182 3095 2241 est,
3115 2172 3257 2228 idem
3285 2179 3388 2243 est,
3411 2181 3465 2226 et
3490 2172 3573 2226 ine
3586 2169 3702 2226 dua:
3722 2168 3849 2224 sibi-

2266 2275 2377 2321 met
2404 2267 2770 2322 consentiunt.
2802 2265 2858 2321 Si
2894 2266 3013 2335 quis
3066 2272 3243 2320 autem
3274 2263 3450 2331 dicat,
3478 2263 3652 2319 omnis
3691 2262 3849 2317 homo

2265 2371 2372 2412 non
2404 2359 2618 2424 sapiens
2647 2364 2758 2422 est,
2785 2366 2837 2411 et
2869 2370 3077 2425 rursus,
3112 2370 3216 2411 non
3249 2357 3427 2412 omnis
3453 2355 3612 2410 homo
3636 2354 3848 2425 sapiens

2266 2458 2369 2514 est,
2402 2448 2491 2503 hae
2518 2447 2636 2503 duae
2664 2462 2771 2503 non
2797 2446 3015 2503 sibimet
3049 2447 3411 2503 consentiunt.
3442 2446 3548 2502 Sed
3578 2446 3692 2501 haec
3712 2444 3851 2500 ratio

2266 2548 2351 2592 est
2410 2538 2551 2607 quod
2582 2538 2634 2592 in
2664 2537 3023 2608 singularibus
3050 2538 3308 2608 subjectis
3336 2552 3442 2593 non
3470 2546 3594 2593 sunt
3618 2537 3854 2608 duplices

2267 2629 2658 2699 oppositiones,
2681 2629 2776 2686 sed
2800 2643 2902 2685 una
2927 2637 3154 2697 tantum,
3182 2629 3231 2683 id
3253 2638 3358 2695 est,
3382 2644 3499 2700 qua:
3522 2630 3853 2699 negationem

2272 2722 2413 2778 facit.
2449 2723 2505 2777 In
2528 2723 2918 2780 universalibus
2947 2732 3126 2779 autem
3155 2724 3530 2779 universaliter
3558 2708 3855 2791 praedicatis

2271 2811 2470 2881 duplex
2490 2814 2760 2883 oppositio
2783 2826 2888 2881 est,
2917 2828 3023 2869 una
3045 2814 3336 2876 contraria,
3365 2829 3471 2867 una
3494 2826 3623 2869 vero
3648 2820 3857 2866 contra-

2272 2911 2517 2968 dictoria.
2548 2912 2602 2968 Si
2640 2913 2709 2968 sit
2738 2928 2865 2984 ergo
2901 2910 3207 2982 hujusmodi
3249 2911 3540 2967 afﬁrmatio
3566 2926 3682 2982 quae
3709 2910 3856 2978 dicit,

2273 3005 2521 3059 Socrates
2564 3004 2782 3071 sapiens
2812 3011 2917 3070 est,
2946 3012 3133 3059 contra
3165 3002 3301 3059 hanc
3344 3017 3447 3057 una
3487 3002 3753 3074 oppositio
3778 3002 3859 3056 εει

2274 3112 2394 3168 quae
2416 3097 2687 3167 proponit,
2712 3096 2965 3153 Socrates
2986 3098 3201 3167 sapiens
3225 3111 3330 3152 non
3356 3106 3461 3153 est.
3484 3096 3542 3152 Si
3570 3110 3697 3165 ergo
3724 3095 3860 3152 dicat

2277 3192 2466 3262 aliquis
2486 3232 2499 3257 ,
2530 3190 2784 3248 Socrates
2807 3206 2916 3247 non
2946 3191 3163 3261 sapiens
3187 3200 3289 3259 cst,
3324 3190 3439 3247 haec
3469 3192 3672 3247 nullum
3703 3192 3861 3246 alium

582 3317 699 3357 eam
717 3314 837 3367 qua:
848 3296 978 3352 dicit
992 3289 1489 3360 interrogationem,
1506 3283 1750 3339 omnisne
1770 3281 1931 3335 homo
1948 3277 2163 3347 sapiens
2198 3291 2244 3355 (ζ
2277 3289 2835 3347 habebitintellectum
2856 3305 3084 3360 quamea
3102 3306 3220 3362 qua:
3232 3290 3382 3360 dicit,
3395 3290 3643 3347 Socrates
3653 3291 3861 3360 sapiens

583 3392 697 3445 est?
712 3403 833 3443 eum
858 3398 1180 3454 responsum
1197 3378 1357 3435 fuerit
1374 3391 1507 3443 non,
1530 3384 1585 3429 et
1600 3373 1785 3443 juncta
1810 3368 2025 3439 negatio
2048 3367 2164 3422 fue-

582 3490 652 3545 rit
672 3487 739 3545 ad
758 3488 954 3551 omnis,
975 3480 1317 3553 particularis
1336 3476 1549 3547 negatio
1567 3473 1626 3527 fit
1641 3472 1849 3535 dicens,
1869 3484 1977 3525 non
1994 3471 2169 3525 omnis

583 3582 747 3637 homo
776 3576 992 3648 sapiens
1012 3581 1114 3638 εει,
1144 3586 1267 3641 qua:
1289 3578 1374 3625 est
1424 3565 1668 3637 Opposita
1710 3563 2001 3619 universali
2027 3563 2172 3617 afﬁr-

583 3678 803 3736 mationi
855 3676 906 3732 ei
954 3690 1073 3745 quae
1127 3672 1178 3726 in
1225 3666 1641 3737 interrogatione
1693 3673 1776 3720 est
1822 3663 1998 3733 posita
2048 3663 2170 3718 uni-

584 3770 804 3835 versali,
833 3769 936 3823 hoc
956 3774 1039 3822 est
1059 3763 1201 3820 enim
1226 3760 1370 3832 quod
1399 3760 1495 3814 ait.
1543 3757 1669 3813 Haec
1707 3767 1791 3812 est
1819 3756 1960 3811 enim
2006 3770 2174 3825 oppo-

585 3868 706 3930 sita,
740 3861 829 3917 illa
854 3875 982 3917 vero
1013 3855 1301 3914 contraria.
1326 3854 1429 3909 Per
1458 3853 1619 3908 verba
1644 3860 1823 3907 autem
1850 3864 2042 3905 sensus
2073 3848 2175 3904 iste

586 3958 664 4013 sic
689 3960 918 4011 constat.
952 3949 1291 4006 Manifestum
1326 3954 1409 4001 est
1428 3952 1629 4011 autem,
1662 3942 1859 4012 inquit,
1917 3941 2171 4012 quoniam

586 4054 640 4108 in
658 4046 1037 4121 singularibus,
1087 4052 1143 4098 ut
1185 4050 1267 4097 est
1312 4040 1563 4096 Socrates
1593 4046 1646 4092 et
1694 4035 1954 4108 quidquid
1988 4035 2177 4091 indivi-

588 4145 748 4200 duum
779 4149 880 4205 est,
908 4138 952 4193 si
984 4150 1171 4193 verum
1203 4141 1286 4188 est
1315 4132 1702 4200 interrogatum
1728 4142 1958 4198 negare,
1994 4127 2046 4181 id
2099 4138 2181 4183 est

587 4238 633 4291 si
662 4233 878 4305 quando
897 4228 1097 4299 aliquid
1129 4228 1248 4297 quis
1279 4227 1572 4291 interrogat
1623 4236 1749 4277 vere
1802 4221 1895 4275 ille
1950 4234 2177 4291 negave-

588 4332 683 4398 rit,
707 4337 769 4384 ut
796 4324 921 4383 cum
943 4321 1138 4393 aliquis
1166 4321 1457 4388 interrogat
1476 4331 1543 4371 an
1580 4316 1854 4370 Romanus
1884 4314 1956 4368 sit
1987 4312 2181 4367 Socra-

591 4432 696 4487 tes,
728 4418 821 4475 ille
850 4425 1008 4486 neget
1055 4411 1304 4483 quoniam
1335 4419 1389 4464 et
1412 4408 1681 4463 afﬁrmare
1709 4421 1903 4462 verum
1960 4413 2065 4469 est,
2126 4413 2183 4458 ut

592 4514 687 4569 ille
711 4512 801 4577 qui
826 4511 1119 4576 interrogat
1149 4520 1215 4560 ex
1248 4501 1534 4571 negatione
1560 4508 1615 4555 et
1645 4499 1865 4555 nomine
1895 4496 2185 4569 praedicata

594 4602 857 4660 infinitam
877 4597 1481 4663 facietal'ﬁrmationem,
1497 4604 1551 4649 et
1567 4592 1721 4662 hujus
1742 4600 1825 4647 est
1841 4591 2147 4661 exemplum
2170 4609 2181 4641 :

2278 3410 2383 3449 non
2410 3403 2514 3459 est,
2535 3408 2693 3448 unam
2710 3392 2851 3448 enim
2872 3401 3095 3447 tamtum
3120 3393 3289 3448 Solam
3312 3391 3542 3447 diximus
3562 3392 3615 3447 in
3637 3392 3861 3461 singula-

2243 3553 2252 3561 _
2276 3484 2425 3540 ribus
2439 3484 2851 3556 oppositionem.
2867 3486 3044 3553 Quare
3056 3499 3387 3555 quascunque
3399 3485 3519 3539 aliae
3541 3483 3757 3550 fuerint,
3775 3498 3838 3539 ea
3849 3513 3863 3527 -

2276 3580 2398 3636 dem
2413 3580 2803 3651 signiﬁcatione
2823 3589 3241 3645 concurrerent;
3262 3582 3313 3636 in
3336 3577 3719 3635 universalibus
3740 3592 3865 3634 vero

2279 3674 2659 3730 universaliter
2681 3673 2982 3744 praedicatis
3012 3689 3115 3729 non
3146 3673 3332 3729 eodem
3356 3672 3513 3727 modo
3534 3681 3638 3728 est.
3668 3670 3796 3724 Nam
3820 3670 3865 3727 si

2277 3765 2645 3824 sitaflirmatio
2663 3766 2983 3821 universalis
2997 3770 3115 3836 qua:
3127 3765 3466 3831 dicit,omnis
3482 3766 3638 3820 homo
3654 3764 3864 3829 sapient

2280 3868 2384 3931 est,
2410 3867 2594 3915 contra
2622 3859 2761 3913 hanc
2786 3859 2945 3913 etiam
2975 3858 3062 3912 illa
3086 3866 3308 3927 estquae
3329 3856 3483 3925 dicit,
3510 3855 3684 3910 nullus
3711 3856 3867 3909 homo

2281 3951 2498 4022 sapiens
2527 3959 2642 4030 est,
2670 3951 2830 4006 etiam
2877 3949 2965 4004 illa
3010 3963 3126 4019 qua:
3172 3947 3330 4011 dicit,
3368 3964 3473 4002 non
3500 3950 3673 4002 omnis
3714 3946 3869 4001 homo

2281 4043 2495 4112 sapiens
2522 4050 2633 4109 est,
2659 4052 2714 4098 et
2736 4042 2822 4096 illa
2845 4049 2931 4096 est
2949 4040 3249 4106 contraria,
3294 4039 3409 4094 haec
3438 4040 3867 4094 contradictoris.

2281 4138 2523 4208 Simplex
2540 4151 2668 4206 ergo
2689 4137 2803 4192 haec
2826 4134 3091 4205 oppositio
3108 4134 3210 4189 sibi
3234 4150 3338 4189 non
3355 4142 3526 4202 potest
3544 4132 3865 4196 consentire,

2288 4231 2380 4285 illa
2429 4229 2572 4284 enim
2606 4229 2744 4283 tollit
2769 4243 2888 4298 quae
2915 4236 2997 4281 est
3028 4224 3346 4280 universalis
3376 4224 3602 4292 negatio,
3637 4221 3725 4275 illa
3750 4234 3867 4289 par-

2286 4332 2391 4378 tem
2424 4322 2672 4391 diffinite,
2714 4336 2834 4392 qua:
2865 4328 2945 4375 est
2975 4319 3312 4390 particularis
3341 4316 3573 4387 negatio.
3608 4314 3712 4369 Sed
3746 4311 3868 4367 nni-

2288 4413 2514 4469 versalis
2560 4414 2772 4483 negatio
2813 4412 3099 4467 universali
3142 4408 3484 4467 at'ﬁrmationi
3541 4424 3603 4463 ex
3660 4406 3868 4461 inlinito

2289 4508 2503 4563 nomine
2524 4506 2826 4571 consentit;
2854 4504 3067 4561 diversa
3099 4504 3258 4575 igitur
3292 4502 3394 4558 erit
3440 4502 3557 4557 haec
3600 4514 3809 4569 quoque
3842 4513 3871 4552 a

2294 4599 2598 4673 particulari
2631 4598 2848 4654 definita
2882 4597 3186 4667 negatione,
3213 4604 3267 4651 et
3296 4594 3547 4665 quoniam
3574 4591 3765 4661 duplex
3795 4599 3873 4645 cst
3899 4626 3917 4637 κ

599 4706 825 4767 putasne
852 4692 1104 4749 Socrates
1139 4691 1355 4759 sapiens
1385 4686 1500 4742 est?
1530 4684 1857 4755 Responsio,
1884 4699 2011 4739 non.
2040 4681 2182 4737 Con-
2215 4670 2252 4729 1‘

2292 4670 2561 4767 oppositio
2595 4696 2643 4748 in
2667 4691 3063 4747 universalibus
3088 4733 3101 4758 ,
3136 4699 3191 4744 et
3227 4688 3452 4759 simplex
3503 4687 3554 4739 in
3594 4681 3873 4753 singulari-

594 4789 766 4847 clusio
785 4829 799 4853 ,
828 4788 1079 4844 Socrates
1104 4798 1232 4853 ergo
1264 4796 1371 4835 non
1413 4779 1628 4848 sapiens
1657 4787 1757 4833 est.
1790 4776 1897 4833 Sed
1945 4776 2047 4831 hoc
2078 4792 2183 4831 non

596 4880 841 4937 similiter
891 4879 945 4933 in
991 4872 1381 4931 universalibus
1425 4886 1484 4925 se
1526 4870 1726 4933 habet,
1772 4867 1912 4937 quod
1952 4882 2047 4937 per
2088 4867 2229 4927 hoc;

598 4980 861 5032 monstrat
899 4968 1041 5040 quod
1090 4966 1196 5033 ait,
1240 4963 1294 5018 in
1334 4961 1732 5017 universalibus
1774 4972 1905 5013 vero
1951 4972 2058 5013 non
2106 4965 2189 5011 est

596 5080 724 5122 vera
761 5077 882 5135 quae
907 5058 1154 5115 similiter
1176 5055 1392 5118 dicitur,
1424 5051 1477 5107 id
1506 5063 1589 5106 est
1617 5065 1725 5106 non
1748 5064 1875 5104 vera
1901 5058 2014 5113 est,
2044 5046 2193 5102 afﬁr-

600 5159 766 5215 matio
806 5151 1014 5210 inﬁnita
1045 5150 1179 5204 facta
1211 5161 1277 5203 ex
1312 5144 1603 5216 przedicato
1634 5142 1851 5197 nomine
1880 5150 1935 5196 et
1965 5154 2189 5211 respon-

603 5250 778 5307 dentis
812 5246 1093 5317 negatione
1114 5284 1129 5311 ,
1160 5240 1254 5299 sed
1300 5240 1476 5311 potius
1522 5252 1648 5293 vera
1688 5246 1771 5292 est
1802 5236 2015 5307 negatio
2038 5276 2053 5302 ,
2085 5251 2190 5291 non

603 5341 920 5405 afﬁrmatio;
951 5336 1107 5408 hujus
1137 5333 1441 5404 exemplum
1475 5331 1579 5387 tale
1608 5339 1712 5396 est,
1742 5344 1864 5385 nam
1899 5331 2197 5402 interroga—

603 5445 678 5500 tio
708 5451 903 5510 estut,
960 5448 1185 5511 putasne
1237 5436 1397 5491 homo
1428 5434 1601 5490 omnis
1648 5433 1863 5503 sapiens
1916 5434 2034 5489 est?
2098 5433 2198 5488 Re-

607 5538 847 5608 sponsio,
871 5548 1000 5591 non.
1023 5532 1173 5587 Falsa
1202 5526 1687 5594 conclusio,omnis
1714 5524 1875 5597 igitur
1909 5526 2072 5582 homo
2097 5542 2199 5580 non

607 5633 819 5701 sapiens
841 5637 952 5694 est;
985 5628 1086 5681 hoc
1111 5636 1287 5681 autem
1324 5624 1514 5679 falsum
1543 5631 1627 5677 est
1652 5660 1667 5688 ,
1699 5630 1754 5676 et
1781 5636 1888 5675 non
1914 5619 2091 5675 simile
2118 5627 2200 5673 est
2272 5620 2275 5621 ⁷

606 5722 656 5778 ei
684 5722 821 5790 quod
854 5736 1011 5789 supra
1040 5718 1107 5773 de
1136 5716 1389 5787 singulari
1419 5715 1661 5783 subjecto
1698 5713 2039 5781 praediximus
2058 5752 2072 5777 ,
2103 5710 2197 5765 sed

610 5810 789 5883 potius
815 5810 902 5865 illa
930 5822 1051 5877 qua:
1076 5806 1234 5867 dicit,
1269 5819 1373 5858 non
1395 5802 1572 5857 omnis
1604 5804 1764 5872 igitur
1794 5803 1953 5856 homo
1981 5804 2196 5871 sapiens

610 5912 723 5966 est.
755 5908 818 5960 ut
843 5896 1219 5963 respondentis
1252 5896 1462 5965 negatio
1502 5893 1564 5949 ad
1608 5897 1783 5953 omnis
1822 5896 2072 5965 jungatur
2095 5937 2110 5965 ,
2147 5904 2198 5954 et

2296 4791 2423 4855 bus,
2456 4796 2599 4844 recte
2637 4789 2689 4840 in
2720 4785 2906 4841 eadem
2949 4781 3299 4839 similitudine
3339 4776 3733 4850 praedicationis
3772 4790 3874 4830 non

2297 4885 2483 4941 eadem
2516 4883 2711 4937 veritas
2743 4881 3053 4949 falsitasque
3078 4876 3358 4945 contingit.
3834 4862 3839 4871 ’

2371 4974 2487 5029 Illa:
2517 4991 2630 5028 vero
2656 4988 2773 5043 quas
2799 4982 2918 5026 sunt
2947 4970 3348 5039 contrajacentes
3375 4964 3648 5020 secundum
3678 4961 3879 5030 inﬁnita

2302 5066 2507 5119 nomina
2541 5064 2618 5118 vel
2648 5062 2795 5117 verba
2816 5104 2829 5125 ,
2871 5072 2925 5115 ut
2957 5062 3009 5115 in
3040 5076 3097 5115 eo
3126 5059 3261 5128 quod
3290 5066 3391 5124 est,
3442 5071 3542 5109 non
3582 5056 3731 5106 homo
3753 5093 3765 5117 ,
3809 5052 3878 5105 vel

2302 5173 2402 5211 non
2417 5163 2593 5227 justus
2612 5195 2623 5217 ,
2657 5154 2802 5222 quasi
2832 5154 3126 5222 negationes
3148 5152 3252 5204 sine
3288 5136 3488 5202 nomine
3517 5157 3563 5201 et
3594 5134 3739 5199 verba
3779 5158 3881 5196 esse

2304 5246 2638 5311 videbuntur,
2664 5244 2751 5299 sed
2781 5260 2882 5298 non
2911 5255 3059 5311 sunt,
3098 5258 3297 5310 semper
3322 5241 3457 5294 enim
3479 5236 3555 5292 ecl
3583 5252 3751 5291 rerum
3782 5249 3882 5287 esse

2302 5345 2377 5399 vel
2406 5341 2591 5412 falsam
2624 5356 2821 5395 necesse
2849 5349 2921 5393 est
2951 5339 3288 5411 negationem.
3325 5333 3429 5399 Qui
3465 5349 3580 5386 vero
3625 5330 3753 5384 dixit
3786 5343 3881 5383 non

2307 5437 2452 5490 homo
2473 5477 2487 5504 ,
2512 5451 2613 5488 non
2644 5435 2755 5504 plus
2783 5433 2983 5486 dicente
3011 5431 3161 5484 homo
3179 5470 3193 5497 ,
3220 5429 3311 5481 sed
3330 5426 3481 5481 etiam
3508 5423 3679 5476 minus
3701 5463 3715 5487 ,
3744 5434 3881 5473 veru:

2305 5530 2379 5583 rel
2410 5526 2571 5599 falsus
2592 5529 2710 5597 fuit,
2742 5526 2787 5579 si
2810 5542 2908 5577 non
2932 5521 3393 5591 aliquidaddatur.

2379 5620 2630 5675 Novimus
2659 5617 3050 5691 propesitiones
3078 5632 3143 5672 ex
3174 5612 3396 5669 inﬁnitis
3426 5608 3539 5666 ﬁeri
3580 5620 3739 5679 posse
3788 5615 3881 5657 no-

2308 5714 2574 5779 minibus,
2610 5714 2704 5767 lias
2734 5726 2860 5781 ergo
2904 5710 3207 5766 dissolvens
3242 5705 3557 5761 Aristoteles
3596 5699 3759 5754 sumit
3794 5708 3881 5765 per

2305 5822 2365 5863 se
2396 5807 2688 5862 dictionem
2739 5804 2970 5859 nominis
3018 5801 3205 5858 infiniti
3227 5842 3241 5865 ,
3272 5809 3327 5856 et
3356 5798 3423 5854 de
3458 5811 3521 5853 ca
3572 5794 3810 5864 disliutat
3838 5788 3880 5845 si

2280 5896 2281 5903 “
2304 5906 2485 5956 contra
2516 5896 2724 5954 ﬁnitum
2751 5911 2943 5954 nomen
2969 5901 3334 5966 comparetur,
3358 5907 3423 5948 an
3446 5882 3879 5960 quaedamcontr-

3947 5254 3960 5287 δ

3950 5293 3960 5327 i
