4270 6266
458 363 551 421 561

1189 363 1252 420 IN
1292 362 1544 418 LIBRUM
1588 362 1672 416 DE
1716 361 2358 419 lNTERPllI-JTATIONE
2391 363 2620 419 EDITIO
2660 365 3003 431 SECUNDA.

3624 366 3726 423 56‘)

460 488 645 562 Iiativa
684 485 955 559 oppositio
1003 486 1264 542 videatur.
1321 484 1374 537 Si
1427 485 1546 553 quis
1587 484 1729 538 enim
1770 494 1946 539 sumat
1987 482 2039 535 id
2070 482 2123 543 Α
2149 484 2545 552 propositiones
2578 498 2700 552 qua:
2722 500 2787 565 ex
2819 486 3025 540 inﬁnito
3052 487 3295 552 subjecto
3322 496 3464 549 sunt,
3498 498 3617 539 cum
3646 486 3729 540 his

461 580 602 653 quod
631 579 853 646 dicitur,
883 595 988 635 non
1016 578 1177 635 homo
1198 622 1211 643 ,
1249 586 1303 633 et
1343 586 1575 648 opponat
1604 585 1788 633 contra
1814 575 1865 630 id
1893 576 2033 645 quod

461 675 711 743 dicimus,
743 675 923 743 homo,
957 673 1221 730 videbitur
1250 672 1476 729 fortasse
1502 672 1835 740 aliquatenus
1864 668 2067 741 facere.

464 767 855 838 oppositionem
875 808 891 834 ,
919 767 1169 837 quoniam
1200 767 1343 821 enim
1393 766 1568 820 omnis
1603 765 1846 835 negativa
1875 764 2043 834 parti-

465 859 583 914 cula
625 859 829 929 adjecta
873 859 1072 923 verbo,
1104 857 1244 928 quod
1291 858 1534 912 continet
1583 857 2065 927 propositionem,

467 954 798 1023 negationem
821 951 964 1019 facit,
989 952 1199 1009 etiamsi
1220 952 1411 1006 modus
1438 950 1630 1021 aliquis
1662 950 2045 1021 propositionis

468 1063 569 1102 non
596 1045 933 1116 praedicetur,
965 1045 1106 1116 quod
1138 1045 1404 1116 posterius
1434 1045 1908 1101 demonstrandum
1940 1055 2043 1112 est,

465 1141 534 1194 ita
563 1138 723 1194 etiam
751 1139 951 1194 nomini
982 1138 1193 1194 videtur
1215 1153 1337 1193 cum
1370 1138 1578 1208 adjecta
1609 1139 1769 1194 fuerit
1800 1140 2043 1210 negativa

463 1232 751 1305 particula,
789 1231 1076 1303 quamdam
1108 1232 1287 1289 facere
1330 1233 1701 1303 negationem,
1744 1242 1799 1288 ut
1844 1234 1888 1288 si
1938 1248 2044 1289 non

462 1325 718 1397 particula
740 1325 996 1395 jungatur
1016 1326 1064 1381 ei
1088 1326 1229 1397 quod
1252 1334 1337 1382 est
1357 1326 1538 1391 homo,
1564 1326 1721 1381 faciat
1738 1341 1840 1383 non
1864 1326 2044 1393 homo,

465 1418 566 1484 hoc
592 1428 676 1475 est
698 1420 840 1475 enim
862 1418 1005 1490 quod
1037 1420 1136 1475 uit.
1168 1417 1276 1475 Illa:
1309 1411 1434 1475 vero
1455 1435 1576 1491 quae
1606 1430 1731 1475 sunt
1756 1419 2047 1475 secundum

468 1512 675 1567 infinita
707 1512 925 1569 nomina
947 1515 1031 1570 vel
1061 1514 1221 1570 verba
1252 1515 1535 1585 oppositis,
1563 1524 1620 1570 ut
1640 1515 1692 1570 in
1720 1529 1785 1571 eo
1806 1516 1944 1585 quod
1967 1523 2051 1572 est

467 1618 573 1660 non
603 1604 788 1673 homo,
821 1605 905 1661 vel
934 1620 1041 1662 non
1062 1607 1259 1676 justus,
1291 1606 1442 1677 quasi
1468 1606 1781 1683 negationes
1808 1607 1923 1662 sine
1954 1622 2049 1662 no-

466 1697 611 1753 mine
650 1697 734 1752 vel
786 1696 953 1753 verbo
998 1712 1119 1754 esse
1165 1698 1439 1757 videntur;
1468 1698 1525 1756 Si
1556 1699 1674 1769 quis
1710 1700 1855 1755 enim
1882 1698 2045 1765 dicat,

464 1803 570 1843 non
612 1789 812 1854 currit,
846 1788 964 1844 base
993 1790 1052 1843 ﬁt
1100 1788 1239 1845 sine'
1266 1790 1484 1846 nomine
1523 1790 1766 1861 negatio;
1810 1789 1952 1861 quod
2000 1789 2047 1845 si

463 1884 583 1955 quis
620 1884 790 1952 dicat,
833 1898 942 1940 non
972 1885 1169 1953 homo,
1214 1888 1327 1941 haec
1372 1901 1585 1958 quoque
1612 1897 1694 1943 est
1740 1889 1856 1945 sine
1885 1888 2051 1965 verbo

466 1976 697 2046 negatio.
721 1976 850 2045 Quae
889 1975 1155 2033 dictiones
1198 1978 1490 2036 secundum
1542 1981 1803 2037 infinitum
1854 1996 2050 2038 nomen

468 2070 687 2125 verbum
708 2081 1047 2142 opponuntur
1070 2071 1220 2127 ﬁnito
1246 2072 1446 2129 nomini
1471 2075 1555 2129 vel
1581 2074 1766 2141 verbo,
1797 2078 1939 2146 quod
1968 2086 2053 2134 est

467 2161 657 2230 homo,
690 2172 745 2217 et
774 2164 971 2230 currit;
1002 2163 1326 2220 videbuntur
1353 2178 1482 2236 ergo
1517 2166 1599 2221 hie
1629 2168 1939 2237 negationes
1966 2183 2052 2226 se-

465 2254 695 2309 cundum
740 2254 1002 2311 inﬁnitum
1047 2270 1240 2310 nomen
1286 2256 1367 2312 vel
1414 2257 1631 2313 verbum
1683 2273 1804 2329 quin
1861 2259 2054 2328 praedi-

464 2354 673 2414 cantur,
704 2346 798 2401 sed
828 2360 935 2401 non
965 2355 1108 2421 sunt.
1142 2347 1379 2403 Maxime
1419 2348 1560 2403 enim
1592 2348 1727 2404 ratio
1758 2348 1855 2405 has
1888 2365 2049 2420 nega-

466 2439 640 2495 tiones
686 2453 791 2493 non
840 2453 962 2495 esse
1008 2439 1304 2508 convincit,
1336 2440 1477 2510 quod
1513 2442 1690 2496 omnis
1714 2442 1942 2515 negatio
1968 2443 2053 2499 vel

468 2547 592 2587 vera
638 2532 724 2588 vel
765 2531 900 2588 falsa
930 2542 1045 2598 est,
1078 2533 1222 2603 quod
1252 2542 1429 2588 autem
1474 2534 1702 2589 dicimus
1743 2548 1849 2590 non
1893 2534 2055 2589 homo

468 2626 548 2681 vel
573 2639 678 2681 non
699 2626 890 2693 currit,
920 2624 1043 2681 licet
1071 2625 1336 2696 simplicia
1364 2641 1575 2696 quoque
1603 2636 1660 2682 et
1687 2624 1832 2681 ﬁnita
1852 2668 1866 2693 ,
1894 2627 2056 2681 homo

466 2718 675 2775 scilicet
693 2727 851 2790 atque
861 2718 1028 2774 currit
1045 2759 1061 2785 ,
1084 2719 1218 2774 nihil
1233 2735 1418 2775 verum
1442 2720 1700 2775 falsumve
1721 2721 2051 2789 significent:

472 2820 649 2865 tamen
680 2809 793 2865 haec
836 2808 1038 2865 infinita
1085 2810 1252 2864 multo
1298 2812 1472 2865 minus
1510 2811 1708 2880 aliquid
1743 2826 1923 2867 verum
1966 2822 2057 2866 aut

471 2903 662 2958 falsum
692 2902 1100 2966 demonstrant,
1132 2917 1238 2956 non
1266 2902 1407 2973 quod
1449 2902 1711 2973 simplicia
1746 2918 1931 2958 verum
1963 2904 2053 2958 ali-

467 2996 593 3069 quid
618 2997 882 3053 falsumve
928 2996 1264 3066 signiﬁcent;
1297 2995 1499 3051 idcirco
1546 2998 1775 3053 dicimus
1821 2998 2054 3052 inﬁnitas

470 3090 735 3145 dictiones
756 3088 1092 3158 simplicibus
1139 3090 1314 3143 minus
1343 3104 1527 3144 verum
1559 3098 1651 3144 aut
1682 3090 1868 3145 falsum
1900 3105 2054 3145 mon-

472 3193 665 3239 strare.
697 3182 801 3238 Sed
850 3182 989 3252 quod
1031 3197 1333 3252 quanquam
1381 3183 1512 3237 nihil
1564 3198 1744 3237 verum
1796 3183 2052 3239 falsumve

473 3261 714 3343 designet
737 3273 961 3344 simplex
991 3289 1186 3330 nomen
1216 3282 1270 3331 et
1293 3274 1537 3343 verbum,
1565 3282 1741 3329 tamen
1770 3274 2050 3330 deﬁnitum

471 3365 719 3436 quiddam
766 3367 1047 3436 proponit,
1081 3374 1137 3421 ut
1180 3367 1234 3421 in
1272 3380 1340 3422 eo
1376 3366 1519 3437 quod
1546 3376 1628 3423 est
1652 3368 1812 3422 homo
1848 3368 2053 3423 ﬁnitum

470 3452 718 3529 quiddam
748 3471 830 3515 est
866 3471 919 3516 et
950 3475 1051 3516 una
1082 3460 1313 3532 species.
1358 3461 1407 3517 ls
1443 3476 1574 3518 vero
1597 3463 1689 3531 qui
1734 3462 1895 3528 dicit,
1950 3478 2056 3519 non

466 3552 653 3629 homo,
682 3561 996 3624 praesentem
1020 3553 1233 3625 quidem
1254 3554 1489 3624 speciem
1513 3554 1794 3622 interimit,
1821 3556 2057 3611 inﬁnitas

470 3656 645 3699 autem
675 3645 809 3700 alias
837 3645 928 3700 dat
964 3646 1260 3717 intelligere
1300 3646 1443 3716 ipsas
1471 3647 1604 3701 nihil
1642 3662 1866 3717 ponens.
1915 3646 2058 3716 Quo-

465 3722 613 3792 circa
644 3752 945 3807 quanquam
976 3736 1121 3793 ﬁnita
1150 3739 1314 3794 verba
1353 3739 1436 3794 vel
1467 3739 1683 3794 nomina
1720 3756 1816 3811 per
1846 3755 1905 3798 se
1933 3755 2058 3796 vera

472 3829 558 3883 vel
591 3828 721 3884 falsa
742 3843 861 3899 esse
884 3845 991 3884 non
1016 3830 1222 3898 possint
1250 3829 1350 3885 nisi
1389 3845 1515 3886 cum
1550 3830 1671 3887 aliis
1696 3832 1882 3901 juncta
1910 3833 2015 3887 sint
2041 3878 2053 3901 ,

465 3906 655 3993 tamen
706 3920 1084 3989 longe‘niinus
1128 3921 1367 3976 veritatis
1416 3932 1510 3977 aut
1557 3922 1800 3978 falsitatis
1837 3925 2055 3994 capacia

480 4019 603 4065 sunt
647 4010 859 4088 nomina
906 4010 1115 4066 inﬁnita
1152 4013 1235 4068 vel
1266 4015 1426 4070 verba
1474 4029 1595 4086 quas
1627 4030 1725 4071 nee
1754 4014 1856 4071 hoc
1884 4017 2056 4086 ipsum

470 4100 692 4179 quidem
741 4107 880 4177 quod
929 4106 1227 4176 signiﬁcant
1268 4118 1502 4192 ponunt,
1543 4110 1637 4164 sed
1680 4110 1809 4164 illud
1842 4108 2057 4179 quidem

477 4203 778 4271 perimunt;
802 4202 939 4269 nihil
967 4214 1144 4261 autem
1177 4221 1271 4275 per
1299 4221 1358 4262 se
1386 4206 1529 4261 aliud
1568 4207 1621 4262 in
1668 4207 2060 4276 signiﬁcatione

474 4298 827 4351 constituunt.
870 4296 1148 4352 Postremo
1183 4282 1542 4369 propinquius
1589 4299 1657 4353 ad
1706 4286 1945 4354 veritatis
1972 4299 2057 4353 vel

478 4385 719 4443 falsitatis
769 4388 913 4444 finita
953 4397 1079 4444 sunt
1123 4389 1449 4445 intellectus.
1494 4389 1671 4444 Minus
1725 4388 1885 4459 igitur
1936 4404 2058 4443 vera

478 4482 558 4533 vel
586 4479 717 4534 falsa
763 4489 845 4535 est
886 4480 1050 4539 dictio
1081 4479 1584 4553 nominisginﬁniti,
1628 4494 1784 4549 quam
1820 4479 2060 4549 'alicnjus

478 4571 735 4641 simplicis
762 4584 815 4628 et
844 4573 974 4628 ﬁniti
1006 4574 1266 4629 vocabuli.
2030 4558 2031 4561 ‘

476 4846 641 4901 omnis
668 4864 773 4902 non
800 4847 949 4901 homo
966 4849 1159 4918 justus.
1193 4845 1300 4901 Illa
1333 4864 1447 4902 vero
1486 4864 1599 4917 qua:
1628 4857 1699 4901 est
1725 4888 1740 4913 ,
1766 4848 1928 4902 omnis
1958 4864 2059 4901 non

473 4940 638 5008 iustus
664 4955 764 4993 non
791 4940 961 5009 homo,
990 4940 1066 4994 illi
1087 4956 1201 5011 qua:
1228 4951 1333 5005 est,
1367 4926 1541 4995 nullus
1558 4944 1731 5014 justus
1761 4958 1861 4996 non
1882 4939 2058 5006 homo,

474 5033 605 5087 idem
624 5033 898 5103 signiﬁcat.

547 5126 833 5198 Postquam
858 5111 931 5181 Ide
963 5127 1415 5197 propositionibus
1447 5128 1709 5183 infinitum
1738 5127 2058 5184 habentibus

477 5216 858 5285 praedicatum,
910 5216 1198 5273 sufﬁcienti
1253 5217 1614 5288 disputatione
1672 5218 1880 5273 locutus
1936 5227 2062 5284 est,

475 5322 765 5378 earumque
812 5309 1176 5377 oppositiones
1228 5309 1495 5374 ostendit,
1548 5311 2063 5380 consequentiasque

475 5399 887 5462 demonstravit,
925 5407 1088 5468 atque
1106 5400 1159 5453 in
1190 5398 1371 5453 medio
1394 5399 1462 5453 de
1489 5398 1711 5453 inﬁnitis
1738 5394 2060 5464 nominibus,

476 5490 618 5557 quod
648 5507 752 5543 non
778 5499 956 5544 essent
987 5491 1298 5560 negationes
1326 5490 1559 5546 breviter
1585 5492 1903 5559 pernotavit,
1923 5507 2064 5547 nunc

480 5567 618 5632 redit
644 5578 709 5633 ad
737 5594 829 5633 eas
861 5582 1258 5655 propositiones
1284 5598 1403 5652 qua:
1432 5582 1731 5650 subjectum
1764 5580 1958 5636 habent
1985 5584 2069 5637 in-'

481 5671 689 5726 ﬁnitum
718 5714 732 5738 ,
764 5670 1112 5740 praedicatum
1136 5688 1265 5729 vero
1290 5675 1373 5730 vel
1406 5676 1614 5729 ﬁnitum
1647 5673 1729 5728 vel
1760 5673 2020 5730 inﬁnitum
2048 5721 2062 5745 ,

479 5772 535 5819 et
564 5764 790 5831 primum
819 5762 1033 5834 quidem
1068 5781 1137 5820 an
1166 5765 1367 5821 eaedem
1410 5768 1549 5844 sint,
1581 5767 1828 5836 idemque
1866 5766 2066 5838 signiﬁ-

480 5865 633 5943 treiit,
666 5856 1003 5930 habeantque
1028 5859 1217 5932 ordine
1246 5860 1474 5931 aliquam
1504 5860 1940 5933 consequentiam
1984 5861 2067 5921 has

2142 591 2262 648 qua:
2288 592 2353 632 ex
2379 577 2587 631 infinito
2618 578 2907 646 praedicam
2934 590 3059 634 sunt
3091 582 3167 636 vel
3199 597 3264 635 ex
3296 582 3533 651 utrisque
3566 580 3729 634 finitis

2143 669 2321 725 docet.
2350 669 2441 725 Ait
2465 669 2610 724 enim
2642 668 2737 724 has
2762 669 2895 723 duas
2922 672 3315 740 propositiones
3341 688 3462 742 qua:
3484 680 3623 735 sunt,
3646 679 3731 727 est

2143 760 2323 815 omnis
2365 774 2471 815 non
2517 759 2682 815 homo
2724 760 2928 830 justus,
2958 777 3061 815 non
3109 772 3189 817 est
3228 764 3400 818 omnis
3433 778 3536 819 non
3568 764 3732 819 homo

2138 851 2348 927 justus,
2388 849 2520 905 nulli
2564 849 2776 905 illarum
2823 851 2967 905 idem
3018 852 3319 921 signiﬁcare
3366 869 3484 924 quae
3529 863 3621 908 aut
3663 869 3730 908 ex

2146 944 2386 1012 utrisque
2436 942 2600 997 ﬁnitis
2637 952 2762 999 sunt
2814 952 2905 997 aut
2937 958 3005 998 ex
3054 943 3342 1010 praedicam
3386 945 3635 1012 infinito,
3674 944 3724 1001 et

2145 1036 2499 1107 disponantur
2522 1034 2737 1107 quidem
2768 1034 2872 1089 illa:
2900 1049 3018 1104 qua:
3044 1042 3136 1087 aut
3163 1026 3519 1105 ex'utrisque
3566 1036 3733 1091 ﬁnitis

2147 1137 2273 1184 sunt
2307 1139 2401 1184 aut
2446 1143 2514 1183 ex
2556 1129 2843 1199 prtedicato
2872 1126 3112 1194 inﬁnito,
3160 1136 3210 1181 et
3243 1127 3472 1193 primum
3514 1130 3728 1198 quidem

2147 1234 2376 1294 ponatur
2403 1223 2627 1293 simplex
2659 1222 2944 1278 afﬁrmatio
2976 1219 3294 1277 universalis
3314 1264 3327 1287 ,
3362 1221 3460 1274 sub
3501 1221 3599 1276 hac
3642 1238 3732 1276 ne-
3759 1212 3763 1217 ’

2147 1315 2292 1387 gatio
2317 1314 2634 1369 universalis
2660 1330 2723 1369 ex
2754 1312 3043 1383 praedicato
3074 1310 3282 1367 infinito
3310 1310 3573 1380 superiori
3601 1312 3732 1366 sim-

2150 1405 2273 1475 plici
2304 1405 2644 1459 afﬁrmatioui
2687 1404 3045 1460 consentiens.
3097 1402 3292 1457 Contra
3333 1417 3463 1457 vero
3507 1413 3736 1473 ponatur

2148 1496 2463 1553 universalis
2482 1496 2706 1569 simplex
2734 1496 2969 1567 negatio,
2994 1508 3049 1551 et
3076 1496 3175 1551 sub
3203 1495 3304 1549 hac
3329 1494 3647 1550 universalis
3669 1511 3735 1550 ex

2151 1594 2367 1663 inﬁnito,
2406 1592 2696 1664 praedicato
2748 1591 3074 1659 afﬁrmatio,
3106 1605 3239 1672 quas
3274 1600 3483 1646 constat
3522 1592 3739 1647 sibimet

2149 1685 2454 1742 consentire
2504 1683 2841 1759 praecedente
2889 1683 3245 1739 afﬁrmatione
3292 1682 3575 1739 universali
3614 1700 3737 1755 qua:

2149 1790 2230 1835 εει
2258 1792 2325 1834 ex
2346 1776 2556 1833 inﬁnito
2584 1775 2793 1833 scilicet
2822 1775 3130 1847 praedicam.
3152 1797 3165 1805 ·

2214 2070 2301 2121 Est
2323 2034 2478 2121 omnis
2490 2070 2639 2127 homo
2655 2068 2815 2129 justus
3064 2065 3236 2116 Nullus
3259 2073 3335 2118 est
3359 2068 3501 2117 homo
3523 2068 3679 2130 justus

2372 2248 2410 2368 Ξ
2735 2266 2830 2337 ’³ου
3074 2257 3230 2345 “9M

2376 2375 2417 2391 '-
3490 2375 3525 2402 ε

2374 2398 2421 2494 ξ
2745 2420 2847 2471 θῶ*
3092 2404 3243 2494 ("his
3489 2407 3526 2494 Ξ

2375 2481 2419 2529 ῖ-’ὄ
3202 2481 3233 2494 ’⁸
3490 2481 3526 2528 Ξ

2376 2532 2412 2556 ω
2602 2557 2604 2560 ,
3477 2529 3527 2565 U

2159 2610 2430 2664 Nullusest
2454 2614 2599 2664 homo
2622 2626 2715 2664 non
2734 2615 2896 2675 justus
3027 2614 3110 2663 Est
3131 2618 3289 2666 ernnis
3310 2613 3454 2663 homo
3472 2623 3566 2662 non
3591 2610 3748 2674 justus

2234 2897 2366 2952 Cum
2400 2898 2560 2969 igitur
2591 2900 2662 2951 ita
2694 2899 2805 2952 sint
2834 2898 3219 2953 afﬁrmationcs
3267 2901 3454 2968 positae
3496 2910 3547 2955 et
3581 2916 3744 2971 nega-

2160 2990 2333 3046 tiones
2360 3007 2478 3061 quze
2511 2994 2738 3061 simplex
2762 2992 2977 3062 quidem
3001 2992 3301 3061 subjectum
3326 2993 3541 3058 habent,
3567 2995 3747 3050 inﬁni-

2120 3086 2123 3089 λ
2161 3093 2270 3137 tum
2299 3096 2427 3137 vero
2470 3082 2555 3137 vel
2586 3082 2817 3153 simplex
2846 3083 3231 3153 praedicatum,
3264 3099 3406 3140 nunc
3431 3086 3748 3142 Aristoteles

2156 3176 2544 3247 dicitquoniam
2563 3177 2644 3231 hae
2673 3177 3070 3245 propositiones
3090 3192 3207 3247 qua:
3231 3178 3528 3247 subjectum
3550 3179 3749 3235 habent

2159 3268 2427 3324 inﬁnitum
2460 3268 2593 3323 nulli
2622 3268 2834 3325 illarum
2857 3271 3196 3339 superiorum
3223 3285 3359 3341 quas
3385 3270 3751 3341 disposuimus

2106 3352 2109 3355 ’
2159 3364 2301 3422 idem
2318 3355 2654 3434 signiﬁcant:
2692 3363 2807 3419 haec
2834 3364 2976 3420 enim
3008 3379 3126 3435 qua:
3145 3364 3273 3429 dicit
3294 3409 3307 3433 ,
3333 3375 3415 3421 est
3438 3367 3613 3421 omnis
3639 3380 3747 3423 non

2160 3461 2324 3516 homo
2350 3460 2556 3530 justus,
2601 3476 2709 3515 non
2740 3461 3014 3516 consentit
3040 3462 3090 3516 ei
3121 3476 3241 3530 qua:
3270 3460 3398 3517 dicit
3418 3496 3441 3527 ,-
3460 3472 3545 3518 est
3575 3463 3751 3517 onmis

2162 3554 2326 3609 homo
2345 3554 2543 3623 justus,
2563 3568 2661 3609 nec
2693 3567 2881 3609 rursus
2911 3554 2958 3609 ei
2980 3568 3101 3623 qua:
3129 3553 3566 3619 dicit,estomnis
3589 3552 3751 3608 homo

2162 3662 2267 3702 non
2288 3646 2494 3715 justus,
2550 3661 2651 3701 nec
2705 3646 2788 3701 bis
2841 3660 3028 3701 rursus
3066 3662 3185 3719 qua:
3235 3656 3397 3711 sunt,
3444 3647 3620 3701 nullus
3671 3655 3751 3699 est

2162 3736 2323 3792 homo
2352 3737 2550 3807 justus,
2581 3738 2664 3792 vel
2698 3738 2875 3793 nullus
2916 3749 3000 3793 est
3052 3738 3215 3795 homo
3273 3754 3379 3793 non
3404 3739 3613 3810 justus;
3671 3738 3753 3789 hac

2161 3832 2303 3886 enim
2335 3846 2523 3886 omnes
2568 3829 2840 3886 hominem
2874 3831 3172 3899 subjectum
3226 3830 3443 3899 habent,
3479 3830 3582 3885 illa;
3624 3843 3753 3883 vero

2155 3912 2273 3977 non
2316 3922 2609 3975 hominem.
2666 3919 2930 3985 Quocirca
2973 3936 3071 3975 nec
3102 3921 3261 3989 hujus
3292 3926 3533 3992 negatio,
3576 3921 3625 3975 id
3674 3929 3757 3974 est

2162 4015 2481 4071 universalis
2503 4013 2878 4067 afﬁrmationis
2908 4028 2971 4066 ex
3002 4014 3487 4084 inﬁnitosubjecto,
3518 4017 3754 4082 particu-

2162 4108 2290 4163 laris
2319 4108 2528 4161 scilicet
2576 4106 2791 4173 negatio
2833 4119 2954 4158 cum
2998 4104 3103 4159 ulla
3151 4118 3333 4158 earum
3378 4122 3496 4175 qua:
3541 4106 3748 4159 ﬁnitum

2151 4189 2364 4256 habent
2405 4196 2731 4267 subjectum,
2780 4198 2973 4267 poterit
3011 4197 3335 4253 consentire.
3361 4198 3435 4253 Ea
3465 4200 3609 4253 enim
3639 4215 3756 4269 qua:

2150 4284 2315 4359 dicit,
2352 4306 2458 4347 non
2488 4302 2571 4347 est
2600 4292 2779 4347 omnis
2803 4307 2908 4347 non
2934 4292 3098 4347 homo
3118 4293 3318 4363 justus,
3348 4307 3523 4363 neque
3551 4308 3669 4347 cum
3697 4310 3759 4349 ea

2165 4405 2285 4462 quat
2326 4387 2598 4458 proponit,
2618 4396 2702 4443 est
2722 4386 2900 4441 omnis
2936 4386 3096 4441 homo
3120 4387 3318 4457 justus,
3350 4400 3522 4457 neque
3551 4401 3671 4440 cum
3698 4401 3760 4439 ea

2166 4499 2282 4554 quae
2300 4483 2464 4546 dicit,
2495 4490 2580 4537 est
2601 4481 2778 4535 omnis
2804 4480 2964 4533 homo
2987 4493 3093 4532 non
3112 4478 3309 4547 justus,
3335 4493 3507 4548 neque
3535 4491 3654 4532 cum
3680 4478 3762 4531 his

2087 4589 2286 4676 unaa
2330 4576 2646 4639 enuntiant,
2687 4572 2863 4626 nullus
2904 4581 2984 4624 est
3016 4569 3179 4625 homo
3215 4570 3424 4642 justus,
3460 4572 3541 4627 vel
3588 4572 3764 4626 nullus

547 4662 816 4735 Signiﬁcat
849 4675 1016 4719 autem
1042 4706 1056 4731 ,
1088 4674 1161 4719 est
1192 4665 1354 4718 omnis
1379 4681 1484 4717 non
1510 4664 1657 4717 homo
1679 4664 1851 4730 iustus
1870 4705 1885 4728 ,
1932 4662 2059 4715 nulli
2088 4662 2107 4717 Ἴ

474 4754 681 4809 illarum
724 4758 856 4810 idem
878 4799 892 4821 ,
925 4774 1013 4810 nec
1044 4758 1162 4811 huic
1192 4759 1428 4826 opposita
1468 4774 1529 4812 ea
1556 4774 1669 4827 qua:
1696 4766 1767 4811 est
1788 4798 1803 4824 ,
1846 4772 1946 4810 non
1985 4764 2059 4808 est
2103 4752 2107 4758 ⁷

2168 4675 2252 4719 est
2286 4665 2446 4719 homo
2498 4680 2601 4718 non
2629 4666 2825 4731 justus.
2878 4661 2981 4716 Sed
3014 4677 3119 4715 non
3168 4665 3269 4717 hoc
3296 4662 3463 4733 dicit,
3513 4666 3763 4735 quoniam

2167 4772 2231 4811 ex
2263 4755 2471 4810 inﬁnito
2500 4754 2743 4823 subjecto
2786 4752 3184 4821 prepositiones
3229 4753 3455 4819 diversa-
3479 4767 3599 4808 sunt
3628 4796 3641 4818 ,
3676 4754 3761 4809 his

2168 4862 2287 4916 quae
2308 4856 2431 4900 sunt
2454 4846 2537 4901 vel
2569 4860 2635 4900 ex
2667 4845 2817 4899 finito
2844 4842 3138 4913 praedicata
3168 4845 3251 4899 vel
3277 4861 3340 4900 ex
3383 4845 3614 4912 inﬁnito,
3634 4846 3763 4901 sub.

2148 4922 2308 5015 ijecto
2331 4951 2510 4996 tamen
2534 4941 2703 5011 ﬁnito.
2728 4940 2959 4994 Possunt
2979 4938 3123 4994 enim
3141 4938 3368 4995 diversa:
3393 4940 3609 5010 quidem
3643 4954 3766 4996 esse

2170 5034 2601 5104 pradicationes,
2629 5033 2771 5088 idem
2804 5041 2984 5087 tamen
3025 5031 3311 5102 aliquoties
3342 5032 3672 5101 signiﬁcare,
3706 5042 3767 5087 ut

2167 5144 2229 5184 ea
2272 5143 2390 5198 qum
2423 5127 2576 5193 dicit,
2600 5125 2783 5181 omnis
2809 5136 2892 5180 est
2920 5125 3083 5178 homo
3120 5125 3368 5194 injustus,
3397 5136 3516 5177 cum
3551 5122 3761 5177 diversa

2167 5223 2238 5274 sit
2284 5220 2351 5274 ab
2406 5234 2469 5274 ea
2496 5235 2615 5289 qua:
2647 5218 2806 5283 dicit,
2850 5216 3027 5269 nullus
3059 5224 3143 5270 est
3194 5215 3355 5269 homo
3381 5214 3588 5282 justus;
3627 5215 3767 5267 idem

2174 5320 2354 5366 tamen
2399 5308 2684 5379 aliquando
2714 5305 3042 5376 significant,
3072 5306 3116 5360 si
3147 5304 3435 5359 afﬁrmatio
3468 5305 3760 5374 privatoria

2170 5401 2523 5473 przecesserit.
2576 5399 2783 5453 Dictum
2829 5405 2912 5451 est
2941 5395 3082 5450 enim
3123 5395 3265 5466 quod
3315 5394 3765 5451 affirmationibus

2176 5495 2600 5567 praecedentibus
2650 5491 2956 5561 negationes
2992 5490 3110 5544 sine
3157 5489 3321 5544 dubio
3371 5495 3767 5559 sequerentur;

2176 5605 2304 5655 ergo
2328 5604 2433 5642 non
2479 5587 2580 5639 hoc
2607 5584 2772 5649 dicit,
2802 5581 3054 5652 quoniam
3077 5581 3306 5636 diversae
3352 5590 3479 5636 sunt
3528 5583 3775 5649 proposi-

2176 5680 2346 5733 tiones
2377 5693 2438 5732 εκ
2485 5675 2696 5730 inﬁnito
2744 5674 2964 5729 nomine
3003 5672 3245 5740 subjecto
3285 5673 3350 5728 iis
3395 5685 3517 5743 quae
3547 5678 3673 5727 sunt
3702 5685 3772 5726 ex

2177 5769 2465 5841 praedicata
2505 5768 2597 5843 vel
2622 5767 2772 5821 linito
2794 5768 2879 5822 vel
2909 5765 3117 5821 infinito
3138 5805 3153 5832 ,
3184 5764 3429 5834 subjecto
3473 5774 3653 5821 tamen
3694 5763 3761 5815 ﬁ-

2174 5860 2317 5927 nito,
2351 5859 2445 5915 sed
2474 5858 2616 5933 quod
2646 5860 2867 5915 omnino
2891 5860 2990 5918 sibi
3023 5874 3129 5921 non
3159 5861 3521 5925 censentiant,
3545 5858 3631 5913 vel
3655 5866 3764 5921 nqn
