4270 6266
510 382 615 438 565

1734 366 1843 424 ΔΝ.
1885 366 2092 423 MANL.
2128 364 2280 422 SEV.
2324 360 2544 418 BOE'I'II

3679 335 3813 408 set

508 491 655 550 idem
699 489 1031 562 signiﬁcent,
1063 485 1114 540 id
1141 491 1221 538 est
1248 490 1355 536 tota
1403 479 1510 536 sint
1538 481 1734 535 virtute
1765 477 2090 547 propositio-
2125 487 2176 543 Α
2207 477 2367 530 homo
2389 484 2490 542 est,
2517 483 2569 530 et
2599 487 2784 529 rursus
2812 473 2991 527 nullus
3016 472 3190 541 justus
3217 484 3322 525 non
3349 469 3515 525 homo
3531 479 3641 535 est;
3665 487 3784 526 nam

506 587 593 643 nis
624 583 929 642 dissimiles.
985 583 1157 650 Atque
1185 575 1403 647 quidem
1453 575 1568 629 haec
1596 571 1729 628 dixit
1760 572 1826 627 de
1869 571 1952 625 his
1980 586 2098 641 qua:

525 681 734 737 ﬁnitum
768 676 1067 746 subjectum
1100 673 1380 736 haberent,
1412 667 1676 724 inﬁnitum
1709 680 1844 721 vero
1871 665 1964 720 vel
1985 664 2102 718 ﬁnio

516 785 630 829 tum
683 768 1070 840 prmdicatutn;
1127 761 1271 818 venit
1327 770 1504 814 autem
1567 770 1708 811 nunc
1753 753 1820 808 ad
1865 753 2101 824 ipsarum

508 861 922 930 consequentias
949 871 1069 928 quas
1099 871 1163 910 ex
1189 854 1400 908 infinito
1431 849 1649 905 nomine
1687 846 1934 916 subjecto
1962 861 2094 901 con-

504 965 690 1018 stant,
723 963 777 1007 et
808 967 871 1006 ex
922 959 1148 1019 utroque
1181 945 1422 1009 inﬁnito;
1455 950 1510 997 et
1559 940 1697 994 sicut
1726 952 1884 1008 supra
1915 949 2104 991 consc-

507 1046 782 1117 quentiam
837 1057 1020 1097 earnm
1069 1056 1188 1110 qua:
1219 1053 1286 1092 ex
1331 1035 1569 1104 utrisque
1598 1031 1762 1087 ﬁnitis
1791 1038 1947 1087 erant
1972 1071 1986 1096 ,
2019 1027 2104 1084 vel

510 1153 574 1191 ex
605 1135 814 1190 inﬁnito
857 1131 1146 1203 pra-dicato
1173 1127 1376 1192 docuit,
1408 1126 1478 1180 ita
1506 1137 1719 1195 quoque
1764 1134 1904 1174 nunc
1941 1133 2104 1174 econ-

510 1242 670 1282 Vt'rso
698 1240 815 1296 qure
837 1240 903 1279 ex
928 1223 1170 1290 utrisque
1201 1217 1426 1274 inﬁnitis
1463 1213 1777 1270 nominibus
1818 1219 2105 1277 constant,

512 1319 597 1374 vel
627 1335 691 1372 ex
725 1317 937 1372 inﬁnito
961 1315 1177 1369 nomine
1203 1311 1447 1382 subiecto
1471 1309 1685 1378 qualem
1704 1307 1768 1361 ad
1797 1321 1855 1360 se
1878 1303 2111 1377 habeant

513 1410 979 1479 consequentiam,
1013 1413 1306 1470 monstrat,
1340 1402 1552 1456 dicens:
1592 1400 1683 1453 Illa
1711 1411 1840 1452 vero
1861 1409 1981 1465 qua:
2003 1402 2106 1458 est,

516 1501 693 1556 omnis
730 1499 1037 1570 nonjustus
1066 1512 1169 1550 non
1224 1497 1419 1559 homo,
1451 1491 1531 1547 illi
1582 1504 1701 1560 qua:
1750 1496 1877 1553 est,
1931 1485 2110 1540 nullus

514 1595 687 1666 justus
718 1610 823 1649 non
856 1593 1017 1647 homo
1039 1635 1054 1660 ,
1097 1592 1234 1647 idem
1267 1587 1561 1660 signiﬁcat;
1610 1584 1710 1639 has
1736 1583 1871 1638 duas
1904 1589 2108 1636 tantum

516 1685 917 1756 propositiones
984 1691 1277 1743 monstrat,
1318 1677 1690 1734 afﬁrmativnm
1731 1673 1936 1728 scilicet
1989 1671 2110 1724 uni-

521 1780 789 1834 versalem
821 1765 897 1833 ex
925 1778 1162 1847 utrisque
1193 1773 1412 1829 inﬁnitis
1443 1786 1562 1840 quae
1599 1768 1730 1822 dicit
1750 1804 1764 1828 ,
1797 1765 1972 1818 omnis
2004 1775 2108 1816 non

2205 570 2341 623 sicut
2366 567 2419 621 in
2451 567 2530 621 his
2560 581 2678 636 quae
2711 565 2916 618 ﬁnitum
2948 563 3217 618 habebant
3239 561 3540 632 subjectum
3563 604 3577 628 ,
3609 561 3791 617 inﬁni-

2205 671 2316 717 tum
2343 675 2473 716 vero
2503 660 2586 714 vel
2616 658 2825 712 ﬁnitum
2873 657 3252 726 przedicatum,
3286 654 3696 711 afﬁrmationem
3721 673 3788 710 ex

2208 754 2356 808 ﬁnito
2387 752 2632 822 subjecto
2677 751 2760 805 vel
2813 748 3020 804 inﬁnito
3062 745 3385 818 praedicam,
3417 761 3538 802 eam
3589 747 3795 801 scilicet

2206 862 2323 917 qua:
2350 844 2512 910 dicit,
2545 851 2629 898 εει
2673 841 2851 897 omnis
2899 843 3059 895 homo
3105 855 3213 893 non
3238 839 3436 908 justus,
3471 839 3796 909 sequebatur

2207 940 2437 1008 simplex
2488 935 2807 991 universalis
2855 934 3091 1005 negatio,
3115 948 3236 1004 quae
3262 948 3328 988 ex
3359 935 3598 1001 utrisque
3629 932 3797 985 ﬁnitis

2209 1040 2443 1097 constat,
2475 1031 2653 1085 nullus
2703 1030 2861 1082 homo
2882 1029 3060 1098 justus
3098 1039 3199 1082 est.
3243 1027 3317 1081 Ita
3357 1041 3571 1096 quoque
3613 1025 3667 1078 in
3713 1025 3798 1078 his

2208 1123 2522 1194 permutatis
2556 1131 2759 1176 tantum
2801 1119 3059 1188 subjectis
3105 1119 3246 1172 idem
3290 1117 3457 1171 venit.
3491 1116 3622 1171 Nam
3653 1118 3794 1169 sicut

2211 1214 2319 1268 illic
2348 1213 2560 1282 negatio
2589 1228 2654 1266 ex
2688 1211 2928 1280 utrisque
2945 1209 3110 1264 (initis
3127 1209 3444 1263 universalis
3473 1210 3798 1277 sequebatur

2211 1305 2621 1359 afﬁrmationem
2644 1319 2709 1358 ex
2736 1304 2885 1357 ﬁnito
2899 1304 3140 1371 subjecto
3169 1312 3221 1356 et
3251 1302 3464 1355 inﬁnito
3482 1301 3795 1367 prmdicato,

2213 1399 2284 1452 ita
2313 1411 2524 1466 quoque
2574 1395 2987 1449 afﬁrmationem
3036 1409 3103 1447 ex
3147 1393 3392 1460 utrisque
3424 1391 3650 1445 inflatis
3680 1392 3800 1443 uni-

2213 1493 2476 1547 versalem
2507 1490 2748 1558 sequitur
2780 1488 2992 1556 negatio
3035 1503 3102 1541 ex
3149 1487 3357 1540 inﬁnito
3386 1485 3663 1554 subjecto,
3691 1485 3802 1551 ipsa

2213 1599 2423 1655 quoque
2447 1582 2783 1646 universalis,
2809 1588 2864 1635 et
2891 1582 2986 1634 has
3007 1579 3223 1649 quidem
3253 1577 3387 1631 duas
3409 1575 3808 1645 protiosit-iones

2213 1676 2496 1745 ascripsit,
2549 1677 2715 1729 solam
2770 1675 2820 1727 in
2875 1674 2958 1726 his
3002 1673 3443 1738 consequentiam
3491 1670 3802 1724 ostendens.

2213 1771 2449 1825 Czeteras
2474 1777 2652 1822 autem
2693 1767 2818 1837 quia
2865 1767 3080 1834 putabat
3124 1766 3392 1818 intellectu
3425 1776 3544 1817 esse
3575 1760 3760 1814 faciles
3783 1801 3800 1828 ,

519 1875 694 1932 'ustus
723 1892 828 1931 non
876 1875 1059 1939 homo,
1092 1874 1139 1927 ei
1171 1868 1478 1926 consentire
1508 1879 1629 1936 qua:
1656 1870 1740 1918 est
1783 1856 2107 1913 universalis
2141 1885 2188 1946 Β
2215 1865 2464 1934 persequi
2508 1862 2760 1932 neglexit.
2811 1860 2917 1914 Nos
2969 1869 3150 1914 autem
3180 1872 3270 1913 eas
3300 1874 3366 1912 ne
3397 1858 3520 1926 quid
3553 1856 3806 1911 relicturis

525 1969 741 2039 negatio
767 1984 832 2024 ex
878 1969 996 2023 solo
1042 1965 1247 2021 inﬁnito
1277 1961 1553 2031 subjecto,
1587 1971 1706 2027 quae
1735 1953 1885 2016 dicit,
1935 1949 2112 2039 nullus

519 2038 694 2130 justus
724 2075 831 2114 non
876 2057 1056 2113 homo.
1087 2057 1143 2111 In
1177 2056 1261 2109 his
1300 2061 1476 2107 autem
1509 2045 1824 2103 subauditur
1852 2038 2112 2111 particula

521 2165 642 2220 est,
680 2162 738 2208 ut
777 2154 849 2208 sit
879 2160 986 2208 tota
1019 2147 1346 2221 propositio,
1399 2142 1574 2199 omnis
1617 2153 1721 2194 non
1765 2136 1941 2205 justus
2003 2145 2110 2184 non

959 2303 1058 2357 Est
1079 2300 1258 2356 omnis
1284 2314 1390 2352 non
1421 2296 1585 2350 homo
1614 2306 1719 2347 non
1746 2291 1945 2360 justus.

960 2374 1147 2430 Nullus
1159 2386 1268 2426 non
1292 2370 1453 2424 homo
1461 2367 1639 2437 justus
1657 2372 1757 2419 εει.

963 2507 1189 2573 Quidam
1221 2521 1325 2560 non
1352 2496 1510 2558 homo
1533 2503 1712 2571 justus
1736 2507 1840 2552 est.
1895 2565 1908 2576 θ

965 2571 1081 2632 Non
1111 2587 1193 2632 est
1218 2577 1396 2631 omnis
1421 2589 1529 2628 non
1570 2576 1731 2626 homo
1761 2581 1866 2623 non
1890 2571 2087 2634 justus.

606 2695 711 2748 [las
741 2693 899 2763 igitur
925 2692 968 2746 si
999 2693 1120 2762 quis
1149 2691 1434 2760 diligenter
1480 2684 1773 2757 inspexerit
1799 2682 1932 2736 duas
1960 2692 2114 2733 com-

530 2791 870 2864 parationes,
910 2788 1118 2843 duabus
1166 2781 1731 2842 convenientissimam
1775 2786 2114 2842 consequen-

2221 1957 2463 2010 videatur
2514 1955 2864 2025 apponimus;
2927 1963 3008 2007 est
3065 1953 3212 2005 enim
3261 1949 3640 2018 consequentia
3704 1946 3803 1999 hoc

2223 2049 2383 2106 modo
2409 2065 2423 2102 :

2284 2277 2381 2331 Est
2411 2273 2589 2329 omnis
2617 2285 2720 2324 non
2746 2270 2905 2322 homo
2923 2269 3115 2337 justus.

2291 2347 2475 2401 Nullus
2505 2359 2610 2397 non
2647 2342 2806 2395 homo
2833 2355 2951 2402 non,
2967 2339 3142 2408 justus
3171 2349 3273 2394 est.

2296 2481 2520 2549 Quidam
2545 2493 2649 2533 non
2675 2480 2835 2532 homo
2855 2491 2960 2549 non
2982 2477 3156 2549 justus
3179 2486 3277 2531 est.

2301 2546 2418 2608 Non
2443 2565 2523 2606 est
2551 2550 2726 2604 omnis
2753 2563 2857 2603 non
2892 2548 3051 2602 homo
3077 2546 3272 2616 justus.

2227 2669 2355 2723 tiam
2389 2671 2819 2732 consensquue
2851 2661 3236 2718 monstrabunt.

538 2903 3779 2968 ________________.________________.

1592 3051 1972 3160 LIBER
2093 3029 2705 3190 QUINTUS

2043 3204 2311 3226 ..ι-.-

581 3301 868 3357 Maximam
897 3299 1081 3366 operis
1111 3294 1269 3364 hujus
1298 3291 1501 3348 emensi
1519 3297 1758 3361 partem,
1786 3296 1850 3338 ea
1889 3291 2006 3350 quae
2036 3287 2130 3328 εε-
2158 3273 2204 3334 C
2240 3284 2374 3337 hanc
2408 3291 2457 3334 te
2487 3279 2774 3332 amentiam
2799 3285 2988 3331 natura
3023 3279 3252 3347 peperit,
3280 3278 3526 3333 voluntas
3553 3279 3789 3335 exercuit

534 3402 770 3465 quuntur
807 3392 933 3446 licet
960 3390 1167 3459 magnis
1204 3383 1588 3457 quaestionibus
1631 3375 1906 3444 impedita,
1942 3377 2121 3465 tamen

535 3486 794 3542 audacius
823 3491 984 3554 atque
1027 3480 1323 3536 animosius
1354 3483 1709 3544 exsequemur
1733 3507 1748 3534 ,
1783 3479 1882 3520 nec
1929 3457 2121 3515 defati-

539 3581 654 3651 gari
683 3581 736 3635 in
789 3577 1015 3648 singulis
1063 3575 1303 3644 partibus
1342 3574 1577 3640 oportet,
1611 3563 1773 3617 tutius
1823 3554 2122 3610 dialecticae

539 3674 770 3743 prodere
817 3647 1100 3741 aggressos
1139 3675 1300 3735 atque
1348 3660 1602 3730 expedire
1654 3653 1986 3713 doctrinam,
2022 3647 2123 3700 ita-

542 3780 646 3834 que
677 3771 875 3817 rectam
907 3757 1375 3815 commentationis
1406 3754 1599 3808 seriem
1630 3748 1986 3801 conteximus.

613 3854 951 3922 Transposita
980 3866 1097 3905 vero
1129 3851 1333 3903 nomina
1363 3857 1410 3902 et
1445 3844 1596 3900 verba
1629 3841 1764 3896 idem
1793 3835 2084 3909 signiﬁcant
2104 3872 2120 3895 ,

544 3959 618 4014 ut,
642 3956 714 4002 est
741 3946 889 4002 albus
915 3945 1088 4011 homo,
1107 3953 1176 3996 est
1200 3944 1347 3995 homo
1374 3940 1549 4000 albus;
1577 3950 1697 3988 nam
1726 3933 1768 3986 si
1789 3930 1882 3983 hoc
1906 3944 2003 3980 non
2028 3931 2122 3989 est,

542 4040 774 4113 ejusdem
817 4039 992 4091 mun
1039 4045 1184 4091 erunt
1237 4034 1560 4103 negationes,
1613 4027 1699 4080 sed
1748 4033 2003 4077 ostensum
2054 4025 2129 4070 est

539 4136 677 4207 quod
708 4151 812 4190 una
828 4136 977 4188 unius
996 4143 1101 4197 est;
1132 4134 1239 4201 ejus
1269 4130 1403 4181 enim
1420 4140 1533 4195 qua”
1561 4130 1655 4186 est,
1687 4131 1757 4173 est
1788 4115 1933 4170 albus
1954 4116 2125 4173 homo,

538 4231 739 4299 negatio
767 4234 878 4289 est,
912 4238 1014 4276 nou
1063 4230 1134 4274 est
1179 4218 1324 4270 albus
1369 4215 1557 4278 homo;
1588 4213 1696 4283 ejus
1746 4223 1862 4263 vero
1891 4220 2004 4275 qum
2031 4210 2125 4265 est,

541 4297 613 4375 εει
637 4322 788 4374 Ιιοιηο
818 4319 962 4371 albus
981 4355 995 4379 ,
1029 4314 1073 4366 εἱ
1102 4328 1204 4364 non
1232 4312 1409 4362 eadem
1431 4317 1501 4361 est
1532 4306 1577 4360 ei
1618 4320 1734 4376 qum
1763 4311 1856 4366 est,
1880 4310 1953 4352 εει
1982 4297 2128 4349 albus

540 4414 690 4466 homo
711 4453 727 4477 ,
759 4410 852 4464 erit
876 4405 1099 4478 negatio,
1134 4401 1210 4454 εει
1238 4415 1297 4454 ea
1327 4415 1440 4468 qua:
1469 4408 1565 4462 est,
1597 4412 1698 4448 non
1727 4401 1798 4446 est
1829 4406 1929 4442 non
1978 4388 2129 4440 homo

539 4501 706 4564 albus,
741 4499 818 4552 vel
847 4514 907 4552 ea
934 4511 1047 4565 qua:
1076 4506 1147 4547 est
1171 4533 1186 4558 ,
1228 4509 1329 4546 non
1364 4504 1439 4544 est
1478 4490 1629 4542 homo
1649 4485 1815 4540 albus.
1843 4481 1948 4537 Sed
1968 4481 2130 4535 altera

539 4591 743 4662 quidem
772 4599 845 4642 εει
881 4587 1083 4659 negatio
1127 4585 1239 4657 ejus
1269 4599 1385 4654 quea
1415 4590 1509 4650 εει,
1539 4589 1613 4633 εει
1645 4594 1744 4631 non
1777 4576 1927 4629 homo
1957 4575 2128 4637 albus,

2233 3375 2447 3430 fortuna
2479 3369 2748 3434 servavit,
2783 3370 2853 3423 ita
2884 3369 3085 3424 dixisse
3125 3379 3183 3423 ut
3214 3369 3416 3426 dictum
3449 3381 3533 3427 est
3560 3412 3574 3438 ,
3606 3388 3672 3426 an
3706 3372 3805 3439 ita,

2229 3470 2308 3525 Ad
2331 3469 2468 3522 hanc
2493 3475 2544 3522 te
2573 3465 2862 3520 amentiam
2887 3465 3093 3535 peperit
3125 3476 3334 3534 natura,
3356 3469 3592 3523 exercuit
3617 3469 3805 3523 volun-

2231 3575 2336 3627 tas,
2370 3558 2600 3614 servavit
2657 3557 2889 3612 fortuna.
2926 3558 3016 3613 Sic
3046 3560 3189 3613 enim
3222 3561 3394 3615 minor
3420 3570 3501 3614 est
3530 3562 3809 3617 sententia:

2230 3652 2564 3725 magnitudo,
2594 3651 2879 3721 minusque
2906 3652 2956 3704 in
2982 3666 3046 3707 ea
3078 3653 3218 3707 lucet
3243 3652 3293 3707 id
3323 3652 3463 3722 quod
3489 3653 3533 3708 si
3561 3653 3637 3707 sic
3664 3669 3809 3709 com-

2232 3753 2460 3813 ponatur
2508 3745 2742 3810 eminet,
2775 3751 2830 3798 et
2879 3758 3002 3800 sese
3050 3747 3131 3799 vel
3185 3745 3490 3800 nolentibus
3531 3746 3808 3802 hominum

2231 3838 2450 3892 auribus
2486 3835 2785 3907 animisque
2818 3836 3088 3905 patefacit.
3134 3836 3338 3892 Rursus
3373 3854 3494 3892 cum
3537 3838 3666 3894 dicit
3692 3839 3810 3894 Vir-

2229 3930 2387 3998 gilius
2425 3947 2436 3982 :
2472 3928 2701 3998 Pacique
2725 3929 3001 3997 imponere
3030 3943 3231 3982 morem
3257 3970 3269 3992 ,
3308 3930 3571 3999 potui-set
3598 3945 3814 3987 servare

2233 4033 2494 4084 metrum,
2536 4021 2584 4076 si
2623 4023 2693 4074 ita
2725 4019 2981 4085 dixisset,
3017 4035 3330 4091 moremque
3363 4024 3640 4091 imponere
3673 4025 3814 4093 paci,

2233 4113 2326 4167 sed
2356 4123 2500 4168 esset
2525 4115 2755 4167 debilior
2785 4128 2982 4176 sonus,
3027 4127 3124 4167 nec
3166 4113 3221 4167 in
3252 4130 3316 4169 eo
3348 4116 3456 4170 ictu
3487 4129 3673 4172 versus
3707 4131 3811 4172 tam

2234 4206 2493 4273 praeclare
2524 4213 2580 4258 ut
2612 4219 2753 4258 nunc
2798 4205 3127 4274 compositus
3174 4205 3462 4261 diceretur.
3515 4207 3652 4277 Ergo
3706 4223 3811 4262 non

2235 4299 2375 4352 idem
2405 4297 2547 4350 valet
2571 4295 2874 4350 oratoribus
2895 4297 2976 4350 vel
3001 4299 3171 4365 poetis
3193 4299 3477 4352 verborum
3509 4300 3811 4354 nominum-

2236 4404 2340 4458 que
2365 4387 2497 4449 ordo
2525 4396 2780 4442 mutatus.
2814 4389 2913 4456 Qui
2943 4389 3087 4443 enim
3128 4390 3194 4444 ad
3217 4391 3660 4461 compositionem
3691 4407 3815 4461 spe-

2236 4497 2403 4556 ctant,
2440 4488 2665 4540 multum
2696 4491 2744 4540 in
2784 4487 2971 4544 ordine
2993 4503 3303 4544 sermonum
3334 4487 3634 4541 ornamenti
3662 4501 3817 4555 repe-

2240 4579 2397 4632 rient.
2430 4576 2732 4632 Dialecticis
2768 4593 2918 4644 vero,
2950 4580 3144 4648 quibus
3177 4578 3318 4632 nulla
3341 4586 3423 4632 est
3451 4577 3517 4631 ad
3563 4576 3817 4631 orationis

539 4683 705 4738 altera
739 4698 856 4738 vero
880 4683 992 4754 ejus
1019 4696 1134 4752 qute
1160 4687 1263 4743 εει,
1293 4686 1366 4730 εει
1396 4675 1543 4730 albus
1572 4674 1740 4728 homo.
1778 4671 1948 4738 Quare
1978 4674 2124 4722 erunt
2151 4670 2203 4730 D
2232 4671 2467 4738 leporem
2493 4683 2622 4724 cura
2669 4669 2942 4740 loquendi,
2971 4671 3277 4742 quibusque
3317 4669 3430 4726 sola
3464 4673 3662 4724 veritas
3692 4687 3812 4740 ρετ.

542 4778 662 4832 duc
694 4777 867 4830 unius.

613 4868 783 4924 Docet
817 4880 959 4922 nunc
996 4867 1250 4935 quoniam
1300 4863 1347 4916 si
1373 4862 1586 4915 nomina
1614 4868 1669 4914 et
1713 4858 1871 4911 verba
1899 4853 2128 4910 transfe-

541 4971 755 5028 runtur,
785 4969 841 5016 et
859 4958 925 5014 ad
943 4958 1086 5012 aliud
1112 4955 1280 5025 prius,
1312 4952 1454 5006 aliud
1486 4968 1614 5005 vero
1637 4947 1902 5018 posterius
1935 4944 2130 5015 praedi-

544 5068 716 5121 cetur,
750 5068 909 5109 unam
937 5051 1054 5107 sine
1081 5051 1244 5104 dubio
1272 5044 1682 5117 signiﬁcantium
1716 5045 1968 5096 retinere.
2004 5039 2127 5095 Sive

547 5149 688 5201 enim
711 5146 830 5216 quis
856 5144 1018 5212 dicat,
1034 5152 1120 5197 est
1143 5141 1303 5193 ltomo
1331 5139 1507 5203 albus,
1541 5137 1654 5191 sive
1672 5144 1754 5188 est
1773 5135 1924 5188 albus
1942 5133 2130 5198 homo,

545 5243 659 5294 sive
685 5240 845 5293 homo
866 5237 1021 5292 albus
1035 5245 1149 5300 est,
1183 5234 1296 5288 sive
1309 5232 1462 5286 albus
1479 5235 1637 5282 homo
1653 5235 1753 5293 est,
1776 5227 1888 5280 sive
1907 5240 2132 5295 quomo—

541 5328 914 5385 dolibetaliter
936 5328 1180 5383 ordinem
1196 5319 1591 5394 praedicationis
1606 5328 1870 5388 permutet
1893 5359 1906 5381 ,
1939 5318 2127 5370 eadem

542 5419 661 5475 sine
680 5419 843 5474 dubio
864 5417 1180 5488 signiﬁcatio
1203 5414 1552 5485 permanebit,
1584 5423 1636 5466 et
1667 5416 1766 5466 hoc
1788 5410 2002 5480 quidem
2021 5411 2130 5465 for-

544 5520 686 5564 tasse
706 5509 1008 5566 oratoribus
1040 5509 1124 5562 vel
1181 5507 1354 5576 poetis
1383 5521 1487 5561 non
1515 5506 1704 5560 eodem
1734 5502 1894 5556 tnodo
1928 5503 2131 5571 perspi-

543 5600 794 5657 ciendum
841 5610 926 5658 εει
968 5617 1077 5670 quo
1127 5600 1441 5656 dialecticis.
1499 5599 1708 5654 Etenim
1761 5607 2016 5668 quantum
2062 5597 2126 5648 ad

545 5698 992 5766 compositionem
1016 5699 1278 5753 orationis
1299 5703 1525 5766 spectat,
1558 5694 1793 5750 maxime
1815 5693 1992 5747 differt
2023 5706 2128 5759 quo

546 5786 713 5842 verba
732 5796 787 5842 et
809 5789 1025 5842 nomina
1050 5787 1446 5856 praedicationis
1475 5803 1585 5841 sua:
1618 5787 1810 5842 ordine
1840 5783 2126 5856 proferan-

547 5889 655 5935 tur.
686 5877 906 5933 Mullum
935 5877 1080 5929 enim
1113 5876 1332 5930 interest
1356 5879 1406 5930 in
1436 5892 1502 5930 eo
1534 5873 1675 5946 quod
1705 5880 1777 5929 ait
1799 5877 2016 5938 Cicero,
2048 5875 2127 5929 Ad

2235 4773 2518 4828 scrutatur,
2549 4762 2682 4817 nihil
2710 4762 2888 4818 differt
2935 4763 3172 4833 quolibet
3216 4762 3405 4818 ordine
3446 4763 3609 4818 verba
3640 4773 3694 4818 et
3722 4780 3815 4817 no-

2237 4858 2376 4908 mina
2409 4863 2802 4924 permutentur,
2851 4869 2970 4909 cum
3004 4865 3182 4908 tamen
3222 4853 3467 4909 eamdem
3499 4854 3606 4907 vim
3658 4870 3816 4924 quam

2237 4946 2382 5013 prius
2408 4948 2458 5000 in
2492 4947 2885 5016 significatione
2914 4948 3199 5003 retineant.
3233 4947 3338 5002 Sed
3368 4962 3465 5001 nec
3505 4945 3643 5017 apud
3677 4949 3819 5015 ipsos

2235 5037 2408 5090 modis
2453 5039 2700 5091 omnibus
2749 5050 3050 5106 permutato
3101 5038 3293 5092 ordine
3345 5036 3592 5092 dictionis
3633 5037 3818 5091 eadem

2233 5142 2445 5197 semper
2472 5129 2552 5182 vis
2585 5127 3012 5200 signiﬁcatioque
3059 5137 3323 5185 servatur.
3368 5129 3494 5183 Haec
3531 5127 3672 5183 enim
3700 5145 3818 5198 par-

2216 5224 2395 5277 ticula
2424 5238 2542 5292 quae
2586 5224 2833 5294 negativa
2865 5235 2947 5279 est
2969 5266 2984 5292 ,
3013 5225 3065 5280 id
3093 5235 3194 5291 est,
3241 5239 3346 5278 non
3389 5223 3614 5279 tnultum
3647 5226 3819 5289 valet,

2238 5317 2566 5388 multamque
2594 5317 2951 5374 differentiam
3006 5317 3212 5388 perﬁcit
3242 5317 3403 5371 variis
3429 5317 3639 5387 adjecta
3667 5316 3817 5370 locis.

2239 5413 2294 5467 Si
2327 5413 2446 5481 quis
2476 5413 2617 5467 enim
2649 5413 2813 5480 dicat,
2845 5413 3005 5468 homo
3035 5413 3189 5468 albus
3222 5427 3326 5466 non
3350 5420 3454 5477 est,
3482 5409 3643 5465 faciet
3673 5409 3820 5464 inde-

2236 5504 2439 5559 finitam
2496 5508 2854 5576 negationem.
2887 5505 2942 5561 Si
2972 5507 3093 5577 quis
3120 5522 3250 5562 vero
3291 5505 3453 5570 dicat,
3505 5501 3665 5557 homo
3717 5515 3822 5555 non
3889 5516 3891 5520 ·

2236 5598 2388 5652 albus
2437 5605 2552 5662 est,
2584 5595 2740 5652 faciet
2781 5597 3112 5652 indeﬁnitam
3161 5614 3228 5654 ex
3270 5597 3483 5652 infinito
3529 5593 3821 5664 praedicata

2237 5689 2665 5754 affirmationem.
2714 5691 2767 5747 Si
2800 5691 2917 5760 quis
2947 5702 3122 5748 autem
3172 5691 3458 5763 praedicet,
3509 5704 3612 5743 non
3661 5687 3820 5740 homo

2236 5783 2392 5838 albus
2413 5795 2516 5850 est,
2547 5784 2686 5839 idem
2713 5801 2927 5856 quoque
2947 5785 3228 5841 constituit
3251 5800 3318 5841 ex
3346 5781 3553 5839 inﬁnito
3577 5778 3820 5850 subjecto

2238 5875 2566 5931 indelinitam
2595 5877 3028 5934 aflirmationem.
3068 5878 3273 5934 Rursus
3294 5877 3339 5933 si
3367 5876 3488 5948 quis
3510 5872 3678 5944 tlicat,
3703 5884 3791 5930 out
