4270 6266
453 376 561 439 565

1195 368 1257 425 IN
1293 367 1551 426 LIBRUM
1592 367 1683 423 DE
1721 354 2373 423 iNTERPRE'I‘ATIONE
2412 358 2641 417 EDITIO
2677 357 3015 418 SECUNDA.

3628 349 3737 410 568

458 498 544 554 nis
570 493 735 549 homo
765 504 872 547 non
894 489 1068 558 justus
1097 495 1197 555 est,
1232 486 1348 540 haec
1376 484 1644 540 consentit
1669 481 1716 536 ei
1749 496 1865 551 quat
1892 479 2041 545 dicit,
2073 479 2121 540 Α
2158 475 2292 531 Cum
2339 473 2501 544 igitur
2530 468 2648 543 ejus
2676 483 2797 541 qua
2823 471 2975 537 dicit,
3000 476 3086 526 est
3124 468 3279 523 albus
3306 464 3499 538 homo,
3523 474 3739 540 negatio

462 574 645 648 nullus
669 589 831 642 homo
849 586 1026 656 justus
1053 592 1155 638 est.
1186 580 1337 648 Quod
1370 580 1414 634 si
1444 578 1583 633 idem
1605 590 1711 630 non
1740 574 1804 628 ad
1829 574 2044 627 univer-

464 684 635 740 saletn
662 678 1157 737 detertninationem
1183 685 1426 746 ponatur,
1456 681 1513 727 ut
1540 670 1768 739 dicatur,
1800 683 1906 723 non
1937 682 2045 721 om-

464 778 553 832 nis
577 778 734 829 homo
760 772 931 843 justus
959 780 1059 833 est,
1107 785 1212 823 non
1265 766 1375 838 jam
1407 762 1729 819 universalis
1762 759 2047 815 afﬁrmatio

469 866 689 923 inﬁnitte
714 862 1107 933 praedicationis
1128 858 1473 913 consentiens
1494 853 1785 910 universali
1814 849 2048 922 simplici

471 952 735 1025 negationi
760 950 832 1011 ﬁt,
867 949 959 1003 sed
991 948 1171 1017 pclius
1196 944 1539 1017 particularis
1564 943 1775 1013 negatio
1801 941 2046 1011 simplex.

476 1046 704 1100 Videsne
734 1042 894 1112 igitur
925 1055 1082 1111 quam
1113 1040 1307 1093 multas
1333 1037 1492 1092 faciat
1520 1034 1855 1090 differentias
1885 1046 2050 1101 nega-

468 1136 572 1189 tiva
598 1134 857 1203 particula
887 1132 1113 1187 diversae
1133 1131 1410 1185 nominum
1434 1126 1803 1198 prmdicationi
1828 1126 2055 1197 conjun-

469 1234 553 1281 cta
574 1226 598 1279 ?
622 1224 726 1280 Sed
756 1236 1060 1292 quanquam
1105 1221 1221 1275 hanc
1251 1222 1324 1275 ita
1372 1220 1507 1285 sint,
1541 1226 1718 1289 potest
1745 1229 1924 1273 tamen
1947 1218 2056 1272 alio

472 1319 637 1375 modo
678 1317 891 1380 eadem,
915 1314 1144 1368 diversis
1172 1313 1226 1367 in
1258 1312 1390 1367 locis
1424 1312 1621 1381 posita,
1656 1310 1899 1365 eamdem
1948 1311 2055 1364 vim

474 1410 1030 1483 signiﬁcationemque
1082 1419 1319 1459 servare.
1373 1402 1429 1459 Si
1461 1403 1603 1457 enim
1650 1402 1721 1455 sit
1751 1402 1921 1471 posita
1951 1417 2057 1457 non

476 1500 740 1572 particula
785 1511 906 1553 cum
960 1495 1361 1550 nniversalitate
1391 1506 1509 1559 sua,
1550 1505 1669 1546 cum
1714 1492 1902 1547 eadem
1948 1492 2059 1561 ipsa

480 1596 679 1663 sacpius
726 1598 1075 1660 permutetur,
1108 1588 1248 1643 idem
1272 1588 1388 1642 sine
1415 1584 1579 1641 dubio
1601 1585 1652 1640 in
1676 1584 2063 1655 signiﬁcatione

483 1688 748 1744 consistit.
783 1687 839 1741 Si
867 1685 986 1755 quis
1012 1686 1152 1740 enim
1179 1685 1343 1747 dicat,
1378 1683 1483 1737 ηὸιι
1514 1682 1688 1737 omnis
1722 1684 1884 1735 homo
1912 1682 2063 1735 albus

480 1791 566 1838 est
590 1826 604 1849 ,
638 1779 980 1850 particularis
1010 1788 1092 1832 est
1138 1778 1371 1847 simplex
1402 1778 1636 1846 negatio.
1669 1776 1722 1831 Si
1768 1776 1890 1843 quis
1938 1789 2064 1830 vero

2155 570 2227 623 sit
2246 582 2309 622 ea
2342 582 2461 637 qua:
2492 565 2765 635 proponit,
2796 576 2902 618 non
2932 572 3017 618 est
3041 562 3194 617 albus
3234 561 3415 630 homo,
3455 562 3500 618 si
3531 574 3594 619 ea
3622 577 3740 629 quae

2154 659 2304 725 dicit,
2336 666 2418 711 est
2448 656 2612 711 homo
2638 654 2793 710 albus
2818 655 3026 709 diversa
3054 654 3158 708 erit
3178 654 3245 708 ab
3269 668 3330 709 ea
3378 653 3743 725 propositione

2154 768 2274 823 quae
2307 752 2641 821 pronuntiat,
2669 758 2753 805 est
2779 748 2932 803 albus
2963 748 3148 816 homo,
3183 748 3284 802 alia
3306 750 3411 804 erit
3440 748 3557 819 ejus
3580 762 3742 819 nega-

2154 847 2263 914 tio;
2294 846 2365 901 sit
2393 860 2520 915 ergo
2552 852 2643 899 aut
2676 857 2738 898 ea
2768 857 2890 913 qua!
2935 842 3085 908 dicit,
3114 855 3221 895 non
3249 850 3332 895 est
3356 857 3463 896 non
3484 842 3646 897 homo
3668 842 3743 895 al-

2157 941 2279 1005 bus,
2312 948 2404 994 aut
2433 952 2497 993 ea
2526 952 2646 1009 quae
2681 936 2832 1002 dicit,
2865 952 2970 991 non
3000 944 3084 992 est
3127 936 3291 990 homo
3332 937 3503 991 albus.
3532 938 3744 993 Rursus

2157 1036 2321 1105 igitur
2345 1034 2699 1103 disponantur
2739 1032 2861 1087 dum
2889 1030 3107 1100 quidem
3143 1027 3526 1083 afﬁrmationes
3559 1031 3745 1099 prima

2159 1126 2464 1180 alternatim
2504 1124 2714 1193 positze,
2741 1131 2797 1179 et
2823 1122 3131 1179 econtrario
3157 1119 3404 1176 confessa
3435 1121 3627 1189 prioris
3652 1135 3745 1177 nec

2159 1220 2324 1288 gatio.
2346 1218 2550 1274 Contra
2575 1216 2869 1271 secundum
2901 1230 3033 1270 vero
3061 1225 3301 1284 utraeque
3330 1212 3410 1268 hae
3438 1214 3749 1284 negationes

2161 1324 2298 1380 quas
2326 1310 2560 1363 diximus
2586 1308 2946 1362 ascribantur.

2345 1402 2439 1456 Est
2469 1402 2621 1455 albus
2652 1403 2832 1456 homo.
2906 1399 3020 1455 Non
3053 1409 3137 1455 est
3162 1399 3318 1455 albus
3360 1400 3541 1459 homo.

2344 1493 2443 1548 Est
2471 1494 2631 1548 homo
2673 1493 2847 1548 albus.
2923 1492 3037 1547 Non
3060 1502 3143 1548 est
3174 1493 3337 1548 homo
3366 1492 3540 1549 albus.

2346 1588 2463 1643 Non
2493 1598 2576 1643 est
2610 1602 2713 1641 non
2747 1588 2907 1642 homo
2929 1588 3104 1643 albus.

2243 1682 2339 1737 liis
2367 1682 2528 1751 igitur
2546 1683 2615 1735 ita
2634 1681 2878 1735 discretis
2900 1681 3017 1752 ejus
3042 1681 3425 1751 propositionis
3454 1697 3573 1753 qua:
3604 1684 3753 1751 dicit,

2168 1783 2254 1830 est
2283 1776 2449 1828 homo
2476 1774 2651 1839 albus,
2685 1788 2789 1826 non
2824 1782 2996 1841 potest
3025 1787 3145 1828 esse
3169 1774 3259 1827 illa
3282 1774 3493 1844 negatio
3524 1789 3642 1844 qua:
3678 1776 3757 1830 di-

484 1874 564 1928 sic
592 1873 755 1937 dicat,
781 1873 942 1923 homo
984 1883 1089 1923 non
1118 1866 1297 1923 omnis'
1325 1868 1477 1923 albus
1507 1876 1613 1931 est.
1642 1868 1829 1923 eadem
1864 1866 2066 1937 signiﬁ-
2093 1856 2141 1918 Β
2174 1872 2268 1937 cit,
2294 1885 2401 1925 non
2433 1877 2645 1923 estnon
2692 1870 2850 1922 homo
2876 1868 3048 1923 albus.
3091 1868 3235 1922 Illius
3264 1880 3346 1923 est
3373 1870 3518 1925 enim
3551 1872 3759 1941 negatio

488 1963 630 2019 eatio
652 1972 753 2018 est.
787 1958 880 2017 Vel
903 1962 949 2015 si
979 1961 1079 2015 hoc
1110 1960 1291 2025 modo,
1345 1961 1504 2014 homo
1535 1960 1691 2015 albus
1734 1974 1842 2015 non
1893 1961 2072 2014 omnis

493 2062 598 2120 est,
622 2067 719 2108 nec
747 2053 860 2105 hate
891 2067 920 2106 a
950 2054 1229 2120 superiore
1270 2051 1661 2120 signiﬁcatione
1705 2050 1956 2117 discedit,
1989 2050 2072 2105 vel

493 2145 538 2199 si
568 2145 682 2213 quis
709 2143 936 2209 amplius
963 2156 1173 2212 quoque
1203 2150 1468 2211 permutet
1491 2141 1711 2207 dicens,
1737 2141 1902 2197 homo
1922 2143 2073 2197 albus

491 2246 574 2292 est
618 2249 722 2289 non
752 2236 961 2300 omnis,
995 2248 1023 2288 a
1058 2232 1219 2303 priori
1248 2232 1637 2302 signiﬁcatione
1674 2232 1749 2286 nil
1779 2233 2071 2301 discrepat.

495 2328 696 2385 Eodem
726 2327 888 2383 modo
916 2328 998 2382 vel
1030 2326 1074 2380 si
1105 2326 1506 2396 quomodolibet
1536 2326 1693 2380 aliter
1720 2334 2072 2395 permtttet'ur,

494 2435 613 2475 cum
637 2419 849 2489 propria
874 2428 1051 2473 tamen
1077 2416 1500 2473 universalitatis
1522 2418 1973 2471 deterntinatione
1994 2417 2075 2471 di-

499 2526 654 2565 verso
683 2509 842 2565 modo
869 2517 1186 2579 permutata,
1222 2509 1362 2563 idem
1406 2523 1621 2578 semper
1651 2522 1874 2563 necesse
1911 2512 1996 2562 est
2024 2510 2073 2562 in

495 2602 886 2671 signiﬁcatione
914 2610 1182 2655 servetur.
1228 2599 1433 2655 Eodem
1464 2600 1625 2654 modo
1670 2599 1716 2654 si
1745 2600 1931 2653 eadem
1972 2615 2075 2654 non

498 2694 755 2763 particula
806 2707 932 2748 cum
959 2692 1067 2747 alio
1097 2690 1316 2747 nomine
1356 2692 1443 2746 vel
1473 2690 1642 2746 verbo
1668 2690 1852 2760 juncta
1881 2691 2080 2759 saepius

501 2786 870 2854 transferatur,
917 2794 973 2840 ut
996 2801 1120 2841 cum
1151 2784 1401 2868 dicimus,
1442 2784 1603 2838 homo
1624 2783 1802 2854 justus
1825 2798 1931 2838 non
1970 2792 2072 2851 est,

461 2916 469 2925 -
502 2897 684 2938 rursus
715 2883 875 2937 homo
904 2894 1009 2935 non
1054 2887 1139 2935 est
1176 2879 1384 2949 justus,
1431 2893 1621 2934 rursus
1648 2894 1757 2933 non
1794 2886 1877 2933 est
1917 2881 2079 2935 homo

500 2974 690 3047 justus,
718 2974 907 3030 eadem
938 2974 1262 3045 signiﬁcatio
1288 2974 1576 3029 retinetur.
1608 2972 1873 3039 Quocirca
1897 2970 1942 3026 si
1964 2972 2078 3026 sola

502 3068 759 3137 particula
790 3068 1032 3135 negativa
1060 3074 1358 3136 permutata
1386 3065 1477 3131 sit,
1506 3073 1560 3119 et
1591 3078 1695 3119 non
1714 3064 1909 3119 eodem
1938 3078 2082 3119 sent-

506 3173 601 3229 per
623 3159 810 3214 ordine
831 3160 1169 3239 pradicetur,
1194 3159 1390 3213 multas
1413 3156 1744 3213 diﬁerentias
1774 3155 1931 3211 faciet
1958 3170 2081 3225 pro-

504 3252 844 3321 positionum.
874 3252 964 3307 Sin
989 3237 1121 3307 vero
1146 3250 1332 3320 juncta
1356 3264 1479 3304 cum
1510 3248 1617 3304 alio
1640 3248 1857 3303 nomine
1884 3248 2083 3317 sapius
2107 3237 2156 3302 C

504 3348 583 3417 (ut
604 3347 803 3402 dictum
828 3345 936 3415 est)
960 3343 1539 3411 transferatur,.eadem
1563 3342 1618 3396 in
1642 3340 2080 3397 translationibus

503 3440 749 3495 Mnibus
768 3439 1096 3509 significatio
1118 3438 1475 3508 permanebit.
1509 3436 1601 3491 His
1629 3436 1788 3505 igitur
1811 3436 1882 3491 ita
1911 3436 2084 3506 dispo-

502 3532 619 3587 sitis
642 3532 929 3587 videndum
955 3542 1039 3587 est
1064 3547 1185 3601 quae
1215 3531 1286 3585 sit
1311 3528 1617 3585 Aristotelis
1657 3530 2080 3599 demonstratio,

438 3660 441 3661 ν
504 3625 663 3678 verba
689 3633 744 3678 et
780 3624 995 3681 nomina
1050 3622 1373 3691 transposita
1422 3621 1667 3677 eamdem
1710 3636 1927 3691 semper
1972 3622 2081 3677 vim

504 3716 1051 3786 signiﬁcationemque
1097 3716 1387 3783 subjicere.
1420 3716 1514 3771 Ait
1541 3716 1706 3779 enim,
1761 3714 2082 3784 transposita

504 3821 637 3862 vero
664 3806 826 3861 verba
855 3816 912 3861 et
955 3806 1168 3861 nomina
1198 3806 1339 3861 idem
1368 3804 1693 3876 signiﬁcant,
1729 3813 1788 3859 ut
1812 3812 1898 3860 est
1930 3805 2084 3859 albus

510 3902 693 3968 homo,
724 3911 807 3957 est
836 3903 995 3957 homo
1026 3902 1201 3958 albus.
1229 3902 1355 3958 Haec
1383 3907 1529 3958 enim
1558 3904 1880 3973 transposita
1910 3903 2083 3957 nomi-

512 3996 666 4050 nibus
689 4004 847 4065 atque
870 4012 952 4051 vet
967 3996 1049 4051 bis
1075 3996 1320 4051 eamdem
1353 3998 1586 4052 retinent
1614 3998 2079 4067 signiﬁcationem.

509 4087 568 4143 In
600 4088 685 4143 illa
715 4089 857 4143 enim
887 4089 1039 4160 prius
1067 4088 1216 4143 albus
1244 4098 1344 4147 est,
1376 4090 1645 4158 posterius
1678 4088 1868 4153 homo;
1904 4088 1957 4142 in
1987 4088 2085 4142 hac

504 4190 681 4237 autem
712 4182 864 4252 prior
890 4182 1074 4247 homo,
1097 4182 1364 4252 posterior
1383 4182 1573 4237 albus:
1600 4180 1743 4253 quod
1772 4182 1817 4237 si
1853 4181 1953 4235 Itoc
1983 4180 2084 4234 fal-

506 4284 625 4327 sum
650 4282 751 4338 est,
780 4282 839 4329 ει
878 4287 987 4330 non
1008 4274 1118 4328 sint
1144 4272 1373 4341 eaedem,
1406 4272 1500 4328 sed
1530 4286 1560 4326 a
1591 4287 1653 4329 se
1680 4274 1908 4329 diversa:
1935 4280 2116 4340 sunt,-

510 4364 846 4435 impossibile
866 4367 1069 4438 aliquid
1094 4367 1590 4436 inconveniensque
1618 4366 1899 4438 contingit,
1926 4373 2088 4422 erunt

511 4460 653 4513 enim
698 4460 820 4516 dna
849 4460 1164 4531 negationes
1210 4461 1365 4515 unius
1394 4459 1800 4526 afﬁrmationis,
1832 4458 1974 4529 quod
2004 4469 2087 4514 est

513 4552 860 4623 impossibile.
889 4553 1178 4609 Ostensum
1208 4552 1353 4608 enim
1381 4561 1465 4608 est
1492 4553 1759 4621 ,quoniam
1793 4566 1895 4606 una
1930 4552 2088 4606 unius

509 4612 601 4701 est
617 4644 992 4700 afﬁrmationis
1011 4645 1245 4715 negatio.
1264 4645 1415 4700 Nunc
1440 4612 1601 4715 igitur
1621 4646 1899 4700 videamus
1928 4644 1975 4699 si
2006 4645 2090 4700 hat
2113 4612 2167 4673 Β

511 4738 894 4795 afﬁrmationes
915 4752 1036 4809 qua:
1056 4738 1241 4793 dicunt
1262 4750 1345 4795 est
1367 4739 1521 4795 albus
1548 4740 1729 4801 homo,
1750 4749 1805 4795 et
1828 4746 1909 4796 est
1927 4739 2090 4794 hoino

510 4829 680 4897 albus,
712 4842 817 4886 non
839 4839 965 4887 sunt
992 4830 1219 4897 eaedem,
1236 4831 1329 4887 sed
1350 4832 1597 4899 diversa,
1630 4833 2087 4903 quemadmodum

513 4924 669 4977 unius
713 4923 1090 4979 afllrmationis
1134 4922 1255 4977 dum
1286 4932 1413 4979 sunt
1458 4925 1801 4995 negationes,
1833 4932 1887 4979 et
1918 4924 2094 4994 primo

513 5017 727 5086 quidem
754 5016 1109 5088 disponantur
1134 5018 1238 5071 hoc
1267 5018 1448 5081 modo,
1488 5030 1570 5072 est
1615 5017 1769 5072 albus
1795 5017 1976 5083 homo,
2012 5026 2096 5072 est

516 5109 677 5164 homo
698 5108 885 5175 albus;
918 5108 1078 5179 hujus
1105 5122 1235 5178 ergo
1266 5110 1645 5179 propositionis
1684 5124 1805 5179 qua:
1833 5112 1987 5175 dicit,
2012 5120 2096 5164 est

514 5200 668 5255 albus
690 5200 879 5265 homo,
908 5202 1015 5255 erit
1056 5200 1293 5270 negatio,
1336 5214 1399 5255 ea
1426 5201 1635 5256 scilicet
1660 5216 1781 5264 quae
1811 5203 2094 5270 proponit,

516 5308 620 5346 non
647 5301 731 5347 est
758 5289 912 5346 albus
936 5293 1121 5362 homo,
1147 5294 1251 5347 alia
1282 5306 1515 5363 namque
1535 5309 1654 5363 qua:
1675 5306 1795 5348 esse
1818 5294 1987 5361 possit
2008 5306 2093 5347 ra-

514 5382 848 5437 tionabiliter
877 5397 985 5437 non
1014 5394 1195 5455 potest
1240 5384 1492 5438 inveniri.
1539 5383 1898 5454 Disponantur
1936 5384 2097 5455 igitur

517 5486 705 5527 rursus
745 5471 946 5529 eaedem
998 5483 1053 5530 et
1092 5479 1342 5545 superior
1386 5474 1674 5531 afﬁrmatio
1718 5490 1839 5531 cum
1882 5478 2094 5546 propria

520 5562 822 5633 negatione.

1058 5660 1155 5717 Est
1190 5661 1346 5717 albus
1374 5662 1547 5718 homo.

1057 5752 1172 5809 Non
1203 5761 1285 5807 est
1306 5753 1462 5811 albus
1493 5754 1671 5813 homo.

1052 5838 1147 5905 Est
1173 5847 1335 5902 homo
1358 5847 1527 5907 albus.

2179 1978 2297 2035 quae
2341 1964 2502 2016 habet
2531 1962 2830 2032 subjectum
2880 1962 3144 2015 inﬁnitum
3176 1978 3295 2033 qua:
3321 1963 3479 2029 dicit,
3521 1972 3603 2019 est
3650 1976 3756 2020 non

2181 2059 2345 2113 homo
2386 2056 2558 2110 albus.
2590 2055 2849 2109 Similiter
2888 2062 3065 2108 antem
3098 2063 3151 2109 et
3189 2056 3233 2108 si
3265 2056 3557 2126 quamlibet
3604 2055 3761 2115 aliam

2177 2151 2299 2223 quis
2327 2149 2570 2221 posuerit
2598 2145 2934 2215 negationem
2963 2146 3080 2215 ejus
3123 2147 3241 2201 sine
3271 2146 3433 2201 dubio
3469 2147 3575 2200 alia
3606 2161 3761 2216 repe-

2178 2244 2316 2299 ritur
2342 2242 2649 2297 afﬁrmatio.
2686 2239 2837 2294 Unde
2870 2239 2925 2292 ﬁt
2958 2248 3015 2291 ut
3045 2240 3376 2309 relinquatur
3403 2254 3463 2293 ea
3496 2240 3613 2309 ejus
3643 2254 3763 2299 esse

2179 2339 2391 2408 negatio
2420 2354 2539 2408 quae
2564 2334 2834 2407 proponit,
2869 2351 2973 2389 non
3003 2345 3087 2389 est
3116 2336 3277 2390 homo
3305 2336 3496 2403 albus;
3524 2346 3604 2391 εει
3635 2352 3764 2408 ergo

2181 2429 2397 2501 negatio
2423 2429 2540 2499 ejus
2572 2443 2689 2498 qua:
2715 2427 2843 2481 dicit
2872 2437 2954 2481 est
2983 2427 3144 2482 homo
3172 2428 3355 2494 albus,
3378 2443 3441 2483 ea
3468 2445 3584 2495 qua!
3614 2430 3764 2496 dicit,

2180 2538 2285 2575 non
2316 2529 2396 2574 est
2422 2520 2581 2572 homo
2613 2517 2800 2583 albus;
2834 2518 2928 2572 sed
2952 2516 3070 2587 ejus
3102 2519 3475 2573 afﬁrmationis
3500 2535 3617 2590 qum
3647 2536 3764 2588 pro.
3842 2576 3845 2579 γ

2180 2613 2349 2685 ponit,
2380 2621 2461 2668 est
2488 2611 2640 2667 albus
2668 2611 2849 2675 homo,
2896 2614 3107 2681 negatio
3134 2623 3217 2667 est
3246 2624 3299 2669 et
3328 2614 3427 2669 ista
3461 2630 3580 2684 quae
3612 2613 3764 2683 dicit,

2182 2722 2287 2760 non
2320 2714 2401 2760 est
2431 2708 2591 2760 homo
2630 2705 2803 2759 albus.
2834 2704 2985 2771 Quod
3016 2706 3209 2775 prohat
3234 2720 3297 2761 ea
3342 2722 3428 2761 res
3464 2708 3605 2777 quod
3632 2710 3768 2763 inter

2181 2811 2241 2851 se
2273 2810 2461 2850 verum
2492 2795 2789 2865 falsumque
2818 2794 3083 2862 dividunt,
3109 2811 3231 2850 nam
3258 2798 3302 2850 si
3331 2813 3515 2852 verum
3547 2807 3628 2854 est
3648 2814 3769 2856 esse

2182 2890 2360 2944 silium
2410 2890 2705 2957 hominem,
2735 2888 2926 2942 falsum
2951 2898 3034 2943 est
3076 2904 3181 2943 non
3226 2905 3347 2944 esse
3390 2891 3661 2946 hominem
3694 2895 3769 2947 al-

2183 2980 2329 3036 bum.
2362 2981 2513 3049 Quod
2540 2981 2584 3035 si
2618 2981 2668 3033 in
2711 2979 2979 3049 aliquibus
3014 2994 3199 3034 verum
3231 2980 3518 3049 invenitur,
3554 2983 3654 3038 hoc
3682 2997 3770 3039 se-

2184 3075 2417 3129 cundum
2476 3073 2842 3151 deﬁnitionem
2889 3073 3273 3142 prepositionis
3302 3075 3638 3143 agnoscitur,
3666 3092 3770 3131 non

2183 3166 2478 3223 secundum
2530 3165 2829 3235 negationis
2882 3165 3134 3233 formam,
3166 3175 3222 3218 ut
3266 3167 3433 3234 magis
3480 3168 3772 3227 secundum

2186 3262 2537 3330 quantitatem
2576 3273 2680 3313 non
2707 3257 2817 3313 sint
2842 3257 2946 3312 sibi
2973 3258 3233 3329 opposita:
3266 3260 3449 3328 potius
3488 3276 3646 3330 quam
3690 3276 3773 3318 se-

2186 3355 2419 3410 cundum
2452 3354 2785 3424 qualitatem,
2816 3350 2957 3421 quod
3009 3352 3101 3405 illa
3146 3365 3236 3407 res
3282 3361 3550 3409 monstrat
3576 3354 3619 3409 si
3651 3355 3775 3424 quis

2186 3446 2267 3502 sic
2296 3446 2444 3501 dicat
2469 3464 2480 3499 :
2510 3455 2591 3500 est
2622 3444 2775 3497 albus
2802 3443 2981 3497 onmis
3011 3442 3203 3508 homo;
3235 3442 3279 3498 si
3304 3454 3490 3498 contra
3516 3443 3654 3499 banc
3684 3460 3775 3513 po.

2186 3549 2363 3603 natur,
2394 3553 2499 3592 non
2530 3548 2611 3591 est
2643 3535 2816 3590 omnis
2866 3534 3027 3591 homo
3072 3535 3260 3601 albus,
3314 3538 3652 3606 perspicuum
3693 3546 3775 3593 est

2186 3630 2438 3700 quoniam
2470 3631 2612 3683 inter
2638 3644 2697 3683 se
2724 3639 2778 3683 et
2802 3629 3086 3684 veritatem
3116 3629 3364 3684 dividunt
3389 3639 3443 3686 et
3465 3629 3776 3696 falsitatem,

2188 3738 2353 3778 Lnam
2386 3724 2532 3778 enim
2561 3737 2740 3777 veram
2789 3736 2911 3777 esse
2956 3738 3179 3778 necesse
3205 3731 3308 3790 est,
3352 3738 3511 3779 unam
3541 3723 3772 3789 falsam;

2185 3830 2354 3887 quare
2403 3819 2564 3871 etiam
2603 3817 2646 3871 si
2689 3816 3165 3871 determinationes
3209 3817 3544 3883 auferantur,
3585 3817 3774 3876 eadem

2152 3910 2455 3995 joppositio
2485 3907 2646 3971 redit,
2678 3910 2803 3962 licet
2833 3908 2904 3961 sit
2950 3906 3250 3962 indeﬁnita.
3292 3908 3424 3963 Nam
3454 3912 3593 3965 sicut
3633 3911 3686 3964 in
3712 3922 3778 3965 ea

2134 4057 2143 4063 ,
2186 4019 2306 4075 quae
2329 4003 2480 4067 dicit,
2514 4002 2688 4055 omnis
2738 4000 2897 4053 homo
2924 3998 3105 4068 justus
3134 4007 3239 4065 est,
3275 4014 3377 4055 non
3414 4002 3590 4057 omnis
3617 4002 3782 4057 homo

2182 4094 2358 4166 justus
2382 4102 2483 4163 est,
2517 4091 2739 4146 sublatis
2770 4091 2948 4147 omnis
2988 4098 3044 4147 et
3076 4105 3182 4145 non
3214 4091 3393 4145 omnis
3424 4092 3584 4146 homo
3601 4091 3783 4163 justus

2153 4178 2293 4255 ἐει,
2326 4194 2381 4241 ει
2426 4185 2586 4239 homo
2618 4184 2796 4253 justus
2841 4198 2947 4239 non
2986 4195 3097 4249 est,
3141 4182 3430 4239 afﬁrmatio
3459 4192 3513 4237 et
3561 4183 3776 4253 ncgatio

2187 4278 2445 4348 opposita:
2493 4284 2639 4341 sunt,
2676 4275 2749 4328 ita
2796 4282 3012 4346 quoque
3040 4275 3092 4329 in
3140 4274 3219 4330 his
3271 4274 3483 4330 sublato
3522 4274 3699 4327 omnis
3723 4283 3781 4328 et

2190 4388 2297 4427 non
2315 4371 2490 4425 omnis
2516 4383 2580 4423 ea
2598 4383 2715 4438 qua:
2741 4367 2894 4434 dicit,
2920 4378 3001 4423 est
3023 4368 3177 4422 albus
3200 4368 3380 4434 homo,
3412 4368 3459 4421 ei
3487 4380 3607 4437 quas
3625 4364 3781 4432 dicit,

2191 4480 2295 4519 non
2329 4472 2411 4517 est
2458 4462 2620 4516 homo
2648 4462 2824 4526 albus,
2858 4462 3103 4531 opposita
3133 4470 3237 4515 est.
3273 4459 3483 4515 Additis
3514 4459 3656 4515 enim
3683 4457 3779 4512 de-

2192 4554 2657 4610 terminationibus
2687 4569 2789 4607 una
2833 4568 3048 4622 semper
3076 4568 3201 4607 vera
3244 4562 3357 4620 est,
3405 4555 3571 4608 altera
3606 4552 3767 4617 falsa;

2191 4649 2284 4704 sed
2329 4647 2554 4702 diximus
2586 4645 2837 4716 quoniam
2886 4646 3257 4701 afﬁrmationis
3307 4646 3426 4716 ejus
3460 4662 3578 4717 qua:
3608 4645 3777 4713 dicit,

2194 4752 2277 4799 est
2305 4734 2458 4796 albus
2509 4740 2697 4802 homo.
2730 4742 2944 4809 negatio
2994 4751 3107 4806 est,
3140 4751 3245 4795 non
3286 4749 3371 4795 est
3398 4739 3551 4796 albus
3592 4741 3775 4795 homo.

2197 4834 2325 4888 Dua:
2349 4832 2509 4904 igitur
2536 4831 2843 4904 negationes
2866 4847 2969 4887 non
2995 4842 3077 4888 est
3098 4832 3250 4887 albus
3279 4834 3540 4897 ltomo,’et
3566 4846 3672 4886 non
3700 4838 3785 4885 est

2199 4927 2351 4982 albus
2383 4927 2544 4980 homo
2576 4925 2733 4979 unius
2783 4924 3155 4980 afﬁrmationis
3203 4934 3357 4993 sunt,
3408 4926 3527 4995 ejus
3580 4922 3787 4978 scilicet

2198 5036 2318 5091 qum
2348 5018 2613 5083 enuntiat,
2643 5026 2725 5072 cst
2768 5018 2929 5071 homo
2975 5019 3150 5085 albus,
3184 5017 3325 5087 quod
3354 5017 3531 5072 evenit
3557 5015 3601 5069 si
3628 5026 3786 5084 nega-

2202 5113 2373 5166 tiones
2399 5110 2481 5163 hze
2504 5124 2622 5180 quae
2646 5110 2850 5175 dicunt,
2876 5124 2980 5164 non
3005 5118 3087 5163 est
3111 5110 3272 5163 homo
3298 5109 3470 5173 albus,
3501 5118 3551 5162 et
3576 5123 3681 5162 non
3704 5117 3789 5162 est

2200 5205 2353 5259 albus
2377 5204 2537 5258 homo
2562 5219 2589 5255 a
2617 5218 2676 5259 se
2706 5202 2931 5258 diversa:
2963 5212 3110 5268 sunt,
3142 5202 3285 5271 quod
3330 5215 3397 5256 ex
3431 5214 3497 5256 eo
3523 5201 3792 5269 contingit

2201 5296 2339 5365 quod
2390 5296 2537 5363 prius
2588 5296 2815 5363 positum
2873 5302 2956 5347 est
2991 5309 3107 5346 eam
3140 5309 3258 5361 quas
3290 5292 3453 5357 dicit,
3506 5299 3589 5346 est
3635 5292 3793 5344 albus

2204 5386 2386 5453 homo,
2413 5386 2679 5440 diversam
2707 5400 2827 5438 esse
2850 5384 2915 5438 ab
2941 5397 3003 5437 ea
3026 5398 3145 5453 qum
3163 5382 3314 5448 dicit,
3337 5392 3421 5439 est
3440 5388 3600 5439 homo
3614 5382 3789 5435 albus.

2203 5478 2355 5546 Quod
2377 5478 2421 5531 si
2466 5477 2565 5530 hoc
2597 5475 2926 5543 impossibile
2954 5484 3037 5529 est
3084 5484 3143 5527 ut
3194 5490 3296 5528 una
3326 5474 3612 5530 affirmatio
3653 5476 3791 5529 duas

2207 5573 2397 5627 habeat
2426 5570 2758 5640 negationes,
2783 5580 2837 5623 et
2879 5570 3214 5640 perspicuum
3240 5576 3323 5626 est
3352 5579 3541 5626 centra
3564 5584 3683 5625 eam
3707 5570 3791 5624 af-

2206 5664 2563 5719 ﬁrmationem
2585 5678 2703 5731 qua:
2728 5662 2879 5729 dicit,
2907 5671 2990 5719 est
3017 5663 3181 5718 homo
3202 5664 3376 5731 albus,
3406 5672 3658 5735 utrasque
3694 5662 3790 5718 itas

2207 5756 2517 5827 negationes
2542 5770 2658 5824 qua:
2682 5753 2891 5822 dicunt,
2918 5771 3024 5812 non
3047 5762 3131 5812 est
3149 5755 3302 5812 albus
3326 5759 3487 5813 homo
3509 5767 3563 5813 ει
3587 5773 3687 5813 ηοη
3712 5767 3791 5813 est

2205 5850 2367 5905 homo
2396 5848 2549 5905 albus
2579 5851 2797 5920 opponi,
2832 5852 2912 5909 ha:
2952 5868 2979 5907 a
3010 5866 3069 5909 se
3097 5849 3325 5909 diversae
3355 5867 3459 5909 non
3489 5861 3634 5917 sunt,
3659 5848 3786 5904 sibi.
