4270 6266
552 402 651 473 5-51

1794 410 1901 465 AN.
1944 411 2146 466 MANL.
2190 411 2347 468 SEV.
2389 409 2606 467 ΒΟΕΤΙΙ

3737 425 3853 478 εσεκ

553 541 659 597 que
712 522 1083 586 consentiunt,
1112 530 1169 578 et
1198 527 1404 591 tantum
1455 520 1848 597 permutatione
1901 521 2139 577 nominis
2168 527 2221 583 Α
2244 524 2331 577 sed
2354 540 2417 576 et:
2446 523 2525 577 his
2549 523 2705 577 etiam
2739 541 2895 578 unum
2933 527 3013 595 fit,
3046 541 3110 580 ea:
3142 527 3260 581 albo
3287 538 3455 584 autem
3491 541 3539 585 et
3566 532 3765 588 homine
3786 551 3838 593 vei

554 620 779 674 distant.
822 613 1048 670 Cameris
1090 622 1268 669 autem
1308 610 1560 667 omnibus
1587 610 1793 667 eaedem
1820 621 1977 677 sunt;
2006 612 2148 683 quod

553 713 600 767 si
630 712 712 766 hae
744 708 1059 780 negationes
1101 708 1306 764 eaedem
1344 715 1492 771 sunt,
1526 704 1731 763 eaedem
1776 721 1990 776 quoque
2025 715 2149 760 sunt

553 802 963 859 afﬁrmationes.
991 803 1155 859 Recte
1179 803 1341 872 igitur
1365 801 1568 857 dictum
1592 807 1677 857 est
1697 798 1949 870 quoniam
1975 809 2148 855 trans-

553 897 725 965 posita
754 896 973 952 nomina
1002 906 1057 952 et
1076 895 1239 951 verba
1270 896 1517 949 eamdem
1539 894 1647 949 vim
1674 892 2148 963 signiﬁcationem-

553 1004 656 1061 que
683 1000 921 1047 servant.
958 990 1166 1047 Sensus
1215 1004 1344 1059 ergo
1390 998 1531 1045 totus
1580 987 1652 1042 ita
1698 999 1758 1042 se
1806 986 1992 1053 habet;
2046 986 2148 1042 hoc

552 1096 732 1141 autem
778 1086 941 1141 modo
987 1085 1121 1140 ordo
1169 1085 1480 1141 verborum.
1515 1081 1896 1152 Transposita,
1924 1082 2141 1152 inquit,

553 1177 771 1234 nomina
794 1186 848 1233 et
867 1178 1027 1234 verba
1048 1176 1189 1231 idem
1219 1175 1551 1244 signiﬁcant,
1577 1183 1728 1229 etest
1749 1173 1938 1228 horum
1959 1188 2149 1228 exem-

550 1271 717 1341 plum,
739 1280 801 1326 ut
824 1281 907 1327 est
934 1269 1095 1325 homo
1117 1269 1292 1332 albus,
1315 1277 1399 1323 est
1426 1267 1578 1323 albus
1601 1268 1781 1322 homo.
1813 1266 1871 1320 lu
1902 1267 1984 1321 his
2004 1267 2146 1322 enim

552 1362 767 1417 nomina
800 1361 1125 1431 transposita
1156 1368 1300 1413 sunt.
1336 1358 1466 1414 Nam
1499 1358 1545 1411 si
1583 1358 1685 1413 hoc
1714 1373 1820 1412 non
1851 1366 1955 1423 est,
1987 1358 2039 1412 id
2066 1368 2149 1415 est

549 1458 593 1512 si
623 1472 727 1512 non
759 1456 902 1512 idem
935 1454 1237 1526 significant
1281 1453 1495 1509 nomina
1527 1462 1582 1508 et
1608 1452 1770 1508 verba
1800 1454 2143 1527 tranSposita,

550 1549 805 1616 quiddam
856 1548 1267 1619 impossibileet
1324 1549 1703 1603 inconveniens
1746 1546 2027 1615 contingit.
2059 1544 2146 1599 Ait

548 1642 717 1707 enim,
746 1642 989 1709 ejusdem
1021 1642 1203 1696 multa
1242 1650 1399 1695 erunt
1438 1640 1764 1709 negationes,
1800 1638 1851 1692 id
1888 1647 1971 1692 est
2000 1637 2143 1705 ejus-

548 1735 670 1789 dem
718 1733 1091 1790 afﬁrmationis
1132 1733 1311 1787 multae
1345 1733 1655 1803 negationes
1676 1742 1853 1786 erunt.
1900 1730 2006 1786 Sed
2046 1731 2147 1784 hoc

547 1826 885 1896 impossibile
925 1836 1030 1892 est,
1064 1833 1337 1881 ostensum
1364 1832 1447 1880 est
1474 1822 1616 1877 enim
1654 1822 1904 1892 quoniam
1938 1820 2147 1891 negatio

2252 615 2514 671 ambulare
2550 632 2649 670 non
2687 618 2743 684 ﬁt
2781 633 2961 675 unum.
3001 618 3174 684 Quare
3213 636 3304 675 nec
3363 623 3406 675 si
3452 639 3607 676 unum
3647 626 3840 695 aliquid

2252 708 2315 763 de
2357 709 2439 763 Itis
2480 709 2692 780 affirmet
2742 710 2958 779 aliquis,
3004 711 3098 765 erit
3137 711 3409 780 affirmatio
3454 728 3590 781 una,
3633 719 3722 770 sed
3749 734 3843 774 vos

2249 801 2451 870 quidem
2479 817 2602 857 una.
2652 784 3022 870 Affirmationes
3052 818 3168 856 vero
3198 802 3402 869 multis,
3431 819 3520 858 nec
3559 806 3605 860 si
3646 808 3710 860 de
3744 825 3842 864 uno

2249 894 2368 961 ista,
2398 894 2487 947 sed
2513 894 2747 948 similiter
2779 896 2966 959 plures.

2250 1046 2255 1049 Α
2323 987 2516 1043 Multos
2558 989 2677 1043 talis
2707 988 2806 1043 loci
2853 990 3010 1058 hujus
3040 989 3211 1060 caligo
3257 990 3564 1058 confundit,
3598 1002 3657 1049 ut
3683 996 3843 1065 digne

2250 1081 2471 1149 exsequi
2494 1089 2549 1134 et
2567 1078 2707 1149 quod
2729 1081 2796 1135 ab
2824 1081 3113 1135 Aristotele
3139 1080 3420 1137 dicebatur
3446 1084 3702 1153 expedire
3734 1102 3839 1141 non

2250 1181 2499 1241 possent.
2521 1170 2628 1227 Nos
2653 1181 2829 1227 autem
2864 1188 3022 1242 supra
3045 1171 3155 1240 jam
3180 1171 3414 1228 diximus
3440 1188 3645 1244 magna:
3674 1176 3840 1241 fuisse

2243 1278 2395 1326 curae
2430 1263 2571 1332 apud
2616 1262 2976 1332 peripatetica:
3011 1273 3173 1318 scctte
3215 1264 3484 1334 principes
3522 1264 3838 1336 diiudicare,

2244 1372 2372 1426 qum
2403 1364 2547 1412 esset
2588 1371 2695 1410 una
2739 1355 3024 1410 afﬁrmatio
3069 1356 3153 1410 vel
3202 1357 3435 1427 negatio,
3470 1373 3609 1428 quae.
3636 1361 3840 1430 plures.

2248 1450 2437 1521 Neque
2465 1450 2604 1505 enim
2653 1451 2799 1504 vocis
2827 1450 3001 1504 sonitu
3054 1462 3470 1519 cognoscuntur,
3497 1462 3592 1508 aut
3620 1468 3842 1510 numero

2254 1543 2647 1605 tertninortnn;
2681 1552 2763 1597 est
2807 1542 2950 1596 enim
2984 1552 3040 1596 ut
3083 1558 3183 1597 una
3232 1543 3450 1613 quidem
3499 1560 3587 1602 res
3631 1547 3699 1605 de
3740 1563 3841 1605 una

2255 1635 2605 1705 praedicetur,
2637 1646 2692 1690 et
2722 1648 2825 1689 non
2858 1634 2928 1688 sit
2973 1651 3075 1689 una
3119 1637 3437 1692 enuntiatio.
3467 1637 3652 1695 Potest
3676 1642 3839 1697 etiam

2253 1730 2368 1785 ﬁeri
2399 1740 2456 1785 ut
2494 1730 2581 1786 vel
2616 1731 2797 1799 plures
2835 1730 2902 1785 de
2950 1747 3052 1785 una
3100 1747 3159 1786 re
3205 1731 3586 1800 praedicentnr,
3622 1734 3702 1789 vel
3737 1752 3837 1792 una

2252 1823 2319 1879 tle
2363 1823 2619 1892 pluribus,
2653 1838 2756 1877 una
2801 1831 2978 1878 tamen
3020 1839 3087 1878 ex
3131 1824 3212 1878 his
3257 1825 3504 1880 omnibus
3540 1828 3835 1883 enuntiatio

548 1932 654 1973 una
684 1917 844 1974 unius
871 1926 954 1974 est
982 1915 1372 1971 affirmationis.
1411 1914 1537 1971 Duae
1565 1928 1691 1984 ergo
1708 1912 2022 1982 negationes
2049 1912 2142 1966 uni
2177 1913 2220 1973 Β
2252 1914 2363 1981 ﬁat,
2394 1930 2515 1984 quae
2562 1928 2651 1969 res
2683 1930 2891 1985 magnac
2931 1915 3071 1985 apud
3116 1930 3210 1971 eos
3253 1917 3474 1972 cautela:
3504 1918 3620 1983 fuit,
3654 1929 3712 1973 ut
3741 1919 3831 1974 ubi

547 2008 743 2079 opponi
790 2006 1156 2074 afﬁrmationi,
1188 2006 1235 2061 si
1279 2005 1442 2062 verba
1470 2014 1525 2059 et
1553 2002 1771 2059 nomina
1820 2002 2144 2071 transposita

542 2116 653 2158 non
686 2099 826 2157 idem
859 2100 1183 2171 signiﬁcant,
1212 2099 1291 2155 sic
1319 2097 1669 2154 demonstrat.
1704 2096 1835 2166 Ejus
1856 2093 1998 2151 enim
2023 2109 2145 2164 qua:

544 2202 660 2260 est,
704 2201 785 2247 est
824 2192 976 2247 albus
1018 2193 1208 2257 homo,
1267 2188 1472 2244 scilicet
1509 2185 1884 2241 afﬁrmationis
1931 2184 2145 2254 negatio

547 2294 649 2351 cst,
685 2298 792 2339 non
822 2293 907 2340 est
931 2284 1083 2339 albus
1114 2282 1297 2337 homo.
1329 2278 1529 2335 Contra
1560 2280 1707 2334 illam
1736 2280 1880 2334 enim
1910 2268 2145 2331 affirma-

550 2378 776 2445 tionem,
821 2376 1172 2446 hmcnegatio
1194 2374 1337 2445 juste
1365 2370 1683 2442 opponitur,
1724 2370 1843 2438 ejus
1870 2383 1999 2424 vero
2021 2382 2141 2439 qua:

549 2476 651 2530 est,
685 2475 769 2521 est
802 2468 963 2521 homo
986 2465 1165 2532 albus,
1213 2465 1265 2519 id
1311 2473 1395 2518 est
1414 2463 1633 2517 alterius
1672 2460 2064 2525 afﬁrmationis,
2094 2460 2140 2516 si

548 2573 656 2616 non
684 2557 871 2613 eadem
902 2567 987 2612 est
1032 2556 1084 2612 ei
1123 2571 1241 2626 quae
1267 2565 1369 2622 est,
1403 2565 1481 2611 est
1509 2555 1663 2610 albus
1692 2554 1873 2620 homo,
1911 2553 1963 2608 id
1986 2562 2070 2609 est
2098 2553 2142 2609 si

549 2651 763 2705 diversa
794 2657 877 2703 est
902 2662 933 2703 a
966 2645 1129 2717 priori
1157 2646 1523 2717 propositione
1550 2660 1669 2714 quae
1703 2644 1852 2708 dicit,
1884 2652 1967 2700 est
1991 2644 2146 2700 albus

550 2742 759 2809 homo,
785 2752 841 2798 et
889 2757 995 2798 non
1025 2752 1107 2797 est
1155 2742 1205 2798 ei
1242 2741 1430 2798 eadem
1466 2756 1531 2796 ac
1558 2742 1604 2797 si
1633 2741 1859 2809 diceret,
1882 2742 1928 2797 si
1956 2741 2004 2797 ei
2038 2756 2144 2798 non

552 2836 847 2901 consentit,
879 2834 984 2890 erit
1012 2833 1226 2905 negatio
1259 2833 1340 2889 vel
1369 2848 1433 2889 ea
1461 2848 1581 2904 quae
1609 2842 1714 2901 est,
1746 2847 1853 2889 non
1886 2843 1967 2889 εει
1987 2834 2146 2891 albus

550 2931 740 2995 homo,
772 2929 855 2983 vel
883 2942 1217 2999 qumcunque
1248 2926 1374 2992 alia,
1406 2939 1564 2997 quam
1596 2927 1642 2981 si
1685 2926 1805 2996 quis
1834 2934 2000 2997 ponat
2024 2941 2144 2982 esse

552 3024 894 3095 negationem
920 3037 1020 3076 una
1053 3023 1261 3076 ratione
1308 3018 1591 3085 refellitur,
1624 3034 1785 3090 quam
1817 3018 1905 3075 hic
1929 3035 2144 3089 quoque

552 3115 757 3185 posuit;
790 3112 1051 3169 refellitur
1099 3120 1275 3167 autem
1317 3110 1419 3167 hoc
1466 3111 1661 3179 modo,
1693 3112 1771 3167 ait
1813 3112 1955 3166 enim
1991 3129 2003 3165 ;
2037 3112 2141 3168 Sed

551 3210 719 3266 altera
747 3208 960 3280 quidem
993 3216 1077 3263 est
1100 3206 1314 3278 negatio
1354 3205 1472 3276 ejus
1501 3202 1621 3277 quae
1649 3215 1755 3273 est,
1786 3212 1871 3262 est
1899 3219 2007 3260 non
2042 3206 2141 3260 lto-

2253 2006 2537 2062 incidisset
2565 2019 2845 2078 perspecta
2888 2008 3070 2078 regula
3104 2024 3207 2064 non
3240 2008 3448 2065 lateret.
3483 2009 3614 2065 Nam
3644 2012 3690 2065 si
3715 2014 3834 2082 quis

2250 2099 2411 2165 dicat,
2444 2101 2592 2155 canis
2616 2101 2817 2155 animal
2841 2108 2943 2167 est,
2973 2117 3077 2157 non
3109 2116 3209 2155 una
3233 2113 3316 2157 est
3344 2102 3663 2171 enuntiatio,
3688 2105 3834 2161 canis

2250 2191 2393 2247 enim
2422 2192 2590 2247 multa
2618 2192 2899 2264 signiﬁcat.
2937 2192 2993 2249 Si
3025 2194 3143 2264 quis
3171 2208 3299 2249 vero
3330 2194 3494 2261 dicat,
3529 2194 3691 2252 homo
3719 2199 3832 2253 ani-

2230 2284 2355 2343 mal
2382 2285 2641 2340 rationale
2671 2285 2896 2341 mortale
2925 2294 3028 2350 εει,
3056 2286 3141 2341 vel
3167 2287 3372 2341 animal
3403 2289 3829 2347 rationalemor-

2252 2377 2357 2433 tale
2387 2378 2570 2442 homo,
2601 2379 2824 2448 singulm
2855 2377 3252 2435 enuntiationes
3281 2390 3435 2448 sunt;
3473 2382 3671 2439 idcirco
3696 2397 3827 2454 quo-

2251 2473 2392 2527 niam
2422 2487 2585 2526 unum
2623 2487 2688 2527 ex
2731 2471 2983 2526 omnibus
3026 2471 3279 2542 quiddam
3318 2472 3433 2529 ﬁeri
3472 2483 3667 2544 potest,
3707 2491 3831 2531 nam

2248 2555 2345 2622 de“
2369 2565 2611 2633 animali,
2643 2566 2893 2620 rationali
2943 2575 3102 2637 atque
3147 2568 3365 2624 mortali
3414 2569 3571 2625 simul
3613 2572 3830 2642 junctis,

2250 2674 2390 2714 unus
2417 2660 2577 2715 homo
2607 2658 2901 2728 perﬁcitur.
2938 2658 3066 2714 Item
3092 2659 3197 2714 alia
3224 2672 3348 2716 sunt
3374 2676 3493 2732 quae
3522 2663 3673 2733 plura
3700 2678 3829 2733 prsc-

2250 2750 2513 2816 dicantur,
2544 2749 2615 2805 de
2642 2750 2836 2821 quibus
2875 2766 3039 2807 unum
3060 2750 3271 2822 aliquid
3303 2751 3444 2809 efﬁci
3473 2755 3830 2826 constituique

2230 2859 2354 2899 non
2382 2842 2573 2915 possit,
2591 2858 2765 2914 neque
2788 2843 2832 2898 si
2856 2844 2946 2898 illa
2968 2834 3039 2899 de
3062 2843 3231 2901 altero
3252 2846 3638 2915 praidicentur,
3661 2863 3835 2918 neque

2222 2939 2301 2993 lsi
2329 2936 2395 2993 de
2444 2936 2549 2993 illis
2589 2937 2756 3004 aliud,
2792 2953 2892 2992 una
2920 2936 3209 2993 afﬁrmatio
3253 2938 3339 2994 vel
3369 2943 3582 3010 negatio
3606 2950 3710 3006 est,
3741 2943 3834 2999 sed

2250 3039 2331 3086 tot
2384 3029 2627 3085 dicendae
2674 3038 2798 3084 sunt
2845 3029 3226 3085 afﬁrmationes
3275 3043 3395 3085 esse
3429 3042 3559 3101 quot
3600 3032 3707 3088 sint
3754 3033 3833 3088 hae

2224 3138 2337 3179 res
2362 3137 2481 3193 qua:
2510 3124 2595 3178 vel
2626 3123 2695 3178 de
2723 3138 2828 3179 una
2877 3124 3271 3193 praedicantur,
3304 3125 3389 3181 vel
3415 3125 3485 3180 de
3512 3126 3702 3197 quibus
3732 3144 3833 3184 una

2247 3215 2464 3281 dicitur,
2492 3222 2549 3270 ut
2567 3230 2687 3272 cum
2711 3215 2933 3271 dicimus
2958 3236 2969 3269 :
2998 3215 3245 3272 Socrates
3274 3218 3458 3298 calvus
3482 3219 3834 3290 philosophus

551 3316 641 3355 mo
669 3300 844 3367 albus,
879 3299 1047 3377 altera
1075 3313 1203 3354 vero
1232 3298 1350 3368 ejus
1375 3313 1496 3369 quae
1524 3307 1628 3363 εει,
1659 3306 1741 3353 εει
1771 3297 1925 3352 albus
1956 3297 2153 3353 h0m0-'
2174 3306 2219 3369 C
2250 3307 2507 3363 ambulat.
2540 3308 2617 3363 Ex
2648 3307 2859 3364 calvitie
2890 3319 2942 3363 et
2972 3297 3310 3379 philosophia
3353 3319 3407 3365 et
3448 3312 3828 3379 ambulatione,

554 3392 695 3448 Inter
715 3391 850 3445 duas
870 3391 1015 3446 enim
1043 3389 1356 3461 negationes
1378 3404 1508 3459 quas
1531 3387 1729 3458 posuit,
1756 3386 1902 3443 illam
1932 3387 2138 3445 scilicet

552 3500 671 3556 qua:
699 3484 850 3549 dicit,
878 3498 985 3539 non
1011 3492 1093 3539 est
1120 3498 1226 3540 non
1258 3483 1419 3538 homo
1437 3482 1611 3548 albus,
1639 3490 1693 3537 et
1717 3496 1834 3536 eam
1865 3496 1986 3552 quae
2011 3496 2138 3551 pro-

554 3581 724 3653 ponit,
748 3595 853 3636 non
885 3590 967 3637 est
993 3584 1157 3636 homo
1177 3579 1350 3645 albus,
1379 3579 1466 3633 illa
1488 3592 1607 3647 quae
1626 3576 1776 3641 dicit,
1796 3590 1902 3631 non
1926 3584 2006 3629 est
2032 3590 2138 3630 non

552 3675 716 3729 homo
762 3672 945 3737 albus,
980 3672 1192 3742 negatio
1218 3679 1302 3727 est
1341 3667 1713 3724 afﬁrmationis
1746 3667 2015 3735 inﬁnitum
2049 3667 2140 3721 ha-

552 3764 730 3820 bentis
749 3762 1071 3831 subjectum,
1091 3778 1212 3833 qua:
1233 3761 1384 3829 dicit,
1400 3769 1483 3816 est
1512 3775 1617 3815 non
1647 3759 1809 3815 homo
1834 3758 2016 3825 albus;
2037 3760 2141 3815 alia

553 3871 708 3922 vero,
753 3855 960 3911 scilicet
988 3871 1105 3927 quae
1147 3854 1425 3925 proponit,
1476 3868 1581 3909 non
1614 3862 1698 3908 est
1748 3852 1909 3907 homo
1952 3853 2137 3919 albus,

552 3949 671 4017 ejus
701 3955 784 4004 est
814 3946 1025 4017 negatio
1057 3961 1176 4015 qum
1207 3946 1358 4011 dicit,
1391 3954 1474 4001 est
1501 3946 1655 4001 albus
1706 3944 1896 4013 homo,
1929 3961 2050 4001 cum
2074 3936 2140 4001 ea

552 4041 697 4095 enim
725 4054 911 4095 verum
943 4038 1133 4095 dividit
1165 4048 1325 4109 atque
1371 4038 1584 4093 falsum.
1615 4038 1794 4105 Quare
1840 4047 1997 4093 erunt
2021 4038 2143 4093 duas

552 4134 866 4204 negationes
911 4133 1068 4189 unius
1114 4131 1522 4198 afﬁrmationis,
1555 4131 1648 4187 sed
1679 4130 1779 4187 hoc
1810 4131 2140 4202 impossibile

553 4236 653 4280 εει.

624 4320 881 4383 Quoniam
909 4320 1064 4388 igitur
1091 4318 1400 4385 transposito
1443 4318 1646 4369 nomine
1686 4328 1731 4369 et
1768 4317 1938 4383 verba,
1966 4318 2139 4371 eadem

549 4409 613 4461 sit
643 4409 911 4479 affirmatio
941 4418 987 4463 et
1016 4407 1213 4479 negatio
1238 4404 1565 4473 manifestum
1594 4416 1686 4461 est.

621 4502 964 4571 Superiorem
990 4497 1512 4569 argumentationem
1545 4496 1645 4551 hac
1673 4496 1828 4567 hujus
1858 4497 2139 4553 sententia:

549 4593 896 4649 conclusione
921 4592 1233 4655 conﬁrmat;
1262 4588 1387 4645 fecit
1409 4599 1584 4646 autem
1608 4591 1749 4645 hunc
1771 4589 2138 4661 syllogismum

2245 3400 2377 3455 nihil
2419 3415 2581 3454 unum
2623 3400 2995 3471 conjungitur,
3027 3412 3081 3455 ut
3117 3402 3232 3457 haec
3270 3404 3426 3472 quasi
3458 3402 3683 3473 alicujus
3712 3417 3831 3472 spe-

2220 3494 2384 3550 ciem
2417 3493 2670 3548 forment.
2710 3492 2972 3561 Quocirca
3017 3493 3131 3549 sive
3158 3491 3274 3549 haec
3304 3493 3373 3551 de
3403 3510 3510 3549 uno
3541 3494 3831 3565 praedicent.

2220 3597 2351 3653 .tur,
2380 3588 2493 3643 sive
2523 3602 2687 3642 unum
2718 3585 2786 3643 de
2816 3586 2967 3652 istis,
3000 3601 3107 3641 non
3140 3588 3337 3657 poterit
3372 3601 3474 3642 una
3512 3601 3631 3644 esse
3664 3603 3833 3644 enun-

2244 3678 2418 3747 tiatio,
2446 3687 2500 3735 ει
2523 3678 2879 3735 communiter
2907 3677 3122 3749 quidem
3153 3680 3318 3734 totius
3349 3679 3613 3751 propositi
3643 3695 3834 3735 sensus

2245 3770 2553 3841 hujnsmodi
2605 3781 2710 3827 est.
2744 3771 2922 3826 Nunc
2966 3779 3143 3828 autem
3200 3772 3267 3827 ad
3319 3773 3485 3841 ipsius
3516 3774 3834 3830 Aristotelis

2247 3862 2412 3918 verba
2442 3863 2743 3919 veniamus.
2798 3862 2935 3918 Dicit
2972 3865 3115 3919 enim
3143 3882 3158 3918 :
3183 3865 3252 3921 At
3279 3868 3597 3922 vero’unum
3622 3867 3691 3923 de
3717 3866 3835 3937 plu-

2245 3954 2396 4010 ribus
2429 3954 2511 4009 vel
2545 3956 2694 4022 plura
2723 3954 2793 4011 de
2821 3969 2928 4010 uno
2962 3954 3235 4012 afﬁrmare
3279 3957 3359 4012 vel
3394 3972 3616 4029 negare,
3653 3963 3696 4015 si
3730 3975 3838 4016 non

2245 4036 2513 4103 est-unum
2538 4063 2600 4104 ex
2636 4047 2880 4118 pluribus
2902 4089 2916 4114 ,
2949 4063 3054 4102 non
3084 4057 3166 4102 est
3208 4062 3311 4104 una
3349 4049 3634 4107 afﬁrmatio
3669 4068 3839 4123 neque

2246 4142 2481 4211 negatio.
2512 4141 2589 4205 Si,
2622 4141 2812 4211 inquit,
2844 4141 2991 4209 plura
3039 4140 3107 4196 de
3154 4155 3261 4195 uno
3309 4143 3597 4211 praedices,
3630 4152 3687 4198 ut
3713 4158 3836 4199 cum

2246 4233 2379 4288 dicis
2412 4251 2426 4287 :
2460 4232 2811 4303 philosophus
2857 4233 3057 4302 simus,
3106 4232 3288 4288 calvus
3319 4233 3571 4307 Socrates
3616 4243 3720 4299 est,
3750 4235 3835 4289 vel

2244 4337 2433 4378 rursus
2458 4338 2579 4377 cum
2622 4339 2790 4378 unum
2821 4323 2890 4379 de
2918 4322 3158 4393 pluribus
3188 4323 3467 4395 praedicas,
3497 4338 3619 4379 cum
3657 4324 3832 4382 dicis:

2244 4416 2497 4472 Socrates
2550 4416 2721 4470 simus
2772 4415 3125 4486 philosophus
3173 4416 3503 4482 calvus.est,
3549 4416 3593 4470 si
3638 4431 3703 4472 ex
3751 4415 3835 4473 his

2247 4506 2491 4576 pluribus
2517 4521 2637 4577 qua:
2667 4506 2751 4562 vel
2785 4508 3044 4576 praedicas
3065 4508 3152 4563 vel
3175 4507 3606 4577 subjieis,_unum
3636 4509 3835 4579 aliquid

2246 4613 2351 4655 non
2385 4598 2463 4667 ﬁt,
2493 4598 2943 4671 quemadmodum
2976 4600 3088 4655 ﬁeri
3114 4616 3275 4655 unum
3310 4609 3487 4669 potest
3509 4601 3579 4657 de
3604 4603 3687 4657 his
3715 4618 3835 4672 qua:

549 4687 602 4740 in
632 4685 870 4739 secundo
910 4684 1072 4739 modo
1131 4681 1508 4755 hypothetico,
1540 4698 1696 4753 quem
1738 4683 2132 4739 indemonstra-
2166 4700 2219 4759 D
2243 4691 2613 4762 prmdicamus,
2650 4692 2945 4747 substantia
2975 4693 3208 4755 animata
3251 4691 3556 4761 sensibilis,
3603 4692 3830 4764 idrquod

546 4779 709 4835 bilem
750 4786 906 4832 vocat
948 4777 1051 4833 hoc
1094 4776 1253 4832 modo
1280 4796 1291 4830 :
1317 4776 1361 4831 si
1411 4778 1643 4847 primum
1692 4788 1793 4845 Cal,
1826 4777 2122 4834 secundum

545 4882 657 4936 est;
691 4871 785 4925 sed
812 4870 1120 4926 secundum
1154 4885 1259 4924 non
1288 4877 1403 4935 cst,
1432 4870 1658 4937 primum
1694 4870 1853 4940 igitur
1880 4887 1984 4927 non
2010 4880 2130 4936 est;

547 4964 599 5020 id
635 4973 739 5027 est,
771 4963 816 5018 si
864 4961 1200 5033 transpositis
1229 4960 1407 5015 verbis
1441 4969 1497 5015 et
1540 4961 1845 5017 nominibus
1875 4977 1978 5017 non
2009 4973 2134 5017 sunt

546 5058 749 5113 caulem
791 5055 1184 5127 propositiones
1222 5054 1380 5107 unius
1420 5054 1828 5130 afﬁrmationis,
1854 5055 1971 5109 duae
2009 5067 2133 5111 sunt

545 5151 891 5222 negationes;
920 5147 1013 5204 sed
1055 5147 1156 5201 hoc
1198 5145 1530 5216 impossibile
1566 5155 1666 5200 est.
1710 5146 1825 5200 Non
1856 5148 2015 5217 igitur
2044 5147 2129 5202 di-

546 5260 721 5301 versa:
760 5252 886 5301 sunt
921 5241 1331 5314 prepositiones,
1366 5240 1709 5308 transpositis
1741 5240 1921 5299 verbis
1951 5251 2005 5297 ει
2033 5258 2131 5297 no-

545 5336 800 5392 minibus.

698 5487 766 5527 DE
804 5482 1119 5527 CONJUNC'I‘IS
1158 5484 1227 5525 ET
1268 5481 1453 5524 DIVISIS
1490 5481 1976 5524 BNUNTIATIONIBUS.

612 5611 679 5663 At
708 5626 822 5665 vero
865 5625 1027 5666 unum
1065 5612 1130 5664 de
1179 5610 1435 5679 pluribus,
1464 5610 1542 5664 vel
1585 5609 1736 5680 plura
1764 5610 1827 5664 de
1854 5626 1956 5664 uno
1998 5612 2132 5681 affir-

542 5715 686 5755 mare
712 5701 790 5757 vel
820 5717 1029 5774 negare,
1050 5702 1095 5756 si
1120 5719 1223 5757 non
1251 5712 1324 5758 est
1367 5719 1523 5757 unum
1552 5718 1617 5757 ex
1653 5702 1904 5772 pluribus,
1928 5719 2029 5757 non
2057 5714 2132 5758 est

540 5793 817 5864 affirmatio
839 5811 945 5847 una
972 5810 1131 5863 neque
1151 5796 1373 5864 negatio.
1398 5793 1526 5848 Dico
1552 5803 1721 5847 autem
1745 5811 1923 5861 unum,
1952 5811 2052 5849 non
2086 5798 2131 5849 si

540 5900 704 5945 unum
734 5898 914 5952 nomen
953 5884 1174 5957 positum
1201 5887 1287 5949 sit,
1318 5900 1420 5937 non
1442 5885 1509 5937 sit
1532 5894 1699 5938 autem
1725 5900 1885 5938 unum
1911 5902 1975 5939 ea:
2004 5887 2128 5952 illis,

543 5993 595 6048 με
625 5980 776 6037 [ionio
801 5988 876 6043 est
918 5980 1137 6061 fortasse
1165 5987 1210 6031 et
1250 5978 1444 6046 animal
1475 5988 1520 6033 et
1551 5986 1869 6045 mansuetum
1894 5988 1941 6034 et
1971 5981 2127 6061 bipes,

2212 4793 2323 4842 .est
2351 4783 2571 4850 animal,
2602 4799 2710 4849 non
2758 4782 2817 4838 ﬁt
2848 4798 2951 4837 una
2995 4781 3289 4838 affirmatio
3314 4798 3431 4847 nec
3460 4798 3566 4839 una
3597 4785 3831 4853 negatio.

2242 4877 2683 4949 Quandoquidem
2717 4878 2867 4948 plura
2898 4878 2982 4933 vel
3028 4877 3394 4948 praedicantur
3423 4878 3509 4934 vel
3538 4879 3834 4949 subiiciun-

2238 4977 2342 5034 tur,
2373 4969 2664 5041 exquibus
2693 4970 3031 5041 congregatis
3073 4985 3175 5026 una
3221 4974 3433 5039 species
3472 4986 3579 5027 non
3623 4972 3828 5029 existit.

2236 5058 2389 5126 Quod
2418 5060 2465 5113 si
2493 5075 2658 5114 unum
2690 5059 2760 5114 de
2797 5075 2903 5115 uno
2941 5061 3133 5130 aliquis
3174 5060 3570 5131 praedicaverit,
3603 5077 3830 5131 quorum

2238 5166 2400 5205 unum
2451 5165 2647 5207 nomen
2692 5152 2846 5221 plura
2897 5153 3186 5224 signiﬁcet,
3214 5170 3279 5209 ex
3309 5155 3500 5224 quibus
3533 5170 3698 5210 unum
3727 5156 3830 5212 ali-

2236 5244 2362 5313 quid
2395 5258 2501 5298 non
2528 5243 2652 5313 ﬁat,
2686 5260 2875 5301 rursus
2906 5260 3011 5302 non
3042 5258 3126 5303 est
3154 5262 3257 5302 una
3289 5248 3576 5302 afﬁrmatio
3590 5262 3701 5304 -ηεε
3728 5264 3831 5305 una

2237 5337 2471 5407 negatio.
2503 5337 2558 5394 Si
2582 5338 2702 5408 quis
2728 5337 2872 5393 enim
2903 5338 3071 5407 dicat,
3098 5340 3249 5395 canis
3274 5339 3475 5395 animal
3497 5352 3603 5406 est,
3637 5356 3831 5401 nomen

2238 5430 2384 5485 canis
2411 5429 2679 5501 signiﬁcat
2704 5438 2758 5486 et
2786 5431 3107 5500 latrabilem,
3138 5442 3192 5487 et
3241 5431 3547 5498 caelestem,
3570 5442 3625 5487 et
3665 5432 3828 5486 mari-

2238 5538 2388 5587 num,
2419 5538 2484 5577 ex
2530 5517 2722 5592 quibus
2755 5520 2959 5592 junctis
2999 5523 3132 5603 nihil
3177 5539 3341 5579 unum
3370 5523 3622 5599 efficitur.
3657 5524 3831 5590 Quare

2237 5618 2490 5687 quoniam
2531 5632 2595 5674 ex
2644 5618 2725 5673 his
2773 5618 3020 5689 pluribus
3070 5634 3231 5673 unum
3278 5618 3489 5690 aliquid,
3534 5617 3670 5673 efﬁci
3723 5634 3827 5675 non

2239 5716 2433 5778 potest,
2460 5724 2524 5765 ex
2558 5708 2648 5763 illo
2668 5724 2881 5780 quoque
2906 5710 3053 5779 canis
3081 5709 3302 5765 nomine
3332 5724 3436 5763 non
3467 5709 3524 5763 fit
3555 5724 3655 5763 una
3685 5709 3828 5762 afﬁr-

2237 5801 2402 5854 matio
2430 5811 2482 5856 et
2512 5788 2613 5857 una
2641 5801 2877 5870 negatio,
2909 5800 3049 5871 quod
3096 5801 3422 5871 praedicatur
3468 5812 3557 5855 aut
3606 5798 3822 5867 subjici-

2236 5901 2344 5958 tur,
2368 5905 2489 5945 cum
2518 5890 2782 5960 signiﬁcet
2828 5891 2990 5945 multa
3020 5906 3085 5944 ex
3127 5892 3321 5960 quibus
3354 5907 3515 5945 unum
3561 5889 3675 5944 ﬁeri
3723 5903 3827 5939 non

2237 5982 2431 6060 possit.
2461 5981 2617 6048 Quod
2658 5994 2753 6055 per
2796 5980 2896 6042 hoc
2935 5981 3169 6041 ostendit
3196 5982 3337 6053 quod
3368 5982 3463 6047 ait,
3498 5980 3619 6037 dico
3648 5988 3829 6041 autem
