4270 6266
356 417 455 470 569

1066 400 1127 458 IN
1170 398 1421 455 LIBRUM
1466 397 1551 451 DE
1594 392 2238 450 IN'I‘ERI'RETATIONE
2281 352 2507 445 Εῡιτιό
2544 391 2878 449 SECUNDA.

3520 396 3622 450 {S70

356 546 541 594 unum,
572 542 679 583 non
729 526 775 580 si
824 536 988 579 unum
1039 533 1235 574 nomen
1288 518 1359 570 sit
1417 512 1678 583 positum,
1714 523 1817 563 non
1867 508 1938 561 Sil
1966 505 2149 570 ANec
2175 504 2348 559 diifert
2372 504 2569 573 aliquid
2593 503 2672 557 vel
2702 507 3107 576 requiescendo,
3127 509 3211 563 vel
3233 510 3622 578 interponendo

355 637 536 685 autem
567 636 731 679 unum
758 634 825 674 ex
854 617 982 673 illis.
1026 614 1204 669 Potest
1232 609 1373 665 enim
1420 606 1532 661 fieri
1564 614 1620 659 ut
1646 615 1811 657 unum
1840 614 1934 654 no-

355 734 483 775 men
509 717 578 771 de
605 727 713 770 uno
741 708 1078 782 praedicetur.
1111 702 1217 759 Sed
1246 702 1289 755 si
1323 712 1484 755 unum
1516 697 1755 764 ipsorum
1782 689 1935 761 plura

355 812 645 884 significat,
678 822 744 864 ex
768 803 963 874 quibus
1008 813 1170 853 unum
1216 810 1324 850 non
1354 792 1435 857 fit,
1468 804 1573 845 non
1599 798 1683 843 est
1708 800 1813 840 una
1844 798 1937 839 ne-

355 876 501 977 gatio
550 901 635 957 vel
672 895 973 954 affirmatio.
1026 886 1390 959 Nequeenim
1433 896 1536 938 vox
1580 894 1683 933 una
1728 876 1938 948 perficit

357 969 801 1055 enuntiationem,
825 986 921 1043 sed
942 985 1060 1055 ejus
1078 981 1220 1053 quod
1247 976 1573 1048 significatur
1598 969 1934 1041 simplicitas,

358 1090 442 1145 vel
488 1088 534 1143 si
587 1086 736 1157 plura
785 1081 893 1136 sint
942 1080 995 1133 in
1040 1089 1207 1131 unum
1244 1071 1493 1133 collecta,
1526 1064 1726 1135 aliquid
1771 1075 1935 1115 unum

294 1248 299 1251 ,
357 1180 584 1238 faciendi
625 1177 884 1249 potentia.
928 1171 1098 1242 Hujus
1142 1180 1324 1224 autem
1372 1165 1471 1220 rei-
1494 1157 1724 1230 subjecit
1751 1171 1935 1212 exem-

356 1278 529 1348 plum,
560 1271 701 1343 quod
750 1269 1012 1340 plurimos
1058 1263 1252 1321 fefellit
1292 1261 1516 1321 dicens,
1546 1263 1605 1311 ut
1647 1254 1809 1307 homo
1856 1258 1939 1305 est

356 1342 585 1425 iortasse
621 1375 677 1421 et
714 1362 910 1417 animal
938 1370 991 1415 et
1032 1358 1185 1427 bipes
1217 1358 1576 1410 mansuetum.
1608 1345 1715 1402 Sed
1743 1359 1811 1398 ex
1853 1342 1937 1396 his

358 1476 521 1519 unum
548 1460 627 1525 fit,
660 1474 725 1515 ex
756 1457 879 1511 albo
909 1463 1086 1509 autem
1112 1458 1168 1505 et
1197 1447 1415 1503 homine
1442 1451 1499 1497 et
1526 1439 1803 1496 ambulare
1832 1449 1936 1489 non

358 1568 546 1610 unum.
578 1552 908 1607 Putaverunt
947 1544 1036 1599 alii
1089 1544 1229 1597 hunc
1258 1540 1327 1595 ita
1358 1536 1578 1596 dixisse.
1610 1541 1666 1586 ut
1692 1528 1941 1585 ostende-

361 1659 464 1712 ret,
497 1630 749 1712 exempli
778 1639 948 1710 gratia
967 1682 981 1705 ,
1011 1650 1071 1691 se
1101 1636 1238 1689 hanc
1266 1629 1417 1701 quasi
1447 1624 1817 1681 diffinitionem
1845 1618 1941 1674 de-

357 1743 522 1805 disse,
553 1754 620 1793 ne
652 1737 786 1790 forte
833 1732 1026 1802 aliquis
1071 1729 1360 1782 arbitretur
1403 1724 1540 1777 hanc
1567 1714 1719 1790 quasi
1752 1729 1937 1771 veram

356 1830 592 1885 hominis
618 1825 993 1882 diffinitionem
1016 1820 1280 1891 posuisse,
1303 1830 1422 1886 quae
1450 1821 1533 1868 est
1561 1808 1758 1865 animal
1788 1807 1940 1875 bipes

2041 594 2451 666 coniunctiones
2475 592 2688 662 dicere,
2721 609 2881 663 quam
2907 597 2952 650 si
2977 597 3094 668 quis
3121 597 3286 669 dicat,
3320 599 3481 654 homo
3505 601 3623 654 ani-

2040 691 2277 755 malest,
2308 689 2470 745 homo
2490 687 2768 744 rationalis
2793 699 2897 754 est,
2926 691 3085 748 homo
3114 696 3354 750 mortalis
3376 705 3477 765 est,
3504 711 3625 767 quae

2041 780 2326 852 perspicue
2355 778 2752 849 propositiones
2781 780 2961 859 multa:
2982 790 3124 836 sunt.
3153 782 3347 839 Videns
3371 800 3499 856 ergo
3525 787 3626 842 hoc

2039 873 2395 940 Aristoteles,
2427 872 2499 927 ita
2529 870 2700 926 dixit:
2729 870 2900 925 Homo
2927 881 3010 927 est
3037 871 3264 930 fortasse
3305 885 3361 931 et
3404 879 3625 946 animal,

2041 974 2095 1019 et
2140 963 2291 1031 bipes
2315 1002 2331 1027 ,
2362 970 2415 1017 et
2463 967 2800 1015 mansuetum
2829 1002 2843 1026 ,
2874 960 2941 1013 ad
2993 960 3116 1026 hoc,
3169 962 3372 1032 inquit,
3402 965 3629 1023 fortasse

2041 1064 2294 1126 tanquam
2334 1054 2379 1108 si
2428 1052 2498 1106 ita
2547 1051 2773 1118 diceret,
2824 1058 2879 1104 et
2925 1050 2992 1104 de
3037 1050 3253 1107 homine
3297 1053 3628 1122 quidem,et

2043 1144 2253 1215 bipede,
2301 1151 2354 1199 et
2404 1134 2683 1197 mansueto
2734 1141 2793 1196 fit
2846 1156 3040 1205 unum;
3085 1142 3181 1197 sed
3225 1152 3307 1199 est
3349 1145 3628 1212 aliquoties

2043 1237 2179 1291 forte
2235 1246 2293 1289 ut
2333 1234 2513 1303 plures
2558 1234 2956 1305 propositiones
2986 1232 3116 1300 sint,
3149 1250 3270 1291 cum
3316 1251 3377 1291 ea
3408 1237 3629 1309 conjun-

2041 1327 2150 1382 ctio
2176 1326 2419 1397 quaedam
2451 1335 2672 1397 separat
2710 1336 2870 1396 atque
2898 1327 3175 1382 discernit.
3202 1327 3321 1383 Erit
3350 1329 3494 1384 enim
3521 1330 3628 1386 for-

2044 1435 2187 1480 tasse
2228 1422 2387 1477 homo
2418 1430 2472 1476 et
2500 1423 2719 1485 animal,
2752 1431 2807 1476 ut
2833 1424 2949 1475 hazc
2981 1438 3082 1477 una
3126 1423 3197 1479 sit
3227 1425 3544 1495 propositio,
3575 1436 3631 1481 et

2043 1516 2195 1585 bipes
2222 1523 2277 1568 ut
2303 1514 2495 1578 altera,
2524 1524 2579 1568 et
2609 1522 2945 1568 mansuetum
2977 1528 3196 1580 rursus,
3224 1526 3280 1570 ut
3303 1515 3491 1571 altera.
3521 1508 3629 1573 Sed

2044 1628 2109 1668 ex
2138 1610 2221 1664 his
2250 1608 2498 1664 omnibus
2529 1608 2693 1662 unum
2726 1607 2925 1676 aliquid
2954 1608 3031 1675 fit,
3066 1623 3185 1677 qua:
3222 1623 3341 1663 cum
3373 1610 3626 1665 continue

2045 1702 2248 1771 prolata
2279 1708 2426 1763 sunt,
2454 1697 2704 1767 quoniam
2732 1712 2798 1752 ex
2827 1697 2909 1752 his
2952 1713 3114 1752 unum
3146 1699 3344 1767 aliquid
3371 1700 3620 1765 efﬁcitur,

2044 1807 2149 1848 una
2179 1800 2261 1846 est
2288 1788 2615 1861 propositio;
2641 1802 2744 1843 non
2792 1797 2969 1844 autem
3002 1788 3140 1843 idem
3171 1790 3351 1845 evenit
3378 1791 3431 1846 in
3453 1790 3629 1846 omni-

359 1933 713 1983 mansuetum.
766 1917 974 1973 Idcirco
1002 1908 1168 1979 enim,
1206 1908 1477 1978 inquiunt,
1506 1902 1643 1958 dixit
1685 1901 1932 1963 fortasse,
1969 1899 2017 1958 B
2044 1886 2164 1952 bus.
2190 1899 2257 1940 ex
2289 1882 2411 1938 albo
2439 1881 2582 1938 θηίῐη
2624 1889 2677 1935 εί
2712 1878 2927 1935 nomine
2954 1880 3301 1936 θιθιηῦυιεΐε
3328 1895 3436 1938 non
3463 1897 3631 1938 unum

357 2029 412 2075 et
440 2014 663 2078 animal,
694 2020 750 2066 et
777 2008 947 2078 bipes,
977 2014 1045 2060 et.
1070 2008 1411 2059 mansuetum
1432 2042 1447 2065 ,
1479 2010 1546 2050 ne
1574 1994 1693 2064 quis
1718 1990 1937 2046 omnino

359 2118 572 2182 putaret
596 2100 903 2174 bujusmodi
930 2111 1051 2154 esse
1076 2092 1309 2150 hominis
1333 2089 1707 2146 diffinitionent
1734 2082 1944 2138 Aristo-

360 2179 521 2260 telem
551 2197 821 2254 arbitrari.
871 2192 971 2249 Alii
1012 2204 1139 2244 vero
1171 2187 1272 2241 hoc
1317 2200 1423 2240 non
1461 2182 1534 2237 ita
1563 2179 1763 2235 dictum
1791 2189 1944 2231 acce-

360 2309 505 2365 pere,
533 2290 629 2347 sed
657 2288 836 2358 potius
882 2284 937 2339 in
967 2283 1104 2337 hanc
1150 2276 1472 2335 sententiam
1504 2272 1703 2329 dictum
1736 2267 1943 2323 Aristo-

361 2393 479 2449 telis
508 2389 941 2457 scripturamque
993 2377 1331 2450 interpretati
1380 2384 1525 2439 sunt,
1584 2382 1641 2426 ιιι
1673 2370 1835 2425 ιιοιηο
1861 2376 1944 2424 est

364 2488 446 2558 qui
475 2494 529 2540 et
556 2480 775 2546 animal,
819 2488 875 2534 et
902 2477 1073 2547 bipes,
1101 2484 1155 2530 et
1204 2480 1565 2535 mansuetum,
1600 2467 1695 2524 sed
1743 2482 1811 2522 ex
1857 2465 1941 2521 his

364 2592 524 2633 unum
557 2576 635 2641 fit,
669 2582 725 2627 ut
755 2573 824 2625 ita
856 2568 1243 2637 intelligeretur
1273 2581 1287 2618 :
1313 2563 1487 2618 Homo
1514 2559 1733 2631 quidem
1761 2570 1943 2625 aequa-

364 2671 481 2725 liter
521 2683 580 2722 se
619 2666 780 2721 habet
821 2663 887 2718 ad
926 2661 976 2716 id
1020 2658 1161 2729 quod
1205 2666 1289 2714 est
1332 2656 1514 2721 homo,
1546 2661 1601 2708 et
1625 2651 1691 2707 ad
1723 2650 1775 2705 id
1800 2648 1941 2719 quod

365 2769 444 2817 est
472 2756 667 2813 animal
694 2756 847 2825 bipes
902 2760 1259 2807 mansuetum.
1304 2746 1568 2815 Quocirca
1604 2743 1649 2797 si
1691 2741 1831 2796 idem
1861 2748 1945 2796 est

364 2864 415 2911 et
437 2866 644 2924 aequum
670 2841 847 2905 dicere
876 2846 1170 2913 hominem,
1198 2840 1338 2914 quod
1365 2838 1560 2894 animal
1594 2835 1766 2905 bipes,
1794 2846 1943 2887 man-

363 2959 591 3015 suetum,
622 2962 843 3003 necesse
872 2952 953 3000 est
982 2942 1190 3013 quoties
1219 2940 1287 2995 de
1323 2952 1432 2993 uno
1462 2936 1616 3007 plura
1661 2934 1776 2989 haec
1806 2947 1944 3003 prte-

366 3043 628 3105 dicantur,
662 3040 715 3095 id
758 3048 840 3094 est
884 3034 1100 3097 animal,
1137 3033 1323 3102 bipes,
1356 3036 1692 3085 mansuetum
1738 3023 1806 3079 de
1847 3024 1943 3077 ho-

367 3138 533 3203 mine,
561 3134 809 3206 quoniam
839 3131 1043 3200 aequale
1069 3136 1152 3182 est
1181 3125 1407 3190 homini,
1436 3120 1579 3193 quod
1625 3133 1789 3173 unum
1834 3125 1938 3184 est,

368 3246 529 3287 unum
561 3228 811 3300 quiddam
844 3224 1124 3295 praedices,
1156 3220 1397 3291 quamvis
1428 3229 1536 3272 tres
1568 3228 1725 3269 voces
1750 3210 1942 3282 praedi-

367 3339 489 3378 care
516 3320 770 3376 videaris.
795 3316 899 3374 Sed
922 3328 1109 3370 omnes
1138 3315 1188 3367 hi
1220 3311 1353 3366 nihil
1375 3307 1595 3363 omnino
1621 3304 1943 3373 intelligunt,

369 3416 459 3471 sed
509 3423 589 3470 est
636 3414 828 3469 melior
874 3408 1138 3481 expositio
1194 3418 1353 3475 quam
1403 3398 1732 3470 Porphyrius
1779 3395 1947 3451 dedit.

371 3509 596 3576 Volens,
636 3508 839 3577 inquit,
883 3501 1203 3560 Aristoteles
1251 3498 1620 3553 demonstrare
1675 3505 1793 3559 quae
1848 3501 1951 3542 una

372 3618 515 3663 esset
534 3604 847 3667 affirmatio,
880 3615 999 3671 qua:
1030 3611 1135 3652 non
1158 3608 1283 3656 una,
1309 3591 1443 3646 dixit
1466 3589 1639 3659 primo
1660 3581 1951 3651 :Quoniam

374 3703 522 3770 plura
552 3699 620 3754 de
652 3711 757 3751 uno
789 3693 1103 3766 praedicare,
1134 3688 1216 3743 vel
1248 3684 1400 3755 plura
1434 3681 1523 3736 uni
1553 3677 1820 3747 subjicere
1846 3688 1952 3728 non

372 3800 454 3845 est
477 3804 637 3844 unam
665 3784 1094 3843 enuntiationem
1121 3779 1314 3843 facere,
1347 3773 1452 3830 nisi
1475 3788 1541 3827 ex
1582 3770 1687 3825 illis
1713 3767 1956 3837 pluribus

373 3897 540 3936 unum
586 3877 786 3948 aliquid
818 3876 990 3929 fieret.
1022 3870 1224 3927 Videns
1253 3870 1379 3924 item
1404 3864 1545 3936 qttod
1572 3861 1747 3917 adhuc
1778 3859 1957 3929 plures

374 3980 596 4044 possent
625 3983 745 4024 esse
770 3965 1155 4021 affirmationes
1198 3961 1358 4017 etiam
1407 3960 1459 4013 in
1502 3957 1587 4011 bis
1633 3952 1955 4025 praedicatis,

376 4080 500 4136 quae
524 4078 643 4119 cum
676 4061 824 4132 plura
857 4059 984 4122 sint,
1012 4071 1175 4111 unum
1205 4063 1381 4109 tamen
1409 4068 1475 4107 ex
1506 4052 1589 4105 his
1619 4048 1735 4104 fieri
1766 4045 1954 4116 possit,

374 4162 477 4214 hoc
504 4155 662 4223 dixit,
696 4166 753 4209 ut
786 4154 946 4208 homo
976 4159 1057 4205 est
1087 4151 1313 4203 fortasse
1355 4154 1410 4201 et
1454 4142 1675 4205 animal,
1704 4149 1758 4195 et
1784 4139 1956 4207 bipes,

375 4262 428 4308 et
450 4257 811 4306 mansuetum.
836 4245 985 4313 Quod
1014 4251 1189 4300 autem
1216 4240 1335 4305 dico
1358 4240 1461 4295 tale
1486 4248 1567 4295 est
1587 4256 1602 4293 :
1622 4234 1961 4291 manifestum
2058 4242 2063 4243 ί

375 4345 585 4416 quidem
617 4343 697 4409 fit,
728 4341 980 4412 quoniam
1010 4340 1053 4393 si
1081 4337 1233 4409 plura
1260 4335 1327 4391 de
1347 4347 1455 4389 uno
1484 4330 1864 4402 praedicentur,
1895 4340 1960 4380 ex

378 4437 569 4507 quibus
600 4450 759 4489 unum
790 4433 904 4489 fieri
948 4447 1052 4486 non
1086 4429 1276 4500 possit,
1311 4425 1399 4483 vel
1425 4426 1576 4496 plura
1607 4421 1963 4490 subiiciantur
2056 4440 2059 4443 -

378 4532 495 4597 uni,
519 4545 584 4585 ex
625 4529 812 4592 quibus
837 4531 999 4583 unum
1033 4539 1138 4580 non
1171 4524 1247 4588 fit,
1283 4535 1389 4576 non
1421 4531 1503 4575 eSt
1547 4532 1649 4572 una
1679 4511 1963 4568 affirmatio

2047 1977 2126 2031 fit.
2160 1975 2216 2032 Si
2241 1975 2362 2045 quis
2387 1974 2530 2028 enim
2571 1971 2715 2025 dicat
2743 1988 2756 2023 ;
2788 1970 3039 2024 Socrates
3069 1968 3231 2025 homo
3257 1969 3412 2027 albus
3438 1972 3626 2028 ambu-

2043 2066 2139 2131 lat,
2165 2079 2272 2119 non
2313 2073 2398 2118 est
2440 2076 2543 2116 una
2588 2060 2895 2125 affirmatio,
2926 2058 3183 2129 quoniam
3213 2076 3279 2115 ex
3308 2060 3546 2131 homine,
3574 2071 3629 2121 et

2043 2156 2311 2222 albedine,
2338 2165 2394 2211 et
2436 2154 2801 2209 ambulatione
2845 2153 2991 2209 nulla
3035 2155 3259 2223 omnino
3298 2157 3506 2226 species
3546 2156 3628 2212 fit.

2043 2246 2219 2316 Quare
2257 2245 2533 2301 conclusio
2562 2254 2666 2310 est,
2699 2243 2949 2313 quoniam
2979 2258 3079 2299 nec
3107 2243 3152 2298 si
3182 2244 3248 2301 de
3275 2245 3358 2301 bis
3388 2246 3629 2315 pluribus

2043 2352 2110 2393 ex
2139 2336 2333 2408 quibus
2374 2351 2538 2391 unum
2570 2350 2677 2391 non
2710 2334 2797 2401 fit,
2828 2350 2992 2389 unum
3039 2335 3240 2406 aliquid
3292 2338 3627 2407 praedicetur,

2044 2440 2103 2486 ut
2129 2444 2195 2485 ex
2233 2443 2368 2485 cane
2416 2437 2630 2484 terreno
2678 2426 2928 2494 latrabili,
2959 2435 3016 2482 et
3062 2427 3369 2495 cmlesti,et
3400 2428 3629 2495 marino.

2043 2527 2295 2603 quoniam
2324 2533 2485 2579 unum
2528 2539 2636 2579 non
2669 2521 2748 2588 fit,
2779 2530 2834 2577 et
2860 2520 2932 2578 de
2958 2522 3041 2577 his
3076 2536 3242 2591 unum
3271 2517 3468 2601 aliquid
3499 2538 3628 2594 pra:-

2042 2620 2273 2686 dicetur,
2300 2617 2443 2688 quod
2472 2617 2700 2673 dicimus
2724 2615 2895 2683 canis,
2928 2614 3232 2683 bujusmodi
3266 2630 3460 2671 nomen
3490 2616 3632 2687 quod

2047 2714 2195 2785 plura
2219 2712 2504 2782 significat,
2527 2726 2593 2767 ex
2636 2710 2831 2781 quibus
2858 2724 3023 2764 unum
3052 2724 3158 2764 non
3189 2710 3273 2778 fit,
3303 2711 3346 2765 si
3374 2709 3442 2766 de
3463 2710 3632 2766 altero

2047 2804 2365 2876 praedicetur
2389 2803 2470 2859 vel
2499 2801 2812 2871 subjiciatur
2840 2801 3017 2868 alteri,
3042 2815 3151 2856 non
3179 2801 3237 2855 fit
3262 2816 3367 2856 una
3396 2801 3633 2857 affirma-

2046 2898 2122 2955 tio
2156 2911 2254 2969 nec
2280 2912 2387 2951 una
2422 2894 2664 2965 negatio,
2695 2893 2787 2948 sed
2816 2892 2918 2948 erit
2944 2892 3160 2962 quidem
3193 2908 3293 2948 vox
3324 2909 3447 2960 una,
3478 2894 3625 2949 affir-

2048 2989 2314 3062 mationes
2341 3002 2470 3043 vero
2499 2986 2760 3057 plurimae.
2784 2984 2909 3040 Sive
2934 2983 3075 3041 enim
3100 2999 3263 3039 unum
3294 2983 3363 3040 de
3394 2985 3634 3052 pluribus

2050 3079 2393 3152 praedicetur,
2424 3091 2493 3133 ex
2545 3076 2737 3147 quibus
2782 3090 2897 3130 non.
2933 3075 2993 3129 fit
3036 3091 3220 3140 unum.
3246 3076 3330 3130 vel
3358 3077 3507 3147 plura
3539 3077 3634 3132 hu-

2046 3171 2280 3245 jusmodi
2299 3170 2365 3227 de
2390 3184 2518 3235 uno,
2547 3168 2630 3224 vel
2651 3169 2697 3223 si
2718 3182 2884 3223 unum
2910 3167 2977 3224 de
3001 3184 3107 3223 uno
3129 3168 3466 3237 przedicctnr,
3490 3170 3631 3241 quod

1975 3276 2022 3340 ρ
2052 3265 2396 3337 praedicatum
2440 3262 2590 3331 plura
2639 3259 2930 3330 significet,
2959 3273 3023 3314 ex
3078 3260 3271 3330 quibus
3316 3275 3477 3315 unum
3528 3275 3635 3317 non

2055 3356 2145 3420 fit,
2172 3354 2286 3410 sive
2328 3352 2457 3409 illud
2499 3350 2845 3422 prtediCatum
2874 3350 3028 3405 alteri
3057 3350 3391 3419 subjiciatur,
3422 3352 3638 3407 omnino

2054 3462 2164 3503 non
2208 3445 2269 3500 fit
2312 3460 2413 3500 una
2455 3441 2740 3498 afﬁrmatio
2770 3455 2869 3497 nec
2917 3456 3017 3495 una
3058 3441 3290 3510 negatio.
3326 3441 3417 3497 Est
3462 3452 3639 3499 autem

2055 3538 2236 3608 regula
2269 3534 2595 3607 bujusmodi,
2629 3546 2731 3587 una
2758 3530 3043 3587 affirmatio
3068 3542 3170 3599 cst,
3202 3532 3249 3588 si
3279 3541 3369 3587 aut
3394 3532 3501 3588 duo
3532 3543 3638 3588 ter-

2060 3632 2191 3687 mini
2222 3630 2461 3700 singulas
2490 3642 2579 3685 res
2604 3626 2934 3697 significent,
2962 3626 3122 3682 aut-si
3154 3625 3306 3697 plura
3348 3627 3417 3681 ita
3445 3626 3511 3682 de
3539 3641 3642 3682 uno

2058 3723 2417 3794 praedicentur
2462 3721 2548 3775 vel
2592 3718 2681 3774 uni
2724 3718 3102 3788 subjiciantur,
3130 3726 3187 3772 ut
3233 3732 3298 3773 ex
3324 3716 3433 3791 bis
3483 3732 3643 3773 unum

2056 3790 2257 3884 aliquid
2302 3813 2417 3866 fieri
2448 3810 2632 3880 possit,
2668 3817 2760 3863 aut
2799 3825 2959 3863 unum
3002 3823 3195 3864 nomen
3223 3790 3363 3878 quod
3396 3808 3481 3864 vel
3512 3824 3645 3880 prae-

2059 3906 2267 3962 dicatur
2319 3905 2400 3960 vel
2453 3902 2768 3971 subjicitur,
2814 3900 2938 3955 talia
2983 3900 3246 3968 significet
3299 3902 3476 3970 plura,
3528 3917 3645 3972 quae

2060 3997 2242 4051 omnia
2270 4010 2428 4050 unam
2472 3990 2870 4061 quodammodo
2909 3992 3143 4058 speciem
3184 3990 3398 4045 valeant
3426 4006 3645 4060 congre-

2060 4102 2205 4158 gare.

2138 4177 2198 4233 Si
2224 4192 2345 4247 ergo
2374 4173 2637 4227 dialectica
2662 4173 2990 4243 interrogatio
3019 4174 3363 4243 responsionis
3396 4183 3469 4226 cst
3510 4173 3637 4243 peti.

2066 4271 2161 4339 tio,
2188 4272 2264 4323 vel
2292 4265 2679 4338 propositionis,
2706 4265 2786 4319 vel
2828 4263 3043 4319 alterius
3087 4267 3246 4337 partis
3288 4265 3646 4320 contradictio-

2064 4362 2168 4430 nis,
2195 4359 2473 4433 propositio
2497 4372 2612 4412 vero
2637 4357 2787 4411 unius
2815 4358 3230 4413 contradictionis
3264 4374 3381 4429 pars
3411 4366 3505 4424 est,
3540 4372 3641 4409 non

2065 4455 2157 4509 erit
2200 4470 2303 4507 una
2332 4452 2596 4522 responsio
2641 4452 2709 4505 ad
2736 4452 2866 4507 Itwc.
2895 4449 3075 4522 Neque
3101 4454 3233 4507 enim
3259 4460 3331 4505 est
3368 4468 3466 4504 una
3496 4451 3649 4505 inter-

2066 4546 2283 4617 rogatio,
2317 4560 2405 4598 nec
2434 4547 2478 4598 si
2507 4545 2574 4597 sit
2604 4558 2744 4608 vera;
2765 4543 2958 4596 dictum
2987 4553 3061 4596 est
3090 4553 3259 4597 autem
3281 4545 3342 4595 de
3370 4542 3451 4597 Itis
3476 4544 3529 4597 in
3562 4541 3651 4596 To-

372 4641 479 4705 ,"ec
510 4640 614 4679 una
643 4633 875 4693 negauo'
908 4621 1059 4680 Nunc
1089 4629 1266 4716 mlle"?
1286 4609 1811 4716 _".act_emus_fje‘l"s
1850 4606 1961 4716 Ρὲξν
1991 4638 2049 4716 D'
2070 4606 2216 4707 picis.
2258 4636 2426 4691 Simul
2465 4644 2632 4687 autem
2675 4606 3002 4697 manifestum
3030 4641 3118 4703 est
3148 4634 3389 4703 quoniam
3428 4651 3517 4689 nec
3558 4636 3653 4688 hoc

380 4718 524 4774 ribus
577 4732 641 4771 ex
673 4717 866 4787 quibus
908 4729 1072 4769 unum
1102 4710 1297 4782 aliquid
1338 4708 1450 4765 fieri
1481 4705 1668 4776 possit.
1714 4699 1960 4756 Invenie-

381 4825 499 4865 mus
538 4810 679 4864 enim
722 4818 776 4863 et
818 4807 872 4861 in
927 4805 1009 4860 his
1062 4805 1178 4874 ipso
1228 4800 1387 4856 modo
1430 4794 1742 4854 enuntiandi
1782 4792 1964 4864 plures

382 4903 663 4974 aliquoties
683 4898 1098 4962 enuntiationes,
1121 4905 1176 4951 et
1203 4909 1306 4950 non
1334 4907 1494 4947 unam
1523 4886 1767 4959 reperiri,
1796 4898 1965 4955 quan-

382 5011 536 5064 quam
562 5008 627 5048 ex
657 4992 899 5062 pluribus
942 5004 1105 5044 unum
1139 4986 1256 5043 fieri
1298 4982 1500 5055 aliquid
1543 4981 1731 5052 possit.
1764 4977 1822 5034 Si
1847 4975 1967 5047 quis

384 5088 523 5142 enim
564 5088 642 5141 sic
679 5086 844 5148 dicat,
872 5083 1070 5138 animal
1112 5081 1373 5137 rationale
1408 5077 1633 5133 mortale
1671 5075 1832 5130 homo
1861 5080 1966 5137 est,
2026 5095 2029 5098 ‹

385 5179 538 5232 simul
580 5177 811 5247 jungens
863 5174 1061 5229 animal
1104 5172 1366 5229 rationale
1392 5212 1406 5237 ,
1440 5169 1690 5232 mortale,
1718 5164 1971 5235 quoniam

385 5268 636 5322 continue
660 5267 862 5323 dictum
888 5276 994 5332 est,
1025 5275 1080 5321 et
1108 5281 1173 5321 ex
1204 5266 1287 5321 his
1322 5278 1487 5319 unum
1517 5260 1716 5331 aliquid
1764 5259 1840 5321 fit,
1871 5271 1973 5311 una

385 5378 467 5423 est
506 5367 839 5445 affirmatio.
867 5366 921 5423 Si
957 5381 1087 5423 vero
1135 5366 1207 5423 sit
1246 5364 1446 5434 aliquid
1482 5357 1780 5439 intervalli,
1814 5367 1871 5410 ut
1902 5358 1973 5411 ita

383 5466 504 5536 quis
530 5465 697 5531 dicat,
728 5464 890 5519 homo
920 5464 1138 5531 animal,
1172 5472 1226 5519 et
1256 5475 1443 5516 rursus
1484 5454 1767 5521 rationale,
1801 5461 1856 5507 et
1881 5451 1977 5507 ali-

383 5562 704 5636 quantulum
753 5565 1099 5633 requiescens
1143 5563 1310 5626 dicat,
1344 5557 1573 5639 mortale
1622 5563 1726 5620 est,
1758 5569 1862 5609 non
1895 5561 1979 5609 est

383 5672 493 5714 una
540 5653 831 5710 affirmatio
861 5669 960 5708 nec
1003 5670 1105 5709 una
1139 5654 1376 5724 negatio.
1426 5652 1551 5707 Haec
1580 5648 1722 5706 enim
1753 5648 1979 5704 interca-

386 5750 526 5822 pé'do
575 5749 834 5819 plurimas
864 5746 1027 5805 efficit
1071 5749 1504 5814 enuntiationes;
1535 5762 1717 5802 rursus
1766 5746 1807 5800 si
1857 5760 1978 5801 cum

387 5841 768 5912 conjunctione
794 5841 1059 5908 dicantur,
1095 5840 1255 5896 homo
1286 5840 1483 5897 animal
1522 5850 1575 5896 et
1619 5839 1877 5895 rationale
1926 5847 1981 5894 et

394 5935 617 5999 mortale
667 5945 771 6003 est,
805 5936 883 5991 sic
920 5948 1137 6009 quoque
1178 5935 1358 5995 multm
1395 5942 1518 5995 sunt
1560 5933 1977 6015 propositiones.

2072 4732 2237 4799 ipsum
2259 4727 2381 4798 quid
2402 4735 2495 4793 est,
2520 4725 2789 4779 dialectica
2810 4725 3144 4796 interrogatio
3169 4737 3263 4781 est.
3285 4725 3492 4797 Oportet
3521 4727 3653 4782 enim

2074 4839 2180 4879 esse
2206 4824 2382 4876 datunt
2411 4830 2464 4875 ut
2491 4837 2557 4875 ea:
2580 4821 2976 4892 interrogatione
3004 4821 3161 4891 eligat
3190 4831 3354 4875 utram
3380 4824 3491 4877 velit
3525 4838 3652 4875 cnn-

2076 4915 2389 4971 tradictionis
2421 4924 2613 4984 partem
2646 4914 2929 4996 enuntiare.
2957 4912 3061 4968 Sed
3108 4923 3301 4986 oportet
3332 4916 3645 4985 interrogau-

2078 5019 2177 5063 tem
2202 5008 2558 5073 determinare,
2588 5016 2757 5061 utrum
2787 5008 2882 5061 hoc
2910 5007 2975 5060 sit
3001 5008 3173 5073 homo,
3202 5025 3269 5062 an
3296 5024 3397 5062 non
3424 5009 3537 5060 hoc.

2062 5162 2067 5165 _
2148 5101 2397 5172 Quisquis
2423 5099 2697 5157 dialectica
2747 5101 2911 5155 utitur
2940 5100 3357 5171 interrogatione
3382 5140 3396 5162 ,
3437 5098 3522 5152 hic
3567 5109 3655 5150 ant

2062 5195 2393 5265 psimpliciter
2425 5196 2738 5265 interrogat,
2761 5204 2919 5264 atque
2951 5210 3110 5250 unam
3142 5194 3561 5264 propositionem
3605 5194 3654 5244 in
3700 5218 3701 5221 η

2084 5287 2500 5358 interrogatione
2530 5287 2698 5357 ponit,
2736 5296 2791 5341 ut
2818 5296 3005 5342 contra
3033 5301 3151 5341 eam
3193 5286 3265 5340 sit
3290 5300 3392 5339 una
3437 5298 3659 5351 respon-

2062 5381 2184 5444 sio.
2214 5392 2305 5435 aut
2346 5391 2600 5451 utrasque
2640 5379 2976 5449 interrogans
3010 5378 3155 5444 dicit,
3182 5377 3250 5432 ad
3290 5390 3421 5447 quas
3464 5391 3569 5431 non
3601 5377 3659 5431 fit

2084 5472 2307 5541 simplex
2351 5471 2649 5542 responsio,
2682 5469 2775 5525 sed
2811 5484 2914 5524 una
2947 5478 3055 5524 tota
3100 5469 3395 5538 propositio
3433 5482 3658 5537 respon-

2061 5563 2264 5619 tdetur.
2311 5562 2368 5618 Si
2414 5563 2533 5632 quis
2588 5562 2729 5616 enim
2786 5560 2929 5615 dicat
2979 5560 3325 5629 interrogans
3359 5576 3373 5614 :
3413 5559 3660 5616 Socrates

2058 5655 2281 5712 .animal
2305 5653 2425 5709 est?
2453 5653 2650 5706 Contra
2682 5651 2818 5706 hanc
2850 5650 2969 5706 talis
2996 5660 3077 5706 est
3108 5651 3413 5720 responsio,
3444 5660 3539 5706 aut
3567 5651 3660 5718 ita,

2064 5755 2177 5807 aut
2199 5759 2325 5798 non.
2343 5742 2401 5798 Si
2423 5744 2541 5814 quis
2569 5756 2696 5796 vero
2725 5741 2827 5798 hoc
2853 5743 3013 5799 modo
3038 5743 3333 5812 interroget
3367 5761 3378 5797 :
3413 5743 3663 5805 Socrates

2064 5835 2284 5913 animal
2310 5846 2416 5903 est,
2458 5849 2524 5889 an
2567 5835 2710 5890 non?
2738 5834 2938 5893 Contra
2968 5836 3106 5893 banc
3142 5849 3249 5892 non
3290 5846 3375 5893 est
3405 5852 3505 5892 una
3553 5853 3663 5897 res-

2090 5928 2295 6003 ponsio.
2347 5928 2405 5987 Si
2455 5927 2598 5989 enim
2639 5931 2996 6013 respondetur
3042 5930 3131 5999 ita,
3180 5916 3378 6002 dequa
3409 5930 3665 5992 annueris
