4270 6266
621 415 718 473 571

1863 416 1971 474 AN.
2012 415 2225 474 MANL.
2266 414 2418 471 SEV.
2458 412 2679 470 ΒΟΕΤΙΙ

2870 327 3043 356 w‘..__.‘
3082 350 3097 351 Π
3254 346 3463 365 ...Ῠσ-ν-

3784 420 3896 475 572'

623 538 913 607 ignoratur,
942 529 1010 585 de
1032 528 1391 588 afﬁrmatione
1414 546 1484 587 an
1511 534 1582 589 de
1607 533 1916 604 negatione;
1944 548 2129 589 rursus
2157 534 2201 590 si
2228 537 2281 595 Α
2308 539 2389 586 est
2417 530 2763 600 interrogatio
2783 530 3081 597 dialectica,
3098 532 3190 588 sed
3222 535 3401 603 potius
3419 534 3664 604 discipuli
3686 536 3749 591 ad
3772 553 3887 592 ma-

626 647 731 688 non
774 628 1140 700 responderis,
1173 627 1413 683 nescitur
1448 642 1605 698 quam
1639 627 1819 697 negari
1866 629 2095 684 volueris
2126 629 2197 682 af-

625 722 979 780 ﬁrmationem
1007 736 1074 776 an
1103 722 1461 791 negationem.
1488 721 1663 789 Quare
1685 730 1868 776 contra
1899 721 2200 791 bujusmodi

624 816 1073 883 interrogationes
1117 823 1224 869 tota
1274 812 1568 883 propositio
1600 814 1969 883 respondenda
2002 823 2101 881 est,
2147 814 2199 868 id

627 917 714 967 est
747 909 912 964 altera
965 922 1089 977 pars
1134 906 1594 971 contradictionis,
1646 912 1738 961 aut
1767 914 1873 959 tota
1918 905 2203 961 afﬁrmatio

625 1008 719 1056 aut
760 1006 869 1055 tota
913 997 1145 1068 negatio,
1176 1004 1235 1051 ut
1272 997 1439 1063 dicas,
1469 1006 1554 1050 aut
1585 1005 1667 1051 est
1692 997 1885 1050 animal
1931 996 2201 1061 Socrates,

627 1106 719 1153 aut
746 1097 789 1151 si
822 1097 923 1151 hoc
965 1109 1070 1149 non
1098 1093 1327 1159 videtur,
1373 1094 1720 1161 reSpondeas,
1763 1108 1868 1146 non
1898 1101 1977 1147 est
2006 1091 2205 1147 animal

630 1189 898 1247 Socrates.
930 1188 988 1242 ln
1021 1187 1105 1242 his
1146 1188 1307 1258 igitur
1351 1201 1469 1256 quze
1516 1185 1677 1240 multa
1728 1194 1867 1250 sunt,
1898 1199 1962 1239 ex
2014 1185 2208 1255 quibus

629 1286 792 1338 tinum
828 1281 942 1337 ﬂeri
969 1282 1174 1351 nequit,
1208 1281 1254 1335 si
1282 1279 1371 1334 fiat
1393 1296 1493 1333 una
1525 1278 1871 1348 interrogatio
1898 1289 1951 1334 et
1979 1279 2091 1349 ipsa
2117 1292 2206 1333 re-

632 1372 1015 1445 prehensibilis
1045 1382 1145 1436 est,
1167 1380 1221 1427 et
1249 1381 1433 1427 contra
1457 1386 1572 1427 eam
1605 1387 1706 1425 una
1735 1370 2213 1441 responsio.Quis-

631 1468 749 1537 quis
774 1465 916 1521 enim
948 1479 1009 1519 ea
1052 1464 1200 1533 plura
1244 1464 1555 1533 interrogat,
1580 1476 1644 1517 ex
1674 1464 1865 1531 quibus
1893 1478 2051 1516 unum
2091 1476 2211 1518 esse

631 1554 737 1610 non
771 1556 957 1623 possit,
986 1556 1179 1610 multas
1207 1556 1331 1611 facit
1361 1556 1825 1624 interrogationes,
1862 1562 2047 1609 contra
2079 1569 2213 1624 quas

631 1648 677 1703 si
705 1648 1019 1718 simpliciter
1062 1649 1472 1718 respondeatur,
1516 1650 1677 1703 etiam
1731 1649 1775 1702 si
1807 1662 1935 1702 vera
1982 1648 2049 1701 sit
2099 1646 2213 1715 ipsa

632 1742 943 1810 responsio,
986 1750 1161 1796 tamen
1201 1742 1323 1811 jure
1358 1740 1792 1811 reprehenditur.
1825 1738 2023 1794 Contra
2068 1740 2215 1793 enim

633 1834 980 1904 multiplicem
1028 1834 1505 1904 interrogationem
1552 1832 1832 1899 multiplex
1886 1831 2046 1887 debet
2093 1845 2215 1886 esse

2306 625 2528 693 gistrum
2564 624 2763 694 aliquid
2806 626 3016 682 discere
3046 628 3330 697 cupientis.
3359 629 3460 695 Qui
3500 630 3645 684 enim
3688 632 3887 702 aliquid

2306 716 2587 771 addiscere
2629 717 2798 787 cupit,
2847 710 3140 789 interrogai
3181 736 3303 775 eum
3349 721 3441 789 qui
3467 722 3663 778 docere
3716 734 3891 792 potest

2306 808 2434 878 quid
2464 810 2534 862 sit
2566 807 2616 861 id
2640 809 2705 862 de
2739 824 2846 878 quo
2883 811 3120 879 ambigit.
3143 810 3464 866 Dialecticus
3492 825 3669 867 autem
3698 816 3782 883 (ut
3811 815 3892 871 di-

2307 910 2453 955 ctum
2497 900 2613 971 est)
2654 901 2723 955 ita
2770 902 3101 972 interrogare
3144 904 3322 967 debet,
3347 915 3405 959 ut
3434 888 3782 976 respondenti
3828 910 3900 965 sit

2309 992 2463 1060 cupia
2494 1006 2560 1045 an
2591 993 3000 1049 afﬁrmationem
3024 1010 3090 1048 an
3132 996 3469 1066 negationem
3508 1000 3635 1055 velit
3673 1001 3895 1071 eligere.

2312 1083 2535 1153 Oportet
2562 1086 2703 1139 enim
2747 1087 2882 1141 scire
2910 1089 3160 1158 quoniam
3203 1089 3380 1142 omnis
3427 1091 3771 1159 interrogatio
3815 1107 3902 1147 re-

2311 1176 2617 1246 sponsionis
2653 1186 2735 1231 est
2757 1179 2964 1247 petitio.
2994 1180 3280 1234 Dialectica
3311 1195 3441 1235 vero
3470 1198 3573 1236 non
3613 1184 3899 1253 cujusdam

2314 1270 2707 1338 responsionis,
2734 1271 2829 1324 sed
2860 1271 2976 1339 ejus
3011 1287 3130 1339 quae
3157 1273 3209 1325 in
3239 1282 3465 1340 utraque
3508 1285 3659 1345 parte
3703 1277 3903 1333 habeat

2313 1360 2737 1428 oppositionem;
2767 1376 2894 1431 ergo
2924 1362 3025 1415 hoc
3060 1364 3232 1430 ipsum
3263 1363 3391 1431 quid
3420 1374 3524 1429 est,
3548 1381 3651 1420 non
3680 1377 3764 1422 est
3782 1368 3904 1422 dia-

2316 1450 2506 1505 lectica
2540 1452 2906 1519 interrogatio.
2937 1451 3159 1519 Oportet
3185 1454 3329 1505 enim
3360 1454 3432 1506 ita
3460 1454 3814 1525 interrogare,
3845 1468 3901 1513 ut

2316 1557 2381 1597 ex
2405 1542 2821 1612 interrogatione
2862 1544 3196 1611 respondens
3228 1545 3400 1613 possit
3436 1547 3639 1616 eligere
3675 1550 3895 1605 alteram

2316 1633 2761 1688 contradictionis
2806 1645 3030 1702 partem.
3062 1634 3231 1690 Debet
3267 1639 3411 1691 enim
3453 1630 3808 1696 deierminare
3846 1654 3901 1698 et

2318 1722 2554 1778 difﬁnire
2584 1724 2631 1778 is
2658 1725 2751 1793 qui
2781 1725 3096 1795 interrogat,
3149 1741 3215 1780 an
3265 1727 3367 1782 hoc
3410 1730 3475 1782 sit
3520 1731 3663 1799 quod
3709 1732 3900 1788 dicitur

2322 1831 2389 1871 an
2421 1830 2551 1883 non,
2581 1825 2637 1870 ut
2668 1817 2827 1871 homo
2854 1818 3051 1871 animal
3078 1828 3163 1873 est
3188 1835 3253 1872 an
3281 1821 3420 1874 non?
3445 1831 3501 1876 ut
3522 1823 3611 1878 ille
3637 1834 3729 1878 aut
3756 1826 3906 1880 affir-

634 1927 935 1995 responsio.
965 1924 1022 1982 Si
1064 1926 1184 1997 quis
1213 1926 1359 1981 enim
1400 1925 1540 1980 dicat
1580 1925 1938 1993 interrogans,
1965 1925 2214 1979 Socrates
2244 1926 2263 1990 ]

2329 1912 2605 1964 [nationem
2636 1911 2961 1978 respondeat
3011 1920 3101 1966 aut
3148 1914 3518 1981 negationem;
3553 1916 3693 1982 quod
3723 1926 3903 1973 autem

635 2018 982 2088 philosophus
1012 2026 1113 2083 est,
1141 2028 1195 2073 et
1221 2018 1345 2087 legit
1365 2025 1420 2073 et
1448 2016 1717 2071 ambulat?
1745 2016 1867 2085 quia
1900 2025 2075 2085 potest
2098 2015 2215 2069 fieri

636 2121 694 2166 ut
722 2112 791 2166 sit
811 2112 1026 2181 quidem
1054 2110 1399 2180 phiIOSOphus
1426 2120 1481 2165 et
1508 2109 1669 2181 legat,
1689 2124 1793 2164 non
1820 2118 1996 2163 autem
2028 2109 2218 2163 ambu-
2242 2145 2244 2148 μ

636 2201 730 2267 let,
765 2201 848 2256 vel
877 2202 1132 2267 ambulet,
1163 2201 1255 2256 sed
1286 2216 1389 2256 non
1420 2201 1561 2270 legat
1590 2216 1605 2254 :
1642 2207 1817 2268 potest
1841 2200 1963 2253 item
2012 2200 2123 2253 fieri
2158 2203 2219 2252 ut

637 2299 691 2346 et
718 2291 858 2360 legat
901 2300 956 2346 et
997 2292 1267 2356 ambulet;
1315 2301 1501 2346 contra
1546 2289 1848 2360 bujusmodi
1899 2289 2218 2358 propositio-

638 2396 760 2437 nem
790 2396 895 2437 non
923 2383 1027 2437 erit
1055 2398 1156 2437 una
1187 2383 1486 2451 responsio.
1520 2380 1651 2435 Nam
1690 2381 1779 2450 qui
1821 2379 1892 2435 ita
1926 2383 2215 2451 interroga-

640 2471 752 2526 vit:
781 2472 1028 2533 Socrates
1059 2472 1408 2542 philosophus
1436 2480 1536 2537 est,
1581 2480 1635 2527 et
1677 2472 1805 2542 legit
1848 2483 1903 2527 et
1946 2473 2223 2528 ambulat?

640 2572 733 2617 aut
762 2562 1006 2631 imperite
1046 2573 1137 2618 aut
1170 2564 1411 2633 captiose
1440 2564 1805 2633 interrogavit.
1840 2562 2033 2618 Contra
2057 2579 2217 2635 quam

640 2654 1115 2723 interrogationem
1146 2654 1191 2708 si
1222 2654 1505 2723 contigerit
1535 2654 1811 2710 Socratem
1843 2654 2220 2724 philosophum

644 2756 764 2797 esse
792 2751 845 2797 et
881 2743 1082 2813 legere,
1108 2754 1163 2798 et
1191 2743 1487 2807 ambulare,
1528 2744 1574 2797 si
1619 2744 2074 2813 respondeatzita
2114 2754 2219 2815 est,
2266 2792 2267 2795 η

645 2832 761 2888 haec
802 2848 1014 2903 quoque
1043 2836 1325 2904 responsio
1352 2833 1780 2902 reprehenditur.
1812 2834 2009 2891 Contra
2038 2837 2225 2907 plures

645 2924 786 2978 enim
818 2924 1266 2995 interrogationes
1293 2940 1395 2980 una
1426 2927 1706 2995 responsio
1738 2941 1845 2982 non
1884 2926 2043 2983 debet
2070 2928 2225 2983 adhib

643 3014 779 3079 beri,
804 3016 1014 3070 etiamsi
1046 3031 1169 3072 vere
1193 3032 1285 3086 per
1315 3033 1475 3072 unam
1496 3019 1639 3074 illam
1658 3018 2061 3089 respondeatur,
2086 3019 2225 3075 sicut

644 3108 697 3162 iu
729 3106 828 3163 hac
852 3122 1083 3179 quoque,
1115 3110 1158 3163 si
1189 3118 1244 3163 et
1276 3109 1623 3179 philos0phus
1654 3119 1757 3177 est,
1788 3120 1842 3167 et
1876 3113 2004 3182 legit
2032 3122 2083 3166 et
2109 3128 2226 3167 am-

644 3202 807 3258 bulat.
850 3204 1109 3271 Quocirca
1139 3206 1184 3259 si
1215 3206 1562 3276 interrogatio
1591 3206 1867 3261 dialectica
1912 3205 2227 3274 responsio.

2322 2001 2456 2056 dixit
2505 2001 2863 2056 dialecticam.
2898 2003 3369 2072 interrogationem
3420 2007 3731 2075 petitionem
3785 2018 3906 2064 esse

2321 2094 2686 2163 responsionis
2741 2094 2825 2148 vel
2878 2095 3285 2163 propositionis,
3342 2098 3427 2152 vel
3472 2098 3694 2153 alterius
3742 2104 3909 2170 partis

2323 2184 2785 2248 contradictionis,
2830 2184 3135 2253 bujusmodi
3179 2196 3281 2242 est.
3329 2188 3583 2258 Quisquis
3612 2191 3909 2263 interrogat

2323 2276 2755 2342 afflrmatiouem,
2786 2287 2879 2331 aut
2921 2279 3165 2333 eamdem
3210 2282 3435 2348 expetit,
3469 2291 3526 2335 ut
3568 2284 3777 2338 auditor
3804 2285 3906 2345 sibi

2324 2369 2667 2437 respondeat,
2697 2380 2789 2422 aut
2829 2370 3329 2437 contradictionem,
3364 2382 3421 2427 ut
3457 2374 3499 2427 si
3540 2374 3657 2442 quis
3700 2375 3778 2429 sic
3824 2376 3908 2429 in-

2326 2466 2585 2527 terroget,
2636 2460 2795 2513 homo
2834 2461 3031 2514 animal
3075 2461 3192 2515 est?
3241 2464 3289 2517 si
3340 2461 3430 2517 ille
3468 2466 3735 2534 aunuerit,
3782 2480 3906 2535 pro-

2326 2550 2643 2619 positionem
2707 2549 2958 2613 reddidit,
3009 2565 3129 2605 eam
3176 2552 3385 2607 scilicet
3430 2568 3587 2623 quam
3631 2557 3909 2625 proposuit

2326 2642 2697 2711 interrogans;
2730 2644 2773 2696 si
2819 2658 2945 2698 vero
2999 2643 3363 2714 interrogante
3403 2648 3697 2716 aliquo.'an
3746 2648 3910 2706 homo

2329 2735 2525 2791 animal
2569 2736 2662 2801 sit,
2706 2735 3040 2804 reSpondens
3088 2736 3316 2802 dixerit,
3347 2753 3452 2793 non
3482 2750 3592 2805 est,
3639 2744 3907 2799 contradi-

2327 2826 2559 2881 ctionem
2602 2826 2945 2894 respondisse
2974 2826 3259 2882 videbitur.
3295 2829 3388 2885 llle
3416 2832 3558 2885 enim
3601 2831 3909 2891 afﬁrmatio-

2329 2931 2451 2971 nem
2499 2916 2868 2985 interrogavit,
2894 2918 2985 2970 ille
3035 2919 3371 2987 negationem
3416 2922 3716 2991 respondit,
3766 2926 3907 2994 quod

2330 3016 2414 3067 est
2440 3008 2811 3063 contradictio.
2846 3010 3048 3063 Rursus
3095 3010 3141 3063 si
3194 3013 3526 3081 negationem
3578 3015 3908 3086 interroget,

2328 3109 2384 3155 et
2412 3099 2501 3155 ille
2546 3099 2869 3168 respondeat
2906 3088 3267 3169 negationem,
3310 3106 3550 3160 eamdem
3596 3109 3911 3178 propositio-

2330 3206 2452 3247 nem
2508 3192 2738 3247 reddidit
2779 3207 2937 3262 quam
2986 3194 3031 3247 is
3056 3195 3144 3263 qui
3177 3195 3522 3266 interrogavit
3566 3212 3690 3255 ante
3722 3216 3911 3271 propo-

644 3294 727 3349 πίε
764 3295 949 3363 petilio
977 3304 1078 3359 est,
1115 3309 1209 3364 μοι·
1248 3310 1403 3365 quam
1437 3297 1840 3366 responsionem
1864 3295 1957 3350 na;
1984 3297 2226 3365 ρι-οροεί-
2252 3312 2300 3379 c
2331 3281 2455 3379 sttit.
2496 3282 2590 3379 Sin
2623 3296 2750 3336 vero
2793 3282 3157 3379 interrogante
3208 3286 3388 3353 aliquo
3432 3292 3787 3358 negationem,
3827 3294 3911 3351 ille

644 3386 742 3450 tio,
773 3396 828 3439 ut
858 3401 978 3441 cum
1011 3388 1128 3456 quis
1168 3387 1362 3442 dixerit
1405 3389 1760 3457 interrogans,
1788 3388 1902 3442 dies
1941 3388 2057 3442 est?
2086 3389 2224 3444 alius

646 3478 989 3546 respondeat,
1023 3494 1152 3545 non,
1179 3480 1268 3534 fiet
1298 3479 1423 3533 inde
1452 3481 1685 3550 negatio,
1717 3480 1834 3533 dies
1864 3494 1967 3532 non
2007 3488 2105 3543 est,
2138 3480 2221 3534 vel

646 3578 792 3623 certe
836 3568 999 3621 altera
1053 3583 1175 3636 pars
1204 3569 1556 3637 oppositionis
1582 3583 1701 3622 cum
1739 3569 1809 3621 ita
1838 3568 2219 3637 interrogatur,

646 3661 760 3717 dies
792 3670 897 3724 est,
937 3676 1002 3715 an
1048 3662 1163 3715 dies
1189 3678 1295 3715 non
1325 3670 1427 3729 est,
1461 3669 1517 3715 ut
1555 3676 1790 3731 congrue
1838 3663 2227 3731 respondeatur

647 3749 787 3803 diem
819 3766 959 3816 esse,
983 3760 1073 3805 aut
1102 3751 1243 3806 diem
1272 3767 1375 3806 non
1406 3766 1545 3815 esse,
1577 3752 1627 3806 id
1650 3762 1732 3807 est
1762 3761 1869 3807 tota
1895 3754 2225 3823 propositio;

644 3841 731 3894 ha:
760 3856 877 3911 quae
906 3857 974 3895 ex
1019 3844 1100 3898 his
1146 3844 1387 3912 pluribus
1418 3843 1551 3897 ﬁunt
1596 3855 1757 3913 atque
1780 3830 2224 3915 (interrogantur,

645 3947 767 3989 cum
801 3947 959 3987 unum
991 3949 1058 3988 ex
1099 3936 1179 3990 bis
1216 3934 1327 3989 ﬂeri
1370 3952 1475 3992 non
1506 3937 1694 4006 possit,
1724 3952 1829 3992 non
1856 3946 1981 3992 sunt
2013 3938 2219 4002 simpli-

646 4040 737 4081 ces
784 4025 1250 4096 interrogationes.
1281 4028 1539 4095 Quocirca
1587 4044 1684 4084 nec
1728 4028 1795 4084 ad
1835 4043 1925 4084 eas
1955 4030 2226 4085 reddenda

647 4129 730 4175 est
775 4120 1002 4188 simplex
1058 4122 1368 4188 responsio,
1406 4121 1472 4175 de
1504 4122 1586 4175 his
1616 4130 1792 4177 autem
1825 4137 1884 4178 se
1929 4123 1982 4177 in
2013 4124 2230 4194 Topicis

647 4209 852 4266 dixisse
879 4221 1283 4265 commemorat.
1316 4212 1519 4266 Rursus
1546 4214 1665 4280 quia
1689 4215 1968 4270 dialectica
2001 4216 2232 4271 interro-

648 4305 789 4373 gatio
824 4304 1191 4371 responsionis
1221 4312 1304 4357 est
1334 4306 1516 4371 petitio
1544 4306 1562 4375 (
1582 4316 1633 4358 nt
1680 4321 1839 4373 supra
1883 4307 2081 4362 dictum
2112 4309 2229 4377 est)

646 4398 731 4453 vel
760 4395 1134 4466 propositionis
1165 4394 1248 4449 vel
1294 4394 1516 4449 alterius
1548 4398 1715 4465 partis
1754 4398 2227 4467 contradictionis,

647 4488 785 4559 quod
819 4489 976 4557 paulo
1007 4496 1125 4556 post
1165 4487 1640 4552 demonstrabitur,
1679 4491 1923 4557 imperite
1951 4490 2027 4544 illi
2059 4490 2229 4546 inter-

649 4586 837 4647 rogant
863 4584 951 4648 qul
984 4579 1057 4633 ita
1109 4578 1311 4644 dicunt,
1354 4578 1480 4647 quid
1513 4587 1594 4632 est
1626 4578 1858 4632 animal?
1883 4582 1964 4634 vel
1991 4581 2114 4650 quid
2144 4590 2237 4655 est.

651 4671 847 4725 homo?
874 4680 1086 4740 Oportet
1110 4673 1255 4728 enim
1283 4672 1373 4742 qui
1424 4670 1703 4727 dialectice
1738 4674 2053 4743 interrogat,
2098 4676 2228 4733 dare
2258 4704 2312 4766 Β

648 4778 713 4819 ex
740 4763 1158 4833 interrogatione
1177 4766 1472 4833 optionem,
1500 4778 1565 4817 an
1594 4762 1694 4817 sibi
1724 4766 2055 4834 respondens
2085 4766 2230 4822 affir-

650 4857 940 4911 mationem
970 4856 1170 4925 eligere
1195 4858 1341 4917 velit,
1371 4871 1438 4908 an
1470 4856 1829 4924 negationem.
1854 4858 1950 4923 Qui
1982 4874 2113 4915 vero
2147 4861 2227 4915 sic

651 4946 1164 5017 interrogat,utquld
1194 4957 1276 5001 est
1299 4946 1473 5015 aliqua
1504 4962 1610 5010 res,
1643 4948 1767 5001 velit
1792 4948 1973 5005 dicere
2000 4966 2227 5019 respon-

650 5039 887 5103 dentem,
921 5052 1024 5091 non
1052 5047 1135 5092 est
1165 5037 1250 5090 illa
1283 5038 1630 5107 interrogatio
1660 5040 1963 5095 dialectica.
1997 5041 2232 5099 Interro-

650 5140 776 5201 gant
800 5138 975 5184 autem
1002 5128 1217 5198 quidam
1261 5129 1362 5182 hoc
1393 5131 1572 5196 modo,
1609 5142 1831 5201 putasne
1861 5134 2039 5187 anima
2091 5134 2227 5204 ignis

650 5224 766 5277 est?
791 5236 912 5276 cum
944 5222 1277 5289 respondens
1324 5224 1620 5291 negaverit,
1661 5224 1887 5290 addunt,
1926 5239 2102 5280 nonne
2136 5226 2228 5281 tibi

634 5314 861 5370 videtur
902 5313 1106 5385 aliquid
1148 5328 1271 5370 esse
1310 5314 1453 5371 inter
1492 5318 1665 5386 ignem
1695 5328 1854 5387 atque
1881 5332 2061 5375 aerem
2117 5335 2230 5375 me-

650 5406 797 5461 dium
847 5420 1064 5475 corpus,
1096 5417 1153 5462 ut
1198 5407 1266 5461 sit
1309 5408 1525 5462 anima?
1556 5407 1688 5463 Cum
1736 5410 2070 5479 respondens
2124 5411 2227 5467 hoc

650 5513 863 5570 quoque
901 5499 1169 5564 abnuerit,
1201 5499 1278 5555 illi
1310 5510 1723 5571 persequuntur,
1753 5515 1820 5555 an
1858 5500 2086 5558 fortasse
2117 5517 2225 5558 ma-

650 5593 733 5662 gis
775 5592 867 5647 tibi
915 5593 1127 5648 videtur
1174 5607 1367 5663 aquam
1411 5609 1532 5649 esse
1576 5594 1810 5648 animam
1859 5595 1941 5650 vel
1990 5597 2226 5650 terram?

651 5683 784 5738 Cum
817 5684 905 5739 ille
944 5700 1120 5755 neque
1151 5694 1369 5753 terram,
1402 5702 1577 5758 neque
1605 5701 1795 5756 aquam
1836 5686 2067 5741 animam
2109 5702 2231 5742 esse

628 5779 1013 5844 consenserit,
1056 5788 1180 5834 tunc
1228 5780 1423 5835 defessi
1476 5780 1983 5850 interrogationibus
2021 5780 2091 5835 ita
2144 5781 2231 5833 in-

628 5878 960 5940 terrogant:
993 5872 1121 5938 Quae
1151 5884 1235 5928 res
1262 5882 1346 5927 est
1373 5878 1502 5941 ergo
1523 5874 1743 5929 anima?
1770 5870 1886 5928 haec
1915 5883 2093 5929 antem
2119 5886 2226 5937 non

2330 3374 2737 3437 afﬁrmationem
2771 3377 3499 3445 responderit,contradictio
3527 3398 3780 3452 reSponsa
3805 3395 3907 3444 est.

2329 3466 2439 3520 lloc
2496 3474 2579 3521 est
2629 3468 2787 3535 igitur
2822 3467 2965 3536 quod
3015 3468 3128 3535 ait,
3176 3472 3640 3541 interrogationum
3687 3492 3913 3548 respon-

2329 3561 2495 3617 sionis
2550 3577 2673 3617 esse
2707 3563 3041 3631 petitionem,
3074 3575 3128 3621 et
3156 3568 3309 3636 cujus
3356 3572 3717 3639 responsionis
3761 3576 3907 3632 addi-

2329 3654 2430 3720 dit,
2471 3653 2555 3709 vel
2584 3655 2991 3723 propositionis,
3022 3658 3066 3711 si
3099 3658 3239 3713 idem
3273 3664 3613 3730 respondeat,
3651 3667 3793 3737 quod
3824 3669 3912 3726 ille
3984 3704 3991 3705 ί

2331 3747 2647 3817 interrogat,
2677 3747 2762 3801 vel
2788 3749 3009 3803 alterius
3032 3752 3196 3818 partis
3222 3754 3682 3821 contradictionis,
3711 3758 3755 3813 si
3786 3774 3909 3817 cum

2331 3839 2419 3895 hic
2455 3839 2861 3895 affirmationem
2906 3834 3221 3912 interrogei,
3256 3845 3343 3900 ille
3388 3848 3725 3915 responderit
3754 3867 3913 3920 nega-

2332 3931 2557 3993 tionem,
2592 3931 2674 3985 vel
2698 3931 2743 3987 si
2770 3946 2893 3985 cum
2926 3932 3015 4007 hic
3046 3939 3385 4005 negationem
3416 3938 3469 3992 in
3501 3940 3916 4010 interrogatione

2333 4021 2595 4091 posuerit,
2629 4022 2716 4076 ille
2745 4023 3157 4079 affirmationem
3196 4026 3250 4079 in
3288 4030 3636 4098 responsione
3667 4033 3912 4089 reddide-

2334 4113 2423 4167 rit.
2476 4113 2908 4184 lnterrogationis
2956 4125 3133 4170 autem
3179 4120 3470 4173 secundum
3518 4122 3904 4190 Peripateticos

2333 4204 2527 4274 duplex
2568 4205 2774 4274 species
2817 4217 2919 4269 est,
2951 4218 3044 4263 aut
3078 4223 3198 4263 cum
3241 4210 3514 4265 dialeCtica
3560 4213 3913 4283 interrogatio

2334 4302 2438 4359 est,
2469 4303 2559 4348 aut
2604 4308 2723 4348 cum
2766 4310 2873 4349 non
2910 4296 3213 4354 dialectica.
3240 4297 3354 4353 Non
3398 4300 3693 4358 dialecticae
3734 4315 3913 4361 autem

2334 4382 2769 4453 interrogationis
2797 4386 2917 4441 duae
2946 4391 3155 4457 species
3175 4401 3317 4459 sunt,
3336 4406 3435 4445 una
3459 4392 3672 4461 quidem
3701 4396 3912 4471 quando

2334 4486 2609 4530 sumentes
2657 4477 2905 4533 accidens
2940 4481 3354 4552 interrogamus,
3386 4485 3470 4539 cui
3515 4483 3644 4539 illud
3684 4489 3910 4557 accidat,

2336 4576 2392 4623 ut
2417 4583 2537 4623 cum
2570 4570 2810 4624 videmus
2843 4572 3059 4627 domum
3091 4574 3386 4639 Ciceronis,
3444 4578 3487 4630 si
3526 4577 3913 4647 interrogemus

2336 4663 2454 4732 quis
2482 4663 2587 4719 illic
2618 4674 2853 4731 maneat,
2884 4667 2965 4722 vel
2996 4667 3211 4736 quando
3246 4668 3547 4738 subjectum
3591 4671 3802 4740 quidem
3837 4673 3912 4741 ip-

2335 4768 2453 4808 sum
2484 4763 2540 4808 et
2580 4770 2691 4809 rem
2728 4757 3009 4826 sumimus,
3042 4758 3166 4826 quid
3191 4770 3368 4815 autem
3414 4761 3486 4814 illi
3515 4762 3719 4817 accidat
3756 4762 3915 4818 inter-

2335 4864 2607 4920 rogamus,
2637 4858 2696 4903 ttt
2721 4849 2764 4903 si
2809 4852 2978 4920 ipsum
3008 4850 3321 4908 Ciceronem
3350 4855 3469 4923 quis
3511 4856 3706 4923 videat,
3739 4866 3791 4911 et
3836 4858 3915 4913 in-

2338 4950 2592 5012 terroget,
2622 4958 2729 5012 quo
2758 4942 3009 5010 divertat,
3031 4954 3077 4999 et
3115 4945 3230 4999 haec
3254 4962 3355 4999 una
3385 4949 3594 5016 species
3624 4960 3703 5003 eSt
3732 4965 3913 5004 eorum

2336 5049 2456 5102 quae
2504 5033 2793 5088 secundum
2842 5035 3111 5103 accidens,
3146 5053 3249 5090 non
3294 5038 3576 5095 dialectice
3622 5041 3914 5111 interroge-

2335 5139 2474 5177 mus.
2513 5126 2689 5179 Altera
2723 5142 2850 5181 vero
2883 5134 3097 5196 quando
3144 5139 3506 5199 proponentes
3552 5148 3743 5188 nomen
3792 5134 3913 5201 quid

2336 5216 2405 5271 sit
2429 5218 2741 5285 quaerimus,
2765 5228 2855 5273 aut
2884 5236 3077 5291 genus,
3111 5232 3202 5276 aut
3238 5223 3620 5289 differentiam,
3650 5238 3739 5280 aut
3778 5227 3915 5281 diffic

2335 5308 2591 5363 nitionem
2623 5310 2976 5378 requirentes,
3020 5322 3077 5366 ut
3103 5314 3147 5368 si
3180 5314 3297 5383 quis
3348 5314 3640 5385 interroget
3688 5318 3814 5387 quid
3848 5319 3914 5371 sit

2336 5401 2553 5468 animal,
2589 5402 2667 5457 vel
2710 5403 2920 5471 quando
2964 5403 3338 5459 diﬂlnitionem
3383 5414 3479 5459 aut‘
3519 5408 3719 5477 aliquid
3759 5425 3913 5477 supe-

2339 5493 2448 5546 rius
2482 5492 2742 5547 dictorum
2770 5497 3047 5562 sumimus,
3065 5505 3119 5551 et
3141 5498 3430 5565 quaerimus
3454 5498 3605 5567 cujus
3649 5501 3732 5554 illa
3786 5502 3911 5564 sint,

2339 5591 2397 5636 ut
2422 5582 2467 5637 si
2496 5585 2617 5652 quis
2663 5596 2890 5654 quterat,
2923 5586 3117 5641 animal
3162 5589 3441 5654 rationale,
3477 5594 3718 5657 mortale,
3766 5593 3913 5661 cujus

2338 5674 2405 5728 sit
2434 5673 2701 5729 diffinitio.
3216 5698 3225 5701 νλ

2412 5785 2663 5850 Quoniam
2691 5803 2805 5840 vero
2837 5788 2943 5843 lucc
2975 5792 3176 5859 quidem
3222 5776 3569 5863 priedicantur
3597 5799 3872 5865 composita
3894 5836 3908 5858 ,
3974 5860 3983 5868 .

2339 5886 2392 5928 ut
2434 5892 2590 5929 unum
2630 5878 2694 5931 sit
2731 5894 2875 5933 omne
2920 5884 3367 5947 pra’dicamenmm
3412 5904 3585 5940 eorum
3622 5904 3732 5956 qua!
3768 5890 3913 5943 curti
