4270 6266
343 366 451 433 573

1023 374 1090 431 ΙΝ
1128 361 1386 433 LIBRUM
1425 374 1515 431 DE
1552 358 2198 431 INTERPRETATIONE
2239 373 2469 432 EDITIO
2506 376 2843 436 SECUNDA.
3508 359 3613 437 Ilii

342 494 715 565 prtedicantur,
769 494 878 549 alia
913 508 1030 548 vero
1077 473 1208 559 non,
1249 508 1364 564 quae
1406 490 1691 561 di/Terentia
1724 499 1831 556 est,
1869 491 1932 543 de
1960 492 2014 552 Α
2039 492 2185 546 enim
2212 506 2401 548 verum
2434 503 2519 549 est
2547 494 2752 564 dicere,
2784 500 3038 569 quoniam
3069 506 3121 556 et
3145 494 3343 555 animal
3370 502 3426 556 ει
3448 496 3625 570 bipes,

345 588 551 642 nomine
570 588 707 641 enim
728 602 901 642 verum
925 595 1001 641 est
1020 587 1205 649 dicere,
1236 594 1282 639 et
1312 593 1457 638 extra
1483 584 1696 647 animai,
1724 590 1769 636 et
1791 590 1938 635 extra

345 681 509 752 bipes,
538 691 587 734 et
618 682 725 733 lucc
763 687 817 733 ut
848 693 1025 733 unum.
1056 676 1124 731 Et
1146 678 1421 741 hominem,
1448 683 1496 730 et
1523 673 1718 739 album,
1752 682 1797 726 et
1830 671 1940 726 haec

346 781 403 825 ut
449 788 630 827 unum.
668 769 774 827 Sed
801 785 901 825 non
940 774 983 823 si
1025 768 1336 823 citharoedus
1364 777 1465 833 est,
1498 777 1543 820 et
1578 766 1738 821 bonus
1772 773 1849 819 est
1891 773 1941 819 et

349 863 657 919 citharoedus
680 863 858 918 bonus.
888 862 949 918 Si
971 864 1105 917 enim
1131 862 1376 933 quoniam
1401 861 1702 915 alterutrum
1727 860 1937 924 dicitur,

350 972 402 1027 et
447 973 717 1030 utrumque
743 961 958 1025 dicetur,
1003 959 1165 1013 multa
1196 955 1601 1012 inconvenientia
1641 965 1810 1008 erunt.
1862 952 1941 1007 De

354 1055 555 1109 nomine
594 1056 729 1108 enim
754 1068 929 1107 rerum
953 1061 1029 1106 est
1058 1060 1103 1105 et
1125 1052 1379 1105 hominem
1420 1056 1467 1103 et
1514 1048 1684 1102 album
1734 1048 1937 1113 dicere,

350 1162 508 1216 quare
529 1155 581 1200 et
619 1160 787 1200 omne.
821 1142 1025 1198 Rursus
1069 1146 1114 1198 si
1142 1144 1337 1209 album,
1370 1152 1417 1195 et
1449 1158 1613 1195 omne.
1649 1138 1822 1208 Quare
1844 1139 1943 1192 erit

355 1240 499 1294 homo
521 1238 692 1307 albus,
716 1251 763 1295 et
793 1240 889 1294 Itoc
910 1242 962 1293 in
990 1239 1267 1309 inﬁnitum.
1308 1237 1371 1291 Et
1394 1254 1573 1291 rursus
1598 1238 1819 1291 musicus
1862 1236 1944 1290 al-

353 1331 446 1389 bus
497 1334 805 1399 ambulans,
832 1343 879 1387 et
924 1336 1032 1387 Ittzc
1068 1333 1266 1399 eadem.
1280 1333 1564 1403 frequenter
1598 1331 1847 1400 implicita
1890 1331 1944 1383 in

353 1427 635 1497 inﬁnitum.
672 1427 910 1493 Amplius
946 1427 991 1480 si
1016 1426 1255 1481 Socrates
1274 1467 1291 1491 ,
1323 1424 1562 1479 Socrates
1591 1432 1662 1475 est
1688 1430 1733 1475 et
1765 1420 1941 1488 homo,

353 1527 402 1574 et
446 1518 686 1575 Socrates
729 1517 970 1573 Socrates
1011 1518 1182 1571 homo.
1231 1514 1297 1569 Et
1343 1516 1387 1569 si
1410 1514 1560 1569 homo
1600 1524 1647 1566 et
1695 1513 1866 1583 bipes,
1895 1522 1943 1566 et

354 1609 509 1664 homo
536 1611 687 1663 homo
713 1610 874 1681 bipes.

429 1700 591 1755 Multa
635 1709 761 1753 sunt
802 1714 920 1769 qua:
961 1713 1082 1753 cum
1133 1698 1439 1767 singulatim
1481 1712 1609 1753 vere
1654 1695 1944 1766 praedicen-

356 1799 463 1859 tur,
496 1792 542 1843 si
585 1794 704 1858 quis
732 1803 793 1845 ea
822 1791 1109 1861 coniungat
1139 1797 1194 1844 et
1226 1790 1496 1856 praedicet,
1532 1802 1717 1844 veram
1752 1787 1945 1857 prtrdi-

2045 598 2230 639 rursus
2256 585 2511 655 quoniam
2543 588 2741 643 animal
2779 588 2959 658 bipes,
2987 605 3171 646 verum
3211 598 3295 647 est
3331 588 3400 646 de
3436 589 3630 647 eodem

2044 675 2262 731 homine
2313 677 2493 734 dicere
2517 719 2533 745 ,
2590 687 2647 733 ut
2694 679 2761 735 de
2802 682 3023 737 Socrate
3048 724 3062 745 ,
3109 682 3176 737 de
3202 682 3390 739 eodem
3415 696 3632 754 quoque

2041 765 2267 859 Socrate
2296 778 2351 825 et
2382 770 2654 826 hominem
2691 780 2848 827 extra
2888 781 2945 828 et
2964 773 3142 828 album
3166 772 3212 827 si
3234 773 3303 829 ita
3340 776 3629 846 contingit,

2044 874 2231 915 verum
2273 872 2355 916 est
2406 861 2619 929 dicere,
2671 872 2726 918 et
2754 863 2820 919 de
2860 865 3049 919 eodem
3095 863 3383 934 prmdicare
3431 863 3633 922 animai

2044 952 2224 1024 bipes,
2266 969 2298 1009 a
2341 956 2565 1011 veritate
2592 972 2695 1011 non
2728 956 3035 1029 discrepat,
3089 965 3249 1025 atque
3276 955 3392 1012 haec
3417 957 3633 1027 quidem

2044 1056 2165 1114 quae
2189 1055 2341 1100 extra
2386 1047 2659 1119 sigillatim
2685 1049 3048 1118 pradicantur
3074 1062 3201 1104 vere
3227 1058 3281 1103 et
3297 1048 3483 1118 juncta
3507 1063 3633 1105 vera

2046 1148 2191 1192 sunt.
2222 1139 2374 1206 Quod
2421 1142 2463 1194 si
2494 1139 2561 1195 de
2589 1142 2770 1212 aliquo
2802 1142 3143 1211 praedicetur,
3174 1140 3427 1213 quoniam
3466 1140 3636 1196 citha-

2046 1233 2230 1288 rmdus
2271 1242 2385 1300 est,
2432 1245 2487 1290 et
2519 1252 2704 1291 verum
2737 1240 2826 1291 sit.
2864 1238 2930 1292 Et
2965 1254 3153 1293 rursus
3183 1237 3435 1308 quoniam
3463 1234 3639 1295 bonul

2046 1332 2157 1391 est,
2202 1332 2255 1380 et
2280 1340 2464 1380 verum
2498 1327 2597 1393 sit,
2633 1340 2737 1383 non
2791 1344 3013 1385 necesse
3053 1337 3137 1385 est
3175 1328 3356 1386 dicere
3385 1328 3639 1400 quoniam

2047 1411 2219 1469 bonus
2240 1415 2571 1473 citharoedus
2592 1429 2693 1473 est.
2717 1420 2899 1476 Potest
2915 1423 3057 1477 enim
3080 1436 3201 1478 esse
3224 1418 3438 1491 quidem
3460 1420 3638 1476 solum

2048 1507 2411 1577 citharmdus,
2445 1509 2619 1565 bonus
2645 1520 2824 1567 autem
2864 1514 3056 1581 homo,
3103 1513 3377 1582 hucusque
3419 1511 3637 1581 quidem

2049 1592 2150 1653 ista
2199 1600 2480 1669 disposuit.
2528 1602 2791 1669 Quoniam
2835 1615 3014 1660 autem
3064 1604 3385 1660 videbantur
3422 1603 3639 1673 quidam

2050 1682 2299 1749 arbitrari
2337 1696 2478 1766 quod
2509 1695 2689 1751 omnia
2748 1712 2868 1767 quae
2906 1697 3177 1768 sigillatim
3211 1711 3343 1753 vere
3381 1695 3641 1767 praedica-

2051 1796 2261 1855 rentur,
2319 1787 2510 1844 eadem
2538 1800 2751 1860 quoque
2781 1789 3081 1861 composita
3128 1801 3272 1847 recte
3311 1790 3641 1857 dicerentur,

356 1885 621 1939 cationem
672 1893 875 1939 tenent.
924 1882 1061 1938 Sunt
1106 1893 1283 1939 autem
1331 1884 1433 1939 alia
1486 1899 1628 1952 quia,
1676 1884 1718 1937 si
1761 1896 1856 1952 per
1888 1895 1947 1937 se
1977 1876 2027 1939 Β
2056 1888 2246 1933 contra
2266 1878 2368 1936 bos
2389 1880 2790 1949 dicitquoniam
2824 1882 3640 1949 multa'eruntinconvenientia,

358 1982 413 2029 ει
448 1974 718 2044 disjuncta
748 1973 1127 2044 prmdicentur,
1178 1988 1301 2029 vera
1330 1983 1453 2029 sunt
1479 1990 1493 2039 ;
1542 1975 1625 2028 sin
1656 1988 1783 2028 vero
1812 1988 1945 2029 con-

356 2068 538 2138 juncta
588 2068 855 2135 dicantur,
910 2068 1191 2124 veritatem
1235 2069 1289 2124 in
1332 2069 1713 2138 praedicatiotte
1746 2084 1850 2123 non
1891 2080 1950 2125 re

360 2167 581 2226 tenent;
628 2174 747 2229 quae
787 2175 917 2231 ergo
972 2162 1042 2215 sit
1100 2162 1289 2217 horum
1347 2161 1681 2229 diﬂ'erentia,
1739 2156 1951 2230 Oportet

357 2253 596 2319 agnosci.
629 2250 685 2305 Si
732 2252 853 2321 quis
891 2252 1034 2306 enim
1084 2253 1261 2318 dicat,
1313 2253 1563 2309 Socrates
1605 2254 1803 2308 animal
1832 2262 1945 2322 est,

358 2356 543 2398 verum
591 2343 821 2410 dixerit;
854 2345 897 2399 si
946 2346 1065 2415 quis
1105 2359 1291 2401 rursus
1348 2346 1636 2416 prtedicet,
1693 2345 1948 2417 quoniam

357 2434 607 2491 Socrates
642 2436 794 2505 bipes
824 2446 936 2502 est,
969 2437 1071 2493 hoc
1112 2452 1326 2508 quoque
1363 2452 1551 2494 verum
1577 2449 1690 2503 est;
1735 2453 1858 2510 quae
1900 2437 1949 2494 si

360 2532 647 2597 coiijuncta
670 2531 934 2595 dicantur,
951 2537 1009 2584 ut
1033 2539 1137 2596 est,
1159 2530 1412 2587 Socrates
1432 2531 1630 2586 animal
1659 2531 1811 2601 bipes
1838 2538 1946 2600 est,

361 2636 393 2676 a
422 2623 637 2691 propria
663 2623 889 2678 veritate
914 2638 1020 2679 non
1049 2624 1354 2695 discrepat,
1396 2634 1559 2695 atque
1589 2625 1704 2679 haec
1729 2624 1948 2694 quidem

362 2716 413 2770 in
436 2729 635 2785 genere
664 2724 721 2773 et
747 2714 1070 2778 diil‘erentia.
1101 2732 1165 2773 ea
1186 2731 1307 2789 quas
1328 2717 1696 2773 substantialis
1736 2725 1822 2771 est
1850 2717 1950 2770 So-

363 2812 521 2866 crati.
538 2811 691 2878 ρυοά
705 2812 748 2867 si
763 2811 830 2867 de
844 2811 1123 2867 accidente
1137 2827 1349 2881 quoque
1362 2812 1590 2875 dicatur,
1612 2817 1787 2880 potest
1804 2809 1946 2864 idem

362 2902 715 2957 nihilominus
736 2904 977 2959 evenire.
1002 2905 1056 2958 Si
1088 2904 1208 2973 quis
1237 2903 1380 2959 enim
1402 2902 1479 2957 sic
1506 2902 1669 2968 dicat,
1697 2901 1949 2957 Socrates

361 2995 524 3048 homo
552 3004 657 3060 est,
695 3009 882 3050 verum
906 3004 1020 3058 est,
1051 3006 1105 3049 et
1125 3009 1312 3049 rursus
1350 2997 1600 3051 Socrates
1626 2994 1814 3049 calvus
1841 2999 1945 3060 est,

362 3083 463 3139 hoc
484 3099 699 3156 quoque
710 3099 894 3140 verum
907 3095 1011 3153 est;
1033 3086 1176 3157 quod
1198 3086 1242 3140 si
1262 3086 1450 3156 jungat
1469 3085 1679 3152 dicens,
1697 3086 1948 3142 Socrates

361 3178 528 3231 homo
554 3178 736 3232 calvus
762 3186 879 3243 est,
910 3193 1092 3233 veram
1123 3193 1312 3233 rursus
1360 3193 1426 3233 ex
1455 3177 1761 3249 conjunctis
1792 3178 1950 3233 faciet

2056 1972 2336 2042 multaque
2368 1972 2714 2043 impossibilia
2736 1980 2880 2039 sunt,
2910 1975 2954 2029 si
2985 1974 3104 2045 quis
3124 1974 3273 2030 dicat
3314 1986 3473 2028 σωιιε
3499 1971 3640 2043 quod

2057 2062 2333 2132 sigillatim
2393 2063 2716 2135 prrcdicatur
2766 2065 3063 2134 veraciter,
3122 2064 3174 2121 id
3221 2065 3464 2136 junctum
3517 2077 3640 2121 vera

2059 2156 2361 2227 praedicari.
2422 2158 2499 2214 De
2528 2157 2745 2214 homine
2774 2160 2916 2214 enim
2946 2174 3133 2215 verum
3162 2167 3244 2214 est
3284 2158 3463 2214 dicere
3505 2141 3640 2226 quo-

2058 2252 2201 2305 niam
2237 2251 2399 2307 homo
2426 2260 2525 2316 εει,
2560 2265 2682 2307 nam
2711 2251 2781 2309 de
2807 2252 3027 2309 Socrate
3055 2251 3145 2324 qui
3177 2253 3337 2309 homo
3376 2260 3481 2317 est,
3516 2265 3640 2307 vere

2055 2340 2254 2397 dicitur
2298 2344 2548 2414 quoniam
2598 2344 2758 2399 homo
2786 2352 2905 2408 est,
2957 2358 3144 2400 rursus
3174 2343 3240 2400 de
3279 2343 3467 2399 eodem
3514 2355 3641 2398 vere

2058 2433 2161 2489 dici
2192 2443 2371 2505 potest
2399 2438 2652 2507 quoniam
2692 2437 2845 2492 albus
2874 2446 2976 2493 est.
3006 2438 3183 2504 Quare
3220 2445 3274 2493 et
3302 2440 3344 2493 si
3388 2435 3642 2505 hmcjun-

2054 2541 2167 2598 gas,
2193 2537 2248 2583 et
2274 2538 2329 2583 ut
2358 2544 2520 2585 unum
2545 2529 2826 2601 praedices,
2853 2544 3039 2587 verum
3064 2540 3145 2587 est
3172 2532 3351 2587 dicere
3373 2531 3642 2607 dealiquo

2054 2618 2273 2676 homine
2298 2621 2550 2691 quoniam
2575 2621 2737 2678 homo
2761 2623 2914 2679 albus
2936 2633 3047 2691 est;
3076 2624 3170 2680 sed
3198 2627 3357 2680 homo
3381 2624 3471 2693 qui
3493 2622 3644 2678 altius

2055 2720 2179 2778 est,
2211 2724 2400 2767 verum
2452 2723 2537 2769 est
2581 2714 2763 2772 dicere
2814 2716 2883 2770 de
2926 2731 2992 2771 eo
3040 2718 3291 2785 quoniam
3332 2718 3484 2770 albus
3537 2720 3643 2770 est.

2054 2800 2231 2871 Quare
2260 2805 2468 2859 etiamsi
2497 2808 2611 2860 haec
2633 2805 2849 2877 iungas,
2879 2806 2982 2861 erit
3025 2807 3358 2876 praedicatio,
3393 2809 3645 2863 Socrates

2056 2889 2219 2945 homo
2248 2890 2402 2945 albus
2448 2891 2602 2947 albus
2631 2900 2733 2958 est,
2772 2906 2895 2946 nam
2925 2892 2993 2946 de
3030 2893 3254 2947 Socrate
3293 2906 3479 2947 verum
3528 2900 3644 2948 erat

2054 2980 2237 3037 dicere
2262 2984 2514 3053 quoniam
2544 2983 2705 3039 homo
2726 2984 2882 3039 albus
2900 2996 3013 3052 est;
3055 2987 3149 3040 sed
3172 2986 3239 3040 de
3272 2984 3491 3040 homine
3519 2982 3645 3038 albo

2056 3086 2242 3129 verum
2272 3084 2357 3130 est
2384 3076 2563 3130 dicere
2588 3077 2843 3164 quoniam
2867 3077 3021 3132 albus
3046 3084 3157 3142 est,
3187 3077 3303 3131 haec
3331 3076 3639 3145 conjuncta,

2056 3166 2310 3222 Socrates
2343 3166 2503 3221 homo
2533 3166 2687 3223 albus
2730 3162 2884 3223 albus
2910 3172 2997 3223 est
3038 3167 3265 3234 iaciunt;
3297 3168 3440 3238 quod
3479 3167 3523 3223 si
3574 3167 3643 3224 de

361 3268 822 3337 praedicationem.
854 3273 1027 3339 Atque
1051 3270 1104 3324 in
1155 3270 1236 3324 his
1259 3269 1476 3339 quidem
1507 3284 1568 3324 ea
1599 3284 1719 3339 qua:
1749 3268 1947 3337 sigilla.
1974 3256 2024 3327 C
2055 3258 2245 3315 eodem
2279 3259 2496 3315 homine
2538 3260 2663 3315 albo
2690 3272 2876 3315 rursus
2926 3261 3106 3316 album
3136 3260 3428 3330 praedcare
3466 3259 3599 3315 velis
3626 3301 3643 3325 ,

364 3362 456 3433 tim
480 3363 1159 3431 veredicebantttr,juncta
1188 3363 1453 3417 veraciter
1480 3361 1768 3430 praedicata
1795 3370 1943 3417 sunt.

361 3455 494 3509 Sunt
514 3466 693 3509 autem
716 3456 882 3511 aliain
906 3456 1100 3525 quibus
1120 3455 1393 3528 sigillatim
1418 3456 1633 3524 quidem
1660 3453 1947 3523 pradicata

362 3562 484 3629 vera
504 3561 650 3617 sunt,
667 3552 850 3619 juncta
868 3565 998 3606 vero
1009 3551 1321 3621 qualitatem
1341 3549 1583 3604 veritatis
1598 3550 1873 3609 amittunt,
1894 3554 1950 3600 ut

362 3640 410 3697 si
429 3644 548 3710 quis
560 3642 724 3705 dicat,
750 3644 1002 3712 quoniam
1035 3642 1288 3696 Socrates
1311 3640 1484 3695 bonus
1513 3649 1617 3705 est,
1636 3650 1818 3693 verum
1843 3646 1947 3703 est,

362 3744 583 3798 rursus,
626 3734 877 3788 Socrates
921 3733 1252 3789 citharoedus
1298 3742 1415 3795 est,
1469 3732 1549 3786 sic
1595 3744 1807 3801 quoque
1850 3730 1953 3784 hoc

364 3840 547 3881 verum
577 3835 682 3881 est.
715 3825 842 3881 Haec
871 3825 1196 3899 conjungere
1241 3841 1345 3880 non
1385 3836 1609 3881 necesse
1637 3834 1742 3890 εει,
1788 3833 1844 3877 ιιι
1884 3824 1954 3877 sit

365 3931 578 3983 verum,
610 3918 862 3973 Socrates
888 3917 1063 3971 bonus
1098 3916 1422 3972 citharoedus
1448 3925 1552 3970 est.
1595 3914 1776 3970 Potest
1806 3913 1952 3969 enim

364 4007 543 4063 bonus
562 4009 777 4078 quidem
799 4022 921 4063 esse
942 4010 1124 4073 homo,
1156 4017 1350 4063 etcum
1374 4007 1444 4062 sit
1462 4006 1814 4079 citharoedus,
1845 4020 1951 4059 non

362 4113 542 4161 tamen
559 4119 681 4160 esse
712 4107 903 4169 bonus,
924 4103 1017 4159 sed
1039 4106 1091 4160 in
1116 4104 1219 4159 alia
1247 4103 1459 4173 quidem
1484 4119 1543 4158 re
1560 4102 1755 4167 bonus,
1781 4104 1831 4153 in
1851 4100 1952 4153 alia

362 4204 568 4251 tantum
590 4196 722 4250 artis
750 4196 892 4251 illius
917 4197 1182 4266 cognitor,
1206 4210 1310 4248 non
1345 4205 1524 4248 tamen
1541 4194 1596 4247 in
1620 4192 1733 4261 ipsa
1755 4190 1955 4259 periec-

363 4296 471 4343 tus.
499 4288 610 4343 Hoc
631 4294 812 4344 autem
840 4288 1045 4343 facilius
1076 4287 1169 4341 tali
1203 4285 1426 4355 liquebit
1454 4284 1722 4351 exemplo.
1751 4280 1809 4337 Si
1834 4281 1956 4351 quis

362 4381 508 4435 enim
527 4379 689 4448 dicat,
705 4381 952 4448 quoniam
968 4379 1216 4433 Tiberius
1239 4376 1515 4431 Gracchus
1536 4376 1707 4430 malus
1729 4383 1833 4437 est,
1865 4386 1956 4426 ve-

363 4484 486 4525 rum
499 4483 600 4534 est,
624 4484 809 4524 rursus
819 4470 1066 4525 Tiberius
1084 4469 1363 4533 Gracchus
1373 4476 1556 4523 orator
1574 4476 1680 4532 est,
1704 4466 1805 4520 hoc
1823 4478 1964 4533 qui».

363 4577 471 4633 que
487 4577 669 4618 verum
696 4572 807 4629 est;
827 4565 871 4617 si
887 4564 1219 4633 coniungens
1231 4562 1374 4616 dicat
1393 4578 1405 4615 :
1422 4560 1671 4616 Tiberius
1682 4559 1956 4613 Gracchus

364 4656 541 4711 malus
570 4667 751 4712 oratur
778 4666 881 4723 est,
918 4657 1051 4711 talso
1080 4656 1300 4725 dixerit,
1330 4655 1569 4725 Optimus
1595 4653 1739 4707 enim
1772 4662 1954 4705 oratur

363 4747 501 4816 fuit;
530 4749 622 4806 sed
649 4764 714 4804 ne
744 4751 865 4819 quis
892 4764 989 4804 nos
1022 4750 1094 4805 ita
1124 4750 1362 4804 dicentes
1384 4749 1631 4819 ignorare
1663 4755 1809 4816 putet
1832 4760 1954 4799 ora-

364 4849 497 4903 toris
514 4860 637 4904 esse
656 4848 1033 4903 dittinitiouem
1053 4849 1231 4901 virum
1250 4848 1448 4901 bonum
1465 4845 1677 4900 dicendi
1701 4846 1955 4913 peritum.

364 4924 479 4996 haec
504 4944 644 4996 dicta
674 4952 797 4996 sunt
822 4940 889 4996 ad
918 4941 1230 5009 exemplum
1263 4942 1442 5008 potius
1469 4951 1630 5007 quam
1664 4935 1729 4989 ad
1762 4934 1961 4989 verita-

363 5044 493 5092 tem.
517 5036 688 5105 Atque
711 5035 825 5089 hac
855 5033 1069 5102 quidem
1093 5032 1367 5101 proposita
1394 5028 1465 5083 ab
1486 5026 1783 5083 Aristoteie
1810 5032 1957 5091 sunt,

253 5146 263 5153 ‘
362 5137 516 5206 cujus
554 5140 605 5191 in
636 5146 780 5192 textu
826 5136 987 5189 verba
1032 5137 1111 5189 sic
1150 5138 1424 5187 constant.
1480 5128 1749 5197 Quoniam
1795 5141 1957 5191 vero,

362 5239 551 5308 inquit,
582 5237 695 5291 haec
717 5236 930 5307 quidem
965 5233 1329 5305 praedicantur
1351 5228 1677 5299 composita,
1702 5234 1767 5281 nt
1786 5240 1851 5280 ex
1878 5227 1962 5280 his

358 5344 525 5385 unum
576 5329 1061 5400 prtedicamentum‘
1097 5324 1224 5388 iiat,
1274 5336 1461 5377 eorum
1491 5334 1610 5390 qua:
1654 5327 1804 5374 extra
1834 5330 1963 5371 vere

359 5428 648 5501 prredicata
702 5436 848 5493 sunt,
878 5428 986 5482 alia
1014 5441 1145 5481 vero
1170 5439 1291 5481 cum
1339 5431 1491 5479 extra
1526 5420 1798 5494 sigillatim
1837 5434 1963 5476 vere

360 5520 1016 5598 praedicareutur,.juncta
1039 5534 1221 5574 veram
1249 5527 1356 5571 non
1387 5514 1593 5570 faciunt
1625 5511 1957 5583 pradicatio—

360 5631 509 5677 nem.
559 5609 941 5680 lnquirendum
988 5617 1071 5664 est
1114 5624 1235 5678 quae
1291 5621 1479 5662 eorum
1510 5607 1581 5660 sit
1618 5602 1956 5672 diﬂ‘erentia,

359 5706 611 5777 exempla
636 5711 813 5757 autem
841 5702 1031 5756 horum
1054 5699 1177 5754 talia
1208 5708 1351 5755 sunt.
1375 5698 1573 5757 Eorum
1597 5695 1814 5768 quidem
1838 5710 1956 5766 quas

358 5815 505 5857 extra
539 5798 903 5871 praedicantur
931 5808 1086 5861 vere,
1122 5808 1220 5849 nec
1251 5795 1293 5847 si
1326 5790 1611 5863 conjuncta
1647 5799 1771 5846 sunt
1800 5799 1956 5845 natu-

359 5909 477 5967 ram
501 5890 747 5953 veritatis
762 5889 1035 5959 amittunt.
1066 5888 1169 5945 tale
1192 5887 1494 5958 exemplum
1516 5895 1620 5958 est,
1644 5886 1712 5943 de
1734 5885 1953 5943 homine

2057 3366 2240 3407 verum
2264 3362 2381 3418 est;
2405 3354 2654 3422 quocirca
2681 3361 2735 3407 et
2762 3354 2807 3407 si
2830 3354 3044 3422 jungas,
3072 3353 3177 3408 erit
3202 3351 3361 3422 igitur
3387 3350 3644 3421 praedica-

2056 3445 2153 3510 tio,
2171 3444 2333 3501 bomo
2356 3445 2673 3500 alhusalbus
2688 3445 2838 3500 albus
2859 3460 2963 3513 εει,
2982 3454 3143 3516 atque
3156 3446 3327 3500 hocin
3351 3444 3640 3498 inlinitum.

2056 3537 2265 3594 Rursus
2308 3540 2352 3593 si
2394 3540 2514 3609 quis
2542 3538 2610 3594 de
2636 3538 2818 3609 aliquo
2840 3538 3060 3593 homine
3086 3540 3231 3594 dicat
3268 3540 3519 3609 quoniam
3553 3535 3645 3591 ille

2056 3637 2218 3693 homo
2267 3639 2502 3694 musicus
2533 3649 2634 3706 est,
2670 3639 2715 3694 si
2758 3650 2943 3694 verum
2975 3639 3116 3694 dicat
3148 3637 3470 3709 adjiciatque
3509 3651 3645 3708 quo-

2054 3732 2198 3785 niam
2222 3730 2363 3786 idem
2397 3731 2557 3785 homo
2583 3733 2865 3786 ambulms
2906 3740 3010 3797 est,
3046 3746 3230 3787 verum
3263 3731 3412 3799 dicit,
3446 3733 3489 3786 si
3515 3729 3643 3801 jun-

2053 3832 2143 3893 gat
2166 3822 2417 3892 quoniam
2450 3824 2540 3879 ille
2573 3822 2734 3878 homo
2760 3825 3040 3879 ambulans
3072 3826 3305 3879 musicus
3328 3835 3431 3879 est.
3464 3824 3569 3879 Sed
3601 3824 3646 3882 εἰ

2055 3930 2241 3970 verum
2270 3928 2355 3971 est
2380 3915 2448 3971 de
2478 3916 2656 3984 aliquo
2688 3918 2903 3971 homine
2928 3916 3221 3985 prmdicare
3249 3918 3393 3986 quod
3419 3919 3491 3970 sit
3527 3932 3645 3971 am-

2057 4008 2246 4063 bulans
2276 4012 2542 4073 musicus,
2574 4010 2641 4062 de
2684 4008 2988 4061 ambulante
3017 4016 3193 4062 autem
3228 4009 3432 4063 musico
3460 4024 3644 4064 verum

2057 4108 2143 4155 est
2169 4101 2353 4155 dicere
2382 4103 2632 4171 quoniam
2664 4103 2899 4153 musicus
2923 4108 3005 4154 est
3029 4144 3043 4168 ,
3082 4100 3180 4154 erit
3214 4098 3305 4153 ille
3342 4099 3504 4152 homo
3534 4114 3645 4154 am-

2059 4192 2252 4248 bulans
2282 4192 2519 4247 musicus
2564 4194 2833 4260 musicus,
2875 4194 2968 4248 sed
3017 4193 3087 4249 de
3113 4196 3302 4249 eodem
3332 4208 3518 4248 verum
3569 4203 3649 4255 est

2058 4293 2243 4350 dicere
2280 4294 2531 4365 quoniam
2578 4294 2859 4349 ambulans
2908 4305 3019 4362 est,
3054 4311 3237 4352 verum
3267 4296 3368 4350 erit
3400 4295 3557 4366 igitur
3584 4274 3647 4351 de
3714 4328 3736 4343 -

2060 4411 2126 4450 eo
2153 4412 2339 4450 rursus
2367 4396 2547 4451 dicere
2578 4398 2834 4466 quoniam
2880 4397 3039 4451 homo
3068 4399 3348 4453 ambulans
3376 4395 3648 4455 ambulant

2064 4491 2300 4544 musicus
2343 4492 2577 4544 musicus
2609 4502 2707 4544 est.
2739 4492 2984 4561 Amplius
3014 4507 3228 4562 quoque
3254 4493 3503 4546 Socrates
3554 4491 3653 4545 So-

2062 4592 2236 4637 crates
2287 4591 2363 4637 est
2384 4623 2400 4649 ,
2428 4592 2483 4637 et
2513 4599 2698 4636 rursus
2728 4585 2922 4646 homo,
2952 4584 3051 4637 erit
3080 4584 3237 4652 igitur
3269 4584 3520 4639 Socrates
3556 4581 3654 4637 So~

2067 4685 2242 4730 crates
2294 4677 2493 4738 homo;
2545 4676 2637 4729 sed
2693 4686 2747 4731 et
2800 4676 2989 4745 bipes,
3041 4678 3143 4730 erit
3197 4677 3358 4746 igitur
3408 4678 3656 4736 Socrates

2073 4770 2325 4824 Socrates
2349 4766 2510 4821 homo
2534 4767 2711 4833 bipes;
2752 4768 2847 4823 sed
2883 4767 2948 4821 de
2981 4767 3204 4823 Socrate
3242 4785 3427 4822 verum
3458 4779 3540 4823 cst
3579 4758 3633 4822 di

2074 4877 2200 4916 cere
2231 4862 2479 4932 quopiam
2506 4862 2752 4916 Socrates
2784 4863 2943 4915 homo
2974 4862 3122 4931 bipes
3154 4873 3257 4929 est,
3286 4860 3378 4917 scd
3407 4879 3525 4917 cum
3551 4862 3657 4922 dixi

2077 4954 2348 5009 hominem
2373 4997 2388 5020 ,
2426 4953 2492 5008 de
2538 4969 2603 5009 eo
2627 4954 2736 5024 jam
2764 4964 2816 5007 et
2845 4955 3089 5023 bipedem
3121 4955 3231 5011 dixi
3256 5000 3269 5023 ,
3303 4955 3477 5009 omnis
3516 4954 3657 5029 enim

2080 5044 2243 5101 homo
2276 5048 2424 5115 bipes
2455 5056 2567 5112 est;
2594 5063 2776 5101 verum
2806 5056 2886 5101 est
2919 5064 3045 5118 ergo
3080 5047 3147 5101 de
3196 5064 3260 5102 eo
3304 5047 3481 5101 dicere
3530 5061 3656 5115 qun.

2075 5142 2219 5195 uiam
2280 5140 2428 5213 bipes
2473 5154 2587 5206 est,
2643 5144 2737 5196 sed
2782 5157 2963 5197 verum
3009 5151 3127 5197 erat
3174 5143 3355 5196 dicere
3406 5139 3656 5209 quoniam

2076 5233 2325 5287 Socrates
2350 5234 2598 5290 SOt-rates
2624 5235 2781 5287 homo
2811 5234 2960 5303 bipes
2990 5245 3103 5297 est;
3135 5249 3255 5286 vera
3284 5232 3440 5300 igitur
3473 5230 3656 5299 piil‘tii'

2075 5325 2216 5380 catio
2246 5325 2378 5390 erit,
2406 5330 2654 5379 Socrates
2697 5326 2943 5379 Socrates
2982 5323 3130 5392 bipes
3154 5324 3319 5392 bipes
3362 5325 3524 5375 homo
3553 5330 3655 5379 e-t.

2076 5416 2181 5472 Sed
2232 5431 2417 5473 rursus
2447 5415 2719 5470 hominem
2771 5414 2907 5479 dixi,
2955 5414 3188 5480 atquein
3225 5427 3289 5467 eo
3316 5413 3458 5465 aliud
3511 5412 3655 5480 bipes

2075 5510 2380 5577 nominavi,
2434 5509 2607 5564 omnis
2650 5509 2790 5562 enim
2842 5506 3003 5561 homo
3051 5505 3201 5575 bipes
3247 5514 3350 5561 est.
3405 5506 3655 5561 Socrates

2069 5602 2232 5675 igitur
2255 5602 2414 5657 homo
2451 5603 2600 5672 bipes
2630 5601 2778 5671 bipes
2808 5600 2962 5669 bipes
2985 5609 3086 5664 est,
3112 5609 3167 5654 et
3193 5600 3292 5653 hoc
3313 5598 3364 5653 in
3384 5597 3649 5654 inﬁnitum

2070 5709 2338 5768 protracto
2368 5697 2631 5767 superﬂua
2671 5695 2969 5765 loquacitas
3000 5694 3301 5760 invenitur;
3350 5710 3457 5750 non
3497 5692 3656 5767 igitur

2066 5791 2179 5847 fieri
2214 5798 2390 5861 potest
2430 5798 2485 5844 ut
2536 5786 2706 5843 modis
2740 5786 2992 5845 omnibus
3038 5786 3297 5858 quidquid
3329 5798 3482 5843 extra
3521 5786 3658 5849 diei.

2064 5876 2171 5951 tur,
2204 5878 2256 5940 id
2272 5881 2518 5959 junctum
2541 5894 2667 5938 vere
2694 5870 3036 5953 praedicetur.
