4270 6266
641 408 747 468 575

1890 395 2001 451 AN.
2044 394 2251 451 MANL.
2295 392 2445 448 SEV'.
2489 389 2707 447 BOETII

3818 390 3923 457 5'76

723 522 975 588 Quouiam
1000 529 1119 585 ergo
1142 516 1185 567 si
1204 528 1320 582 quis
1366 511 1667 581 simpliciter
1687 512 1823 563 dicat
1846 508 2225 577 complexiones
2254 514 2301 573 Α
2331 510 2601 575 accidens,
2630 510 2840 575 quoties
2880 516 2969 562 aut
3012 506 3307 585 accidentia
3346 506 3454 561 duo
3494 506 3573 579 de
3592 506 3880 564 substantia
3900 556 3915 575 ,

645 615 777 685 ﬁeri,
800 611 1023 685 plurima
1050 605 1456 660 inconvenientia
1495 604 1744 673 contingit
1765 601 1954 663 dicere,
1981 600 2223 670 manifes-

2329 609 2421 655 aut
2446 599 2696 655 accidens
2726 598 2795 654 de
2838 599 3100 655 accidenti
3126 600 3352 670 alicujus
3376 600 3701 671 substantia:
3720 604 3921 672 prrcdi-~

642 720 748 764 tam
802 712 893 758 est.
942 698 1385 765 Quemadmodum
1425 707 1595 751 autem
1645 693 1932 763 ponendam
1980 692 2045 744 sit
2093 705 2225 743 nunc
2327 700 2506 757 catur;
2548 691 2650 745 alia
2700 705 2832 747 vero
2887 707 2993 746 non
3049 690 3342 748 secundum
3398 692 3667 761 accidens,
3715 694 3920 765 quoties

641 799 882 851 dicimus.
920 792 1117 847 Eorum
1146 792 1300 862 igitur
1330 802 1442 861 qu'w
1462 786 1831 860 praedicantur,
1862 794 1908 837 et
1943 783 2005 837 de
2046 782 2228 853 quibus
2326 784 2525 855 aliquid
2554 782 2623 839 de
2664 783 2843 855 aliquo
2875 783 3299 865 subatantialiter
3328 783 3542 840 dicitur.
3577 785 3775 840 Eorum
3825 787 3919 855 igi-

641 890 990 963 pnedicantur
1017 899 1325 956 quacunque
1361 880 1643 936 secundum
1684 877 1919 932 accidens
1967 877 2251 943 dicuntur},

642 982 717 1035 vel
746 980 811 1034 de
840 980 1017 1034 eodem
1036 1023 1051 1046 ,
1102 976 1182 1030 vel
1225 976 1444 1030 alterum
1475 974 1538 1028 de
1566 974 1761 1035 altero,
1790 970 1897 1023 hrcc
1932 984 2034 1023 non
2080 977 2230 1023 erunt

644 1087 826 1138 unum,
851 1081 905 1125 ut
936 1054 1088 1123 hoino
1108 1068 1256 1121 albus
1296 1074 1373 1142 est
1403 1073 1452 1119 et
1487 1063 1731 1126 musicus,
1758 1060 1849 1115 sed
1874 1076 1975 1114 non
1995 1069 2069 1114 est
2095 1060 2231 1113 idem

645 1163 897 1217 musicum
936 1170 983 1217 et
1014 1160 1220 1221 album;
1248 1154 1533 1210 accidentia
1578 1154 1713 1207 enim
1750 1163 1870 1205 sunt
1900 1161 2113 1221 utraque
2159 1152 2229 1204 ei-

647 1254 781 1321 dem,
814 1269 904 1308 nec
946 1255 992 1306 si
1012 1250 1184 1306 album
1232 1250 1481 1302 musicum
1522 1261 1693 1299 verum
1718 1251 1792 1299 est
1824 1244 2020 1308 dicere,
2065 1254 2229 1297 tamen

647 1347 743 1403 erit
765 1345 937 1400 album
965 1345 1214 1397 musicum
1242 1356 1401 1394 unum
1427 1338 1648 1410 aliquid,
1678 1338 1957 1392 secundum
1995 1335 2231 1391 accidens

649 1443 782 1497 enim
810 1440 981 1493 album
1014 1437 1277 1497 musicum
1310 1434 1521 1489 dicitur.
1572 1431 1746 1499 Quare
1780 1445 1881 1483 non
1924 1428 2019 1483 erit
2058 1425 2233 1482 album

650 1534 901 1586 musicum
924 1546 1085 1583 unum
1111 1528 1333 1598 aliquid,
1358 1526 1599 1595 quocirca
1628 1538 1720 1576 nec
1741 1519 2050 1575 citharoedus
2076 1520 2233 1573 bonus

650 1623 963 1693 simpliciter,
983 1624 1071 1675 sed
1100 1620 1293 1673 animal
1316 1619 1476 1688 bipes,
1509 1631 1613 1669 non
1643 1614 1784 1668 enim
1811 1620 1931 1665 sunt
1955 1611 2233 1665 secundum

650 1714 903 1768 accidens.
930 1713 1160 1782 Amplius
1183 1726 1272 1765 nec
1292 1721 1605 1779 quacunque
1634 1705 1809 1758 insunt
1834 1704 1885 1756 in
1906 1703 2031 1757 alio.
2064 1702 2236 1766 Quare

651 1823 811 1877 neque
837 1806 1010 1859 album
1036 1806 1346 1875 frequenter,
1371 1814 1530 1870 neque
1552 1799 1726 1865 homo,
1759 1796 1909 1850 homo
1937 1792 2130 1847 animal
2160 1802 2233 1877 est

650 1872 735 1957 υεὶ
760 1885 927 1967 bipes;
951 1872 1068 1955 sunt
1096 1872 1231 1952 enim
1260 1897 1311 1950 in
1335 1894 1540 1949 homine
1567 1890 1761 1946 animal
1782 1898 1829 1944 et
1860 1890 2022 1958 bipes.
2222 1872 2225 1879 ’

724 2004 853 2069 Quae
879 2002 1128 2073 superius
1147 1997 1560 2069 comprehendit
1577 2038 1592 2065 ,
1632 2010 1695 2051 ea
1726 2008 1868 2049 nunc
1896 1990 2238 2063 apertissima

656 2096 865 2150 ratione
904 2095 1226 2149 determinat
1254 2090 1460 2155 dicens,
1493 2090 1560 2143 de
1582 2087 1665 2143 his
1692 2086 1825 2141 solis
1865 2092 2017 2141 extra
2046 2081 2242 2152 praedi-

656 2185 793 2241 catis
818 2186 1079 2239 veraciter
1107 2196 1214 2237 non
1251 2195 1410 2252 posse
1441 2192 1601 2234 unam
1646 2174 2083 2247 praedicationem
2124 2171 2241 2227 ﬁeri

655 2290 866 2341 veram,
906 2275 952 2329 si
975 2275 1260 2343 conjuncta
1289 2273 1430 2337 sint,
1461 2282 1793 2347 quaecunque
1822 2276 1915 2320 aut
1943 2264 2241 2320 accidentia

655 2379 780 2422 sunt
824 2366 1027 2436 eidem,
1068 2374 1159 2419 aut
1200 2377 1322 2418 cum
1372 2376 1536 2417 unum
1572 2359 1678 2425 alii
1721 2356 1947 2421 accidit,
1991 2354 2242 2410 accidens

656 2458 803 2512 aliud
830 2458 899 2512 de
926 2457 1023 2510 illo
1064 2454 1327 2511 accidenti
1368 2451 1706 2524 prtedicatur.
1751 2450 1809 2504 Si
1842 2450 1963 2518 quis
2004 2447 2147 2503 enim
2175 2447 2243 2502 de

656 2551 877 2604 Socrate
931 2548 1076 2602 dicat
1131 2532 1386 2616 quoniam
1442 2545 1691 2600 Socrates
1746 2540 2074 2596 cithartedus
2128 2549 2241 2607 est,

656 2653 845 2696 rursus
870 2639 1121 2691 Socrates
1148 2644 1317 2690 bonus
1340 2643 1451 2701 est,
1484 2634 1528 2689 si
1558 2643 1782 2701 utraque
1807 2646 1934 2687 vere
1961 2630 2240 2701 praedicet,

657 2730 766 2783 duo
794 2726 1088 2781 accidentia
1110 2725 1177 2779 de
1209 2738 1313 2778 uno
1340 2722 1585 2792 subjecto
1616 2722 1959 2791 praedicavit,
1984 2722 2035 2776 id
2069 2731 2151 2777 est
2176 2721 2245 2777 de

657 2821 900 2877 Socrate.
931 2820 1192 2888 Quocirca
1236 2833 1343 2872 non
1372 2825 1546 2887 potest
1577 2830 1644 2871 ex
1688 2814 1768 2868 his
1802 2816 1917 2871 ﬁeri
1956 2832 2058 2871 una
2106 2802 2244 2885 prte-

657 2894 877 2981 dicatio,
905 2923 962 2968 ut
990 2901 1217 2988 dicatur,
1261 2912 1510 2966 Socrates
1550 2906 1876 2963 cithartedus
1917 2908 2088 2963 bonus
2131 2918 2241 2973 est;

657 3022 844 3065 rursus
882 3009 928 3063 si
956 3007 1024 3062 de
1060 3009 1283 3077 Socrate
1333 3003 1649 3074 pradicetur
1695 2999 1953 3068 musicus,
1986 2999 2058 3053 sit
2100 3000 2243 3054 enim

657 3102 907 3158 Socrates
946 3099 1220 3163 musicus;
1264 3097 1331 3153 de
1378 3099 1583 3152 musico
1624 3105 1804 3151 autem
1848 3096 1895 3149 si
1922 3093 2245 3164 praedicetur

658 3193 829 3260 albus,
855 3204 910 3248 et
935 3192 1035 3247 hoc
1066 3190 1292 3247 fortasse
1319 3191 1390 3247 sit
1423 3203 1629 3255 verum,
1662 3202 1768 3243 non
1801 3196 1977 3243 tamen
2002 3184 2118 3256 jam'
2148 3200 2243 3242 ne-

658 3299 811 3341 cesse
840 3293 923 3339 est
951 3282 1213 3338 musicum
1240 3279 1419 3336 album
1451 3293 1591 3336 esse.
1624 3280 1680 3334 Si
1712 3278 1860 3334 enim
1897 3278 1969 3332 sit
2006 3276 2243 3332 musicus
2271 3270 2321 3339 C

656 3378 926 3440 Socrates,
948 3376 995 3429 si
1020 3374 1089 3428 de
1113 3373 1302 3429 eodem
1332 3373 1536 3429 musico
1557 3371 1713 3427 albus
1739 3370 2085 3439 pradicetur,
2106 3383 2242 3441 prse-

658 3469 865 3522 dicatur
911 3465 1127 3535 quidem
1170 3466 1238 3519 de
1292 3463 1514 3519 Socrate
1561 3463 1805 3532 subjecto
1853 3462 2125 3528 musicus,
2176 3462 2244 3518 de

660 3560 866 3616 musico
894 3570 1072 3613 autem
1103 3556 1247 3626 quod
1281 3565 1363 3611 est
1399 3554 1649 3629 accidens
1677 3554 1996 3623 praedicatur
2033 3554 2243 3622 album,

650 3666 840 3724 rursus
870 3650 1015 3705 aliud
1038 3650 1311 3727 accidens.
1342 3648 1482 3718 Ergo
1513 3661 1616 3702 non
1649 3655 1826 3716 potest
1855 3646 1943 3702 hic
1972 3660 2076 3701 una
2122 3628 2244 3701 ﬁeri

658 3760 781 3801 vera
821 3744 1136 3815 pr0positio,
1172 3752 1226 3798 ut
1253 3743 1498 3797 dicatur:
1533 3742 1785 3797 Socrates
1823 3741 1978 3796 albus
2009 3742 2244 3798 musicus

657 3847 768 3905 est,
795 3852 968 3907 neque
998 3837 1142 3892 enim
1184 3837 1397 3906 semper
1426 3832 1661 3890 musicus
1698 3833 1851 3889 albus
1880 3848 2002 3889 esse
2039 3841 2241 3903 potest,

658 3929 751 3984 sed
783 3928 919 3983 hanc
948 3935 1190 3997 naturam
1240 3926 1450 4005 habent.
1480 3924 1812 3992 accidentia,
1844 3932 1906 3979 ut
1947 3925 2163 3991 veniant
2192 3930 2247 3979 et

658 4022 941 4087 recedant;
973 4035 1101 4091 ergo
1144 4020 1192 4075 si
1237 4020 1352 4089 ejus
1400 4018 1491 4089 qui
1536 4019 1768 4074 musicus
1820 4016 1975 4071 albus
2023 4025 2142 4085 est,
2191 4015 2244 4070 in

656 4100 771 4172 sole
800 4116 991 4171 stantis
1018 4124 1196 4170 cutem
1229 4114 1381 4168 calor
1410 4110 1700 4167 fuscaverit
1720 4152 1736 4177 ,
1769 4126 1875 4165 non
1898 4111 2004 4166 erit
2031 4111 2243 4180 quidem

657 4211 809 4267 albus
845 4224 964 4264 cum
1004 4209 1074 4263 sit
1118 4208 1372 4261 musicus.
1422 4206 1681 4271 Quocirca
1732 4219 1904 4274 neque
1953 4213 2077 4258 tunc
2122 4217 2243 4257 cum

658 4315 787 4359 vere
810 4299 1220 4377 praedicabatur,
1242 4300 1496 4371 quoniam
1527 4298 1780 4352 Socrates
1829 4297 2064 4351 musicus
2092 4294 2245 4350 albus

559 4381 581 4397 ’
658 4407 772 4465 est,
815 4410 988 4466 neque
1030 4404 1155 4448 tunc
1185 4391 1283 4447 fuit
1326 4405 1450 4461 vera
1481 4399 1731 4458 rectaque
1774 4389 2102 4458 praedicatio,
2138 4403 2241 4442 non

660 4493 803 4545 enim
861 4490 1020 4544 habet
1063 4498 1308 4544 naturam
1340 4484 1685 4555 permanendi
1718 4483 1966 4538 accidens
2008 4492 2066 4538 ut
2102 4497 2243 4537 sem-

660 4597 755 4653 per
783 4596 906 4637 vere
939 4579 1281 4651 praedicetur.
1313 4576 1465 4633 ltatio
1488 4587 1665 4633 autem
1694 4578 1981 4633 verborum
2011 4577 2089 4631 sic
2116 4592 2243 4631 con-

2331 888 2418 934 tur
2446 893 2779 949 quaecunque
2812 877 3108 934 secundum
3149 877 3397 933 accidens
3426 878 3698 948 dicuntur,
3735 894 3921 947 eorum

2330 972 2415 1028 vel
2443 971 2489 1026 si
2519 970 2625 1026 duo
2654 980 2777 1025 sunt
2796 970 3117 1036 accidentia,
3141 970 3282 1026 etde
3312 970 3503 1027 eodem
3536 972 3919 1041 praedicantur,

2330 1062 2417 1118 vel
2443 1061 2489 1117 si
2516 1061 2741 1117 alterum
2772 1061 3020 1117 accidens
3058 1061 3125 1117 de
3156 1062 3327 1139 altero
3374 1062 3637 1118 accidenti
3687 1063 3919 1131 dicatur,

2330 1167 2396 1208 ex
2434 1153 2516 1208 bis
2566 1168 2671 1207 non
2706 1162 2881 1222 potest
2920 1167 3024 1207 una
3076 1152 3192 1208 ﬁeri
3235 1153 3561 1223 praedicatio,
3597 1169 3771 1226 neque
3812 1157 3919 1210 erit

2333 1257 2494 1297 unum
2523 1243 2567 1297 si
2594 1243 2778 1312 juncta
2809 1243 2946 1304 sint,
2983 1252 3039 1295 ut
3079 1243 3239 1297 homo
3266 1253 3319 1297 et
3353 1244 3509 1299 albus
3534 1252 3645 1311 est,
3674 1254 3729 1300 et
3757 1245 3925 1299 musi-

2332 1348 2449 1402 cus,
2472 1334 2650 1388 album
2672 1334 2815 1388 enim
2843 1335 3127 1400 musicum,
3150 1322 3403 1403 quoniam
3425 1337 3478 1391 in
3506 1350 3669 1390 unam
3692 1338 3922 1391 formam

2336 1441 2442 1480 non
2482 1434 2839 1492 concurrunt,
2876 1440 2979 1479 non
3027 1426 3228 1481 faciunt
3275 1440 3433 1481 unam
3480 1412 3919 1495 prOpositionem.

2336 1518 2452 1574 Non
2482 1506 2625 1575 enim
2658 1517 2795 1574 idem
2822 1529 2904 1573 est
2924 1510 3101 1572 album
3128 1528 3182 1573 et
3208 1519 3503 1579 musicum,
3538 1529 3761 1588 utraque
3781 1523 3922 1577 enim

2337 1616 2510 1672 eidem
2539 1623 2665 1670 sunt
2692 1614 2984 1670 accidentia
3008 1656 3022 1678 ,
3055 1628 3159 1668 non
3196 1624 3371 1668 tamen
3400 1612 3543 1668 idem
3569 1623 3713 1668 sunt.
3744 1613 3852 1671 Nec
3879 1617 3924 1673 si

2337 1709 2519 1764 album
2561 1708 2630 1763 de
2672 1710 2877 1762 musico
2928 1706 3303 1785 przedicemus,
3346 1704 3399 1761 id
3432 1714 3517 1761 est
3563 1706 3815 1763 accidens
3858 1706 3925 1761 de

2337 1802 2627 1870 accidenti,
2659 1811 2715 1858 et
2743 1802 2844 1857 hoc
2876 1816 3057 1857 verum
3095 1802 3196 1877 sit,
3226 1815 3331 1855 non
3363 1810 3537 1855 tamen
3587 1814 3809 1855 necesse
3844 1809 3925 1855 est

2266 1899 2314 1962 Β
2341 1896 2395 1951 id
2422 1896 2565 1967 quod
2610 1896 2870 1951 musicum
2909 1904 2990 1949 est
3031 1909 3151 1949 esse
3193 1892 3413 1967 album,
3437 1906 3609 1962 neque
3649 1892 3791 1947 enim
3840 1901 3926 1948 est

2343 2003 2505 2057 unum
2532 1986 2751 2056 aliquid.
2781 1986 3101 2041 Accidenter
3120 1984 3265 2041 enim
3290 1984 3340 2038 id
3367 1983 3508 2054 quod
3538 1984 3796 2039 musicum
3843 1994 3925 2039 est

2340 2082 2521 2145 album
2552 2088 2662 2145 est;
2693 2078 2943 2150 quoniam
2984 2078 3127 2134 enim
3158 2077 3389 2147 idipsum
3430 2077 3519 2132 cui
3548 2077 3810 2131 musicum
3841 2090 3927 2130 ac-

2341 2173 2472 2230 cidit
2497 2172 2677 2229 album
2707 2181 2818 2241 est,
2846 2170 3044 2226 idcirco
3072 2170 3330 2227 musicum
3361 2168 3538 2224 album
3567 2168 3783 2224 dicitur.
3811 2168 3926 2225 Non

2345 2275 2430 2323 est
2470 2276 2645 2322 autem
2672 2266 2837 2341 idem
2884 2263 3146 2320 musicum
3186 2262 3389 2318 album.
3432 2261 3692 2330 Quocirca
3739 2262 3925 2316 eadem

2342 2346 2548 2415 ratione
2595 2368 2828 2427 tenetur,
2871 2367 2928 2413 ut
2966 2372 3071 2413 non
3118 2359 3286 2427 possit
3334 2356 3474 2411 idem
3516 2369 3636 2411 esse
3673 2354 3925 2410 citharae“-

2342 2460 2445 2517 dus
2489 2461 2682 2527 bonus,
2715 2475 2814 2515 nec
2862 2460 2916 2515 in
2949 2473 3113 2514 unum
3155 2470 3352 2526 corpus
3388 2455 3699 2524 conjuncta,
3727 2452 3927 2508 iaciant

2344 2569 2507 2629 unum
2538 2553 2775 2624 aliquid,
2806 2566 3111 2624 quanquam
3151 2549 3421 2620 sigillatim
3465 2562 3591 2604 vere
3628 2545 3927 2617 praedicen-

2345 2654 2452 2701 tur.
2482 2644 2634 2713 Quod
2674 2644 2721 2699 si
2759 2644 2882 2714 quis
2926 2642 3126 2713 aliquid
3170 2639 3596 2697 substantialiter
3637 2638 3924 2709 praedicet,

2344 2739 2583 2810 duasque
2623 2753 2709 2794 res
2739 2737 3010 2808 sigillatim
3049 2737 3219 2801 dicat,
3268 2742 3492 2805 possunt
3528 2735 3581 2788 in
3611 2747 3768 2788 unam
3799 2746 3927 2801 pro-

2346 2830 2664 2901 positionem
2714 2829 2912 2897 redire,
2936 2843 3052 2899 quae
3080 2826 3502 2883 substantialiter
3527 2839 3653 2882 vere
3676 2824 3931 2896 sejunctas

2345 2924 2739 2993 separatimque
2768 2931 3066 2991 ponuntur;
3095 2920 3257 2974 homo
3300 2921 3469 2984 enim,
3492 2933 3613 2974 cum
3654 2926 3711 2973 et
3737 2915 3931 2971 animal

2355 3018 2423 3072 sit
2449 3028 2503 3072 et
2532 3017 2706 3085 bipes,
2737 3026 2819 3072 est
2857 3016 3055 3071 animal
3087 3014 3258 3084 bipes,
3292 3022 3347 3069 et
3374 3012 3434 3068 ﬁt
3458 3030 3523 3069 ex
3556 3013 3640 3067 his
3671 3026 3773 3066 una
3798 3025 3931 3081 prte-

2345 3106 2562 3173 dicatio.
2587 3106 2719 3163 Nam
2751 3122 2923 3177 neque
2953 3107 3151 3162 animal
3189 3106 3482 3161 secundum
3513 3105 3764 3160 accidens
3792 3104 3930 3160 inest

2348 3200 2547 3257 homini
2577 3216 2676 3257 nec
2704 3201 2875 3271 bipes,
2904 3200 3044 3271 quod
3078 3203 3172 3270 per
3216 3201 3318 3255 hoc
3362 3200 3601 3255 ostendit
3640 3198 3778 3268 quod
3816 3199 3931 3265 ait,

2349 3294 2445 3349 sed
2474 3294 2670 3349 animal
2709 3293 2894 3365 bipes;
2928 3308 3034 3349 non
3087 3301 3231 3355 sunt
3260 3293 3405 3348 enirn
3456 3294 3746 3348 secundum
3793 3291 3932 3346 acci-

2309 3394 2322 3410 '
2349 3385 2501 3456 dens.
2554 3385 2717 3440 Addit
2762 3399 2974 3455 quoque
3016 3378 3176 3452 illud,
3218 3385 3468 3454 quoniam
3510 3398 3607 3438 nec
3648 3396 3710 3437 ea
3745 3382 3932 3451 juncta

2348 3488 2495 3533 recte
2526 3488 2814 3548 ponuntur,
2874 3492 3207 3547 quaecunque
3234 3478 3318 3533 vel
3358 3478 3583 3531 latenter
3611 3474 3691 3529 vel
3723 3474 3773 3528 in
3811 3489 3933 3544 pro-

2347 3569 2547 3625 latione
2570 3571 2622 3625 in
2650 3569 2832 3639 aliquo
2855 3569 3209 3624 terminorum
3231 3552 3592 3633 continentur,
3616 3565 3707 3636 qui
3730 3565 3783 3619 in
3809 3579 3934 3634 pro-

2348 3660 2612 3730 positione
2642 3659 2799 3729 positi
2840 3667 2981 3713 sunt.
3018 3658 3223 3713 Idcirco
3262 3658 3402 3712 enim
3432 3656 3498 3711 de
3547 3656 3765 3710 homine
3809 3654 3935 3709 albo

2349 3764 2452 3805 non
2484 3749 2644 3805 debet
2668 3749 2771 3804 dici
2811 3749 2986 3815 albus,
3020 3757 3077 3803 ut
3106 3749 3288 3804 veniat
3324 3746 3630 3817 pradicatio
3649 3745 3819 3799 homo
3846 3744 3927 3799 al-

2352 3842 2453 3899 bus
2479 3841 2655 3907 albus,
2686 3842 2938 3912 quoniam
2978 3842 3090 3911 jam
3128 3841 3182 3896 in
3229 3840 3444 3895 homine
3469 3838 3594 3894 albo
3632 3836 3940 3893 continetur

2349 3936 2548 3991 album.
2584 3935 2789 3990 Rursus
2818 3934 2886 3989 de
2917 3934 3133 3989 homine
3162 3931 3363 3988 idcirco
3400 3943 3508 3987 non
3549 3929 3711 3985 debet
3739 3925 3935 3998 pracdi—

2349 4028 2462 4085 cari
2493 4027 2667 4098 bipes,
2709 4028 2960 4098 quoniam
3002 4026 3129 4081 licet
3157 4038 3264 4079 non
3308 4025 3381 4079 sit
3414 4023 3711 4094 prolatum,
3764 4031 3936 4076 tamen

2347 4130 2441 4202 qni
2482 4116 2645 4185 homo
2670 4139 2755 4184 est
2790 4129 2939 4198 bipes
2964 4135 3068 4182 est.
3118 4125 3231 4193 Sed
3260 4124 3326 4179 de
3356 4124 3573 4179 homine
3613 4124 3656 4176 si
3702 4123 3823 4190 quis
3854 4120 3934 4174 bi-

2349 4237 2443 4292 pes
2484 4222 2768 4291 prtedicet,
2810 4218 2878 4274 de
2911 4232 2969 4272 re
2999 4218 3136 4272 duos
3161 4216 3389 4271 habente
3420 4214 3603 4283 pedes,
3636 4224 3809 4279 neque
3840 4209 3940 4264 hac

2347 4314 2644 4370 differentia
2672 4314 2814 4384 quod
2855 4324 2939 4369 est
2966 4310 3425 4382 bipes,.praedicat
3469 4304 3937 4376 bipes.-Quocirca

2344 4407 2450 4462 erit
2479 4405 2565 4459 hic
2592 4419 2805 4475 quoque
2852 4406 3011 4460 homo
3039 4406 3189 4474 bipes
3216 4402 3389 4474 bipes,
3420 4399 3581 4456 homo
3609 4398 3753 4454 enim
3783 4397 3936 4467 bipes

2332 4497 2589 4553 .continet
2626 4498 2761 4551 intra
2791 4512 2874 4563 se,
2902 4507 2957 4553 et
2981 4498 3071 4576 quj
3099 4497 3228 4552 dicit
3258 4495 3528 4549 hominem
3555 4506 3679 4547 cum
3709 4506 3805 4545 sua
3833 4488 3938 4543 dif-

2348 4589 2573 4647 ferentia
2602 4589 2748 4646 dicit.
2783 4590 2837 4645 Si
2867 4590 2985 4658 quis
3010 4603 3139 4660 ergo
3165 4588 3341 4651 adhuc
3372 4584 3623 4656 praedicet
3658 4582 3828 4652 bipes,
3871 4580 3938 4636 de

652 4666 785 4732 istat.
813 4669 1073 4741 Quoitiam
1120 4672 1280 4743 igitur
1319 4670 1365 4724 si
1408 4670 1544 4741 quis,
1591 4667 1971 4745 inquit,_dicat
2018 4656 2408 4747 omninoDI-e
2454 4680 2589 4735 duos
2637 4656 3104 4749 habenteﬁpedeg"
3154 4677 3400 4747 bipedem
3445 4672 3778 4744 ρηεάίοενίι,
3824 4670 3938 4726 Em

658 4769 1059 4842 quomodolibet
1103 4766 1503 4837 complexiones
1552 4766 1696 4830 lieri,
1744 4764 1796 4819 id
1842 4772 1954 4831 est,
2005 4772 2061 4819 ut
2099 4762 2241 4833 quod

660 4866 931 4937 sigillatim
956 4858 1363 4935 praedicaveras,
1402 4861 1503 4915 hoc
1539 4860 1877 4930 cumplexum
1916 4874 2243 4915 connexum-

660 4973 765 5031 que
809 4969 1094 5028 proponas,
1143 4954 1373 5024 plurima
1421 4950 1847 5007 inconvenientia
1890 4949 2070 5005 dicere
2114 4964 2243 5005 con-

661 5060 833 5131 tingit.
880 5057 1041 5113 Multa
1092 5054 1231 5109 enim
1282 5061 1609 5108 concurrunt
1663 5052 2055 5121 impossibilia,
2105 5052 2244 5108 sicut

660 5169 819 5226 supra
864 5147 1332 5222 ipsemonstravit
1360 5158 1505 5213 tunc,
1550 5146 1764 5217 quando
1807 5145 1874 5199 ad
1916 5144 2137 5200 nimiam
2162 5147 2240 5202 lo-

661 5245 980 5318 quacitatem
1030 5239 1278 5311 perduxit
1304 5251 1421 5305 eos,
1453 5237 1639 5292 eadem
1692 5238 1995 5307 frequenter
2025 5236 2239 5291 nomina

662 5347 983 5410 repetentes.
1017 5331 1475 5405 Quemadmodum
1505 5330 1808 5402 ponendum
1852 5339 1935 5385 est
1978 5345 2119 5385 nunc
2163 5330 2241 5385 di-

662 5428 940 5496 cimus,'id
978 5422 1570 5497 est,p,quemadmodum
1614 5430 1791 5478 autem
1838 5422 2095 5489 debeant,
2124 5437 2242 5494 qua:

663 5524 929 5596 sigillatim
969 5536 1094 5577 vere
1122 5520 1370 5576 dicuntur
1396 5520 1575 5589 juncta
1616 5519 1924 5589 praedicari,
1958 5536 2118 5586 nunc,
2154 5521 2237 5575 iu-

662 5624 807 5685 quit,
837 5615 1082 5671 dicimus.
1123 5616 1343 5680 Omnia,
1385 5615 1583 5685 inquit,
1629 5628 1747 5684 quae
1780 5614 2133 5682 praedicantur
2169 5612 2239 5669 de

664 5708 864 5776 aliquo,
887 5716 942 5762 et
968 5722 1154 5762 rursus
1178 5707 1245 5762 de
1271 5707 1471 5778 quibus
1511 5707 1614 5761 alia
1660 5706 2015 5777 praedicantur
2044 5704 2241 5775 duplici

664 5797 824 5851 modo
864 5808 1019 5865 sunt,
1045 5807 1136 5852 aut
1172 5800 1313 5853 enim
1361 5799 1655 5855 accidentia
1684 5808 1835 5865 sunt,
1865 5808 1954 5853 ant
1995 5798 2241 5854 substan-

664 5884 841 5961 tialia,
867 5897 922 5941 et
958 5888 1079 5945 aliae
1111 5889 1321 5957 quidem
1352 5889 1755 5958 praedicationes
1787 5901 1911 5961 sunt
1951 5891 2242 5956 secundum

2349 4790 2480 4846 ergo
2508 4775 2672 4831 homo
2703 4774 2852 4844 bipes
2879 4774 3053 4842 bipes,
3085 4771 3178 4826 sed
3208 4772 3279 4826 ita
3311 4767 3589 4841 pradicari
3620 4781 3725 4820 non
3755 4764 3932 4820 debet.

2349 4877 2668 4932 Continetur
2694 4876 2838 4930 enim
2880 4874 2934 4928 in
2965 4873 3181 4927 homine
3209 4871 3382 4940 bipes,
3408 4868 3474 4924 ad
3502 4867 3645 4939 quod
3676 4866 3723 4922 si
3752 4881 3937 4923 rursus

2352 4970 2503 5039 bipes
2549 4970 2829 5040 praedices,
2855 4969 3282 5029 molestissimam
3326 4963 3493 5019 iacies
3539 4957 3933 5032 repetitionem.

2346 5059 2466 5125 Hoc
2491 5060 2634 5114 enim
2664 5068 2747 5115 est
2773 5059 2913 5130 quod
2944 5060 3054 5114 ait:
3087 5056 3332 5127 Amplius
3374 5068 3473 5109 nec
3497 5066 3831 5123 quacunque
3858 5050 3937 5105 in-

2350 5156 2476 5203 sunt
2516 5148 2569 5204 in
2597 5149 2724 5215 alio,
2754 5150 2807 5204 id
2831 5158 2917 5205 est
2944 5151 3306 5210 continentur,
3332 5154 3425 5200 aut
3451 5143 3774 5214 prolatione,
3801 5150 3857 5197 ut
3885 5141 3935 5196 in

2348 5261 2416 5303 eo
2460 5246 2602 5317 quod
2642 5256 2726 5303 est
2770 5246 2934 5303 homo
2980 5249 3156 5312 albus,
3198 5244 3503 5301 continetur
3542 5243 3597 5297 in
3645 5256 3711 5297 eo
3763 5241 3933 5305 albus,

2350 5338 2601 5413 quoniam
2634 5338 2934 5419 prolatione
2955 5340 3067 5409 jam
3093 5338 3297 5393 dictum
3322 5344 3429 5403 est,
3461 5332 3555 5388 aut
3594 5341 3856 5403 potestate
3886 5341 3939 5387 et

2352 5432 2425 5498 vi,
2444 5440 2502 5491 ut
2522 5432 2575 5487 in
2590 5444 2657 5487 eo
2671 5432 2812 5503 quod
2834 5440 2919 5488 est
2938 5432 3101 5487 homo
3118 5428 3423 5509 continetur
3440 5426 3612 5496 bipes,
3633 5437 3935 5496 quanquam

2352 5524 2553 5595 dictum
2582 5525 2793 5597 penitus
2812 5537 2921 5580 non
2949 5524 3039 5579 sit.

2430 5619 2616 5675 Verum
2642 5632 2811 5675 autem
2847 5630 2919 5674 est
2948 5621 3116 5674 dicere
3144 5618 3207 5672 de
3234 5618 3409 5687 aliqua
3438 5625 3487 5669 et
3531 5612 3851 5685 simpliciter,
3881 5620 3938 5663 ut

2348 5700 2620 5783 quemdam
2668 5712 2923 5767 hominem
2969 5711 3260 5777 hominem,
3310 5717 3401 5762 aut
3455 5705 3727 5776 quemdam
3770 5700 3942 5754 album

2350 5805 2638 5867 hominem,
2681 5803 2932 5858 hominem
2979 5803 3176 5858 album.
3214 5800 3337 5856 Non
3381 5806 3555 5854 autem
3600 5810 3818 5866 semper,
3850 5792 3942 5845 sed

2349 5896 2551 5967 quando
2578 5896 2633 5950 in
2669 5896 2868 5962 adjecto
2907 5895 3105 5966 aliquid
3141 5895 3349 5967 quidem
3395 5891 3745 5967 oppositorunt
3782 5888 3935 5972 inest,
