4270 6266
378 396 478 450 577

1108 398 1172 453 lN
1214 396 1465 451 LIBRlIM
1511 394 1598 449 DE
1639 384 2286 479 INTEItl’HE'I’ATlONE
2329 382 2557 439 EDlTlO
2592 386 2923 442 SECUNDA.

3551 351 3661 440 57s

378 517 531 585 Quod
562 515 883 584 consequitur
910 514 1263 579 contradictio,
1295 530 1392 567 non
1426 526 1630 573 “erum,
1661 508 1749 561 sed
1783 507 1967 577 falsum
1994 504 2047 568 Α
2072 518 2200 558 vero
2232 498 2335 557 non
2360 501 2431 557 sit
2472 500 2574 555 ista
2604 500 2979 568 contradictio,
3011 509 3219 570 potest,
3252 506 3310 556 ut
3335 499 3388 555 in
3418 514 3483 556 eo
3511 492 3663 570 quod

377 616 481 671 est,
525 615 578 661 ut
619 605 874 660 hominem
919 614 1203 670 mortuum,
1247 604 1501 657 hominem
1542 600 1728 669 dicere,
1758 597 1963 669 quando

378 710 547 754 autem
573 714 673 751 non
699 697 824 750 inest
842 734 857 761 ,
888 711 1061 751 verum
1088 705 1180 748 est.

392 856 395 859 δ
453 792 579 848 Haec
626 788 850 860 quaestio
895 785 1157 857 superiori
1208 784 1474 841 contraria
1518 790 1616 838 est.
1666 778 1775 834 Illic
1819 776 1962 834 enim

380 887 718 956 quaerebatur
743 882 786 936 si
813 894 932 951 quae
957 878 1223 947 sigillatim
1250 875 1695 947 praedicarentur,
1725 887 1793 926 an
1823 886 1969 951 sem-i

382 996 477 1050 per
503 992 629 1034 vere
654 976 838 1031 cadent
865 972 1149 1042 conjuncta
1188 972 1595 1041 compositaque
1625 968 1961 1029 dicerentur;

383 1070 470 1125 hic
499 1080 674 1123 autem
722 1079 985 1121 converso
1022 1064 1209 1118 ordine
1255 1062 1309 1116 id
1346 1060 1574 1132 quaarit,
1621 1075 1688 1113 an
1738 1072 1800 1113 ea
1847 1070 1967 1126 qua:

381 1160 675 1230 composita
729 1173 855 1214 vere
891 1141 1286 1228 praedicantur,
1333 1152 1608 1225 sigillatim
1651 1150 1791 1206 dicta
1840 1163 1970 1204 vere

381 1255 647 1310 dicantur.
693 1254 818 1309 Post
843 1252 1047 1307 obitum
1089 1250 1232 1306 enim
1277 1249 1521 1311 Socratis
1552 1258 1836 1315 possumus
1883 1241 1969 1296 di-

383 1330 525 1412 cere,
557 1344 659 1399 hoc
689 1343 937 1409 cadaver,
981 1340 1161 1396 homo‘
1189 1347 1433 1394 mortuus
1463 1346 1574 1402 est,
1610 1344 1665 1390 et
1702 1333 1973 1387 hominem

384 1448 757 1505 mortuumque
782 1435 1089 1505 iungentes,
1123 1446 1281 1485 unam
1333 1428 1456 1483 inde
1484 1442 1667 1483 veram
1718 1423 1971 1494 prcedica-

390 1531 593 1587 tionem
622 1529 819 1584 facere.
845 1527 1032 1583 Solum
1065 1536 1242 1597 autem
1289 1522 1559 1578 hominem
1601 1518 1783 1575 dicere
1821 1519 1977 1574 cada-

390 1638 508 1687 ver,
534 1622 663 1677 illud
692 1636 795 1675 non
826 1629 909 1676 est
936 1634 1144 1675 verum.
1172 1618 1378 1672 Rursus
1407 1613 1651 1669 eumdem
1701 1613 1974 1668 Socratem

392 1698 571 1765 vivum
609 1726 791 1779 verum
822 1716 905 1763 est
931 1708 1113 1763 dicere
1134 1706 1401 1776 quoniam
1433 1701 1627 1757 animal
1678 1700 1830 1769 bipes
1845 1708 1972 1765 'est,

392 1787 445 1860 et
473 1802 744 1874 sigillatim
784 1815 966 1873 verum
1011 1810 1094 1854 est
1123 1798 1303 1854 dicere
1345 1795 1595 1866 quoniam
1629 1792 1823 1847 animal
1871 1802 1973 1848 est.

2069 609 2153 655 est
2185 597 2459 663 Socrates,
2488 595 2686 651 animal
2716 595 2866 664 bipes
2890 604 3001 662 est,
3031 594 3228 651 animal
3257 603 3311 652 et
3339 596 3491 664 bipes
3514 593 3655 650 nulla

2069 690 2493 748 contradictione
2520 696 2888 759 opponuntur.
2917 686 3176 754 Quocirca
3210 696 3385 757 potest
3418 686 3486 742 de
3511 701 3577 741 eo
3602 696 3659 741 et

2070 785 2267 842 animal
2319 782 2592 854 sigillatim
2644 791 2805 852 atque
2854 781 3168 850 simpliciter
3218 790 3274 836 et
3314 782 3468 851 bipes
3517 779 3665 842 dici,

2056 872 2259 932 ‘Sensus
2304 875 2520 945 quidem
2566 883 2648 929 est
2696 873 3023 942 huiusmodi.
3072 870 3219 928 Ordo
3264 880 3441 928 autem
3482 887 3541 929 se
3580 873 3660 929 sic

2073 972 2262 1038 habet,
2292 970 2548 1026 dubitans
2573 968 2714 1025 enim
2744 966 2898 1022 dixit.
2924 966 3122 1022 Verum
3153 973 3239 1021 est
3260 975 3439 1023 autem
3467 966 3663 1037 aliquid

2073 1064 2251 1119 dicere
2293 1063 2360 1118 de
2406 1063 2584 1131 aliquo
2618 1061 2913 1131 composite
2961 1067 3015 1113 et
3063 1072 3335 1125 connexe,
3378 1068 3432 1113 et
3476 1072 3664 1113 rursus

2074 1153 2420 1226 simpliciter,
2489 1163 2545 1208 ut
2597 1150 2883 1221 quemdam
2924 1151 3195 1206 hominem
3238 1159 3328 1204 aut
3378 1149 3661 1218 quemdam

2074 1247 2253 1302 album
2309 1245 2613 1314 hominem,
2661 1261 2727 1299 an
2769 1251 2917 1299 certe
2962 1257 3067 1298 non
3114 1254 3353 1313 semper,
3400 1240 3495 1295 sed
3542 1248 3669 1296 tunc

2076 1336 2291 1408 quando
2323 1338 2372 1391 in
2418 1335 2649 1405 adjecto,
2677 1335 2729 1391 id
2759 1344 2841 1392 est
2885 1336 2938 1391 in
2965 1350 3032 1393 eo
3077 1336 3219 1407 quod
3250 1335 3520 1406 adjectum
3547 1349 3667 1391 cum

2077 1430 2256 1500 aliquo
2289 1429 2628 1499 prmdicatur,
2665 1429 2805 1484 inest
2832 1428 3033 1499 aliquid
3064 1429 3437 1498 oppositorum
3481 1426 3665 1482 talium

2078 1538 2410 1593 quaecunque
2454 1523 2799 1591 consequitur
2840 1519 3217 1589 contradictio,
3260 1519 3315 1575 id
3362 1528 3473 1585 est,
3507 1532 3666 1591 quam

2080 1616 2476 1685 appositionem
2520 1630 2644 1669 mox
2690 1616 3039 1683 consequitur
3068 1612 3438 1677 contradictio,
3471 1622 3528 1667 ut
3569 1627 3667 1681 op-

2083 1707 2402 1777 positioncm
2434 1705 2668 1760 hominis
2693 1714 2749 1759 et
2777 1707 2971 1760 mortui
3004 1715 3259 1774 sequatur
3296 1703 3667 1765 contradictio,

2082 1798 2283 1853 animal
2322 1797 2531 1853 scilicet
2560 1806 2613 1851 et
2642 1811 2747 1871 non
2775 1795 2995 1851 animal.
3024 1794 3081 1850 Si
3112 1794 3275 1864 igitur
3303 1795 3381 1849 sic
3406 1793 3532 1860 sint,
3564 1808 3671 1848 non

392 1898 564 1963 Quare
606 1892 863 1963 quzeritur
908 1907 1025 1962 quae
1074 1890 1146 1946 sit
1196 1887 1359 1959 hujus
1407 1900 1620 1957 quoque
1669 1884 1973 1941 dill'erentia
2006 1892 2056 1956 Β
2084 1900 2166 1948 est
2195 1890 2507 1960 simpliciter
2539 1904 2722 1944 verum
2765 1888 3075 1958 medicari,
3105 1887 3199 1941 sed
3230 1886 3454 1952 falsum,
3485 1895 3543 1941 ut
3573 1886 3672 1941 ho-

395 1982 817 2056 praedicationis,
856 1990 913 2035 ut
957 1995 1076 2036 cum
1116 1978 1399 2047 conjuncta
1448 1976 1713 2041 dicantur,
1759 1985 1811 2028 et
1855 1989 1982 2029 vere

299 2096 305 2102 '
398 2077 467 2131 de
496 2074 749 2144 subjectis
777 2071 1154 2144 praedicantur,
1186 2070 1319 2124 alias
1348 2068 1565 2140 quidem
1609 2078 1663 2124 et
1694 2077 1842 2122 extra
1873 2066 1983 2122 dici

396 2176 524 2226 vere
556 2156 795 2238 possint,
818 2167 951 2220 alias
977 2180 1102 2220 vero
1133 2172 1326 2233 pratter
1356 2162 1503 2216 illam
1528 2160 1981 2229 coniunctionem,

396 2246 663 2330 Simplicia
704 2259 761 2339 si,
789 2257 1055 2321 dicantur,
1091 2253 1219 2309 falsa
1250 2261 1408 2335 sunt.
1454 2251 1566 2305 Hoc
1613 2260 1791 2305 autem
1834 2248 1985 2320 quasi

395 2354 642 2409 dubitans
667 2351 822 2407 dixit.
849 2351 923 2406 ita
961 2351 1104 2406 enim
1134 2350 1416 2421 legendum
1457 2359 1569 2420 est,
1604 2350 1759 2421 quasi
1798 2349 1843 2403 si
1887 2348 1983 2404 du-

398 2448 571 2503 bitans
599 2446 805 2501 diceret
825 2444 905 2500 sic
931 2461 945 2497 :
978 2443 1176 2500 Verum
1202 2452 1284 2499 est
1304 2452 1482 2500 autem
1508 2442 1690 2497 dicere
1715 2441 1782 2496 de
1804 2440 1985 2511 aliquo

400 2539 753 2610 compositura
793 2537 1140 2608 coniunctum
1171 2537 1313 2608 quod
1351 2536 1581 2606 aliquid,
1608 2544 1666 2591 ut
1709 2535 1776 2591 de
1807 2535 1985 2605 aliquo

399 2632 614 2688 homine
644 2632 944 2697 hominem,
986 2640 1082 2687 aut
1106 2632 1174 2687 de
1200 2632 1380 2702 aliquo
1408 2631 1531 2686 albo
1562 2628 1740 2685 album
1762 2670 1778 2697 ,
1813 2627 1887 2683 ita
1929 2637 1988 2683 ut

400 2734 550 2780 extra
578 2724 768 2779 horum
798 2723 999 2795 aliquid
1024 2722 1342 2794 simpliciter
1370 2722 1711 2793 praedicetur,
1742 2735 1809 2774 an
1839 2728 1985 2774 certe

400 2831 507 2869 non
550 2830 779 2885 semper.
824 2816 890 2870 Et
931 2814 1023 2869 dat
1069 2808 1305 2885 regulam
1343 2828 1446 2883 qua
1496 2826 1877 2883 pernoscamus
1918 2825 1984 2864 an

400 2924 518 2977 quae
546 2908 842 2979 composita
868 2910 1143 2978 dicuntur,
1172 2907 1361 2964 eadem
1388 2896 1660 2978 sigillatim
1705 2905 1813 2962 dici
1856 2920 1982 2975 pos-

402 3001 537 3066 sint,
564 3015 632 3056 an
674 3003 913 3057 minime.
942 3002 1162 3069 Quoties
1189 3001 1333 3057 enim
1365 3000 1486 3055 talia
1518 3010 1643 3056 sunt
1682 3014 1803 3069 quae
1845 3012 1985 3068 prte-

405 3095 651 3150 dicantur
670 3112 790 3151 cum
817 3096 944 3164 alio,
968 3107 1024 3151 ut
1052 3096 1105 3150 in
1132 3078 1192 3151 se
1220 3111 1324 3151 non
1352 3093 1584 3150 habeant
1610 3091 1986 3149 contradictio-

408 3202 561 3253 nem,
603 3188 887 3257 przedicata
923 3196 1146 3258 possunt
1181 3188 1286 3243 dici
1327 3196 1382 3244 et
1423 3198 1667 3258 separata
1702 3187 1980 3243 veraciter.

2082 1987 2279 2041 minem
2312 1996 2610 2048 mortuum,
2638 1998 2795 2054 quem
2839 1980 3125 2051 coniuncte
3155 1995 3283 2037 vere
3325 1982 3504 2037 dicere
3553 1974 3673 2048 pos;

2088 2080 2186 2145 sis,
2221 2078 2466 2133 eumdem
2501 2076 2770 2131 hominem
2816 2075 2991 2130 solum
3040 2088 3147 2128 non
3179 2087 3304 2128 vere
3333 2070 3667 2141 prtedicabis.

2085 2169 2309 2237 Quando
2340 2170 2480 2223 enim
2512 2168 2626 2222 haec
2657 2165 2922 2236 oppositio
2952 2165 3007 2220 in
3051 2165 3133 2221 his
3161 2180 3281 2236 quze
3314 2164 3671 2233 praedicantur

2087 2280 2192 2319 non
2229 2272 2342 2328 est,
2374 2276 2555 2316 verum
2590 2268 2671 2315 est
2696 2259 2837 2330 quod
2867 2258 3153 2329 coniuncte
3181 2256 3584 2328 przedicaveris,
3615 2244 3668 2311 et

2087 2354 2403 2425 simpliciter
2446 2352 2757 2421 praedicare.
2792 2351 3073 2422 Adjectum
3117 2359 3200 2406 est
3247 2361 3425 2406 autem
3472 2351 3523 2405 in
3565 2364 3673 2419 quo

2088 2446 2234 2501 venit
2278 2445 2563 2515 aliquoties
2591 2443 2857 2512 oppositio
2900 2441 3231 2511 huiusmodi,
3268 2449 3326 2496 ut
3360 2441 3411 2496 in
3437 2456 3503 2497 eo
3532 2438 3672 2510 quod

2088 2549 2167 2595 est
2199 2539 2359 2593 homo
2405 2546 2666 2603 mortuus,
2694 2545 2932 2591 mortuus
2966 2534 3215 2605 adjicitur
3241 2534 3463 2589 homini.
3506 2533 3673 2590 Aliter

2088 2630 2229 2686 enim
2259 2644 2388 2684 vere
2431 2629 2591 2684 homo
2617 2629 2685 2684 de
2713 2629 2977 2685 cadavere
3018 2634 3122 2683 non
3154 2637 3329 2699 potest
3370 2628 3672 2699 praedicari.

2168 2721 2257 2776 Vel
2313 2721 2481 2784 etiam,
2528 2720 2734 2790 quando
2774 2722 3166 2790 inest,'semper
3212 2737 3313 2776 non
3352 2737 3534 2776 rerum
3579 2732 3674 2787 est,

2087 2816 2293 2885 quando
2333 2830 2447 2870 vero
2498 2831 2600 2869 non
2655 2816 2813 2881 inest,
2867 2831 2969 2868 non
3018 2830 3212 2884 semper
3258 2832 3431 2870 rerum
3478 2824 3574 2882 est,
3623 2825 3677 2868 ut

2088 2904 2344 2962 Homerus
2368 2914 2439 2960 est
2474 2904 2694 2973 aliquid,
2722 2915 2774 2959 ut
2795 2914 2963 2974 poeta,
2993 2921 3112 2974 ergo
3137 2905 3288 2959 etiam
3328 2918 3423 2972 est,
3463 2924 3530 2961 an
3551 2924 3676 2962 non.

2091 2984 2389 3053 Secundum
2415 2996 2654 3051 accidens
2683 2997 2815 3050 enim
2844 2996 3157 3065 prwdieatur
3206 3012 3314 3050 esse
3342 2997 3403 3052 de
3424 2996 3673 3062 Homero,

2087 3089 2333 3159 quoniam
2372 3096 2443 3142 est
2475 3098 2649 3157 poeta,
2695 3088 2786 3141 sed
2834 3105 2934 3142 non
2973 3087 3251 3142 secundum
3289 3103 3343 3143 se
3367 3088 3677 3159 prrrdicatur

2090 3180 2153 3234 de
2178 3179 2428 3246 Homero,
2454 3180 2693 3251 quoniam
2720 3189 2815 3235 est.
3658 3192 3663 3197 ’

406 3278 557 3344 Quod
588 3279 633 3337 si
661 3279 895 3335 habeant
915 3280 968 3335 in
992 3295 1051 3335 se
1072 3279 1551 3335 contradictionem
1583 3280 1837 3348 aliquam,
1867 3294 1987 3349 quze
2010 3270 2059 3335 C
2161 3273 2423 3342 Quoniam
2473 3286 2635 3341 supra
2676 3271 2906 3339 dixerat,
2944 3272 3159 3341 quando
3185 3279 3329 3328 esset
3374 3270 3427 3328 in
3472 3268 3682 3340 adjecto

410 3371 766 3439 priedicantur
812 3383 865 3427 et
913 3373 1208 3442 composita
1256 3371 1527 3438 dicuntur,
1576 3380 1819 3441 separata
1861 3385 1989 3426 vere

407 3463 683 3533 praedicari
715 3481 819 3522 non
853 3474 1105 3538 possunt,
1140 3474 1198 3521 ut
1221 3479 1281 3520 ea
1312 3480 1433 3536 quae
1459 3464 1589 3521 dicit
1613 3463 1863 3531 cadaver,
1892 3463 1988 3517 ho-

408 3556 598 3616 minem
630 3568 897 3613 mortuum
927 3573 1054 3613 vere
1080 3557 1241 3624 dicit,
1265 3558 1439 3613 solum
1470 3566 1651 3613 autem
1682 3556 1862 3612 dicere
1894 3554 1989 3612 ho-

407 3646 600 3725 minem
645 3663 772 3703 vere
809 3664 913 3704 non
943 3657 1134 3718 potest.
1172 3647 1380 3704 ldcirco
1408 3648 1660 3717 quoniam
1692 3649 1839 3719 prius
1866 3663 1987 3704 cum

407 3736 778 3801 coniunctione
810 3740 1117 3809 prsedicavit
1145 3740 1349 3807 dicens,
1384 3740 1651 3819 hominem
1687 3750 1986 3809 mortuum,

407 3840 755 3899 mortuusque
784 3831 992 3900 adiacet
1018 3831 1249 3886 hominis
1279 3831 1715 3902 prtedicamento,
1742 3848 1863 3887 cum
1896 3833 1991 3890 ho-

409 3921 556 3976 mine
599 3922 742 3976 enim
788 3923 1132 3991 praedicatum
1164 3932 1461 3991 mortuum,
1509 3924 1991 3982 contradictionem

390 4023 558 4070 'tcnet
584 4025 768 4071 contra
792 4016 1086 4072 hominem.
1113 4017 1209 4073 Est
1235 4019 1377 4074 enim
1409 4019 1570 4075 homo
1592 4019 1818 4087 animal,
1849 4034 1993 4075 mor-

394 4116 535 4163 tuus
579 4123 709 4165 vero
739 4124 841 4165 non
889 4109 1114 4176 animal;
1146 4126 1273 4183 ergo
1301 4120 1542 4167 mortuus
1582 4124 1636 4167 et
1669 4112 1831 4167 homo
1866 4126 1993 4166 con-

392 4200 782 4256 tradictionem
827 4200 1111 4272 quamdam
1140 4201 1280 4257 inter
1316 4218 1376 4259 se
1410 4203 1627 4259 habent.
1676 4203 1808 4258 illud
1849 4202 1991 4257 enim

411 4301 492 4347 est
521 4293 737 4359 animal,
765 4294 888 4348 illud
917 4309 1046 4351 vero
1066 4310 1173 4351 non
1198 4295 1416 4351 animal.
1444 4295 1705 4364 Quocirca
1736 4296 1990 4367 quoniam

412 4384 551 4439 inter
579 4400 639 4440 se
669 4387 866 4442 habent
903 4387 1020 4443 hrec
1065 4388 1349 4459 quamdam
1397 4390 1829 4445 contrarietatem
1854 4432 1869 4456 ,
1903 4403 1991 4443 se-

416 4485 630 4544 paratus
660 4478 817 4534 homo
857 4479 926 4536 de
952 4489 1162 4536 mortuo
1193 4480 1433 4548 homine,
1467 4481 1615 4537 solus
1644 4496 1747 4537 non
1776 4481 1994 4537 dicitur.

418 4569 614 4626 Eodem
644 4588 854 4643 quoque
888 4575 1047 4630 modo
1073 4584 1156 4630 est
1195 4575 1242 4631 si
1280 4575 1402 4646 quis
1447 4576 1589 4631 dicat
1627 4592 1840 4632 manum
1876 4590 1997 4631 esse

2092 3364 2464 3431 contradictio,
2496 3379 2605 3419 non
2631 3377 2753 3420 esse
2784 3378 2966 3419 verum
3011 3354 3327 3433 simpliciter
3368 3362 3682 3434 praedicare,

2092 3459 2305 3530 quando
2339 3473 2467 3513 vero
2495 3473 2603 3513 non
2632 3467 2796 3523 esset,
2841 3471 3025 3513 verum
3063 3471 3185 3513 esse
3225 3456 3366 3527 quod
3401 3458 3683 3526 conjuncta

2095 3554 2384 3620 diceretur,
2438 3552 2753 3622 simpliciter
2799 3550 3012 3621 dicere,
3062 3550 3165 3607 hoc
3212 3550 3387 3621 ipsum
3434 3551 3684 3623 quoniam

2096 3645 2377 3701 videbatur
2405 3646 2457 3698 in
2488 3643 2756 3713 aliquibus
2784 3660 2893 3700 non
2915 3658 3037 3701 esse
3057 3658 3269 3711 verum,
3296 3653 3685 3716 consequenter

2096 3736 2370 3794 emendat.
2438 3736 2525 3791 Ait
2578 3736 2720 3791 enim
2770 3752 2952 3792 verum
3005 3750 3123 3792 esse
3152 3736 3285 3792 illud
3331 3737 3472 3808 quod
3527 3750 3685 3809 supra

2094 3831 2292 3887 dictum
2325 3838 2441 3900 est,
2497 3830 2926 3901 quandocunque
2973 3830 3026 3884 in
3069 3830 3282 3899 adjecto
3324 3840 3467 3888 esset
3509 3824 3706 3902 aliqua'

2094 3924 2467 3989 contradictio,
2500 3939 2604 3978 non
2639 3937 2760 3994 esse
2796 3938 2981 3978 verum
3019 3922 3331 3991 simpliciter
3372 3925 3683 3993 praedicare,

2095 4019 2237 4087 quod
2266 4016 2554 4085 coniuncte
2582 4014 2881 4080 diceretur,
2934 4013 3149 4081 quando
3179 4013 3355 4069 autem
3400 4030 3505 4070 non
3549 4018 3685 4071 inest

2096 4108 2465 4172 contradictio,
2496 4122 2600 4163 non
2630 4121 2847 4176 semper
2877 4119 3060 4161 verum
3106 4114 3189 4160 est
3217 4104 3509 4175 praedicare
3552 4106 3681 4162 sim-

2097 4204 2328 4274 pliciter,
2361 4202 2501 4274 quod
2529 4201 2814 4272 coni-uncle
2843 4216 2968 4257 vere
2994 4200 3299 4269 diceretur,
3349 4200 3443 4257 sed
3484 4202 3685 4273 aliquo-

2101 4297 2197 4352 ties
2225 4293 2440 4366 quidem
2470 4309 2677 4361 verum,
2711 4293 2993 4365 aliquoties
3029 4302 3208 4351 autem
3242 4294 3456 4350 falsum.
3520 4294 3687 4364 Hujus

2100 4390 2176 4446 rei
2201 4389 2303 4445 tale
2325 4391 2625 4460 exemplum
2653 4398 2735 4446 est
2778 4405 2899 4445 cum
2923 4389 3078 4445 dico:
3104 4389 3364 4447 Homerus
3393 4397 3545 4459 poeta
3580 4395 3687 4453 est,

2098 4495 2181 4539 est
2223 4494 2279 4540 et
2318 4496 2471 4554 poeta
2513 4484 2798 4553 coniuncte
2841 4482 2910 4539 de
2938 4482 3173 4539 Homero
3213 4498 3340 4539 vere
3377 4480 3682 4553 praedicavi.

2100 4574 2195 4630 Sin
2227 4589 2355 4630 vero
2381 4575 2569 4632 dixero
2598 4575 2862 4630 Homerus
2891 4584 2993 4639 est,
3024 4573 3216 4629 falsum
3248 4582 3350 4640 est,
3377 4588 3683 4644 quanquam

416 4678 765 4721 marmoream
807 4676 1013 4733 statuae,
1043 4682 1231 4724 verum
1271 4667 1426 4735 dicit;
1468 4669 1642 4725 solum
1670 4678 1845 4724 autem
1877 4682 1992 4723 ma-
2019 4661 2075 4723 D
2100 4681 2203 4722 non
2239 4666 2309 4719 sit
2350 4666 2525 4736 aliqua
2563 4665 2914 4721 contradictio
2952 4664 3092 4723 inter
3128 4674 3211 4721 est
3237 4674 3292 4721 et
3322 4676 3555 4735 poetam,
3593 4680 3688 4721 ne-

415 4769 539 4810 num
569 4757 747 4813 dicere
789 4772 906 4813 eam
949 4774 1068 4828 qua
1098 4769 1287 4813 stature
1314 4768 1425 4828 est,
1457 4762 1648 4816 falsum
1695 4770 1797 4817 est.
1828 4759 1997 4815 Habet

416 4840 567 4903 enim
607 4864 794 4905 manus
839 4860 1157 4920 potestatem
1208 4851 1369 4907 dandi
1418 4854 1849 4925 accipiendique,
1899 4855 1992 4910 sed

416 4934 508 4991 illa
555 4953 851 4996 marmorea
898 4955 1004 4995 non
1045 4939 1224 4998 habet.
1273 4943 1414 5014 Ergo
1442 4953 1526 5000 est
1565 4947 1809 5017 quaedam
1859 4960 1991 5001 con-

385 5114 393 5124 .
418 5034 660 5091 tradictio
702 5038 841 5095 inter
863 5053 1075 5094 manum
1106 5048 1163 5095 et
1190 5056 1408 5098 manum
1437 5058 1791 5102 marmoream
1810 5086 1823 5111 ,
1851 5047 1993 5117 quod

418 5126 500 5182 illa
525 5128 652 5185 dare
676 5139 835 5203 atque
874 5131 1121 5202 accipere
1144 5143 1353 5202 potest,
1386 5134 1475 5191 illa
1504 5151 1611 5193 non
1642 5146 1835 5208 potest.
1870 5138 1996 5195 Haec

415 5222 553 5278 enim
596 5224 701 5281 sibi
743 5235 1087 5297 opponuntur
1138 5226 1580 5285 contradictionis
1631 5231 1812 5287 modo.
1854 5231 1997 5302 Ergo

415 5309 831 5389 quotiescunque
867 5321 972 5377 tale
1014 5320 1219 5391 aliquid
1251 5323 1592 5391 praedicatur,
1623 5335 1681 5380 ut
1727 5326 1889 5380 homo
1926 5325 1996 5381 de

411 5405 691 5476 cadavere,
732 5411 819 5467 cui
845 5411 952 5469 tale
975 5412 1175 5482 aliquid
1202 5414 1547 5484 coniunctum
1586 5414 1657 5469 sit
1693 5424 1853 5485 atque
1896 5417 1995 5471 ad-

406 5506 582 5573 iacet,
611 5510 754 5580 quod
790 5506 1471 5573 iaciatcontradictionem
1513 5524 1702 5571 contra
1731 5515 1991 5586 praedica-

414 5611 557 5666 tum,
590 5612 649 5658 ut
678 5603 766 5659 hic
792 5604 1000 5674 adiacet
1026 5617 1270 5666 mortuus
1296 5610 1520 5666 homini.
1552 5609 1827 5680 Simulque
1855 5624 1997 5679 prte-

413 5692 624 5751 dicatur
651 5693 719 5751 de
745 5695 1031 5766 cadavere,
1056 5709 1112 5755 ut
1134 5701 1293 5759 iaciat
1317 5710 1505 5759 contra
1531 5704 1700 5774 ipsum
1728 5702 1997 5760 hominem

415 5789 912 5859 contradictionem,
937 5807 1056 5850 eam
1078 5810 1199 5865 qua
1220 5796 1272 5853 in
1294 5812 1354 5853 se
1376 5796 1665 5867 contineat,
1694 5812 1798 5853 non
1823 5806 1997 5868 potest

388 5882 649 5963 separari
698 5910 819 5954 vera
865 5896 1193 5967 praedicatio,
1244 5910 1297 5956 ut
1346 5900 1610 5972 sigillatim
1660 5900 1885 5962 dicatur.
1942 5897 1996 5957 Si

2100 4774 2203 4829 que
2234 4758 2285 4812 in
2332 4757 2542 4826 adjecto
2588 4765 2669 4813 est
2711 4756 2817 4811 ulla
2846 4756 2970 4811 talis
3012 4757 3282 4828 oppositio
3310 4772 3470 4828 quam
3497 4772 3687 4815 conse-

2099 4860 2291 4923 quatur
2337 4851 2735 4918 contradictio;
2768 4867 2862 4906 cur
2914 4859 3089 4907 autem
3140 4852 3243 4908 hoc
3290 4856 3523 4920 eveniat,
3570 4850 3690 4909 talis

2100 4946 2234 5001 ratio
2262 4954 2362 5000 est.
2380 4945 2453 5000 De
2472 4943 2702 4999 llomero
2731 4944 2874 5001 enim
2908 4952 3120 5014 poetam
3147 4945 3360 5016 quidem
3382 4944 3689 5016 principali-

2100 5048 2184 5094 ter
2223 5040 2602 5110 przedicamns,
2634 5054 2756 5094 cum
2782 5037 3008 5094 dicimus
3049 5055 3061 5090 :
3096 5038 3359 5095 Homerus
3401 5045 3553 5108 poeta
3584 5042 3683 5091 est.

2102 5133 2197 5188 Est
2241 5143 2416 5189 autem
2469 5133 2690 5189 verbum
2751 5132 2818 5189 de
2864 5142 3019 5202 poeta
3069 5133 3285 5202 quidem
3332 5128 3686 5201 prredicamus

2102 5227 2486 5298 principaliter,
2514 5227 2583 5283 de
2610 5226 2843 5282 Homero
2890 5234 3067 5282 autem
3112 5223 3350 5281 secundo
3380 5224 3518 5279 loco.
3566 5222 3682 5277 Non

2102 5318 2246 5374 enim
2294 5318 2492 5375 idcirco
2524 5319 2873 5389 praedicamus
2918 5331 3069 5384 esse,
3114 5317 3239 5386 quia
3265 5314 3529 5371 Homerus
3575 5321 3680 5375 est.

2082 5421 2196 5501 sed
2218 5421 2343 5491 quia
2375 5428 2527 5492 poeta
2556 5430 2657 5475 est.
2691 5418 2912 5474 Sublato
2960 5416 3117 5487 igitur
3144 5431 3211 5472 eo
3237 5416 3379 5487 quod
3409 5415 3682 5487 principa-

2103 5522 2224 5578 liter
2255 5522 2591 5592 prredicatur,
2630 5519 2680 5575 id
2715 5529 2799 5576 est
2829 5526 3015 5589 poeta,
3050 5516 3172 5572 licet
3217 5516 3418 5573 nullam
3462 5525 3681 5573 contra~

2102 5615 2386 5671 dictionem
2429 5613 2623 5669 habeat
2669 5622 2771 5679 est,
2817 5611 2960 5683 quod
3005 5611 3215 5680 adiacet
3248 5608 3448 5683 ‘poetze,
3493 5620 3682 5668 contra

2106 5716 2334 5779 poetam,
2367 5721 2473 5760 non
2504 5704 2561 5759 tit
2593 5718 2714 5757 vera
2749 5704 3076 5772 praedicatio,
3109 5702 3339 5760 dicendo
3369 5720 3382 5760 :
3417 5703 3682 5763 llomerus

2100 5810 2205 5857 est.
2256 5796 2558 5854 Secundum
2596 5794 2847 5852 accidens
2876 5796 3022 5869 enim
3066 5807 3146 5850 εει
3195 5796 3532 5865 praedicatur,
3576 5790 3682 5855 non

2104 5893 2488 5966 principaliter.
2519 5891 2734 5951 Sublata
2764 5902 2940 5953 autem
2968 5889 3246 5964 principali
3274 5892 3677 5965 praedicatione,
