4270 6266
636 358 745 415 579.

1879 356 1992 423 ΔΝ.
2030 357 2240 415 MANL.
2282 356 2431 415 SEV.
2477 358 2699 416 BOETII

3814 359 3915 416 580

634 477 780 548 quod
813 475 1102 533 secundum
1144 471 1394 528 accidens
1421 471 1833 543 pradicabatur,
1862 472 2055 529 falsum
2082 488 2216 529 con-
2243 474 2301 543 Α
2323 487 2389 527 ne
2430 486 2905 528 saumnnmmnus
2944 487 3193 529 uooonuu
3235 485 3546 537 possmus,
3587 488 3911 532 commess-

638 575 787 629 tinuo
816 571 1107 641 reperitur;
1140 569 1282 639 quod
1311 577 1491 625 autem
1514 566 1756 625 addidit:

708 665 879 732 Quare
911 663 966 717 in
990 662 1371 735 quibuscunquc
1415 662 1706 732 pradicatis
1748 664 2081 718 contrarietas
2119 678 2220 717 non

630 758 780 819 inest,
813 754 861 808 si
893 754 1217 825 diﬁnitiones
1241 771 1336 826 pro
1366 754 1654 811 nominibus
1680 755 1942 824 dicantur,
1965 766 2012 812 et
2040 773 2220 813 secun-

630 848 756 900 dum
786 862 839 901 se
866 847 1198 915 pradicatur,
1226 856 1275 902 et
1302 864 1407 903 non
1438 849 1719 904 secundum
1756 849 2016 917 accidens,
2046 850 2101 905 in
2139 851 2219 905 his

629 938 828 1009 aliquid
867 947 916 993 et
953 938 1252 1009 simpliciter
1291 955 1463 995 verum
1504 939 1601 995 erit
1631 938 1818 995 dicere.
1866 940 2019 1007 Quod
2048 952 2219 996 autem

629 1048 731 1085 non
761 1040 855 1096 est,
890 1032 1130 1104 quoniam
1168 1032 1426 1100 opinabile
1460 1042 1566 1099 est,
1603 1050 1705 1088 non
1736 1044 1810 1087 est
1840 1051 2023 1101 verum,
2048 1034 2218 1089 dicere

629 1138 738 1177 esse
765 1121 990 1193 aliquid;
1030 1122 1258 1192 opinatio
1285 1124 1421 1178 enim
1445 1125 1556 1197 ejus
1583 1135 1677 1194 est,
1711 1141 1816 1180 non
1843 1127 2086 1196 quoniam
2114 1134 2213 1194 est,

630 1215 719 1270 sed
745 1216 987 1288 quoniam
1015 1232 1116 1270 non
1141 1226 1237 1271 est.

704 1305 775 1362 Ea
790 1322 908 1378 qua:
930 1322 1088 1378 supra
1105 1309 1239 1365 dixit
1260 1324 1362 1365 una
1384 1309 1590 1367 ratione
1605 1311 1808 1383 colligit
1831 1311 2015 1368 dicens
2035 1311 2218 1381 τρυε.

629 1414 841 1471 cunque
869 1415 935 1455 eo
954 1399 1112 1455 modo
1143 1399 1516 1471 praedicantur,
1546 1412 1603 1458 ut
1622 1418 1795 1473 neque
1826 1404 1878 1458 in
1909 1404 2213 1461 nominibus

631 1507 806 1562 neque
837 1492 892 1546 in
912 1490 1320 1549 diiilnitionibus
1349 1495 1579 1565 propriis
1607 1495 1843 1567 aliquam
1872 1505 2058 1552 tenent
2085 1512 2213 1552 con-

634 1583 990 1652 trarietatem,
1030 1576 1149 1640 haec
1187 1594 1242 1641 et
1279 1597 1439 1641 extra
1481 1587 1904 1659 simpliciterque
1930 1590 2214 1661 praedicata

628 1693 756 1737 vera
778 1688 925 1745 sunt,
943 1678 1075 1734 utin
1098 1694 1162 1734 eo
1182 1679 1322 1750 quod
1344 1689 1429 1736 est
1450 1689 1691 1737 mortuus
1716 1691 1876 1753 atque
1894 1682 2077 1750 homo,
2099 1684 2215 1738 haec

628 1771 843 1845 quidem
870 1773 1175 1830 nominibus
1199 1774 1392 1829 nullius
1408 1777 1806 1832 contrarietatis
1826 1774 2209 1832 contradictio-

2639 579 2740 629 τιὸ,
2785 578 3142 631 ιιιῐιοεειιιιιιε,
3185 580 3250 620 ΕΤ
3288 578 3612 620 Νεοεεελιιη.

2396 655 2495 711 His
2522 673 2634 712 vero
2658 656 3025 725 deterntinatis,
3058 657 3465 727 perspiciendum
3494 667 3564 712 est
3585 659 3912 728 quemadmo-

2325 747 2447 802 dum
2476 765 2585 805 sese
2608 749 2794 803 habent
2824 749 3185 820 aﬂirmationes
3212 758 3260 803 et
3287 751 3582 820 negationes
3610 751 3679 804 ad
3706 768 3760 805 se
3786 752 3913 806 inui-

2322 859 2449 909 cem,
2478 842 2559 897 Iue
2586 843 2776 897 scilicet
2796 860 2910 913 qua:
2938 852 3053 897 sunt
3074 843 3136 897 de
3159 842 3387 911 possibili
3416 858 3523 896 esse
3550 852 3598 897 et
3625 859 3725 897 non
3753 844 3914 911 possi-

2326 928 2435 999 bili,
2466 933 2530 986 de
2556 933 2868 1005 contingenti
2902 943 2947 987 et
2974 950 3076 987 non
3100 934 3429 1003 contingenti,
3455 933 3521 987 de
3540 933 3842 1005 impossibili
3866 945 3915 989 et

2320 1028 2623 1095 necessario,
2652 1025 2837 1081 habent
2864 1027 2997 1080 enim
3019 1026 3216 1097 aliquas
3238 1025 3598 1080 dubitationes.

2392 1117 2577 1173 Omnis
2612 1120 2906 1191 propositio
2952 1127 3041 1174 aut
3084 1118 3201 1175 sine
3241 1118 3353 1173 ullo
3392 1120 3556 1174 modo
3595 1118 3914 1188 simpliciter

2319 1211 2709 1279 pronuntiatur,
2758 1219 2814 1265 ut
2856 1210 3105 1266 Socrates
3145 1209 3402 1275 ambulat,
3443 1219 3501 1265 ut
3538 1208 3650 1266 dies
3680 1220 3785 1278 est,
3814 1211 3911 1266 ‘vel

2317 1300 2574 1371 quidquid
2598 1301 2915 1372 simpliciter
2933 1309 2989 1357 et
3013 1302 3259 1378 sineulla
3285 1302 3542 1373 qualitate
3567 1298 3935 1371 pmdicatur.,

2319 1388 2454 1448 Sunt
2486 1402 2664 1449 autem
2705 1395 2827 1449 alia:
2864 1411 2983 1465 quae
3026 1409 3146 1449 cum
3179 1394 3410 1464 propriis
3439 1393 3687 1448 dicuntur
3715 1388 3911 1462 modis,

2320 1497 2377 1541 ut
2397 1496 2499 1551 est,
2526 1486 2775 1544 Socrates
2800 1488 3055 1544 velociter
3083 1487 3339 1543 ambulat.
3375 1488 3736 1542 Ambulation‘i
3765 1489 3909 1544 enim

2320 1568 2556 1633 Socratis
2589 1578 2776 1633 modus
2804 1589 2886 1635 est
2924 1578 3152 1642 additus,
3187 1592 3307 1633 cum
3338 1576 3567 1631 dicimus
3603 1592 3724 1633 eum
3758 1580 3904 1634 veio-

2319 1667 2457 1733 citer
2483 1669 2778 1734 ambulare,
2809 1668 3079 1739 quomodo
3108 1670 3251 1724 enim
3282 1668 3544 1735 ambulat,
3575 1670 3835 1740 significat
3860 1668 3907 1724 id

2318 1760 2459 1829 quod
2516 1760 2583 1815 de
2637 1760 2999 1816 ambulatione
3048 1762 3163 1829 ejus
3219 1761 3493 1817 velociter.
3530 1761 3905 1830 praedicamus.

627 1864 781 1943 nisve
805 1875 952 1922 sunt.
974 1864 1081 1923 Sed
1109 1867 1156 1922 si
1184 1866 1376 1922 borum
1409 1884 1504 1938 pro
1536 1866 1839 1925 nominibus
1862 1867 2212 1925 difﬁnitiones
2243 1860 2260 1920 ]

2318 1853 2577 1909 Similiter
2604 1862 2779 1909 autem
2824 1854 2867 1908 si
2910 1855 3028 1923 quis
3066 1854 3235 1920 dicat,
3266 1852 3517 1909 Socrates
3549 1854 3685 1908 bene
3714 1854 3906 1907 doctus

628 1968 931 2025 sumantur,
967 1975 1091 2016 mox
1120 1960 1473 2016 contrarietas
1500 1962 1854 2032 oppositionis
1883 1963 2213 2033 agnoscitur.

627 2052 685 2111 Si
715 2056 839 2124 quis
865 2055 1009 2111 enim
1030 2055 1263 2111 hominis
1282 2054 1656 2111 diflinitionem
1682 2054 1910 2121 dederit,
1943 2054 2072 2112 dicit
2095 2071 2215 2112 esse

627 2147 823 2202 animal
854 2147 1135 2204 rationale.
1167 2148 1218 2203 Si
1248 2149 1368 2216 quis
1396 2147 1612 2213 mortui,
1661 2148 1805 2205 dicet
1852 2164 1975 2205 esse
2021 2165 2214 2219 corpus

628 2241 737 2295 vita
771 2240 1035 2310 privatum
1068 2247 1228 2310 atque
1268 2241 1650 2308 inanimatum,
1691 2249 1853 2311 atque
1880 2257 1944 2298 ex
1979 2241 2080 2298 hoc
2103 2251 2214 2296 tota

630 2332 711 2389 vis
747 2332 1189 2389 contradictiouis
1231 2343 1473 2402 apparet.
1540 2334 1805 2402 Quocirca
1848 2336 1891 2388 si
1935 2345 2215 2389 sumantur

627 2422 983 2481 difﬁnitiones
1012 2425 1464 2494 pronominibus,
1494 2434 1552 2483 et
1592 2427 1641 2479 in
1671 2425 1755 2481 his
1788 2425 1964 2497 aliqua
1998 2437 2216 2481 contra-

629 2520 793 2576 rietas
832 2519 1010 2576 inesse
1068 2519 1355 2588 videbitur,
1387 2519 1471 2575 vel
1519 2520 1563 2575 si
1613 2520 1907 2576 secundum
1965 2519 2216 2576 accidens

629 2611 828 2685 aliquid
862 2611 1199 2681 praedicetur,
1232 2623 1288 2666 ut
1316 2622 1398 2669 est
1428 2615 1496 2668 de
1527 2612 1781 2685 Homero,
1812 2627 1932 2668 cum
1962 2612 2030 2668 de
2060 2621 2214 2682 poeta

629 2703 994 2775 principaliter
1018 2703 1356 2774 praedicetur,
1378 2719 1485 2759 non
1508 2684 1942 2773 praedicabuntur
1959 2704 2217 2774 simplici-

629 2804 714 2853 ter
736 2811 865 2852 vere
906 2811 1239 2868 quaecunque
1264 2798 1558 2867 composita
1585 2796 2034 2867 prtedicabantur.
2062 2798 2216 2865 Quod

629 2890 678 2947 si
720 2904 897 2963 neque
924 2892 1279 2947 contrarietas
1307 2891 1412 2945 ulla
1442 2890 1532 2957 sit,
1560 2900 1615 2945 et
1640 2906 1735 2961 per
1769 2907 1829 2947 se
1859 2892 2217 2962 pitedicentur

629 2990 687 3040 et
725 2998 834 3039 non
862 2997 957 3053 per
984 2982 1253 3045 accidens.
1296 2981 1556 3055 quidquid
1601 2984 1899 3052 composite
1927 2996 2055 3038 vere
2083 2982 2218 3038 dici-

631 3082 738 3142 tur,
783 3073 886 3131 boc
930 3081 987 3130 et
1026 3072 1340 3143 simpliciter
1388 3087 1513 3128 vere
1559 3073 1902 3142 prtedicatur.
1953 3073 2215 3143 Quoniam

631 3148 807 3221 autem
840 3164 1054 3220 fuerunt
1073 3163 1289 3235 quidam
1316 3165 1406 3233 qui
1438 3165 1540 3221 hoc
1581 3166 1753 3232 ipsum
1785 3165 1925 3235 quod
1956 3180 2061 3221 non
2104 3174 2210 3235 est,

630 3272 754 3314 esse
782 3256 1044 3324 dicereut,
1066 3231 1234 3311 totum
1260 3231 1626 3326 syllogismum
1651 3256 1733 3310 his
1761 3231 2216 3325 propositionibus
2244 3231 2293 3299 Ε

630 3346 1057 3419 coniungentes:
1097 3345 1250 3413 Quod
1297 3360 1400 3401 non
1446 3356 1559 3412 est,
1604 3347 1871 3416 opinabile
1918 3354 2031 3412 est;
2075 3350 2217 3417 quod

632 3447 811 3494 autem
857 3436 1124 3505 opinabile
1175 3446 1278 3503 est,
1322 3446 1432 3501 est;
1480 3436 1641 3507 igitur
1660 3438 1909 3506 estquod
1960 3453 2065 3494 non
2112 3448 2215 3496 est.

633 3528 748 3585 Hoc
792 3542 921 3597 ergo
965 3526 1129 3593 dicit,
1179 3527 1225 3581 si
1273 3541 1459 3582 verum
1508 3536 1595 3583 est
1640 3528 1965 3597 prtedicare,
2026 3528 2216 3601 inquit,

634 3621 701 3678 de
739 3636 805 3676 eo
851 3620 990 3692 quod
1034 3634 1138 3673 non
1186 3628 1297 3684 est,
1350 3620 1600 3691 quoniam
1648 3620 1917 3689 Opinabile
1964 3629 2080 3686 est,
2138 3632 2221 3679 est

634 3711 850 3785 quidem
895 3711 1115 3768 verbum
1153 3710 1221 3765 de
1283 3710 1541 3779 opinabili
1598 3711 1980 3782 praedicamus,
2040 3712 2107 3768 de
2156 3728 2222 3769 eo

636 3818 812 3863 autem
840 3805 980 3875 quod
1012 3819 1115 3861 non
1153 3813 1258 3870 est,
1301 3807 1595 3860 secundum
1640 3805 1912 3861 accidens.
1956 3804 2220 3874 Quoniam

636 3899 780 3956 enim
806 3897 947 3969 quod
993 3911 1097 3953 non
1143 3905 1227 3952 est
1272 3896 1542 3967 opinabile
1585 3904 1689 3964 est,
1735 3894 1938 3953 idcirco
1982 3896 2222 3953 secundo

637 3989 757 4046 loco
789 3991 856 4046 de
882 3987 1119 4061 eo-quod
1164 4003 1270 4043 non
1311 3996 1412 4057 est,
1458 3988 1679 4044 verbum
1723 3997 1807 4043 est
1849 3986 2220 4060 praedicamus.

638 4086 817 4153 Quare
864 4099 971 4141 non
1015 4098 1301 4155 possumus
1348 4081 1668 4153 simpliciter
1705 4082 1887 4139 dicere
1926 4098 2046 4139 esse
2080 4083 2222 4156 quod

637 4196 744 4238 non
785 4189 886 4237 est.
933 4179 1138 4235 Idcirco
1181 4180 1325 4235 enim
1369 4179 1638 4249 opinabile
1679 4190 1783 4245 est,
1814 4180 1936 4251 quia
1976 4194 2082 4233 non
2117 4189 2218 4233 est.

638 4272 838 4329 Scibile
874 4271 1019 4326 enim
1066 4279 1229 4336 esset,
1273 4270 1317 4323 si
1359 4285 1454 4339 per
1482 4284 1542 4326 se
1577 4280 1741 4339 esset,
1786 4286 1889 4325 non
1931 4270 2220 4342 apinabiie,

638 4365 775 4421 sicut
802 4364 1064 4418 Homerus
1093 4360 1294 4415 idcirco
1339 4375 1459 4416 esse
1505 4359 1720 4427 dicitur,
1760 4361 1879 4429 quia
1925 4371 2077 4430 poeta
2116 4370 2220 4426 est,

638 4472 744 4513 non
775 4455 898 4528 quia
930 4468 1024 4523 per
1053 4468 1111 4509 se
1139 4461 1242 4508 est.
1278 4451 1374 4507 Vel
1403 4461 1553 4507 certe
1582 4451 1782 4507 idcirco
1808 4453 2000 4508 dicitur
2030 4452 2223 4507 Home-

618 4542 728 4605 rus
753 4562 871 4603 esse
903 4556 1076 4618 poeta,
1116 4546 1239 4617 quia
1270 4547 1449 4616 poesis
1491 4545 1660 4615 ipsius
1702 4556 1877 4602 exstat
1916 4554 1970 4602 et
2012 4562 2223 4617 perma-

637 4657 759 4715 net,
818 4650 956 4705 sicut
1004 4648 1211 4720 aliquos
1262 4649 1312 4703 in
1370 4647 1495 4702 iiiiis
1543 4662 1686 4718 saepe
1740 4648 1920 4705 vivere
1969 4647 2265 4704 dicimus.‘

634 4737 892 4807 Quocirca
933 4738 986 4793 id
1026 4738 1168 4808 quod
1208 4754 1315 4793 non
1344 4748 1456 4802 est,
1492 4738 1693 4795 idcirco
1720 4756 1841 4796 esse
1879 4740 2077 4796 dicitur
2104 4742 2220 4811 opi-

635 4830 835 4898 nabile,
864 4829 1114 4900 quoniam
1144 4828 1313 4899 ipsius
1341 4840 1425 4886 est
1449 4832 1706 4901 Opinatio.
1735 4833 1849 4888 Non
1881 4845 2058 4889 autem
2086 4852 2218 4905 quo-

634 4917 777 4973 niam
820 4917 870 4973 id
909 4916 1047 4990 quod
1088 4934 1192 4974 non
1239 4929 1350 4989 est,
1393 4937 1486 4991 per
1519 4936 1578 4976 se
1619 4922 1820 4992 aliquid
1859 4938 1977 4980 esse
2018 4935 2211 4995 potest.

633 5004 728 5066 His
768 5010 927 5082 igitur
969 5022 1091 5065 ante
1133 5012 1428 5081 perstrictis
1464 5022 1624 5085 atque
1666 5013 1856 5069 ordine
1896 5017 2213 5083 terminatis,

632 5111 699 5166 ad
737 5111 1158 5184 propositionum
1206 5111 1395 5167 modos
1442 5128 1556 5170 rem
1600 5113 1651 5168 in
1691 5114 1968 5171 dialectica
1997 5116 2217 5173 utilissi-

634 5220 775 5260 mam
831 5205 901 5261 de
941 5204 1392 5275 pr0positionibus
1438 5214 1721 5262 tractatum
1770 5189 2217 5277 disputationem-

632 5313 738 5369 que
764 5299 1049 5355 convertit.
1100 5299 1286 5356 Restat
1326 5315 1468 5359 nunc
1495 5300 1561 5358 de
1589 5301 2013 5374 pr0positiouutn
2044 5305 2217 5361 modis

632 5392 1137 5464 appositionumque
1181 5393 1466 5451 disserere.
1516 5394 1695 5451 Multis
1733 5396 1878 5451 enim
1916 5397 2214 5461 dubitatum

632 5498 664 5538 e
697 5492 717 5536 t
754 5484 1050 5542 rationibus
1100 5501 1165 5541 an
1201 5486 1341 5543 idem
1385 5486 1573 5543 modus
1610 5497 1755 5550 esset
1794 5488 2215 5560 propositionum

635 5575 755 5631 sine
794 5577 956 5633 modo
998 5580 1412 5650 propositarum,
1461 5580 1552 5653 qui
1593 5579 1802 5638 illarum
1847 5598 2059 5654 quoque
2098 5599 2217 5653 qua:

637 5670 868 5739 propriis
912 5670 1085 5727 modis
1124 5682 1179 5729 et
1203 5675 1549 5745 qualitatibus
1589 5676 1974 5743 terminantur;
2002 5673 2218 5732 inchoat

636 5766 819 5818 autem
845 5764 915 5821 de
945 5766 1025 5823 bis
1056 5765 1216 5823 rebus
1237 5769 1625 5828 dubitationem
1656 5771 1752 5827 sic.

2316 1957 2421 2015 est,
2462 1946 2913 2016 quemadmodum
2950 1947 3020 2000 sit
3058 1944 3249 2001 doctus
3292 1944 3545 2011 ostendit,
3591 1960 3692 1999 nec
3732 1944 3904 2000 solum

2316 2037 2507 2094 doctus
2537 2038 2694 2103 dixit,
2740 2036 2835 2092 sed
2876 2037 3092 2091 modum
3136 2051 3350 2107 quoque
3380 2036 3636 2091 doctrina:
3674 2036 3906 2092 Socratis

2315 2131 2574 2202 adjunxit.
2662 2131 2768 2187 Sed
2825 2130 3079 2202 quoniam
3138 2138 3267 2186 sunt
3312 2129 3458 2184 modi
3500 2130 3585 2183 alii
3632 2142 3731 2199 per
3776 2143 3907 2198 quos

2316 2222 2516 2292 aliquid
2542 2223 2652 2278 ﬂeri
2680 2239 2843 2293 posse
2869 2223 3118 2289 dicimus,
3146 2223 3349 2294 aliquid
3377 2238 3480 2277 non
3507 2236 3683 2291 posse,
3712 2222 3907 2293 aliquid

2318 2332 2538 2372 necesse
2582 2310 2729 2382 esse;
2790 2315 2992 2388 aliquid
3040 2317 3377 2386 contingere,
3427 2315 3682 2386 quteritur
3725 2316 3777 2370 in
3822 2316 3906 2371 bis

2316 2424 2531 2479 quoque
2574 2404 3027 2478 quemadmodum
3074 2409 3189 2465 fieri
3238 2408 3670 2464 contradictionis
3711 2407 3905 2462 debeat

2316 2499 2616 2571 oppositio;
2655 2499 2706 2553 in
2738 2498 2821 2555 bis
2843 2502 2985 2555 enim
3024 2500 3476 2570 propositionibus
3501 2512 3619 2569 qua:
3650 2498 3906 2565 simplici.

2319 2601 2401 2649 ter
2452 2603 2506 2648 et
2568 2593 2688 2648 sine
2739 2593 2846 2648 ullo
2902 2593 3061 2648 modo
3113 2594 3488 2663 prtedicantur,
3548 2591 3705 2648 facile
3759 2592 3908 2647 locus

2317 2683 2759 2738 contradictionis
2788 2685 3119 2754 agnoscitur.
3164 2682 3335 2753 Hujus
3359 2683 3505 2739 enim
3536 2682 3907 2738 affirmationis

2332 2793 2450 2847 qum
2490 2784 2591 2843 est,
2622 2777 2874 2833 Socrates
2904 2777 3169 2844 ambulat,
3222 2778 3434 2848 negatio
3481 2777 3525 2831 si
3573 2776 3638 2831 ad
3688 2776 3907 2831 verbum

2318 2881 2568 2938 ponatur,
2622 2879 2680 2924 ut
2724 2878 2829 2937 est,
2875 2868 3125 2926 Socrates
3162 2880 3272 2924 non
3308 2867 3578 2935 ambulat,
3610 2866 3909 2924 rectissime

2318 2967 2657 3038 oppositione
2720 2968 2857 3024 facta
2928 2968 3204 3023 ambulare
3256 2982 3288 3022 a
3340 2966 3566 3023 Socrate
3619 2964 3905 3039 disiunxit.

2320 3058 2528 3114 Rursus
2558 3060 2717 3128 hujus
2754 3060 3131 3131 pmpositionis
3165 3073 3285 3129 quae
3317 3066 3420 3125 est,
3448 3056 3704 3114 Socrates
3732 3058 3907 3130 philo-

2320 3152 2523 3223 sophus
2548 3162 2649 3222 est,
2675 3155 2718 3208 si
2742 3153 2861 3225 quis
2888 3152 2952 3209 ad
2984 3164 3066 3211 est
3096 3153 3319 3209 verbum
3351 3151 3692 3223 negationem
3727 3162 3910 3222 ponat,

2320 3248 2582 3317 integram
2623 3246 2780 3303 faciet
2809 3256 3145 3317 negationem
3178 3246 3363 3301 dicens
3399 3262 3413 3299 :
3448 3243 3702 3301 Socrates
3742 3244 3910 3314 philo-

2325 3343 2526 3412 sophus
2556 3357 2661 3395 non
2697 3350 2808 3405 est,
2858 3357 3032 3412 neque
3062 3341 3203 3396 enim
3236 3341 3351 3398 ﬁeri
3384 3350 3557 3410 potest
3586 3348 3645 3394 ut
3671 3338 3737 3394 ad
3764 3339 3907 3397 aliud

2322 3432 2379 3489 in
2420 3433 2751 3501 simplicibus
2785 3431 3234 3487 aftirmationibus
3265 3434 3480 3503 negatio
3525 3442 3770 3500 ponatur,
3805 3432 3908 3491 nisi

2327 3532 2393 3587 ad
2420 3533 2468 3586 id
2494 3533 2711 3589 verbum
2740 3531 2882 3603 quod
2916 3533 3076 3587 totius
3103 3532 3207 3587 vim
3238 3532 3475 3588 continet
3499 3530 3908 3602 propositionis.

2329 3632 2383 3689 Si
2428 3633 2547 3701 quis
2597 3632 2737 3686 enim
2788 3630 2839 3687 in
2891 3630 2991 3684 hac
3035 3630 3400 3702 propositione
3447 3646 3565 3700 qua:
3590 3642 3694 3694 est,
3750 3630 3910 3687 homo

2328 3727 2478 3783 albus
2508 3734 2611 3793 est,
2657 3742 2762 3782 non
2792 3726 2935 3779 dicat
2963 3724 3079 3779 ﬁeri
3118 3722 3454 3792 negationem
3484 3737 3603 3778 eam
3643 3736 3763 3791 qua:
3798 3736 3892 3781 "est

2331 3820 2491 3876 homo
2516 3821 2668 3876 albus
2701 3829 2806 3875 non
2830 3828 2935 3885 est,
2977 3819 3072 3873 sed
3106 3819 3283 3887 potius
3311 3817 3470 3873 homo
3502 3834 3605 3873 non
3632 3818 3779 3881 albus
3805 3822 3908 3881 ὕει,

2331 3912 2431 3971 boc
2447 3912 2607 3967 modo
2629 3912 2817 3967 falsum
2839 3909 3139 3966 ostenditur
3162 3911 3515 3978 propositum,
3542 3925 3634 3976 per
3661 3909 3910 3979 lapidem.

2329 4002 2691 4074 lnterrogetur
2714 4003 2856 4058 enim
2887 4003 2955 4057 de
2980 4015 3046 4056 eo
3074 4016 3139 4054 an
3166 4000 3300 4069 lapis
3327 3986 3416 4055 ille
3445 4002 3606 4056 homo
3636 4001 3787 4057 albus
3816 4002 3911 4068 sit,

2330 4106 2383 4153 ut
2414 4098 2458 4151 si
2490 4097 2579 4151 ille
2610 4096 2888 4167 negaverit
2916 4107 3119 4163 ponens
3148 4092 3488 4163 negationem
3518 4094 3634 4164 ejus
3663 4109 3782 4164 quae
3807 4104 3911 4161 est,

2330 4188 2491 4243 homo
2521 4188 2673 4243 albus
2703 4197 2809 4251 est,
2839 4202 2954 4241 eam
2981 4196 3098 4254 qute
3128 4184 3277 4251 dicit,
3308 4184 3471 4240 homo
3493 4200 3596 4238 non
3624 4185 3775 4240 albus
3806 4194 3911 4252 est,

2330 4278 2537 4333 d.catur
2566 4277 2647 4344 ei;
2679 4279 2723 4332 si
2759 4293 2862 4333 non
2902 4286 2983 4331 est
3016 4275 3085 4331 de
3122 4278 3219 4329 hoc
3252 4276 3422 4344 lapide
3454 4289 3574 4330 vera
3603 4276 3911 4341 afﬁrmatio,

2330 4388 2448 4442 qua:
2486 4371 2613 4426 dicit
2655 4371 2816 4426 homo
2854 4372 3006 4426 albus
3036 4378 3138 4438 est,
3179 4385 3301 4425 vera
3342 4370 3443 4426 erit
3470 4370 3537 4425 de
3572 4385 3638 4426 eo
3669 4372 3909 4441 negatio,

2329 4466 2537 4521 scilicet
2561 4482 2622 4522 ea
2651 4482 2770 4536 qute
2802 4466 2950 4533 dicit,
2990 4466 3149 4521 homo
3181 4482 3286 4522 non
3332 4466 3484 4520 albus
3512 4477 3624 4531 est;
3659 4466 3750 4521 sed
3796 4466 3910 4521 haec

2328 4568 2540 4628 quoque
2579 4558 2708 4613 falsa
2734 4567 2834 4614 est.
2878 4558 3109 4613 Omnino
3137 4560 3281 4614 enim
3324 4557 3458 4626 lapis
3485 4558 3644 4611 homo
3674 4574 3778 4612 non
3806 4567 3908 4623 est,

2328 4658 2487 4718 atque
2540 4652 2659 4705 ideo
2710 4651 2776 4707 de
2826 4667 2890 4707 eo
2939 4666 3043 4706 non
3096 4652 3289 4720 poterit
3331 4652 3609 4721 praedicari
3656 4652 3909 4722 quoniam

2327 4739 2488 4798 homo
2517 4758 2624 4798 non
2651 4744 2805 4798 albus
2840 4753 2940 4799 est.
2970 4741 3121 4810 Quod
3153 4742 3195 4796 si
3224 4757 3397 4812 neque
3425 4741 3712 4797 afﬁrmatio
3740 4756 3913 4814 neque

2324 4834 2537 4902 negatio
2563 4833 2631 4889 de
2656 4848 2723 4888 eo
2746 4849 2867 4887 vera
2898 4843 3001 4899 εει,
3028 4833 3128 4888 hoc
3157 4842 3335 4886 autem
3370 4832 3702 4902 impossibile
3725 4841 3826 4896 est,
3855 4840 3911 4886 ut

2323 4924 2753 4981 contradictoris:
2785 4923 3171 4979 afﬁrmationes
3200 4932 3251 4977 et
3280 4924 3593 4993 negationes
3622 4922 3686 4977 de
3721 4921 3912 4977 eodem

2321 5016 2625 5085 prmdicatae
2659 5026 2903 5085 utraeque
2937 5014 3086 5069 falsa:
3120 5016 3244 5068 sint.
3274 5004 3496 5069 Constat
3529 5014 3642 5084 ejus
3670 5012 3909 5069 afﬁrma-

2328 5108 2490 5161 tionis
2520 5123 2639 5177 quae
2668 5108 2825 5171 dicit,
2854 5108 3013 5163 homo
3044 5107 3200 5161 albus
3226 5116 3329 5173 est,
3361 5124 3463 5161 non
3491 5122 3610 5161 esse
3643 5106 3787 5160 illam
3819 5122 3910 5162 ne-

2326 5207 2593 5279 gationem
2624 5221 2742 5277 qua":
2773 5207 2929 5275 dicit,
2968 5207 3131 5261 homo
3161 5222 3261 5259 non
3292 5203 3448 5260 albus
3477 5210 3580 5268 est,
3612 5205 3705 5260 sed
3734 5192 3913 5277 potius

2327 5310 2444 5354 eam
2474 5312 2567 5367 per
2595 5312 2750 5365 quam
2786 5298 3100 5368 proponitur
3130 5293 3381 5368 quoniam
3411 5293 3573 5350 homo
3611 5294 3767 5351 a‘bus
3808 5311 3913 5365 non

2326 5401 2427 5448 est.
2460 5388 2729 5464 Nusquam
2763 5390 2923 5461 igitur
2952 5390 3079 5446 alibi
3104 5390 3348 5461 ponenda
3376 5398 3457 5445 est
3494 5387 3705 5459 negatio
3746 5389 3798 5444 in
3835 5388 3915 5443 bis

2325 5498 2445 5554 qua:
2482 5482 2797 5552 simpliciter
2829 5490 2884 5538 et
2912 5482 3026 5538 sine
3067 5482 3228 5536 modo
3265 5476 3444 5555 aliquo
3477 5490 3777 5551 ponuntur,
3815 5480 3915 5535 nisi

2326 5578 2390 5633 ad
2420 5577 2639 5647 verbum
2681 5577 2823 5647 quod
2871 5585 3034 5632 totam
3074 5576 3313 5631 continet
3354 5576 3772 5647 propositionem
3797 5617 3814 5641 ,
3851 5574 3917 5627 de

2324 5669 2407 5726 bis
2436 5680 2613 5725 autem
2636 5668 2971 5725 sufﬁcienter
2996 5680 3155 5740 supra
3182 5669 3291 5740 jam
3328 5667 3582 5723 diximus.
3624 5666 3682 5721 In
3714 5666 3798 5721 bis
3823 5682 3914 5720 au~

2324 5773 2429 5820 tem
2462 5764 2513 5818 in
2542 5764 2735 5834 quibus
2762 5764 2949 5819 modus
2977 5764 3169 5833 aliquis
3193 5765 3499 5834 apponitur,
3545 5759 3809 5816 dubitatio
3831 5768 3909 5815 est

2324 5886 2390 5923 an
2422 5870 2484 5922 ad
2519 5868 2731 5921 modum
2775 5867 2920 5922 illum
2955 5874 3181 5933 ponatur
3232 5862 3479 5933 negativa
3526 5857 3810 5932 particula,
3845 5863 3910 5919 an

3934 5994 3949 6020 κ
