4270 6266
321 318 414 373 581

1037 302 1100 361 ιΝ
1143 293 1397 359 LIBRUM
1440 299 1527 354 DE
1566 288 2210 352 INTEBPRETATIONE
2249 284 2477 343 ΕΒΠῚΟ
2516 285 2845 343 SECUNDA.

3487 278 3601 341 εκ

323 433 491 488 locum
518 441 676 483 suum
704 430 886 481 servet
916 422 982 476 ad
1013 421 1265 485 verbum,
1296 415 1435 473 sic‘ut
1478 417 1529 471 in
1568 416 1651 469 bis
1692 425 1906 484 quoque
1931 417 1987 473 Α
2009 409 2228 466 modum
2265 404 2484 476 quidem
2524 402 2799 467 auferunt,
2834 415 2950 457 rem
2987 414 3117 458 vero
3150 401 3222 457 de
3257 408 3360 473 qua
3388 400 3585 457 modus

323 516 781 591 propositionibus
827 512 1021 577 fiebat,
1060 524 1178 580 quae
1220 508 1492 577 simplices
1538 515 1592 561 et
1636 506 1752 559 sine
1792 500 1905 558 ullo

325 614 482 669 modo
510 615 895 680 proponuntur.
926 603 1055 658 Nam
1083 603 1128 655 si
1153 608 1333 655 servet
1361 599 1533 653 locum
1557 612 1711 649 suum
1744 607 1907 663 nega-

300 682 303 687 .
330 713 438 762 tiva
464 701 745 775 particula,
775 706 832 752 ut
855 706 1081 768 ponatur
1108 692 1175 748 ad
1194 689 1756 759 verbum,pr0prietas
1778 697 1909 739 con-

330 791 662 853 tt‘adictionis
681 785 899 849 excidit,
924 794 979 839 et
1008 796 1188 838 verum
1221 781 1364 834 inter
1392 793 1452 832 se
1477 777 1776 843 falsumque
1804 788 1911 827 non

335 885 544 943 dividit.
593 879 782 934 Modus
827 875 970 931 enim
1014 870 1232 942 quidam
1276 878 1361 923 est
1400 864 1630 921 faciendi
1678 860 1910 933 aliquid,

337 982 543 1050 quoties
567 974 797 1029 dicimus
828 968 1027 1039 aliquid
1071 962 1327 1035 possibile
1371 976 1529 1026 esse,
1564 959 1650 1014 vel
1693 970 1917 1013 necesse

338 1090 476 1142 csse,
508 1070 591 1125 vel
613 1065 870 1137 quidquid
899 1057 1205 1130 huiusmodi
1245 1064 1348 1111 est.
1396 1054 1539 1124 Ergo
1583 1052 1631 1107 si
1671 1052 1789 1122 quis
1828 1064 1918 1105 me

337 1170 472 1223 dicat
501 1177 641 1218 nunc
669 1172 829 1230 posse
854 1154 1159 1217 ambulare,
1194 1148 1443 1217 idemque
1480 1154 1639 1217 neget
1670 1145 1918 1215 negatio-

339 1252 457 1317 ueui
487 1271 693 1329 ponens
718 1253 787 1308 ad
808 1250 1034 1306 verbum
1063 1246 1207 1317 quod
1238 1250 1322 1298 est
1347 1241 1646 1307 ambulare,
1673 1240 1923 1310 dicatque

342 1373 422 1413 me
446 1369 601 1424 posse
623 1366 731 1406 non
755 1347 1057 1408 ambulare,
1086 1341 1374 1398 afﬁrmatio
1396 1347 1450 1394 et
1475 1336 1687 1407 negatio
1712 1342 1927 1390 contra-

342 1444 579 1500 dictoris
599 1441 668 1496 de
687 1439 878 1494 eodem
904 1436 1080 1501 dieue,
1111 1448 1258 1488 verae
1278 1430 1438 1487 simul
1459 1428 1820 1483 invenientur.
1848 1426 1929 1479 Me

345 1549 577 1603 namque
625 1540 681 1587 et
723 1527 1001 1583 ambulare
1041 1538 1200 1593 posse
1227 1532 1283 1578 et
1326 1536 1432 1576 non
1462 1519 1734 1573 ambulare
1759 1516 1931 1571 mani-

347 1628 541 1683 festum
556 1632 657 1679 est.
673 1619 828 1688 Quod
842 1619 885 1672 si
907 1618 959 1671 in
982 1617 1084 1671 hoc
1102 1613 1261 1669 modo
1279 1608 1645 1682 possibilitatis
1662 1622 1766 1661 non
1785 1614 1932 1661 recte

349 1719 514 1774 verbo
538 1712 795 1784 particula
811 1708 1052 1778 negativa
1066 1704 1432 1774 coniungitur,
1446 1702 1606 1756 etiam
1629 1701 1680 1754 in
1701 1698 1781 1752 his
1804 1711 1934 1768 quo-

2008 500 2101 557 ille
2135 498 2481 570 prcdicatur,
2516 508 2620 549 non
2660 493 2924 563 perimant
2965 503 3020 550 et
3062 495 3116 550 iu
3142 495 3338 565 quibus
3369 494 3587 562 ponitur

2010 607 2120 657 res,
2152 600 2208 645 ut
2234 592 2286 645 in
2313 602 2381 644 ee
2406 586 2550 658 quod
2579 593 2666 640 est
2694 586 2942 640 Socrates
2964 586 3221 641 velociter
3234 586 3471 643 ambulat
3493 627 3508 649 ,
3538 595 3597 642 et

2013 689 2065 741 in
2091 686 2285 755 quibus
2316 680 2635 751 prmdicatur
2659 686 2813 732 actus
2836 677 2953 747 ipse
2977 687 3033 733 et
3058 693 3292 746 praeeris
3308 724 3323 749 ,
3350 680 3473 751 quia
3499 680 3592 735 ﬂat

2015 785 2175 845 atque
2201 783 2421 844 agatur,
2468 768 2807 825 manifestum
2845 777 2928 823 est
2970 769 3183 824 modum
3231 772 3449 841 quidem
3499 788 3593 828 eu-

2016 867 2157 932 brui,
2184 880 2298 921 rem
2330 877 2458 919 vero
2487 876 2608 932 quae
2637 860 2753 915 fieri
2776 860 2970 915 dicitur
2998 875 3332 930 permanere,
3376 872 3439 918 ut
3463 879 3587 920 cum

2018 959 2275 1024 dicimus,
2306 958 2560 1011 Socrates
2594 969 2697 1007 non
2726 952 2981 1008 velociter
3016 952 3273 1007 ambulat.
3306 956 3595 1013 Ambulare

2020 1050 2163 1105 enirn
2206 1062 2327 1103 eum
2370 1045 2586 1116 quidem
2616 1059 2721 1099 non
2759 1045 3235 1110 subtractum‘est,
3264 1044 3359 1100 sed
3389 1054 3592 1102 tantum

2024 1143 2141 1198 haec
2162 1142 2373 1212 negatio
2398 1138 2737 1195 velocitatem
2767 1138 2834 1193 ab
2855 1138 3215 1195 ambulatione
3239 1138 3522 1208 disiunxit.
3550 1141 3607 1197 lu

2027 1237 2111 1291 bis
2138 1246 2318 1291 autem
2359 1250 2477 1304 quae
2527 1234 2934 1303 possibilitatem
2974 1233 3172 1305 aliquid
3212 1235 3265 1290 in
3313 1235 3490 1291 futuro
3531 1236 3611 1290 fa-

2028 1329 2203 1384 ciendi
2230 1343 2324 1398 per
2351 1327 2573 1382 modum
2600 1338 2797 1394 ponunt
2815 1366 2830 1391 ,
2878 1326 3057 1380 nullus
3086 1326 3305 1380 omnino
3342 1334 3494 1382 actus
3519 1341 3616 1398 po-

2030 1423 2176 1477 nitur
2200 1460 2213 1485 ,
2245 1418 2340 1474 sed
2370 1428 2573 1473 tantum
2604 1417 2823 1480 modus;
2865 1417 2932 1471 ad
2972 1433 3134 1488 quem
3172 1420 3388 1473 modum
3429 1420 3616 1489 iuncta

2032 1515 2246 1585 negatio
2274 1514 2491 1568 modum
2524 1512 2739 1581 quidem
2767 1511 3003 1581 perimit.
3036 1503 3141 1567 Sed
3182 1529 3268 1568 res
3300 1515 3388 1568 illa
3416 1515 3481 1570 de
3509 1530 3615 1587 qua

2035 1606 2225 1662 modus
2246 1604 2638 1675 praedicabatur
2667 1618 2773 1657 non
2804 1612 3102 1672 permanet,
3130 1604 3338 1659 idcirco
3367 1606 3618 1674 quoniam

2036 1712 2138 1753 nec
2160 1707 2286 1752 tunc
2313 1710 2432 1752 cum
2468 1695 2860 1765 praedicabatur
2888 1711 3009 1748 eum
3054 1695 3215 1750 modo
3254 1696 3455 1766 aliquid
3503 1699 3618 1755 Πετί

352 1824 451 1879 que
477 1821 595 1878 qua:
618 1802 819 1859 nullam
848 1794 1420 1853 liabentdiﬂ'erentiam
1440 1832 1456 1859 ,
1476 1806 1543 1844 an
1588 1789 1653 1843 ad
1685 1787 1932 1852 modum,
1965 1795 2017 1857 ι
2042 1791 2193 1860 agive
2220 1788 2555 1859 propositum
2578 1796 2683 1851 est,
2712 1795 2773 1841 ut
2812 1788 2856 1842 si
2878 1790 2998 1857 quis
3026 1788 3168 1843 dicat
3198 1789 3473 1845 Socratem
3504 1807 3647 1861 ρος-ν

354 1917 420 1958 an
443 1900 508 1954 ad
532 1896 757 1953 verbum
792 1890 1019 1960 negatio'
1032 1897 1282 1958 ponatur,
1317 1882 1668 1939 custodienda
1700 1891 1782 1936 est
1817 1880 1939 1934 talis

357 1988 619 2060 oppositio
644 2000 764 2056 qum
792 1982 918 2037 huic
957 1979 1155 2050 speciei
1185 1976 1605 2047 propositionum
1634 1973 1940 2038 conveniat,

360 2099 477 2156 qua:
493 2095 613 2136 cum
630 2080 786 2135 modo
797 2076 1161 2148 proferuntur,
1175 2080 1234 2127 ut
1248 2073 1299 2125 in
1316 2071 1416 2126 hac
1437 2070 1804 2159 prepositione
1824 2082 1943 2137 qua

360 2177 509 2240 dicit,
538 2177 791 2230 Socrates
822 2169 1076 2225 velociter
1097 2165 1355 2231 ambulat,
1387 2165 1500 2219 sive
1518 2164 1639 2232 quis
1661 2164 1733 2217 ita
1758 2169 1939 2231 neget,

363 2266 614 2323 Socrates
645 2260 909 2316 velociter
938 2272 1045 2312 non
1087 2254 1358 2318 ambulat,
1390 2253 1456 2308 ad
1490 2253 1707 2306 verbum
1741 2264 1947 2320 ponens

366 2358 726 2428 negationem,
756 2354 870 2407 sive
898 2351 1001 2415 sic,
1034 2349 1283 2404 Socrates
1312 2362 1417 2402 non
1456 2346 1714 2401 velociter
1752 2345 1946 2398 ambu-

369 2446 462 2514 lat,
480 2446 638 2501 modo
661 2443 961 2511 negativam
984 2439 1298 2513 particulam
1318 2438 1570 2507 iungens,
1589 2452 1755 2505 prepe
1772 2435 1949 2491 simile

371 2556 491 2598 esse
516 2539 811 2601 videbitur;
834 2535 1023 2590 dividit
1044 2533 1184 2588 enim
1211 2546 1331 2586 cum
1365 2529 1724 2585 afﬁrmatione
1752 2530 1953 2584 verita-

373 2644 476 2689 tem
509 2631 903 2696 falsiiatemque
932 2636 1158 2695 utroque
1187 2624 1346 2679 modo
1374 2631 1549 2691 aptata
1585 2621 1818 2690 negatio.
1847 2618 1951 2673 Sed

376 2723 618 2792 quoniam
656 2730 781 2776 sunt
828 2718 1007 2788 plures
1040 2714 1181 2770 modi
1236 2713 1512 2782 inquibus
1554 2711 1600 2767 si
1627 2710 1693 2765 ad
1730 2708 1953 2764 verbum

378 2812 627 2885 iungatur
654 2808 910 2880 particula
944 2806 1205 2876 ttegativa,
1230 2820 1335 2859 non
1362 2812 1446 2860 est
1470 2803 1681 2873 negatio
1710 2801 1956 2871 superius

379 2904 662 2961 enuntiatae
688 2898 1076 2957 afﬁrmationis.
1110 2897 1316 2952 Idcirco
1344 2893 1605 2953 servanda
1630 2902 1715 2949 est
1750 2893 1807 2947 in
1842 2908 1959 2947 om-

380 2997 534 3052 nibus
558 2993 847 3051 secundum
872 2989 1092 3051 modum
1122 2986 1579 3059 propositionibus
1606 2985 1705 3040 ista
1734 2998 1959 3054 propor-

384 3088 456 3144 tio
478 3128 493 3154 ,
518 3098 575 3142 ut
601 3101 707 3141 uno
727 3085 1024 3153 eodemque
1064 3083 1223 3138 modo
1264 3090 1576 3137 cunctarum
1600 3080 1714 3136 ﬁeri
1743 3077 1958 3149 opposi-

2043 1887 2201 1941 sibile
2222 1900 2347 1942 esse
2377 1884 2681 1948 ambulare,
2707 1883 2915 1953 positus
2941 1882 3157 1953 quidem
3180 1884 3369 1941 modus
3397 1895 3477 1940 est
3496 1928 3509 1951 ,
3540 1900 3625 1942 res

2044 1994 2174 2034 vero
2217 1987 2336 2032 actu
2363 1976 2655 2031 constituta
2684 1990 2787 2029 non
2820 1984 2923 2029 est.
2968 1975 3080 2029 Non
3118 1975 3258 2031 enim
3304 1976 3504 2032 dictum
3543 1986 3627 2033 est

2046 2069 2296 2140 quoniam
2349 2067 2616 2130 ambulat,
2668 2067 2760 2122 sed
2810 2068 3061 2136 quoniam
3108 2082 3227 2121 eum
3268 2069 3521 2138 possibile
3546 2080 3627 2126 est

2047 2161 2339 2217 ambulare.
2370 2159 2519 2214 Hanc
2552 2174 2681 2227 ergo
2710 2159 3114 2227 possibilitatem
3146 2159 3288 2214 tollit
3324 2161 3534 2230 negatio
3575 2162 3629 2218 in

2049 2253 2417 2325 propositione
2448 2266 2570 2323 qua:
2592 2251 2759 2318 dicit,
2792 2252 3069 2306 Socratem
3101 2267 3208 2307 non
3248 2253 3504 2322 possibile
3551 2264 3633 2311 est

2050 2347 2349 2401 ambulare.
2383 2346 2487 2399 Sed
2516 2346 2568 2400 in
2591 2347 2779 2399 eadem
2804 2345 3175 2415 propositione
3203 2362 3290 2402 res
3316 2348 3385 2403 de
3412 2362 3514 2415 qua
3556 2350 3635 2405 di-

2050 2440 2276 2492 cebatur
2300 2436 2491 2491 modus
2513 2436 2602 2490 ille
2630 2452 2737 2493 non
2766 2447 3071 2507 permanet;
3107 2437 3207 2493 hoc
3235 2448 3412 2494 autem
3440 2441 3637 2499 idcirco

2052 2528 2254 2595 evenit,
2278 2529 2403 2598 quia
2431 2543 2528 2583 nec
2555 2530 2607 2581 in
2631 2528 2987 2584 afﬁrmatione
3016 2531 3229 2601 quidem
3258 2532 3426 2602 posita
3451 2542 3534 2589 est
3553 2549 3641 2591 res

2056 2622 2124 2675 de
2146 2636 2250 2689 qua
2281 2620 2603 2691 praedicatus
2629 2631 2712 2675 est
2741 2623 2949 2676 medus.
2986 2627 3159 2693 Atque
3199 2623 3321 2679 ideo
3350 2640 3454 2680 non
3490 2640 3521 2678 a
3552 2641 3643 2683 ne-

2050 2716 2275 2783 gatione
2304 2725 2580 2785 perempta
2608 2727 2689 2771 est
2720 2731 2825 2784 res,
2853 2719 3049 2787 quippe
3073 2734 3231 2790 quam
3266 2724 3475 2790 negatio
3506 2726 3643 2791 posi-

2060 2819 2167 2863 tam
2199 2809 2423 2874 invenit,
2459 2810 2552 2863 sed
2586 2816 2787 2864 tantum
2820 2810 3036 2864 modum
3058 2852 3072 2876 ,
3097 2814 3185 2881 qui
3213 2816 3371 2867 etiam
3399 2816 3467 2869 ab
3497 2816 3642 2870 al‘lir-

2058 2898 2295 2953 natione
2319 2900 2642 2954 constitutus
2664 2909 2765 2954 est.
2793 2901 2975 2969 Magni
3006 2912 3181 2958 autem
3206 2904 3456 2959 distantia
3479 2917 3559 2961 est
3579 2922 3645 2963 an

2062 2991 2129 3046 ad
2160 2992 2377 3045 modum
2411 2992 2626 3062 negatio
2654 3002 2911 3060 ponatur,
2944 3010 3012 3049 an
3041 2998 3104 3048 ad
3135 2999 3379 3053 verbum.
3419 2998 3549 3053 Nam
3602 3002 3647 3055 Si

2064 3082 2382 3174 ad'verbum
2416 3093 2672 3153 ponatur,
2707 3085 3051 3151 prmdicatum
3088 3103 3116 3141 a
3164 3088 3405 3158 subjecto
3447 3091 3648 3161 disiun-

387 3183 560 3237 tiones
588 3179 852 3243 dicantur,
877 3185 934 3231 ut
954 3176 1009 3231 in
1041 3176 1152 3233 illis
1179 3174 1396 3246 quidem
1427 3173 1639 3243 negatio
1674 3186 1795 3241 qua:
1833 3170 1959 3225 Sim-
1989 3176 2036 3240 ϐ
2064 3170 2235 3250 gitur,
2266 3189 2324 3234 ut
2352 3191 2460 3244 est,
2504 3179 2755 3235 Socrates
2791 3197 2896 3235 non
2938 3183 3191 3252 ambulat.
3223 3184 3353 3239 Nam
3382 3187 3647 3253 ambulat,

388 3275 549 3345 plices
573 3280 699 3329 sunt
718 3313 733 3338 ,
761 3286 874 3331 rem
904 3280 1079 3341 neget.
1106 3269 1163 3325 In
1194 3269 1279 3325 bis
1304 3280 1478 3325 autem
1508 3282 1627 3338 qua
1655 3281 1776 3321 cum
1804 3264 1964 3321 modo

390 3375 529 3435 sunt,
568 3367 785 3423 modum
833 3375 1011 3435 neget,
1061 3373 1122 3419 ut
1160 3365 1214 3419 in
1260 3378 1328 3419 eo
1381 3362 1523 3434 quod
1566 3372 1672 3427 est,
1716 3361 1967 3417 Socrates

394 3457 645 3525 ambulat,
671 3472 785 3513 rem
811 3458 1001 3527 ipsam,
1037 3454 1089 3511 id
1115 3453 1489 3520 estambulat,
1521 3462 1713 3522 neget,
1744 3453 1969 3508 adimat-

396 3564 498 3619 que
524 3550 820 3619 prOpositio
847 3548 1069 3613 dicens,
1102 3546 1353 3602 Socrates
1389 3561 1495 3602 non
1521 3545 1778 3601 ambulat.
1802 3546 1858 3600 ln
1888 3545 1972 3601 his

396 3653 567 3699 autem
593 3659 712 3714 qua:
733 3658 853 3698 cum
878 3643 1037 3698 modo
1059 3653 1204 3712 sunt,
1230 3658 1344 3699 rem
1367 3641 1582 3712 quidem
1609 3655 1727 3697 esse
1747 3654 1974 3696 consen-

401 3738 508 3802 tiat,
542 3736 756 3792 modum
781 3745 972 3805 neget,
1000 3737 1135 3791 utin
1155 3751 1217 3792 ea
1253 3734 1617 3805 propositione
1645 3750 1764 3805 qum
1806 3733 1972 3798 dicit,

401 3825 649 3881 Socrates
689 3827 949 3881 velociter
981 3826 1238 3891 ambulat,
1282 3826 1494 3896 negatio
1538 3824 1697 3891 dicat,
1729 3825 1978 3880 Socrates

404 3932 511 3973 non
532 3917 788 3981 velociter
812 3917 1069 3985 ambulat,
1094 3927 1150 3971 ut
1170 3918 1286 3972 sive
1315 3918 1571 3979 ambulet,
1594 3919 1710 3971 sive
1731 3931 1837 3970 non
1866 3930 1979 3969 am-

406 4008 580 4075 bulet,
606 4008 743 4062 nulla
771 4009 840 4063 sit
866 4008 1185 4065 didereutia.
1213 4008 1423 4064 Modum
1453 4017 1629 4065 autem
1654 4052 1668 4075 ,
1696 4009 1746 4063 id
1776 4018 1857 4063 est
1882 4021 1978 4063 ve-

407 4098 592 4154 lociter
616 4099 940 4165 ambulandi,
972 4100 1199 4170 perimat
1228 4116 1292 4156 ex
1316 4102 1539 4157 adverso
1569 4105 1853 4155 constituta
1883 4113 1981 4154 ne-

408 4194 905 4265 gatio,quanquam
953 4195 1055 4250 hoc
1102 4196 1153 4249 in
1195 4195 1514 4264 quibusdam
1557 4210 1663 4249 non
1708 4194 1795 4259 fit;
1827 4191 1985 4249 simul

411 4285 550 4339 enim
579 4300 699 4339 cum
732 4286 891 4340 modo
924 4293 1040 4355 ipso
1077 4296 1130 4342 et
1157 4303 1267 4342 rem
1300 4286 1491 4356 perimi
1522 4301 1743 4343 necesse
1778 4295 1895 4351 est,
1928 4293 1987 4340 ut

415 4376 467 4430 in
492 4391 557 4430 eo
586 4376 726 4447 quod
746 4388 859 4445 est,
890 4380 1139 4435 Socrates
1175 4388 1351 4449 putest
1387 4378 1697 4447 ambulare,
1740 4380 1986 4435 Socrates

418 4482 523 4521 non
555 4480 725 4536 petest
752 4470 1052 4537 ambulare,
1083 4480 1138 4527 et
1178 4472 1392 4527 modum
1441 4480 1495 4527 et
1535 4487 1650 4527 rem
1697 4472 1858 4527 modo
1886 4468 1988 4540 ipsi

2065 3274 2207 3342 quod
2238 3279 2323 3327 est
2347 3271 2692 3341 praedicatum
2726 3288 2753 3327 a
2782 3274 3025 3345 subiecto
3065 3278 3202 3347 quod
3244 3286 3327 3333 est
3365 3280 3611 3334 Socrates
3633 3324 3646 3347 ,

2066 3367 2296 3421 divisum
2321 3377 2421 3421 est.
2450 3367 2544 3422 Sin
2568 3381 2696 3421 vero
2717 3368 2782 3423 ad
2814 3370 3028 3424 modum
3056 3380 3282 3439 ponatur
3312 3386 3439 3442 non,
3460 3374 3654 3444 praedi-

2070 3467 2248 3513 catum
2272 3472 2302 3513 a
2324 3459 2566 3525 subiecto
2587 3458 2861 3515 dividitur.
2884 3460 2994 3517 Sed
3022 3478 3049 3516 a
3074 3463 3448 3533 prmdieatioue
3478 3470 3655 3537 potius

2071 3551 2396 3623 disiungitur
2422 3554 2631 3617 modus,
2665 3562 2722 3607 ut
2754 3552 2804 3607 in
2828 3568 2893 3608 eo
2920 3554 3063 3624 quod
3093 3565 3210 3621 est,
3254 3555 3503 3613 Socrates
3549 3576 3656 3617 non

2075 3644 2332 3698 velociter
2356 3642 2619 3707 ambulat,
2649 3658 2756 3697 non
2779 3644 3206 3701 ambulationem
3237 3662 3266 3701 a
3295 3648 3515 3707 Socrate
3538 3664 3659 3722 pro-

2078 3734 2271 3805 positio
2317 3734 2417 3789 ista
2464 3734 2750 3805 disiungit,
2797 3736 2893 3791 sed
2932 3737 3268 3794 velocitatem
3308 3743 3375 3797 ab
3421 3746 3660 3800 ambula-

2080 3826 2253 3891 tione,
2278 3824 2328 3880 id
2359 3834 2440 3881 est
2468 3826 2687 3881 modum
2719 3842 2747 3879 a
2777 3829 3099 3895 przedicato,
3124 3838 3179 3883 et
3209 3831 3309 3886 hoc.
3334 3833 3388 3887 in
3422 3835 3505 3890 his
3533 3837 3663 3891 faci-

2081 3918 2183 3975 lius
2204 3934 2257 3973 ei
2273 3917 2611 3987 identiusque
2631 3927 2885 3987 apparet,
2917 3932 3245 3987 quacunque
3264 3922 3338 3974 ita
3369 3926 3665 3990 przcdicau-

2084 4016 2191 4073 tur,
2222 4018 2279 4061 ut
2321 4016 2373 4062 et
2402 4008 2515 4063 ﬁeri
2542 4016 2596 4062 et
2634 4021 2739 4060 non
2777 4008 2896 4061 ﬁeri
2938 4021 3096 4076 posse
3141 4009 3403 4065 dicantur.
3446 4014 3667 4081 Oportet

2084 4106 2261 4153 autem
2290 4097 2418 4168 quid
2445 4099 2517 4153 sit
2542 4097 2836 4167 possibile,
2868 4098 2993 4168 quid
3024 4101 3423 4165 necessarium,
3454 4104 3583 4174 quid
3615 4108 3667 4162 in

2086 4204 2207 4246 esse
2248 4189 2512 4257 diflinit'e,
2546 4205 2843 4261 eorumque
2891 4192 3312 4262 significationes
3356 4196 3668 4263 ostendere,

2088 4283 2227 4355 quod
2250 4285 2408 4340 nobis
2427 4284 2493 4339 ad
2522 4284 2681 4353 huius
2708 4284 2811 4339 loci
2842 4286 3192 4341 subtilitatem
3224 4286 3479 4356 proderit,
3511 4304 3672 4358 quem

2091 4384 2410 4445 tractamus,
2438 4388 2492 4433 et
2518 4377 2794 4447 superiora
2830 4393 3167 4449 quascunque
3207 4378 3274 4434 de
3313 4380 3673 4449 contingenti-

2092 4472 2190 4526 bus
2233 4470 2374 4527 tlicta
2412 4479 2573 4539 sunt,
2606 4472 2774 4538 magis
2816 4471 3123 4540 liquebunt,
3174 4483 3228 4525 et
3274 4473 3673 4544 Analyticorum

419 4555 698 4627 coniuncta
724 4562 975 4629 particula
1008 4562 1302 4631 negationis
1328 4563 1642 4632 intercepit;
1675 4563 1770 4617 sed
1813 4566 1911 4617 hoc
1938 4563 1991 4615 in
2017 4550 2069 4617 Ι)
2097 4574 2332 4619 mentem
2375 4561 2533 4619 nobis
2586 4563 2925 4630 apertissima
2974 4561 3093 4616 luce
3136 4562 3390 4632 vulgabit.
3442 4568 3678 4632 Quatuor

420 4647 502 4702 his
532 4648 642 4705 fere
672 4653 917 4706 evenitin
946 4653 1140 4722 quibus
1168 4670 1272 4708 non
1303 4654 1416 4709 lieri
1439 4656 1651 4726 quédem
1682 4655 1878 4725 aliquid
1908 4654 1991 4708 di-

421 4741 577 4806 citur,
607 4750 661 4798 et
688 4756 836 4799 actus
865 4746 1030 4815 ipsius
1060 4762 1165 4800 non
1196 4747 1408 4802 additur
1439 4749 1659 4815 modus,
1693 4748 1786 4803 sed
1820 4749 1993 4817 potius

423 4830 649 4889 faciendi
682 4836 736 4890 in
776 4836 953 4892 futuro
982 4839 1201 4905 modus,
1229 4848 1286 4893 ut
1314 4841 1357 4894 si
1390 4840 1507 4911 quis
1542 4840 1685 4894 dicat
1720 4838 1993 4893 Socratem

422 4925 695 4984 ambulare
721 4944 909 4998 posse,
941 4946 1045 4985 non
1074 4930 1215 5002 quod
1251 4932 1362 5002 iam
1410 4933 1673 4998 ambulet,
1719 4932 1814 4990 sed
1855 4930 1995 5003 quod

424 5032 545 5073 eum
565 5018 668 5075 scit
696 5021 968 5077 ambulare
1000 5022 1289 5094 possibile,
1318 5023 1406 5079 hic
1429 5023 1475 5078 si
1515 5023 1750 5093 possibili
1787 5024 1999 5095 negatio

424 5111 809 5185 coniungatur,
838 5117 997 5171 etiam
1044 5131 1160 5172 rem
1193 5118 1360 5186 ipsam
1408 5118 1591 5173 tulisse
1632 5118 1894 5174 videbitur
1938 5117 2005 5172 de

426 5219 528 5274 qua
546 5206 637 5261 illa
663 5208 985 5277 possibilitas
1012 5208 1421 5279 praedicabatur.
1449 5209 1504 5265 Si
1524 5210 1643 5280 quis
1669 5221 1843 5266 autem
1866 5209 2007 5264 dicat

428 5298 677 5366 quoniam
703 5299 954 5357 Socrates
975 5302 1232 5356 velociter
1259 5302 1526 5371 ambulat,
1560 5299 1735 5356 facere
1759 5316 1881 5355 eum
1908 5300 2007 5354 ali-

428 5391 553 5459 quid
577 5392 730 5459 dicit,
759 5393 1082 5462 modumque
1112 5393 1188 5448 illi
1215 5394 1355 5448 actui
1373 5392 1567 5463 iungit,
1591 5394 1650 5446 ut
1668 5391 2008 5463 quemadmoo

430 5485 557 5537 dum
580 5483 709 5538 illud
732 5484 915 5551 faciat,
938 5486 1079 5557 quod
1107 5487 1283 5543 facere
1308 5487 1459 5552 dicit,
1483 5485 1708 5554 quilibet
1732 5471 2005 5555 agnoscat,

431 5585 484 5640 in
514 5582 602 5641 bis
623 5597 708 5639 res
733 5584 946 5654 quidem
975 5597 1271 5657 permanet,
1296 5589 1485 5643 modus
1510 5596 1686 5643 autem
1713 5586 2005 5658 subruitur,

432 5696 493 5743 ut
525 5700 686 5757 supra
712 5687 913 5743 dictum
941 5697 1049 5745 est.
1081 5689 1164 5745 An
1191 5700 1339 5747 certe
1365 5690 1497 5746 illud
1527 5692 1697 5764 magis
1724 5692 1905 5748 verius
1927 5699 2011 5748 est

435 5778 750 5849 dicendum,
800 5781 942 5852 quod
995 5795 1209 5854 semper
1258 5783 1559 5855 huiusmodi
1615 5786 2007 5858 propositiones

2100 4654 2243 4711 modi
2275 4663 2400 4710 sunt
2427 4668 2563 4723 quos
2591 4652 2909 4708 Aristoteles
2934 4655 2986 4707 in
3020 4652 3123 4708 hoc
3151 4654 3288 4709 libro
3314 4654 3384 4710 dc
3414 4656 3680 4726 Interpre-

2098 4747 2300 4802 tatione
2325 4744 2585 4814 disponit.
2625 4746 2731 4800 Aut
2769 4743 2914 4799 enim
2952 4743 3153 4813 aliquid
3182 4760 3300 4800 esse
3335 4746 3561 4815 dicitur,
3590 4755 3683 4802 aut

2100 4837 2414 4908 contingens
2438 4850 2577 4901 esse.
2604 4846 2695 4891 aut
2726 4836 2978 4905 possibile
2997 4849 3137 4895 esse.
3164 4846 3257 4893 aut
3286 4852 3509 4896 necesse
3537 4854 3679 4896 esse.

2102 4932 2340 5000 Quorum
2370 4931 2687 5002 contingens
2720 4946 2842 4988 esse.
2871 4941 2925 4989 et
2972 4932 3223 5001 possibile
3269 4947 3389 4989 esse
3436 4934 3575 4990 idem
3611 4935 3684 4989 sic

2106 5034 2352 5104 gnificat,
2380 5047 2481 5089 nec
2507 5032 2794 5104 quidquam
2824 5032 3090 5103 discrepat
3119 5034 3326 5101 dicere,
3363 5050 3521 5107 posse
3557 5050 3683 5092 cras

2108 5140 2227 5181 esse
2255 5125 2543 5185 circenses.
2572 5125 2638 5180 Et
2685 5139 2870 5181 rursus
2910 5125 3224 5196 contingere
3258 5141 3378 5182 eras
3423 5142 3541 5182 esse
3579 5127 3687 5183 cir-

2109 5230 2320 5286 censes,
2352 5218 2452 5273 nisi
2484 5218 2585 5272 boc
2616 5225 2818 5272 tantum
2843 5255 2860 5281 ,
2892 5216 3033 5286 quod
3060 5218 3321 5285 possibile
3345 5218 3558 5288 quidem
3586 5234 3686 5290 po-

2112 5322 2215 5370 test
2256 5312 2554 5383 privatione
2601 5312 2852 5378 subduci,
2900 5310 3213 5380 contingens
3266 5326 3395 5367 vero
3446 5315 3683 5371 minime.

2113 5410 2310 5466 Contra
2336 5412 2481 5466 enim
2505 5407 2555 5463 id
2584 5406 2726 5477 quod
2744 5406 2942 5461 dicitur
2968 5405 3220 5474 possibile
3257 5421 3377 5462 esse
3396 5448 3411 5474 ,
3442 5418 3500 5465 ct
3528 5424 3691 5480 nega.

2116 5502 2191 5557 tio
2216 5498 2583 5571 possibilitatis
2609 5498 2833 5553 infertur
2858 5496 3140 5567 aliqumies
3161 5537 3175 5561 ,
3194 5508 3253 5551 ἰιι
3282 5510 3363 5553 est
3392 5515 3496 5555 non
3522 5506 3695 5571 possi-

2114 5592 2221 5649 bile
2241 5602 2322 5649 Cal
2340 5608 2482 5659 esse,
2498 5600 2552 5647 et
2573 5588 2820 5659 privatio,
2843 5599 2902 5645 ut
2920 5600 3001 5643 est
3021 5588 3353 5658 impossibile
3372 5606 3509 5649 esse.
3536 5595 3692 5652 Nam.

2114 5700 2218 5756 que
2242 5682 2383 5754 quod
2407 5681 2636 5738 dicimus
2654 5680 2986 5750 impossibile
3011 5694 3153 5748 esse,
3178 5683 3408 5751 privatio
3429 5687 3698 5756 possibili-

2098 5786 2239 5855 tatis
2262 5792 2377 5853 est;
2401 5785 2455 5841 in
2476 5781 2809 5851 contingenti
2833 5794 3011 5841 autem
3039 5794 3340 5853 quanquam
3366 5784 3503 5842 idem
3534 5788 3697 5859 signi-
