4270 6266
633 348 751 412 585,

1854 325 1962 382 AN.
2004 324 2208 382 MAN]...
2249 319 2399 380 SEV.
2442 318 2659 375 BOETII

3797 319 3899 375 εει

642 469 801 529 licet,
843 462 956 517 sola
997 462 1200 509 tantum
1242 443 1526 517 opponitur
1579 440 1792 510 negatio
1817 479 1831 501 ,
1886 438 2031 493 nulla
2088 450 2216 529 vero
2245 436 2297 496 Α
2320 441 2375 488 ει
2406 431 2752 529 possibilitas,
2783 433 2879 487 sed
2909 447 3085 529 neque
3113 449 3251 529 esse,
3280 448 3454 506 neque
3484 434 3734 506 possibile
3785 450 3908 493 esse

640 526 866 628 privatio
888 544 1189 616 reperitur;
1220 547 1277 594 ut
1302 538 1353 592 in
1396 550 1462 591 eo
1489 532 1632 603 quod
1669 539 1753 586 est
1781 530 2129 628 contingens,
2172 526 2237 588 si.

639 622 740 703 hoc
762 633 1336 714 perimerevolumus,
1364 626 1594 683 dicimus
1629 639 1732 679 non
1773 622 2118 690 contingens,
2165 628 2220 675 et

640 741 754 793 ha:c
791 732 1004 804 negatio
1032 736 1135 783 est.
1175 723 1550 793 incontingens
1591 727 1770 773 autem
1813 714 1990 770 nullus
2024 714 2233 771 dixerit

637 828 777 901 quod
803 834 886 881 est
908 820 1157 895 privatio.
1181 817 1315 872 Cum
1340 829 1471 884 ergo
1498 810 1825 901 contingens
1850 822 1969 901 esse
2007 814 2061 862 et
2100 820 2220 901 pos-

639 898 794 977 sibile
814 932 938 975 esse
960 914 1098 970 idem
1125 908 1467 981 signiﬁcent,
1511 904 1677 961 multa
1721 904 1776 957 in
1818 900 1900 955 his
1937 898 2221 954 diversitas

640 1024 722 1070 εει
754 1008 1046 1068 secundum
1093 1001 1445 1073 Porphyrium
1492 1012 1610 1069 quae
1654 1004 1779 1050 sunt
1824 991 2123 1049 necessaria
2167 999 2223 1046 et

645 1105 821 1159 inesse
848 1106 1052 1155 tantum
1072 1089 1450 1164 signiﬁcantia,
1479 1096 1533 1143 et
1560 1085 1916 1156 contingentia
1944 1083 2027 1139 vel
2054 1081 2219 1153 possi-

648 1196 793 1253 bilia.
817 1190 971 1261 Quod
1013 1188 1156 1245 enim
1196 1198 1316 1241 esse
1361 1180 1561 1252 aliquid
1599 1180 1824 1243 dicitur,
1867 1176 1935 1232 de
1974 1176 2221 1247 praesenti

647 1301 887 1358 tempore
909 1282 1195 1354 iudicatur.
1223 1277 1281 1332 Si
1307 1275 1433 1346 quid
1455 1274 1599 1329 enim
1629 1288 1769 1327 nunc
1798 1270 1956 1326 alicui
1982 1280 2092 1334 est,
2123 1268 2225 1325 hoc

646 1397 763 1439 esse
786 1377 1124 1450 praedicatur.
1152 1369 1304 1438 Quod
1332 1383 1459 1425 vero
1482 1366 1554 1421 ita
1580 1366 1741 1431 inest,
1765 1374 1825 1419 ut
1849 1379 2063 1435 semper
2083 1362 2153 1418 sit
2169 1371 2227 1418 et

648 1487 914 1544 nunquam
946 1476 1199 1529 mutetur,
1227 1461 1353 1519 illud
1382 1475 1603 1516 necesse
1630 1473 1752 1515 esse
1777 1458 1992 1523 dicitur,
2018 1466 2069 1512 ut
2096 1456 2226 1511 solis

648 1573 844 1628 motus,
879 1562 1126 1627 lunaeque
1152 1571 1273 1611 cum
1319 1562 1461 1609 terra
1501 1549 1743 1613 obsistit,
1793 1548 2052 1605 deiectus.
2095 1547 2226 1616 Quae

647 1666 823 1713 autem
848 1652 1159 1721 contingere
1180 1648 1428 1703 dicuntur
1450 1643 1537 1699 vel
1562 1640 1832 1712 possibilia
1854 1654 1993 1704 esse,
2009 1639 2224 1694 illorum
2268 1677 2281 1688 .

649 1762 821 1819 neque
843 1742 1135 1801 secundum
1167 1752 1403 1810 praesens
1422 1775 1437 1801 ,
1462 1749 1635 1805 neque
1658 1730 1953 1789 secundum
1990 1733 2223 1801 aliquam

2323 523 2617 580 necessitas
2656 523 2765 579 ulla
2811 528 3179 597 consequitur.
3232 528 3436 584 Rursus
3479 543 3637 583 omne
3666 542 3785 584 esse
3821 543 3907 584 se-

2322 617 2502 686 quitur
2525 632 2682 685 posse
2706 631 2858 683 esse;
2877 618 3019 689 quod
3043 620 3186 675 enim
3217 630 3303 676 est
3330 629 3386 677 et
3410 629 3586 689 potest
3610 636 3749 677 esse.
3773 621 3905 677 Nam

2321 710 2368 764 si
2396 724 2520 766 esse
2550 724 2656 765 non
2688 720 2900 780 posset,
2937 712 3054 768 sine
3079 712 3184 767 ulla
3215 713 3545 769 dubitatione
3588 730 3695 769 non
3734 724 3902 781 esset;

2324 802 2629 871 possibilem
2658 812 2839 859 autem
2870 818 2990 859 esse
3028 819 3133 860 non
3177 807 3528 876 consequitur
3567 804 3730 864 esse.
3754 806 3905 876 Quod

2323 893 2466 949 enim
2508 892 2758 963 possibile
2801 904 2883 951 est
2926 910 3083 964 esse,
3134 905 3308 966 potest
3330 906 3386 953 et
3411 913 3517 953 non
3550 912 3705 967 esse,
3738 909 3797 954 ut
3823 913 3908 954 me

2328 984 2580 1055 possibile
2606 994 2688 1042 est
2712 1001 2854 1042 nunc
2877 988 3090 1058 quidem
3121 988 3417 1059 procedere
3440 1031 3454 1055 ,
3502 989 3597 1045 sed
3643 989 3747 1046 hoc
3776 989 3905 1046 mihi

2325 1092 2433 1132 non
2484 1089 2567 1132 est
2616 1093 2855 1136 necesse.
2901 1078 3017 1135 Non
3061 1080 3204 1137 enim
3253 1097 3395 1139 nunc
3440 1082 3705 1153 procedo,
3741 1098 3907 1153 quare

2323 1168 2588 1238 gradatim
2618 1173 2791 1226 omnis
2822 1179 2906 1226 est
2932 1174 3308 1243 consequentia
3331 1213 3347 1239 ,
3380 1188 3601 1230 necesse
3635 1184 3715 1229 est
3755 1189 3907 1229 nam-

2327 1275 2430 1331 que
2454 1270 2509 1316 et
2535 1276 2657 1317 esse
2683 1261 2925 1333 sequitur
2952 1272 3003 1318 et
3046 1265 3386 1332 possibilitas.
3432 1264 3634 1319 Rursus
3670 1280 3791 1321 esse
3817 1281 3909 1321 ca-

2330 1348 2453 1406 dem
2488 1352 2727 1421 sequitur
2768 1352 3125 1422 possibilitas,
3152 1353 3561 1423 possibilitatem
3595 1364 3772 1409 autem
3811 1370 3910 1412 nec

2334 1457 2455 1498 esse
2481 1444 2751 1513 sequitur,
2782 1459 2880 1500 nec
2908 1448 3215 1501 necessitas.
3246 1446 3437 1516 Liquet
3475 1462 3631 1519 ergo,
3659 1449 3909 1518 quoniam

2331 1536 2436 1591 duo
2465 1537 2609 1594 modi
2636 1547 2758 1594 sunt
2786 1539 3113 1608 possibilium
3134 1583 3149 1608 ,
3175 1556 3339 1596 unum
3370 1542 3510 1610 quod
3538 1542 3646 1611 jam
3676 1528 3911 1613 sequitur

2331 1632 2704 1685 necessitatem
2724 1670 2740 1697 ,
2763 1630 2991 1686 alterum
3022 1633 3161 1703 quod
3191 1650 3297 1689 non
3323 1636 3562 1705 sequitur
3584 1636 3697 1704 ipsa
3732 1651 3911 1692 neces-

2331 1724 2480 1779 sitas.
2516 1723 2647 1778 Nam
2670 1738 2791 1779 cum
2817 1724 2956 1790 dico,
2986 1740 3205 1783 necesse
3234 1737 3315 1783 est
3345 1736 3401 1782 ut
3427 1743 3567 1784 nunc
3588 1728 3667 1783 sol
3699 1745 3912 1785 ωινγεδ-

650 1817 1132 1896 immutabilitatem
1174 1830 1511 1902 speculamur
1552 1835 1801 1882 eventum
1823 1869 1837 1894 ,
1880 1824 1975 1880 sed
2020 1834 2224 1878 tantum
2255 1821 2303 1883 Β
2333 1828 2449 1883 tur,
2479 1817 2581 1873 hoc
2617 1820 2777 1874 etiam
2818 1819 3069 1889 possibile
3097 1832 3177 1875 est
3207 1836 3327 1877 cum
3354 1822 3503 1886 dico,
3536 1822 3791 1891 possibile
3830 1832 3913 1879 est

652 1929 969 2001 respicimus
996 1933 1251 1996 quantum
1281 1918 1638 1990 contingentis
1665 1914 1958 1988 propositio
2011 1914 2229 1985 pollice-

651 2032 756 2078 tur.
796 2019 949 2089 Quod
996 2007 1139 2075 enim
1180 2028 1338 2086 posse
1379 2027 1501 2067 esse
1539 2010 1618 2066 vel
1654 2009 1964 2080 contingere
2000 2006 2227 2076 dicitur,

649 2114 883 2173 nondum
920 2112 1134 2184 quidem
1181 2119 1294 2175 est,
1338 2104 1433 2163 sed
1481 2119 1600 2160 esse
1652 2103 2015 2174 poterit;sive
2053 2110 2230 2157 autem

649 2209 879 2273 eveniat,
911 2206 1026 2262 sive
1054 2220 1159 2261 non
1204 2200 1440 2269 eveniat,
1483 2199 1606 2269 quia
1649 2209 1822 2253 tamen
1868 2210 1987 2251 esse
2026 2204 2229 2265 potest,

649 2302 967 2371 contingens
988 2307 1045 2354 et
1070 2293 1339 2367 possibilis
1359 2292 1557 2348 dicitur
1583 2290 1875 2362 propositio
1904 2305 1916 2342 :
1952 2302 2056 2342 non
2086 2287 2230 2343 enim

650 2413 716 2453 ex
738 2403 935 2452 eventu
954 2391 1317 2461 dijudicantur
1340 2385 1735 2458 propositiones
1753 2423 1769 2450 ,
1799 2382 1893 2439 sed
1942 2382 2118 2451 potius
2165 2396 2232 2438 ex

651 2485 1073 2561 signiﬁcatione,
1100 2483 1203 2538 hoc
1231 2480 1417 2536 modo.
1468 2480 1527 2535 Si
1566 2479 1686 2550 quis
1717 2476 1859 2532 enim
1900 2474 2043 2529 dicat
2077 2487 2234 2541 posse

652 2595 773 2637 esse
803 2592 922 2633 cras
941 2577 1241 2642 circenses,
1267 2570 1540 2641 possibilis
1579 2577 1662 2624 est
1697 2569 2120 2638 contingensque
2158 2566 2237 2620 af-

656 2672 907 2730 ﬁrmatio.
939 2668 1092 2738 Quod
1122 2668 1168 2723 si
1194 2680 1314 2721 cras
1339 2665 1447 2719 sint
1475 2665 1771 2729 circenses,
1814 2676 1921 2716 non
1948 2669 2125 2715 tamen
2155 2668 2238 2715 est

604 2823 612 2832 _
655 2763 857 2835 aliquid
885 2770 1008 2817 actu
1041 2756 1423 2831 propositionis
1449 2754 1811 2825 contingentis
1850 2752 1938 2808 vel
1970 2751 2238 2823 possibilis

658 2862 1036 2929 permutatum,
1083 2861 1140 2907 ut
1180 2862 1403 2907 necesse
1446 2846 1609 2902 fuisse
1654 2844 1928 2911 videatur,
1969 2844 2109 2914 quod
2148 2842 2238 2897 illa

657 2951 981 3024 possibiliter
1031 2944 1395 3018 promittebat.
1446 2939 1597 3008 Quod
1650 2939 1695 2994 si
1743 2953 1928 2994 rursus
1981 2952 2089 2992 non
2131 2938 2241 2992 sint

656 3052 947 3111 circenses,
971 3041 1192 3100 omnino
1218 3055 1318 3096 nec
1344 3038 1423 3094 sic
1448 3035 1647 3108 aliquid
1671 3042 2031 3106 permutatum
2054 3040 2157 3117 est,
2184 3041 2241 3087 ut

659 3154 879 3196 necesse
910 3137 1075 3193 fuisse
1097 3150 1201 3190 non
1226 3146 1348 3188 esse
1374 3130 1643 3187 circenses
1665 3127 1929 3183 videatur.
1955 3125 2070 3181 Non
2097 3125 2237 3179 enim

2335 1926 2476 1967 nunc
2505 1926 2592 1967 me
2640 1926 2854 1967 sumere
2900 1912 3170 1981 codicem,
3211 1928 3314 1969 non
3355 1928 3573 1970 necesse
3613 1925 3712 1971 est.
3748 1914 3914 1971 Recte

2333 2003 2491 2074 igitur
2520 2003 2589 2059 ab
2615 2003 2899 2059 Aristotele
2922 2005 3077 2074 paulo
3100 2014 3221 2076 post
3247 2005 3574 2062 dubitabitur
3598 2023 3663 2062 an
3697 2008 3768 2064 sit
3786 2008 3913 2063 illud

2336 2096 2586 2167 possibile
2610 2096 2755 2168 quod
2784 2098 3091 2154 necessitati
3117 2101 3421 2156 conveniat.
3449 2100 3556 2157 Sed
3581 2116 3701 2156 cum
3732 2102 3799 2157 ad
3820 2116 3914 2158 ea-

2337 2190 2460 2246 dem
2488 2191 2601 2246 loca
2633 2191 2970 2259 venerimus,
3002 2193 3129 2265 quid
3154 2192 3255 2250 sibi
3283 2193 3383 2248 ista
3408 2194 3742 2265 possibilium
3768 2194 3914 2251 simi-

2335 2280 2504 2337 litudo
2527 2281 2673 2347 velit,
2701 2282 2791 2338 vel
2813 2283 3259 2352 quemadmodum
3280 2284 3507 2341 discerni
3533 2286 3722 2355 possit,
3750 2299 3912 2357 agno-

2336 2388 2567 2430 scemus.
2596 2374 2747 2428 Nunc
2773 2382 2953 2430 autem
2979 2374 3689 2445 quoniam’allirmalivarum
3721 2394 3913 2449 propo-

2337 2464 2593 2519 sitionum
2644 2465 3056 2534 consequentias
3109 2466 3497 2538 explicuimus,
3558 2471 3917 2541 negativarum

2338 2571 2523 2610 rursus
2566 2558 2977 2627 consequentias
3020 2558 3386 2629 exploremus.
3439 2561 3640 2617 Harum
3693 2577 3918 2634 namque

2339 2657 2567 2719 quatuor
2594 2650 3012 2729 propositionum
3040 2666 3160 2720 quae
3185 2653 3319 2708 ﬁunt
3347 2669 3410 2710 ex
3438 2669 3576 2720 esse,
3606 2669 3671 2710 ex
3701 2670 3918 2711 necesse

2340 2756 2495 2809 esse,
2531 2758 2597 2797 ex
2642 2743 2880 2813 possibili
2919 2759 3066 2810 esse,
3096 2754 3150 2801 et
3182 2747 3493 2818 contingere
3527 2763 3666 2818 esse,
3697 2758 3921 2820 quatuor

2343 2833 2850 2902 negationessunt,
2899 2849 3005 2889 non
3041 2849 3193 2905 esse,
3224 2853 3328 2892 non
3367 2853 3588 2895 necesse
3635 2854 3785 2907 esse,
3819 2855 3921 2895 non

2344 2926 2597 2996 possibile
2624 2942 2766 2993 esse,
2798 2941 2903 2983 non
2930 2930 3245 2999 contingens
3274 2944 3416 2987 esse.
3449 2932 3556 2988 Sed
3583 2932 3922 3003 quemadmo-

2342 3020 2469 3075 dum
2497 3019 2882 3076 afﬁrmationes
2911 3022 3220 3093 contingere
3247 3038 3370 3079 esse
3407 3033 3463 3081 et
3509 3024 3763 3095 possibile
3807 3040 3925 3081 esse

2344 3112 2547 3169 eaedem
2585 3115 2749 3169 erant
2790 3114 3080 3170 secundum
3126 3114 3577 3185 signiﬁcationum
3626 3118 3926 3175 similitudi-

658 3236 748 3303 (ιιι
773 3233 973 3289 dictum
994 3228 1109 3299 est)
1140 3225 1433 3284 secundum
1479 3231 1730 3280 eventum
1771 3222 1869 3275 ista
1897 3220 2235 3290 judicantur,
2267 3207 2314 3272 C

2267 3207 2314 3272 (ζ
2344 3223 2488 3277 nem,
2511 3206 2584 3262 ita
2609 3223 2821 3279 quoque
2848 3211 3156 3279 negationes
3181 3210 3384 3267 eaedem
3414 3222 3564 3279 sunt;
3592 3229 3764 3285 neque
3785 3217 3925 3271 enim

662 3322 755 3378 sed
788 3320 1079 3377 secundum
1095 3315 1480 3387 propositionis
1497 3312 1671 3382 potius
1698 3311 1863 3380 ipsius
1893 3310 2238 3380 promissum.
2264 3373 2274 3387 .

662 3412 810 3479 Quod
831 3411 972 3466 enim
1001 3408 1152 3476 dicit,
1174 3406 1411 3478 quisquis
1435 3403 1633 3459 dixerit
1656 3416 1776 3457 cras
1800 3416 1958 3471 posse
1996 3416 2117 3457 esse
2147 3400 2243 3456 cir-

662 3517 872 3570 censes,
898 3499 999 3554 hoc
1024 3499 1113 3569 (ut
1134 3494 1355 3567 opinor)
1382 3494 1493 3549 sive
1515 3493 1642 3560 sint,
1670 3492 1784 3547 sive
1810 3506 1915 3547 non
1945 3491 2073 3560 sint,
2098 3493 2242 3548 nulla

662 3609 841 3653 tamen
872 3593 1219 3651 interclusum
1240 3597 1325 3646 est
1340 3588 1681 3652 necessitate,
1701 3601 1768 3642 ne
1789 3601 1895 3642 non
1917 3586 2042 3643 sint.
2067 3588 2243 3655 Quare

662 3699 890 3761 quatuor
932 3684 1211 3741 modorum
1259 3680 1367 3736 duo
1411 3678 1623 3749 quidem
1668 3676 1811 3733 idem
1852 3687 2013 3743 sunt,
2050 3676 2104 3732 id
2134 3686 2232 3743 est,

663 3785 975 3853 contingens
994 3788 1154 3852 atque
1183 3776 1461 3851 possibile,
1489 3775 1543 3833 hi
1568 3776 1675 3832 duo
1697 3784 1872 3831 autem
1894 3791 2015 3831 cum
2037 3777 2244 3832 duobus

665 3878 902 3949 reliquis,
931 3886 1092 3946 atque
1122 3873 1221 3944 ipsi
1250 3870 1441 3941 reliqui
1471 3886 1500 3924 a
1532 3884 1590 3926 se
1616 3868 1956 3925 dissentiunt.
1985 3870 2245 3926 Possibile

665 3970 805 4027 enim
852 3978 907 4025 et
944 3966 1261 4037 contingens
1302 3963 1464 4019 distat
1508 3962 1575 4017 ab
1620 3977 1684 4018 ea
1727 3964 2091 4033 propositione
2124 3980 2246 4035 quae

664 4062 794 4119 dicit
820 4059 1019 4132 aliquid
1056 4072 1205 4124 esse;
1247 4056 1363 4112 hazc
1400 4056 1545 4112 enim
1588 4056 1882 4113 secundum
1932 4057 2249 4128 possibilita-

668 4166 773 4211 tem
804 4152 967 4209 l‘uturi
994 4150 1246 4222 temporis
1266 4148 1677 4205 alﬁrmationem
1711 4151 1979 4221 proponit,
2011 4151 2098 4206 illa
2118 4165 2246 4207 vero

666 4246 956 4305 secundum
979 4244 1257 4315 praesentis
1282 4250 1480 4297 actum.
1506 4241 1758 4312 Utrreque
1785 4258 1932 4306 vero.
1962 4252 2018 4298 et
2041 4259 2103 4299 ea
2128 4260 2247 4315 qua:

667 4348 872 4407 csse,et
888 4352 948 4394 ea
969 4352 1087 4407 quae
1103 4333 1353 4405 possibile
1374 4348 1495 4388 esse
1517 4333 1601 4388 vel
1620 4333 1931 4404 contingere
1952 4332 2247 4403 signiﬁcata

670 4430 969 4488 necessaria
983 4427 1346 4498 propositione
1359 4424 1634 4495 disiunctae
1644 4436 1788 4493 sunt;
1804 4427 2094 4483 necessitas
2104 4428 2244 4483 enim

670 4544 776 4583 non
803 4526 961 4582 modo
981 4524 1158 4580 inesse
1177 4521 1290 4578 vult
1309 4521 1530 4592 aliquid,
1545 4521 1641 4578 sed
1662 4521 1825 4578 etiam
1846 4522 2250 4580 immutabiliter

671 4624 867 4688 inesse,
899 4631 956 4677 ut
984 4620 1114 4677 illud
1145 4618 1287 4690 quod
1313 4631 1434 4674 esse
1460 4617 1659 4673 dicitur
1690 4633 1961 4688 nunquam
1987 4634 2108 4676 esse
2140 4634 2246 4676 non
2275 4596 2327 4659 Ῑ)

669 4714 859 4783 possit.
891 4711 1152 4780 Quocirca
1194 4710 1593 4781 consequentia:
1632 4726 1846 4781 quoque
1884 4712 2086 4769 ordinis
2138 4715 2249 4770 evi-

669 4805 860 4861 denter
883 4812 1160 4875 apparent.
1183 4802 1337 4870 Quod
1364 4806 1509 4860 enim
1532 4812 1616 4859 est
1637 4805 2021 4872 necessarium,
2047 4807 2161 4863 sine
2181 4823 2248 4865 eo

670 4899 811 4971 quod
841 4907 926 4954 est
952 4911 1093 4965 esse,
1122 4896 1207 4951 vel
1234 4896 1549 4967 contingere
1574 4911 1714 4962 esse,
1742 4898 1822 4952 vel
1847 4900 2100 4967 possibile
2127 4914 2248 4956 esse

676 5009 782 5051 non
815 4992 1048 5049 dicitur.~
1076 4989 1344 5059 Quidquid
1374 4990 1517 5045 enim
1547 4992 1911 5046 necessarium
1946 5002 2055 5055 εει,
2085 5003 2137 5048 ει
2166 5004 2248 5051 εει

670 5097 725 5143 ει
743 5099 864 5143 esse
889 5091 1095 5155 potest;
1119 5082 1205 5136 vel
1232 5082 1277 5136 si
1313 5096 1435 5137 esse
1461 5097 1567 5137 non
1599 5092 1799 5151 posset,
1826 5099 1933 5140 non
1963 5098 2108 5142 esset
2132 5104 2248 5146 om-

674 5179 820 5234 nino.
853 5174 1003 5243 Quod
1032 5172 1077 5230 si
1105 5188 1211 5229 non
1240 5181 1403 5238 esset,
1437 5187 1536 5229 nec
1566 5188 1785 5232 necessc
1814 5190 1935 5233 esse
1957 5177 2243 5237 diceretur.

674 5270 850 5335 Quare
870 5281 1030 5323 omne
1059 5265 1416 5323 necessarium
1444 5272 1498 5322 et
1526 5280 1645 5322 esse
1670 5265 1886 5337 dicitur,
1914 5279 1968 5326 et
1998 5273 2248 5342 possibile

672 5374 786 5429 est,
818 5362 911 5419 sed
943 5376 1047 5417 non
1074 5375 1225 5429 aeque
1252 5374 1410 5416 omne
1446 5359 1587 5431 quod
1621 5370 1704 5416 est
1739 5365 2100 5421 necessarium
2127 5378 2245 5435 est;

678 5464 901 5527 possunt
927 5453 1068 5510 enim
1098 5453 1340 5525 quaedam
1362 5468 1502 5521 esse,
1526 5469 1644 5525 quae
1666 5463 1724 5509 ut
1750 5454 1877 5524 sint,
1902 5473 2005 5514 non
2030 5474 2249 5517 necesse

675 5559 759 5604 est
789 5558 845 5604 ut
873 5550 1146 5604 Socratem
1175 5546 1476 5616 ambulare,
1513 5547 1595 5605 vel
1626 5558 1818 5604 caetera
1858 5565 1976 5621 qua:
2002 5551 2069 5608 de
2098 5566 2253 5624 sepa-

677 5640 934 5697 rabilibus
977 5646 1259 5694 sumuntur
1303 5638 1699 5707 accidentibus,
1750 5655 1851 5697 nec
1895 5657 2081 5699 rursus
2110 5644 2253 5712 quod

679 5731 937 5800 contingit
979 5743 1102 5786 esse
1144 5730 1227 5785 vel
1269 5745 1393 5787 esse
1433 5732 1685 5802 possibile
1728 5742 1984 5802 est,mox
2008 5749 2129 5791 esse
2151 5751 2250 5792 ne-

678 5843 827 5883 cesse
856 5836 956 5881 est.
979 5828 1154 5894 Quare
1177 5841 1398 5885 necesse
1421 5842 1541 5885 esse
1563 5831 1780 5899 quidem
1809 5843 2103 5903 sequuntur
2132 5851 2254 5897 esse

2345 3300 2612 3369 discrepat
2640 3299 2932 3371 quidquam
2960 3302 3140 3358 dicere
3168 3318 3273 3359 non
3305 3304 3558 3374 possibile
3590 3314 3859 3376 estquam
3881 3305 3927 3362 si

2344 3390 2588 3445 enuntiet
2631 3405 2739 3445 non
2785 3393 3067 3465 contingit.
3106 3378 3519 3466 Consequentia:
3552 3404 3729 3453 autem
3767 3412 3827 3454 se
3872 3398 3928 3453 in

2344 3482 2675 3537 alﬁrmativis
2704 3482 2971 3541 habebant
2999 3487 3101 3542 hoc
3128 3487 3319 3555 modo,
3349 3497 3407 3543 ut
3436 3489 3769 3545 necessarias
3803 3504 3929 3561 pro-

2346 3576 2644 3645 positiones
2666 3588 3019 3648 sequerentur
3044 3594 3163 3637 esse
3203 3582 3397 3657 aliquid
3439 3581 3804 3654 signiﬁcantes
3851 3592 3930 3640 at-

2345 3679 2449 3734 que
2476 3665 2780 3735 possibiles.
2809 3667 2917 3725 Eas
2936 3679 3113 3728 autem
3135 3687 3253 3743 qua:
3283 3688 3404 3730 esse
3426 3673 3623 3745 aliquid
3636 3675 3887 3732 ‘dicerent
3912 3716 3926 3740 ,

2347 3755 2548 3811 easdem
2580 3757 2862 3826 possibiles
2893 3773 3278 3834 sequerentur,
3319 3765 3413 3822 sed
3455 3782 3625 3835 neque
3654 3767 3929 3839 possibili-

2349 3846 2445 3902 bus
2464 3887 2477 3911 ,
2510 3862 2629 3903 esse
2657 3849 2859 3921 aliquid
2888 3854 3248 3923 signiﬁcantes
3268 3897 3284 3924 ,
3313 3872 3413 3914 nec
3443 3859 3756 3915 necessariae
3800 3874 3931 3914 con-

2348 3938 2673 3995 sentiebant.
2701 3940 2759 3996 ln
2789 3944 3049 4014 negativis
3077 3960 3207 4002 vero
3236 3957 3424 4005 contra
3451 3958 3571 4007 est:
3594 3953 3928 4022 negationem

2348 4027 2490 4083 enim
2541 4032 2905 4101 possibilitatis
2952 4036 3220 4107 sequitur,
3268 4047 3324 4094 et
3366 4040 3484 4109 ejus
3526 4057 3645 4112 qua:
3686 4054 3766 4100 cst
3815 4059 3935 4100 esse

2348 4122 2548 4193 aliquid
2584 4126 2932 4195 signiﬁcantis
2967 4132 3180 4199 negatio
3221 4140 3275 4186 et
3306 4135 3650 4190 necessariae.
3684 4134 3933 4206 Negotio-

2350 4228 2471 4268 nem
2498 4229 2624 4270 vero
2655 4217 2941 4272 necessarii
2965 4233 3138 4289 neque
3166 4218 3283 4291 ejus
3304 4222 3445 4291 quod
3475 4234 3559 4279 est
3588 4241 3731 4295 esse,
3764 4242 3933 4297 neque

2350 4305 2465 4373 ejus
2492 4305 2635 4375 quod
2657 4316 2739 4363 est
2766 4309 3019 4379 possibile
3041 4325 3182 4379 esse,
3212 4313 3424 4382 negatio
3450 4316 3711 4385 sequitur.
3750 4319 3933 4388 Disna-

2350 4410 2546 4457 nantur
2573 4404 2715 4458 enim
2748 4404 2801 4459 in
2827 4405 3078 4474 ordinem
3105 4420 3293 4462 omnes
3326 4407 3427 4463 hoc
3450 4408 3611 4465 modo
3640 4428 3654 4464 :

2566 4507 2823 4584 Ifossibile
2850 4524 2988 4566 esse.
3175 4511 3289 4568 Non
3318 4516 3574 4584 possibile
3601 4533 3741 4576 esse.

2563 4580 2889 4660 gontingeus
2917 4597 3057 4639 esse.
3170 4584 3288 4660 gon
3317 4580 3629 4660 contingens
3648 4606 3789 4647 esse.

2576 4650 2727 4707 Esse.
2769 4650 2777 4651 “
3175 4656 3291 4711 Non
3316 4673 3454 4717 esse.

2572 4720 2803 4780 Necesse
2830 4739 2972 4781 esse.
3170 4729 3287 4784 Non
3319 4746 3539 4789 necesse
3558 4747 3697 4791 esse.

2428 4822 2794 4894 Repetendum
2852 4827 3014 4897 igitur
3069 4829 3304 4887 breviter
3351 4820 3435 4889 est
3497 4836 3937 4895 alﬁrmativarum

2354 4920 2767 4989 consequentias
2785 4962 2801 4989 ,
2832 4931 2889 4976 ut
2927 4924 3376 4992 quemadmodum
3403 4942 3434 4983 e
3460 4942 3723 4987 converso
3747 4931 3858 4987 sint
3883 4933 3939 4988 in

2355 5010 2619 5079 negativis
2651 5012 2953 5071 evidentius
2996 5016 3232 5086 pateﬁat.
3277 5018 3408 5076 Esse
3440 5023 3681 5093 sequitur
3710 5021 3943 5094 possibi~

2358 5098 2480 5156 litas
2511 5108 2567 5156 et
2606 5108 2991 5175 contngentia.
3026 5106 3444 5168 Possibilitatem
3490 5130 3617 5170 vero
3645 5127 3699 5172 et
3729 5119 3940 5174 contio.

2357 5191 2592 5262 gentiam
2612 5206 2736 5250 esse
2752 5212 2855 5252 non
2880 5199 3143 5269 sequitur.
3164 5199 3397 5258 Necesse
3418 5219 3546 5261 vero
3565 5208 3941 5279 essesequitur

2358 5294 2411 5341 et
2431 5298 2572 5356 esse,
2606 5295 2661 5343 et
2689 5290 3017 5358 possibilitas
3038 5292 3495 5365 etcontingentia,
3530 5298 3941 5366 possibilitatem

2357 5387 2535 5435 autem
2576 5388 2630 5437 ct
2656 5384 3074 5455 contiugentiam
3118 5399 3218 5441 nec
3261 5400 3382 5442 esse
3419 5378 3664 5458 sequitur
3707 5404 3807 5451 nec
3849 5406 3939 5445 ne-

2359 5471 2605 5527 cessitas.
2638 5472 2695 5529 ln
2728 5475 3099 5545 negationibus
3125 5491 3257 5532 vero
3297 5492 3329 5533 e
3377 5478 3647 5534 contrario
3673 5488 3757 5536 est
3777 5521 3791 5547 ,
3836 5495 3944 5536 non

2360 5577 2525 5646 posse.
2547 5579 2669 5623 esse
2692 5577 2748 5623 et
2772 5583 2881 5623 non
2907 5568 3220 5641 contingere
3242 5585 3363 5627 esse
3392 5571 3633 5643 sequitur
3664 5588 3768 5629 non
3800 5587 3940 5637 esse,

2358 5656 2617 5727 quidquid
2660 5660 2803 5717 enim
2837 5676 2939 5719 non
2970 5654 3149 5734 potest
3176 5680 3319 5735 esse,
3367 5681 3471 5722 non
3519 5678 3641 5732 est;
3688 5683 3792 5725 non
3824 5682 3945 5723 esse

2360 5762 2538 5833 autem
2572 5768 2677 5808 non
2708 5770 2865 5824 posse
2899 5772 3019 5814 esse
3050 5774 3156 5814 non
3187 5760 3449 5831 sequitur,
3496 5762 3635 5832 quod
3662 5761 3802 5817 enim
3834 5774 3946 5816 non

2361 5852 2462 5908 cst,
2492 5859 2596 5900 non
2627 5848 2845 5903 omnino
2872 5850 3220 5907 interclusum
3256 5860 3337 5908 est
3378 5859 3431 5906 ut
3462 5865 3582 5911 esse
3617 5868 3720 5909 non
3756 5850 3946 5923 possit.
