4270 6266
350 326 454 383 585

1054 312 1118 372 ΙΝ
1156 316 1411 372 LIBRUM
1453 313 1538 368 DE
1580 313 2228 371 INTERPRETATIONE
2266 314 2494 370 EDITIO
2532 314 2868 373 SECUNDA.

3506 312 3612 373 586

348 443 500 498 Nunc
527 438 672 495 enim
701 449 801 505 ego
838 430 1055 502 Traiani
1084 432 1255 486 forum
1303 444 1407 485 non
1441 429 1620 496 video,
1671 429 1765 485 sed
1814 446 1920 484 non
1951 435 2004 491 Α
2027 445 2167 497 esse,
2200 431 2341 501 quod
2368 440 2456 486 est
2484 433 2839 487 necessitatis.
2865 432 2969 488 Alii
2997 445 3129 503 ergo
3161 432 3381 489 ordines
3408 446 3613 504 prOpo-

352 542 431 591 sst
460 544 684 586 necesse
715 536 771 583 ut
792 540 897 582 non
923 525 1164 609 videam,
1198 522 1313 578 fieri
1335 524 1476 578 enim
1506 530 1681 591 potest
1712 532 1767 575 ut
1794 537 1926 591 pro-

353 626 468 697 pius
493 624 787 686 accedens,
816 620 1049 674 videam.
1103 616 1308 671 Rursus
1351 631 1457 670 non
1500 628 1657 683 posse
1702 627 1841 679 esse,
1875 623 1931 669 et

350 731 458 771 non
488 715 808 783 contingens
833 724 975 774 esse,
1001 723 1100 763 nec
1124 724 1229 762 non
1258 721 1397 773 esse,
1432 706 1673 775 sequitur
1698 719 1797 760 nec
1820 718 1927 760 non

350 824 572 865 necesse
612 821 752 863 esse.
795 803 947 873 Quod
988 803 1130 858 enim
1163 816 1268 854 non
1308 809 1412 862 est,
1441 813 1544 852 non
1577 797 1775 853 videbit
1806 812 1929 853 vere

348 902 477 966 dici,
510 898 759 971 quoniam
785 894 913 950 illud
940 908 1060 949 esse
1089 907 1196 947 non
1242 899 1449 961 potest,
1475 889 1571 945 sed
1600 889 1775 957 petitis
1798 904 1929 957 quo-

350 997 494 1051 niam
524 1001 703 1063 potest
725 1005 833 1046 non
870 1003 991 1045 esse
1019 988 1101 1042 vel
1130 1000 1274 1052 esse,
1298 984 1440 1054 quod
1467 992 1677 1038 estnon
1709 995 1929 1036 acet-sse

350 1101 488 1143 esse.
521 1083 671 1151 Quod
701 1082 845 1139 enim
872 1095 976 1135 non
1003 1093 1127 1134 esse
1153 1087 1355 1147 potest,
1380 1090 1486 1130 non
1517 1073 1784 1128 videbitur
1804 1088 1929 1127 vere

348 1177 471 1242 dici,
502 1176 755 1245 quoniam
784 1172 916 1227 illud
944 1186 1051 1226 non
1082 1182 1303 1224 necesse
1327 1179 1409 1222 εει
1428 1182 1570 1232 esse,
1600 1165 1692 1221 sed
1726 1164 1926 1233 potius,

347 1268 599 1340 quoniam
630 1266 761 1321 illud
790 1276 1014 1319 necesse
1055 1270 1139 1315 est
1184 1274 1291 1314 non
1339 1272 1483 1322 esse,
1515 1256 1568 1311 id
1595 1266 1700 1319 est,
1730 1255 1927 1309 nullam

348 1359 631 1415 essentiam
683 1358 904 1412 habere.
951 1351 1299 1423 Negationem
1337 1359 1515 1404 autem
1563 1345 1925 1406 necessitatis,

350 1454 401 1508 id
437 1461 523 1508 est
565 1466 673 1505 non
718 1461 937 1504 necesse
980 1446 1122 1511 esse,
1154 1457 1327 1513 neque
1371 1458 1479 1496 non
1516 1456 1636 1495 esse
1664 1439 1925 1507 sequitur,

352 1559 526 1615 neque
546 1558 651 1598 non
679 1540 936 1611 possibile
960 1552 1099 1592 esse.
1139 1536 1220 1591 Me
1244 1534 1397 1615 enim
1419 1533 1545 1589 dum
1568 1531 1786 1586 ambulo
1816 1545 1921 1582 non

351 1651 571 1694 necesse
614 1645 695 1690 est
743 1633 1039 1699 ambulare,
1088 1643 1262 1697 neque
1310 1627 1452 1687 enim
1498 1641 1562 1680 ex
1605 1622 1959 1677 necessitate

350 1729 628 1799 quisquam
651 1724 910 1788 ambulat,
942 1736 1039 1775 nec
1061 1734 1246 1774 rursus
1269 1716 1409 1787 quod
1436 1732 1543 1770 non
1564 1723 1649 1769 est
1677 1728 1923 1777 necesse,

2032 524 2287 577 sitionum
2334 532 2482 589 sunt,
2520 524 2598 578 vis
2648 533 2821 579 tamen
2863 526 3082 593 eadem,
3127 535 3184 582 ut
3236 528 3611 584 necessitatem

2030 624 2221 668 cuncta
2244 625 2559 684 sequantur,
2589 614 2993 681 possibilitatem
3024 632 3150 672 vero
3180 619 3475 673 necessitas
3503 631 3613 674 non

2031 719 2304 773 sequatur.
2357 705 2452 759 Hic
2502 704 2674 759 oritur
2715 706 2936 772 quaestio
2988 708 3354 774 subdifficilis,
3399 725 3523 765 nam
3569 711 3655 783 si:

2032 800 2402 853 necessitatem
2419 796 2661 865 sequitur
2680 796 3023 864 possibilitas,
3053 813 3155 851 non
3195 815 3416 856 necesse
3435 809 3616 856 autem
3640 818 3656 867 ξ

2032 888 2370 958 possibilitati
2402 892 2613 945 contine
2640 896 2744 953 est,
2779 903 2876 942 cur
2901 903 3123 943 necesse
3142 904 3261 944 esse
3291 906 3393 946 non
3421 907 3614 963 sequa-
3644 889 3667 944 ’ζ

2032 991 2119 1034 tur
2136 980 2186 1034 id
2210 980 2349 1050 quod
2378 980 2602 1035 dicimus
2624 996 2728 1036 non
2752 996 2972 1037 necesse
2988 983 3140 1037 esse?
3168 998 3287 1037 nam
3319 985 3364 1037 si
3387 985 3615 1053 possibi-
3654 978 3668 1053 ἶ

2030 1071 2152 1126 litas
2183 1074 2425 1141 sequitur
2453 1075 2859 1140 necessitatem,
2890 1091 2994 1127 non
3029 1088 3251 1129 necesse
3285 1086 3461 1129 autem
3490 1091 3613 1133 esse
3667 1094 3673 1111 '

2030 1163 2272 1233 sequitur
2316 1164 2739 1231 possibilitatem.
2788 1166 2947 1235 bequi
3002 1164 3164 1220 debet
3212 1166 3609 1233 necessitatem,

2031 1271 2159 1324 ergo
2187 1256 2236 1309 id
2265 1256 2405 1325 quod
2436 1272 2539 1311 non
2570 1273 2796 1313 necesse
2824 1268 2907 1313 est
2935 1258 3309 1327 prtedicamus.
3341 1258 3471 1323 Quae
3511 1258 3613 1314 hoc

2029 1349 2189 1402 modo
2218 1348 2543 1416 dissolvitur,
2569 1366 2673 1405 nou
2706 1351 2963 1420 possibile
2994 1366 3133 1419 esse,
3161 1366 3462 1421 quanquam
3502 1350 3608 1406 vim

2032 1440 2222 1496 habeat
2253 1445 2605 1509 necessitatis,
2631 1444 2807 1499 differt
2836 1455 3012 1499 tamen
3034 1459 3063 1498 a
3092 1447 3433 1507 necessitate.
3463 1444 3607 1513 quod

2034 1536 2120 1590 illa
2137 1536 2506 1592 aflirmativam
2527 1539 2685 1594 habet
2708 1540 2961 1609 speciem,
2991 1539 3118 1593 illud
3138 1555 3263 1593 vero
3283 1539 3606 1608 negativam,

2030 1628 2108 1681 sic
2135 1628 2294 1682 etiam
2318 1631 2571 1699 possibile
2593 1646 2712 1684 esse
2734 1639 2789 1684 et
2813 1646 2918 1685 non
2950 1646 3168 1686 necesse
3192 1646 3311 1687 esse
3331 1634 3605 1697 differunt,

2032 1732 2098 1771 eo
2130 1728 2331 1774 tantum
2373 1722 2514 1790 quod
2574 1723 2703 1776 illud
2753 1732 2835 1776 est
2881 1722 3254 1777 aflirmativum
3282 1765 3295 1789 ,
3329 1724 3455 1778 illud
3482 1740 3610 1779 vero

352 1820 404 1874 id
434 1834 538 1873 non
568 1825 747 1887 potest
776 1815 915 1881 fieri,
964 1814 1204 1881 quisquis
1233 1810 1375 1865 enim
1407 1808 1645 1863 ambulat
1673 1822 1779 1861 non
1815 1806 1932 1876 qui-
1959 1805 2013 1867 Β
2039 1811 2362 1880 ttegativum,
2405 1828 2523 1866 cum
2556 1814 2634 1867 vis
2673 1814 2856 1868 catlcm
2904 1814 3311 1883 significationis
3362 1818 3452 1871 sit.
3500 1818 3609 1873 Sed

350 1912 470 1967 dem
498 1908 775 1964 ambulare
818 1905 898 1960 illi
948 1916 1168 1958 necesse
1198 1911 1299 1966 est,
1331 1901 1427 1955 sed
1477 1908 1679 1954 tantum
1730 1907 1924 1968 potest.

331 2008 517 2073 'Atque
557 2001 677 2055 ideo
722 1998 864 2068 quod
896 2010 1003 2052 non
1025 2004 1108 2049 est
1146 2008 1368 2070 necesse
1393 2007 1538 2059 esse,
1573 2007 1679 2045 non
1708 1990 1929 2044 omnino

352 2095 701 2151 interclusum
733 2102 817 2148 est
845 2101 900 2145 ut
943 2105 1065 2145 esse
1105 2103 1209 2143 non
1240 2088 1426 2158 possit.
1462 2086 1530 2140 Et
1568 2086 1637 2140 de
1663 2101 1769 2139 non
1794 2098 1928 2139 con-

353 2188 570 2259 tingenti
598 2185 784 2242 eadem
810 2184 946 2239 ratio
970 2190 1074 2249 est,
1099 2182 1314 2236 diverso
1338 2195 1468 2250 ergo
1498 2177 1659 2233 modo
1688 2192 1850 2247 quam
1876 2176 1928 2230 in

349 2278 796 2335 affirmationibus
843 2275 1090 2345 negativa
1133 2273 1415 2329 conversio
1463 2281 1567 2326 est.
1624 2270 1741 2324 lllic
1785 2268 1927 2324 enim

352 2374 731 2430 necessitatem
778 2378 832 2425 et
860 2370 1091 2424 essentia
1116 2378 1169 2423 et
1217 2367 1540 2437 possibilitas
1565 2364 1928 2433 sequebatur;

352 2465 638 2521 essentiam
664 2470 842 2518 autem
876 2458 1206 2530 possibilitas
1226 2501 1241 2526 ,
1271 2458 1364 2512 sed
1398 2470 1573 2526 neque
1603 2455 1929 2525 possibilita-

356 2568 460 2613 tem
503 2556 738 2612 essentia
785 2554 869 2607 vel
917 2551 1239 2616 necessitas,
1291 2564 1391 2605 nec
1421 2563 1604 2602 rursus
1635 2545 1931 2602 necessitas

353 2651 642 2708 essentiam
664 2647 1008 2716 sequebatur.
1036 2646 1132 2700 Hic
1162 2654 1339 2699 autem
1374 2660 1479 2699 non
1502 2658 1643 2706 esse,
1678 2657 1782 2696 non
1808 2655 1931 2709 pos-

353 2743 505 2798 sibile
539 2756 683 2808 esse,
723 2748 779 2794 et
825 2751 1049 2794 necesse
1097 2750 1202 2791 non
1261 2750 1383 2790 esse
1432 2730 1799 2801 consequitur.
1825 2729 1930 2784 Sed

354 2850 527 2904 neque
568 2848 674 2888 non
725 2845 946 2887 necesse
977 2844 1118 2896 esse,
1152 2843 1261 2883 non
1300 2842 1417 2883 esse
1444 2828 1707 2897 sequitur,
1757 2839 1931 2895 neque

354 2937 606 2999 utrasque
636 2923 1003 2997 possibilitatis
1048 2923 1261 2991 negatio
1284 2960 1300 2986 ,
1347 2935 1467 2990 qua:
1496 2935 1599 2975 non
1626 2932 1782 2989 posse
1811 2931 1929 2972 esse

354 3021 547 3092 aliquid
579 3020 844 3090 proponit.
867 3019 958 3071 An
984 3016 1153 3086 magis
1186 3015 1312 3069 illud
1338 3013 1622 3068 dicendum
1650 3021 1750 3075 est,
1788 3010 1929 3081 quod

356 3114 495 3167 sicut
532 3128 590 3166 se
620 3111 673 3165 in
718 3109 1162 3165 aflirmationibus
1191 3106 1372 3171 habet,
1416 3108 1483 3159 ita
1513 3119 1723 3176 quoque
1752 3103 1804 3157 in
1835 3116 1929 3158 ne.

2031 1905 2403 1958 necessitatem
2434 1903 2719 1959 affirmatio
2753 1907 3121 1975 possibilitatis
3160 1920 3211 1961 ct
3252 1910 3611 1979 contingentis

2031 1995 2373 2063 sequebatur,
2399 2012 2699 2066 quanquam
2726 1999 2869 2052 enim
2909 2000 3311 2067 possibilitatem
3347 2001 3604 2065 imitetur,

2030 2085 2184 2154 eique
2211 2088 2509 2141 consentiat
2540 2088 2591 2141 id
2621 2089 2759 2157 quod
2793 2089 3022 2144 dicimus
3049 2108 3153 2145 non
3183 2108 3406 2148 necesse
3449 2108 3569 2147 esse
3592 2133 3608 2158 ,

2033 2185 2207 2229 tamen
2241 2178 2453 2247 negatio
2482 2181 2723 2248 quaedam
2764 2191 2865 2235 cst.
2899 2181 3059 2236 Recte
3098 2183 3257 2252 igitur
3295 2184 3608 2240 allii-matia—

2030 2283 2152 2322 nem
2185 2284 2303 2337 qua:
2324 2282 2404 2325 est
2438 2286 2659 2327 necesse
2688 2290 2828 2342 esse,
2860 2289 2963 2329 non
2994 2278 3230 2345 sequitur
3271 2280 3479 2349 negatio
3506 2296 3603 2349 per

2032 2375 2189 2429 quam
2220 2360 2420 2430 aliquid
2453 2379 2558 2416 non
2586 2376 2804 2419 necesse
2827 2380 2945 2420 esse
2979 2370 3347 2437 proponimus.
3382 2362 3607 2430 Ethant.

2031 2453 2245 2521 quidem
2295 2454 2451 2523 hujus
2491 2457 2810 2512 solutionem
2862 2460 3621 2530 quaestionis'fbeopltrastus

2032 2542 2117 2595 vir
2150 2543 2485 2602 doctissimus
2521 2548 2738 2616 reperit.
2784 2551 2890 2604 Nos
2920 2561 3095 2605 autem
3131 2553 3212 2605 his
3241 2553 3612 2613 determinetis

2032 2635 2099 2689 ad
2115 2641 2387 2706 sequentia
2411 2640 2784 2709 procedamus‘.
2812 2645 2946 2698 Sunt
2972 2646 3139 2707 enim,
3172 2656 3229 2701 ut
3258 2648 3370 2715 ipse
3400 2648 3610 2703 Aristo-

2035 2730 2167 2784 teles
2188 2731 2281 2798 ait,
2309 2733 2362 2786 in
2388 2733 2470 2787 bis
2500 2736 2678 2788 multa:
2702 2735 3083 2805 dubitationes,
3116 2739 3207 2793 sed
3246 2740 3407 2795 totius
3438 2752 3614 2799 textus

2032 2820 2403 2889 plenissimum
2435 2840 2653 2881 sensum
2688 2828 2861 2896 primo
2893 2844 3149 2897 ponamus
3174 2872 3187 2894 ,
3225 2834 3313 2900 qui
3339 2842 3394 2887 et
3422 2835 3466 2886 si
3497 2833 3614 2888 lon-

2032 2925 2131 2979 gus
2159 2922 2263 2977 est,
2296 2922 2473 2969 tamen
2502 2931 2570 2969 nc
2598 2916 2844 2970 intercisa
2890 2917 3131 2972 videatur
3170 2934 3290 2973 esse
3319 2923 3610 2989 sententia,

2035 3016 2140 3056 non
2172 3005 2435 3073 gravabor
2462 3020 2750 3075 apponere.

2108 3096 2249 3150 Nam
2287 3100 2330 3152 si
2356 3116 2533 3153 eorum
2571 3118 2683 3171 qua:
2725 3106 3127 3173 complectuntur
3156 3108 3260 3161 illa:
3282 3110 3378 3162 sibi
3402 3110 3616 3165 invicem

357 3203 682 3275 sationibus,
730 3211 787 3256 ut
831 3200 1234 3268 Theophrastus
1271 3198 1581 3253 acutissime
1614 3196 1928 3265 perspexit?
1952 3171 2005 3238 Ο
2036 3189 2283 3259 opposita:
2326 3200 2444 3244 sunt
2488 3193 2908 3249 contradictiones
2933 3237 2946 3260 ,
2980 3212 3289 3266 quwcunque
3338 3202 3614 3255 secundum

359 3294 487 3350 lz‘uit
511 3294 652 3349 enim
682 3292 1056 3361 consequentia
1090 3291 1145 3344 in
1182 3289 1530 3355 aflirniativis,
1557 3298 1614 3343 ut
1644 3292 1936 3344 necessita-

358 3396 461 3443 tem
490 3397 544 3443 et
574 3401 691 3442 esse
718 3392 1139 3453 consequeretur
1182 3390 1238 3437 et
1269 3380 1620 3452 possibilitas,
1666 3381 1937 3449 possibili-

361 3490 518 3537 tatem
540 3492 668 3537 vero
701 3494 801 3535 nec
827 3493 951 3533 esse
979 3483 1295 3547 sequeretur
1322 3490 1421 3530 nec
1446 3474 1757 3529 necessitas.
1790 3472 1936 3529 Idem

360 3572 568 3645 quoque
603 3575 813 3644 penitus
844 3570 1290 3643 perspicientibus
1336 3570 1387 3623 in
1436 3567 1807 3635 negationibus
1851 3581 1937 3636 ap-

360 3667 584 3737 parebit,
599 3667 817 3722 veniens
836 3679 1062 3734 namque
1076 3662 1286 3733 negatio
1302 3662 1354 3716 in
1375 3661 1699 3725 necessario,
1719 3660 1940 3717 faciens-

361 3774 463 3829 que
495 3757 796 3828 huiusmodi
838 3757 1177 3827 negationem
1206 3770 1325 3825 quae
1355 3753 1520 3819 dicit,
1572 3768 1679 3807 non
1716 3766 1937 3808 necesse

362 3856 443 3905 est
467 3864 586 3903 esse
610 3889 627 3914 ,
659 3851 764 3902 vim
796 3847 1129 3903 necessitatis
1164 3844 1402 3916 infringit
1425 3853 1479 3899 et
1507 3852 1671 3898 totam
1703 3843 1939 3913 proposi-

364 3941 562 3995 tionem
593 3940 673 3998 ad.
697 3940 948 4009 possibile
986 3939 1159 4004 ducit,
1206 3938 1346 4008 quod
1394 3939 1534 3993 enim
1567 3953 1673 3993 non
1720 3951 1940 3994 necesse

325 4067 339 4080 .
366 4039 450 4085 est
479 4044 617 4095 esse,
655 4030 820 4084 fracto
858 4031 1032 4099 rigore
1074 4029 1405 4084 necessitatis
1432 4030 1497 4084 ad
1530 4029 1936 4099 possibilitatem

366 4121 679 4192 perductum
711 4132 812 4186 est,
845 4122 936 4177 sed
977 4122 1383 4192 possibilitatem
1416 4138 1515 4178 nec
1535 4138 1654 4177 esse
1680 4122 1943 4192 sequeba-

364 4223 449 4269 tur
474 4229 572 4270 nec
601 4218 908 4269 necessitas.
941 4213 1106 4270 Recte
1147 4229 1274 4284 ergo
1303 4213 1525 4270 fractam
1553 4214 1934 4271 necessitatem

364 4314 417 4358 et
442 4302 507 4359 ad
539 4304 792 4374 possibile
840 4304 1169 4374 perductam,
1221 4320 1343 4361 cum
1396 4309 1608 4377 negatio
1658 4307 1788 4363 dicit
1832 4322 1941 4362 non

365 4411 586 4452 necesse
610 4412 747 4463 esse,
781 4415 876 4453 nec
908 4414 1013 4453 non
1041 4413 1182 4464 esse,
1224 4414 1322 4454 nec
1348 4414 1453 4454 non
1481 4401 1793 4471 contingere
1816 4413 1941 4454 esse

365 4489 727 4558 consequitur.
774 4488 976 4545 Rursus
1032 4492 1122 4560 qui
1180 4490 1308 4544 dicit
1364 4490 1620 4559 possibile
1647 4507 1789 4559 esse,
1821 4491 1865 4545 si
1892 4492 1941 4547 ei

365 4555 651 4644 disiunctio
677 4576 972 4646 negationis
1007 4555 1264 4642 addatur,
1296 4555 1433 4631 tollit
1476 4578 1727 4647 possibile
1752 4555 1846 4644 ,ἐι
1876 4576 1941 4630 ad
1972 4555 2030 4617 D

365 4666 699 4722 necessitatis
720 4668 1128 4738 perpetuitatem
1157 4668 1405 4738 negativa
1444 4668 1611 4723 forma
1639 4676 1800 4722 totam
1831 4684 1945 4737 pro-

364 4758 683 4828 positionem
707 4768 946 4825 revocat,
980 4768 1040 4814 ut
1069 4768 1152 4815 est
1180 4774 1286 4814 non
1321 4759 1576 4829 possibile
1594 4800 1609 4825 ,
1637 4760 1778 4829 quod
1802 4761 1944 4814 enim

364 4858 445 4905 est
468 4849 755 4919 possibile,
785 4866 890 4906 non
925 4860 1011 4907 est
1037 4850 1231 4917 adhuc,
1265 4852 1480 4922 quando
1516 4850 1735 4916 dicitur,
1766 4848 1860 4904 sed
1892 4852 1944 4904 in

366 4939 562 5010 futuro,
585 4942 662 4997 sic
683 4942 894 5011 quidem
919 4941 1130 5012 negatio
1152 4943 1294 4999 illius
1314 4943 1366 4998 in
1390 4943 1765 4999 necessitatem
1789 4955 1944 4996 versa

366 5033 433 5087 de
461 5047 525 5088 eo
555 5035 695 5103 quod
725 5044 807 5091 est
836 5044 1044 5090 mutare
1074 5051 1183 5091 non
1214 5037 1431 5108 poterit,
1477 5034 1619 5105 quod
1664 5035 1808 5091 enim
1840 5050 1944 5088 non

366 5124 617 5192 possibile
639 5135 880 5195 estesse,
915 5127 1027 5181 ﬁeri
1056 5143 1162 5182 non
1206 5137 1382 5197 potest
1408 5138 1463 5181 ut
1490 5128 1580 5192 sit,
1604 5127 1746 5198 quod
1769 5135 1945 5182 autem

366 5211 482 5268 fieri
512 5229 617 5270 non
648 5224 826 5286 potest
852 5226 913 5272 ut
941 5222 1045 5281 sit,
1083 5231 1307 5272 necesse
1345 5225 1431 5271 est
1457 5225 1515 5272 ut
1540 5232 1645 5272 non
1681 5219 1769 5273 sit.
1806 5217 1948 5287 Ergo

367 5307 726 5363 necessariam
778 5309 1066 5378 quamdam
1107 5311 1217 5363 vim
1286 5307 1447 5363 habet
1488 5308 1604 5363 haec
1656 5310 1951 5377 prepositio

365 5396 419 5452 in
458 5414 561 5469 qua
601 5400 853 5465 dicimus,
894 5415 998 5455 non
1053 5416 1213 5470 posse
1253 5414 1376 5455 esse
1428 5399 1645 5469 aliquid,
1710 5401 1803 5454 sed
1855 5416 1953 5455 ne-

366 5492 673 5545 cessitatem
738 5494 1057 5560 sequebatur
1113 5500 1168 5546 et
1213 5490 1449 5547 essentia
1504 5499 1559 5547 et
1609 5492 1951 5560 possibilitas.

365 5582 484 5636 Non
534 5595 757 5636 necesse
798 5592 976 5636 autem
1016 5598 1137 5638 esse
1180 5584 1244 5637 ad
1287 5583 1691 5653 possibilitatem
1715 5585 1954 5653 respicit.

342 5674 538 5729 'itecte
572 5687 698 5745 ergo
731 5688 836 5727 non
865 5688 1091 5729 necesse
1120 5688 1241 5729 esse
1260 5716 1274 5737 ,
1302 5675 1449 5743 quod
1473 5686 1557 5733 est
1586 5682 1746 5733 etiam
1780 5680 1953 5749 possi-

324 5865 355 5901 Α

372 5767 617 5833 bilitatis,
648 5767 887 5835 sequitur
910 5768 1326 5836 propositionem
1352 5783 1470 5837 quae
1504 5768 1635 5828 dicit
1661 5786 1768 5829 non
1800 5788 1958 5844 posse

612 5862 886 5924 Ρηκοι..
920 5860 1139 5924 LXIV.
1190 5941 1253 5957 ﬁ

2038 3295 2144 3333 esse
2172 3288 2219 3332 et
2248 3296 2348 3333 non
2374 3298 2478 3361 esse
2507 3283 2870 3350 disponuntur,
2906 3295 2962 3338 ut
2985 3289 3096 3357 ejus
3137 3304 3250 3355 qua:
3274 3299 3366 3357 est,
3397 3307 3503 3344 esse
3532 3292 3617 3345 ho-

2038 3373 2223 3425 minem
2263 3376 2460 3444 negatio
2507 3386 2598 3442 est,
2651 3393 2750 3429 non
2798 3393 2904 3432 esse
2932 3379 3219 3447 hominem,
3252 3392 3353 3434 non
3379 3396 3489 3435 esse
3516 3399 3618 3437 non

2040 3464 2313 3518 hominem.
2350 3463 2419 3519 Et
2447 3468 2555 3537 ejus
2600 3484 2714 3537 qua:
2758 3479 2849 3530 est,
2897 3486 3005 3523 esse
3032 3469 3201 3524 album
3230 3470 3506 3537 hominem,
3540 3488 3621 3527 ne-

2038 3559 2176 3627 gatio
2202 3569 2275 3612 est
2306 3575 2365 3612 ea
2392 3577 2503 3630 qua:
2522 3572 2617 3627 est,
2641 3578 2741 3616 non
2770 3579 2878 3617 esse
2894 3562 3064 3616 album
3086 3565 3355 3627 hominem,
3384 3566 3473 3619 sed
3496 3581 3617 3634 non,

2038 3668 2149 3705 esse
2179 3669 2280 3707 non
2317 3654 2488 3707 album
2540 3656 2813 3710 hominem.
2864 3656 2923 3711 Si
2971 3658 3102 3711 enim
3149 3659 3210 3710 de
3253 3659 3486 3712 omnibus
3535 3669 3622 3710 aut

2039 3743 2195 3797 dictio
2224 3753 2315 3811 est,
2362 3756 2453 3799 aut
2482 3748 2701 3819 negatio.
2734 3749 2926 3819 lignum
2957 3750 3049 3802 erit
3100 3766 3271 3803 rerum
3300 3750 3486 3817 dicere,
3520 3766 3623 3805 esse

2041 3851 2143 3887 non
2172 3834 2344 3889 album
2390 3838 2669 3893 hominem.
2706 3840 2854 3903 Quod
2895 3844 2940 3893 si
2969 3849 3074 3894 haec
3100 3843 3194 3895 hoc
3223 3845 3375 3897 modo
3400 3884 3414 3909 ,
3440 3851 3486 3895 et
3510 3846 3624 3914 qni-

2044 3927 2328 3999 buscunque
2368 3947 2475 3985 esse
2519 3947 2618 3984 non
2659 3931 2888 3996 additur,
2929 3932 3061 3983 idem
3096 3933 3245 4000 faciet
3275 3933 3330 3984 id
3358 3934 3493 4003 quod
3532 3949 3625 4001 pro

2042 4036 2147 4074 esse
2177 4021 2378 4084 dicitur,
2414 4032 2466 4074 ut
2495 4023 2603 4092 ejus
2633 4037 2745 4089 qua:
2772 4032 2868 4083 est,
2914 4021 3139 4073 ambulat
3186 4021 3336 4074 homo
3362 4066 3377 4091 ,
3425 4024 3623 4091 negatio

2043 4118 2136 4174 est,
2164 4127 2266 4163 non
2315 4127 2372 4163 ea
2402 4126 2513 4181 qua:
2557 4120 2650 4175 est,
2700 4112 2924 4165 ambulat
2971 4126 3070 4164 non
3100 4111 3270 4174 homo,
3312 4114 3401 4167 sed
3424 4130 3482 4166 ea
3511 4130 3625 4183 qua

2044 4212 2137 4269 est,
2171 4218 2271 4256 non
2303 4201 2533 4255 ambulat
2563 4204 2711 4256 homo
2732 4245 2747 4270 ,
2796 4204 2923 4257 nihil
2960 4205 3094 4256 enim
3133 4202 3305 4272 differt
3334 4205 3500 4259 dicere
3530 4204 3625 4256 ho-

2044 4298 2231 4351 minem
2256 4296 2537 4365 ambulare,
2562 4300 2637 4353 vel
2666 4299 2918 4353 hominem
2947 4300 3285 4355 ambulantem
3318 4318 3442 4357 esse.

2118 4390 2243 4469 llaec
2271 4392 2560 4447 Aristotele
2589 4395 2855 4449 subtiliter
2885 4395 3228 4455 discutientc,
3257 4394 3384 4449 illud
3415 4402 3627 4460 oportet

2048 4498 2373 4552 agnoscere,
2406 4484 2546 4553 quod
2579 4487 2809 4539 multum
2841 4486 3019 4539 differt
3048 4486 3216 4554 ipsius
3260 4485 3627 4552 possibilitatis

2054 4576 2159 4629 vim
2191 4588 2539 4644 naturamque
2567 4575 2830 4636 diffinire,
2860 4576 2942 4629 vel
2974 4577 3202 4644 propria:
3229 4576 3468 4631 scientia:
3498 4593 3629 4646 qua-

2053 4669 2199 4724 litate
2224 4668 2539 4723 concludere
2558 4710 2571 4733 ,
2594 4678 2651 4722 et
2680 4667 2984 4738 possibilem
3013 4669 3434 4722 enuntiationem
3457 4669 3630 4738 qualis

2052 4775 2173 4815 esse
2216 4759 2407 4813 debeat
2444 4757 2703 4828 judicare.
2748 4757 2986 4827 Namque
3020 4757 3290 4827 possibiiis
3323 4759 3629 4830 cognitione

2052 4850 2180 4903 illud
2228 4850 2400 4903 solum
2455 4848 2791 4918 perSpicitur,
2842 4865 2909 4902 an
2956 4848 3007 4903 id
3059 4849 3202 4919 qttod
3254 4849 3467 4915 dicitur,
3514 4848 3628 4903 ﬁeri

2054 4942 2224 5013 possit
2270 4941 2416 4996 nullo
2459 4942 2798 4998 extrinsecus
2844 4941 3168 5010 impediente
3212 4958 3467 5008 causam,
3493 4940 3630 5010 quod

2055 5034 2268 5090 etiamsi
2317 5034 2553 5099 accidat,
2604 5034 2735 5089 nihil
2767 5036 2833 5090 tle
2863 5044 3001 5089 statu
3036 5035 3229 5105 prioris
3266 5033 3634 5104 possibilitatis

2055 5138 2417 5197 permutatur,
2469 5145 2657 5183 verum
2710 5131 2873 5201 ipsius
2930 5130 3197 5199 possibilis
3250 5128 3635 5184 cnuntiitionis

2056 5218 2369 5287 dijudicatio
2412 5222 2701 5290 plurimum
2743 5221 2951 5284 differt,
2982 5220 3121 5291 quod
3166 5236 3285 5275 mox
3328 5220 3523 5290 poterit
3564 5233 3633 5274 ex

2059 5310 2169 5377 ipsa
2194 5312 2258 5366 de
2282 5312 2620 5380 possibilibus
2643 5313 3097 5367 enuntiationibus
3125 5311 3377 5380 disputati
3403 5326 3485 5366 ine
3513 5327 3624 5379 cog.

2060 5401 2229 5456 nosci.
2259 5402 2387 5457 Nam
2415 5404 2553 5457 sicut
2580 5418 2683 5457 non
2711 5414 2791 5457 est
2823 5404 2959 5456 idem
2991 5403 3221 5456 hominis
3255 5401 3632 5456 diffinitioncm

2060 5494 2386 5563 respondere
2416 5494 2795 5565 quaerentibus,
2836 5502 2889 5547 et
2930 5494 3096 5562 ipSam
3128 5492 3497 5548 diffinitionetn
3532 5494 3635 5547 alio

2061 5586 2291 5641 termino
2329 5587 2661 5641 diffinitinttis
2694 5588 2998 5652 includere,
3030 5586 3099 5641 ita
3141 5603 3244 5641 non
3279 5588 3418 5642 idem
3458 5596 3539 5641 est
3570 5587 3637 5642 de

2062 5677 2295 5749 possibili
2324 5679 2689 5733 enuntiatione
2712 5687 2764 5732 et
2787 5678 2911 5748 quid
2940 5680 3109 5749 ipsum
3142 5681 3392 5748 possibile
3422 5689 3503 5735 cst
3532 5692 3610 5733 tra

2060 5791 2224 5838 clare.
2269 5778 2417 5836 Unde
2464 5780 2521 5836 fit
2561 5789 2612 5836 ut
2654 5794 2774 5835 cum
2824 5781 3073 5853 possibile
3116 5788 3276 5851 atque
3318 5780 3637 5851 contingens

3131 5872 3203 5932 19
