4270 6266
586 353 688 411 587

1816 331 1928 390 AN.
1956 326 2164 386 MANL.
2200 322 2356 382 θεν.
2396 314 2619 377 ΒΟΕἸΊΙ

3758 297 3862 357 588

590 473 734 529 idem
762 486 814 525 m
843 459 1341 537 signiﬁcationibus,
1371 456 1443 513 sit
1468 454 1742 511 diversum
1770 465 1893 507 esse
1913 452 1971 504 in
1994 461 2164 502 enun-
2196 445 2251 505 Α
2273 453 2379 495 non
2408 448 2509 494 est.
2540 438 2617 491 ita
2641 445 2854 506 quoque
2879 432 2933 488 in
2960 429 3046 486 his
3083 443 3203 501 quae
3240 426 3457 484 modum
3496 425 3859 484 subsistentia

593 562 899 622 tiationibus
929 557 1190 612 videatur.
1224 552 1398 622 Supra
1436 562 1666 619 namque
1693 544 1973 601 docuimus
2001 537 2173 610 possi-

592 666 851 723 bilitatem
906 669 961 714 et
1010 654 1425 727 contingentiam
1475 650 1717 721 ejusdem
1768 640 2174 717 signiﬁcationis

593 771 742 819 esse,
772 763 828 807 ut
854 751 993 822 quod
1022 748 1356 817 contingeret
1384 743 1499 799 fieri
1520 787 1536 812 ,
1562 740 1703 795 idem
1733 746 1877 793 esset
1902 732 2176 805 possibile,

594 857 652 904 et
687 844 829 916 quod
878 842 1132 913 possibile
1172 847 1338 904 esset,
1380 835 1518 891 idem
1563 845 1776 902 quoque
1821 828 2177 894 contingeret.

596 937 700 995 Sed
734 934 1001 1006 possibilis
1053 930 1349 987 enuntiatio
1393 941 1501 981 non
1534 932 1618 979 est
1657 921 1847 977 eadem
1894 932 2013 987 qua:
2053 929 2183 971 con-

601 1034 846 1103 tingens,
875 1042 1050 1099 neque
1088 1026 1230 1080 enim
1273 1021 1319 1075 si
1362 1022 1480 1090 quis
1516 1014 1827 1087 possibilem
1871 1007 2184 1063 afﬁrmatio-

600 1143 725 1184 nem
756 1130 1049 1195 proponat,
1085 1119 1236 1188 eique
1261 1122 1493 1185 Opponat
1521 1109 1919 1177 contingentem
1948 1100 2187 1174 negatio-

603 1236 762 1287 nem,
795 1228 993 1272 rectam
1039 1213 1195 1267 faciet
1233 1204 1734 1265 contradictionem.
1779 1198 1835 1254 Si
1882 1197 2003 1267 quis
2042 1193 2188 1249 enim

605 1286 781 1379 dicat,
805 1308 1072 1382 quodlibet
1098 1304 1229 1359 illud
1252 1316 1370 1358 esse
1391 1298 1675 1371 possibile,
1702 1292 1842 1347 alius
1866 1286 2190 1358 respondeat

609 1420 810 1475 negans
842 1417 953 1457 rem
981 1400 1122 1454 illam
1153 1396 1482 1464 contingere,
1513 1392 1638 1444 licet
1663 1394 1919 1457 quantum
1948 1382 2007 1435 in
2036 1378 2195 1449 signi-

610 1499 859 1556 ﬁcatione
886 1505 967 1549 est
997 1491 1229 1562 priorem
1275 1484 1679 1558 possibilitatem
1725 1476 2045 1543 abstulerit,
2089 1487 2196 1526 non

612 1601 791 1646 tamen
831 1586 1054 1643 dicenda
1095 1593 1178 1639 est
1223 1580 1595 1642 contradictio,
1627 1576 1679 1630 in
1710 1590 1815 1644 qua
1847 1571 1937 1625 alii
1981 1564 2196 1623 termini

614 1685 671 1741 in
700 1681 1000 1752 negatione,
1032 1678 1121 1732 alii
1146 1677 1196 1730 in
1223 1672 1579 1729 afﬁrmatione
1608 1664 1865 1722 enuntiati
1898 1672 2038 1717 sunt.
2073 1660 2201 1713 Pos-

615 1776 786 1833 sibilis
832 1773 971 1829 enim
1006 1769 1287 1824 afﬁrmatio
1326 1766 1393 1820 de
1438 1760 1783 1834 possibilitate
1822 1755 2160 1825 negationem
2186 1790 2200 1815 ,
2238 1816 2241 1821 _

2277 530 2486 594 dicunt,
2532 527 2599 581 ad
2640 541 2761 582 eum
2810 523 3024 579 modum
3066 520 3314 592 ponenda
3352 528 3434 575 est
3476 518 3724 590 negatio,
3773 520 3862 588 qui

2280 622 2347 678 ad
2374 623 2519 678 illam
2549 617 2950 675 subsistentiam
2976 616 3187 670 videtur
3214 614 3483 683 adjectus,
3516 621 3573 666 ut
3610 626 3730 666 cum
3780 610 3865 663 di-

2279 713 2485 778 cimus,
2514 712 2764 768 Socrates
2793 710 2934 764 bene
2974 706 3228 776 loquitur,
3256 704 3443 759 modus
3472 703 3640 773 ipsius
3678 701 3757 757 rei
3790 708 3870 755 est

2284 809 2337 865 id
2365 806 2507 879 quod
2541 804 2897 875 praedicamus
2927 800 3086 856 bene.
3117 798 3196 854 Ad
3228 797 3371 853 hunc
3411 810 3540 865 ergo
3567 794 3784 850 modum
3817 802 3871 848 et

2285 898 2595 970 qualitatem
2641 894 2884 966 ponenda
2929 899 3012 947 est
3040 890 3269 962 negatio.
3304 888 3491 942 Plures
3530 897 3707 940 autem
3744 897 3869 955 pro-

2289 989 2582 1062 positiones
2606 988 2691 1041 vel
2717 985 3086 1055 contingentes
3113 994 3205 1037 eas
3231 993 3353 1035 esse
3379 978 3607 1033 dicimus
3627 1017 3641 1043 ,
3670 976 3724 1030 in
3755 973 3873 1043 qui-

2292 1087 2392 1143 bus
2422 1086 2535 1155 ipse
2566 1083 2756 1137 modus
2786 1088 3135 1140 monstratur,
3181 1085 3235 1129 et
3272 1087 3377 1128 non
3428 1081 3600 1141 potius
3640 1082 3761 1123 esse
3805 1067 3875 1121 de

2294 1177 2454 1234 modo
2493 1176 2712 1243 dicitur,
2756 1171 2851 1227 sed
2878 1170 3071 1225 modus
3096 1167 3164 1223 de
3193 1180 3258 1220 eo
3287 1162 3426 1234 quod
3455 1170 3700 1217 estesse.
3735 1157 3873 1213 Cum

2295 1269 2437 1327 enim
2481 1268 2734 1331 dicimus,
2773 1264 3024 1335 possibile
3065 1268 3146 1316 est
3192 1272 3311 1313 esse
3340 1254 3583 1326 quidem,
3616 1252 3875 1322 quiddam

2297 1363 2524 1418 dicimus
2544 1401 2559 1426 ,
2589 1356 3039 1430 quemadmodum
3084 1360 3263 1407 autem
3304 1348 3375 1403 slt
3401 1348 3638 1401 additum
3683 1352 3795 1407 est,
3824 1340 3881 1396 id

2301 1465 2386 1513 est
2415 1453 2671 1525 possibile
2690 1493 2704 1517 ,
2739 1460 2795 1505 ut
2826 1462 2931 1503 non
2968 1443 3325 1502 necessarium
3354 1454 3527 1510 neque
3556 1438 3663 1492 alio
3702 1435 3883 1503 aliquo

2303 1524 2483 1613 modo,
2517 1544 2617 1599 nisi
2647 1550 2849 1597 tantum
2882 1536 3176 1595 secundum
3207 1540 3528 1605 potestatem
3562 1529 3795 1593 dicatur,
3827 1524 3885 1579 ﬁt

2304 1655 2435 1709 ergo
2464 1640 2593 1692 esse
2616 1636 2915 1703 subjectum
2943 1673 2957 1697 ,
2989 1628 3331 1701 prrcdicatum
3361 1628 3492 1679 vero
3532 1620 3722 1676 modus
3743 1660 3759 1686 ,
3800 1615 3887 1671 vel

2307 1733 2643 1800 contingens,
2675 1726 2758 1781 vel
2787 1724 3056 1795 possibile,
3089 1722 3173 1776 vel
3203 1717 3590 1779 necessarium,
3623 1712 3707 1766 vel
3735 1708 3890 1780 quili-

617 1803 786 1833 διυιιιθ
832 1803 971 1829 cultu
1006 1803 1287 1824 dlllllllauv
1327 1803 1393 1820 υυ
1439 1803 1783 1834 vuum-1...“..-
1824 1803 2154 1825 ..-οη----ηρ
2188 1803 2200 1815 ,
2238 1816 2241 1821 _

617 1884 724 1925 non
755 1870 822 1922 tle
848 1862 1209 1934 contingentia
1238 1860 1436 1914 habere
1468 1854 1706 1911 debebit.
1736 1850 1881 1905 ldem
1908 1859 2121 1917 quoque
2146 1843 2199 1896 in
2231 1834 2264 1903 ι

2389 1837 2397 1878 ι
2423 1823 2579 1877 alius.
2603 1825 2778 1890 Atque
2807 1819 2889 1873 ba:
2920 1816 3132 1887 quidem
3171 1810 3560 1883 propositiones
3595 1803 3892 1862 secundum

2419 1915 2521 1934 1,“
2578 1913 2824 1934 λε--........
2873 1909 2923 1934 ε..
2959 1908 3147 1934 ..ηιιηιιι
3187 1905 3251 1934 ,ιιι
3281 1901 3577 1934 anhelat-Ilia
3609 1899 3735 1934 nihil
3780 1911 3892 1934 am-

619 1962 1069 2032 contingentibus.
1115 1956 1297 2027 Neque
1336 1954 1480 2009 enim
1519 1950 1566 2005 si
1609 1949 1727 2020 quis
1759 1944 1958 2013 aliquid
1988 1941 2203 1996 coutin-

621 2073 747 2130 κει-ε
776 2056 942 2122 dixit,
984 2050 1299 2123 opponenda
1328 2047 1405 2102 illi
1442 2054 1525 2100 est
1554 2036 1926 2113 possibilitatis
1956 2032 2169 2105 negatio
2189 2071 2205 2098 ,

622 2128 749 2206 licet
774 2146 913 2201 idem
937 2146 1007 2198 sit
1034 2141 1289 2213 possibile
1311 2138 1455 2208 quod
1477 2134 1809 2201 contingens.
1833 2128 2061 2183 Constat
2081 2135 2210 2192 ergo

624 2236 1045 2297 diversissimam
1076 2246 1198 2289 esse
1226 2231 1483 2286 rationem
1510 2226 1654 2281 modi
1686 2238 1779 2293 per
1804 2235 1862 2274 se
1887 2215 2212 2286 dijudicaudi

626 2343 682 2392 et
708 2326 1089 2388 enuntiationis
1108 2367 1124 2393 ,
1156 2339 1275 2394 qua:
1305 2338 1426 2377 cum
1457 2318 1615 2374 modo
1656 2323 1707 2369 et
1733 2312 1985 2385 qualitate
2014 2305 2210 2377 praedi-

627 2435 797 2485 catur.
835 2423 987 2479 Unde
1018 2421 1074 2475 ﬁt
1103 2426 1156 2474 ut'
1189 2428 1491 2489 quanquam
1537 2410 1676 2466 idem
1720 2407 1772 2461 in
1804 2399 2211 2473 significationi-

620 2520 732 2576 .bus
760 2502 1084 2588 possibilitas
1112 2522 1166 2567 et
1185 2495 1545 2588 contingentia
1570 2504 1697 2568 sint,
1730 2498 1880 2569 quasi
1911 2495 2117 2549 diversa
2150 2491 2217 2544 ab

632 2583 925 2669 Aristotele
974 2605 1029 2659 in
1079 2586 1357 2657 modorum
1404 2597 1593 2652 ordine
1645 2597 2030 2662 proponantur.
2084 2583 2219 2638 lllud

633 2714 813 2758 autem
858 2694 1208 2767 iguorandum
1239 2704 1346 2747 non
1394 2698 1511 2754 est,
1542 2684 1683 2757 quod
1715 2681 1912 2736 Stoicis
1946 2677 2222 2731 universa-

635 2793 740 2850 lius
771 2789 1013 2845 videatur
1063 2800 1181 2840 esse
1226 2779 1480 2853 possibiie
1520 2792 1550 2831 a
1591 2772 1921 2831 necessario.
1968 2767 2223 2822 Dividunt

636 2886 781 2941 enim
811 2877 1209 2938 enuntiationes
1254 2876 1357 2929 hoc
1402 2870 1580 2927 modo.
1627 2864 2101 2929 Enuntiationum,
2137 2860 2223 2913 in-

638 2978 861 3051 quiunt,
892 2976 1010 3029 alia:
1039 2983 1161 3028 sunt
1190 2967 1472 3040 possibiles
1492 3008 1508 3034 ,
1538 2963 1656 3019 alia:
1680 2959 2060 3030 impossibiles.
2096 2957 2229 3009 Ροε-

642 3072 878 3130 sibilium
907 3069 1026 3124 alia:
1052 3074 1174 3121 sunt
1200 3061 1552 3125 necessariae,
1584 3057 1700 3111 alite
1732 3070 1838 3110 non
1882 3049 2226 3107 necessariae.

642 3168 849 3224 Rursus
876 3180 983 3221 non
1014 3158 1433 3218 necessariarum
1464 3154 1582 3208 aliae
1610 3150 1916 3222 possibiles.
1946 3146 2119 3201 Stulte
2150 3150 2232 3196 at-

643 3278 747 3335 que
775 3257 1074 3331 improvide
1103 3255 1244 3309 idem
1276 3248 1530 3321 possibile
1557 3254 1608 3300 et
1635 3258 1805 3315 genus
1833 3256 1942 3295 non
1970 3251 2225 3293 necessa-
2255 3218 2302 3288 Ε

644 3356 711 3414 rii
741 3363 796 3412 et
822 3328 1056 3423 speciem
1082 3348 1489 3423 constituentes.
1522 3340 1678 3395 Novit
1700 3347 1880 3391 autem
1914 3328 2234 3387 Aristoteles

644 3448 700 3505 id
741 3443 996 3516 possibile
1020 3439 1159 3512 quod
1189 3452 1297 3494 non
1326 3420 1685 3490 necessariam
1715 3441 1837 3483 esse
1880 3431 2078 3505 potest.
2125 3422 2235 3475 Eo-

648 3541 769 3598 dem
800 3511 1213 3606 namqueimodo
1244 3545 1349 3586 non
1377 3526 1572 3582 dicitur
1617 3520 1873 3590 possibile
1903 3530 2026 3573 esse
2046 3555 2061 3581 ,
2095 3511 2239 3583 quod

647 3636 734 3691 vel
757 3650 823 3690 ex
848 3630 1071 3686 falsitate
1098 3629 1148 3681 in
1177 3639 1359 3681 verum
1389 3619 1577 3675 transit
1601 3612 1906 3681 aliquando,
1942 3608 2026 3664 vel
2052 3621 2237 3662 rursus

651 3742 716 3783 ex
746 3725 965 3799 veritate
1006 3720 1060 3774 in
1101 3717 1369 3781 falsitate,
1406 3722 1464 3766 ut
1503 3710 1546 3764 si
1586 3707 1709 3777 quis
1742 3704 1886 3759 dicat
1914 3715 2076 3767 nunc,
2108 3713 2241 3771 quo-

656 3817 799 3873 niam
827 3797 941 3868 dies
966 3819 1045 3865 cst
1064 3851 1089 3881 ,g
1108 3825 1293 3863 verum
1316 3803 1530 3863 dixerit.
1555 3801 1694 3855 idem
1716 3797 1761 3851 si
1790 3797 1891 3851 hoc
1918 3801 2077 3848 nocte
2106 3806 2241 3859 prte-

654 3910 820 3975 dicet,
843 3906 1034 3962 falsum
1052 3911 1156 3967 est,
1178 3900 1357 3956 etluec
1374 3898 1565 3953 veritas
1594 3888 1971 3965 propositionis
1988 3888 2039 3941 in
2055 3884 2248 3939 falsum

658 4001 743 4061 est
763 4009 1080 4075 permutata.
1106 3996 1194 4052 Sic
1217 4011 1343 4067 ergo
1366 3991 1610 4063 quedam
1628 3995 1750 4041 sunt
1768 3979 2167 4055 possibilitates,
2191 3985 2248 4030 ut

604 4175 610 4181 .
659 4113 750 4158 eas
770 4112 889 4154 esse
914 4107 1093 4152 etnon
1115 4107 1237 4148 esse
1258 4087 1561 4167 Cpttlittgut,
1594 4097 1712 4153 qua:
1743 4095 1848 4135 non
1873 4077 2064 4133 eodem
2090 4072 2251 4127 modo

662 4192 906 4252 dieuntur
929 4184 1373 4260 quemadmodum
1400 4179 1501 4231 illa:
1524 4186 1641 4247 quae
1668 4173 1979 4230 mutabilem
2008 4179 2254 4223 naturam

661 4306 771 4346 non
800 4287 1019 4345 habent,
1042 4290 1100 4333 ut
1125 4278 1205 4330 ba:
1230 4274 1434 4328 scilicet
1460 4285 1593 4341 quas
1623 4267 1953 4323 necessarias
1985 4261 2253 4328 diximus,

666 4394 721 4437 ut
743 4379 789 4434 si
809 4362 1087 4445 quisdicat
1107 4367 1272 4422 solem
1300 4361 1529 4423 moveri,
1556 4360 1641 4414 vel
1666 4358 1833 4412 solem
1859 4352 2113 4424 po~sibile
2134 4363 2256 4404 esse

666 4466 903 4532 moveti,
937 4464 1017 4517 ha:
1040 4471 1310 4528 nunquam
1336 4469 1402 4509 ex
1428 4451 1652 4507 veritate
1680 4450 1734 4504 in
1767 4448 2052 4501 falsitatem
2085 4450 2259 4497 muta-

668 4563 884 4619 buntur.
915 4557 1021 4614 Sed
1050 4569 1190 4610 nunc
1216 4553 1284 4606 de
1306 4544 1613 4603 Aristotelis
1642 4553 1695 4599 et
1722 4542 2023 4598 Stoicorum
2054 4539 2262 4593 dissen-

2312 1915 2528 1972 modum
2572 1913 2844 1976 dicuntur,
2873 1909 2927 1964 in
2957 1908 3149 1978 quibus
3185 1905 3251 1960 de
3280 1901 3578 1959 substantia
3608 1899 3739 1954 nihil
3778 1911 3895 1977 ams

2311 2011 2527 2080 bigitur.
2560 2007 2633 2062 De
2662 2004 2824 2061 modo
2854 1973 3032 2059 autem
3072 2008 3128 2054 et
3166 1998 3280 2053 sola
3320 1994 3576 2065 qualitate
3615 1973 3897 2045 tractatur.

2311 2097 2409 2162 Sin
2437 2118 2565 2159 vero
2592 2102 2904 2171 subjiciatur
2931 2095 3121 2150 modus
3144 2092 3391 2163 quidem,
3419 2086 3744 2159 praedicetur
3770 2097 3901 2141 vero

2314 2214 2435 2257 esse
2454 2244 2468 2270 ,
2499 2209 2624 2253 tunc
2652 2196 2721 2251 de
2748 2193 3046 2249 substantia
3076 2190 3156 2243 rei
3187 2187 3445 2258 quaeritur
3474 2198 3582 2239 non
3608 2183 3675 2239 de
3704 2182 3896 2247 modo,

2316 2303 2375 2348 ut
2417 2293 2463 2348 si
2508 2292 2628 2361 quis
2670 2289 2846 2355 dicat,
2876 2283 3127 2356 possibile
3171 2289 3286 2347 est,
3319 2288 3380 2335 ut
3427 2279 3598 2348 ipsum
3648 2274 3903 2346 possibile

2318 2386 2374 2441 in
2417 2385 2577 2439 rebus
2623 2396 2742 2438 esse
2790 2377 3128 2449 pronuntiet,
3165 2373 3289 2428 huic
3331 2370 3682 2441 propositioni
3725 2366 3903 2422 nullus

2322 2478 2511 2534 modus
2548 2476 2790 2545 adjectus
2838 2483 2940 2528 est.
2990 2470 3123 2524 Cum
3171 2468 3313 2523 enim
3344 2463 3610 2528 dicimus,
3656 2458 3908 2531 possibile

2323 2581 2404 2627 est
2432 2568 2646 2623 modum
2680 2566 2908 2631 habere,
2942 2566 3043 2617 hoc
3071 2563 3143 2616 ita
3174 2575 3269 2629 per
3298 2573 3358 2613 se
3389 2570 3495 2611 non
3522 2552 3782 2619 dicimus,
3814 2551 3910 2607 sed

2325 2662 2643 2735 particulam
2687 2653 3067 2729 propositionis
3105 2653 3338 2707 ablatam
3359 2694 3374 2719 ,
3408 2650 3479 2703 ita
3504 2662 3621 2703 eam
3655 2644 3911 2716 perspici-

2329 2770 2448 2811 mus
2474 2755 2622 2827 quasi
2646 2753 2692 2808 si
2716 2766 2836 2806 cum
2865 2745 3230 2819 propositione
3254 2752 3397 2799 esset
3422 2742 3726 2810 conjuncta,
3752 2749 3915 2807 quam

2328 2851 2375 2907 si
2417 2865 2537 2903 cum
2584 2848 2800 2918 propria
2842 2841 3204 2913 propositione
3241 2838 3539 2909 junximus,
3570 2832 3714 2905 quali
3757 2829 3917 2887 modo

2332 2940 2652 3013 praadicetur
2695 2944 2935 3007 apparet.
2982 2934 3119 2989 Cum
3162 2931 3309 2987 enim
3358 2929 3618 2994 dicimus,
3666 2923 3920 2997 possibile

2332 3042 2443 3098 est,
2464 3042 2521 3086 ut
2544 3030 2760 3097 modum
2783 3026 3070 3098 significet,
3104 3022 3361 3093 particula
3394 3018 3778 3092 propositionis
3806 3022 3918 3081 est;

2335 3139 2492 3196 quam
2540 3122 2586 3178 si
2631 3136 2731 3177 suo
2775 3120 2985 3189 corpori
3016 3129 3367 3187 aggregemus
3396 3112 3657 3170 facientes
3690 3110 3922 3180 aliquam

2335 3215 2793 3290 propositionem,
2822 3210 2948 3281 quid
2980 3209 3169 3264 modus
3203 3209 3290 3263 ille
3321 3206 3656 3278 proﬁteatur,
3683 3201 3925 3274 agnosci-

2341 3327 2498 3380 mus,
2530 3324 2628 3380 age
2664 3309 2807 3365 enim
2839 3305 2887 3360 id
2921 3303 3062 3376 quod
3093 3303 3322 3358 dicimus
3352 3301 3605 3372 possibile
3646 3308 3759 3361 est,
3792 3308 3925 3349 con-

2339 3407 2623 3477 jungamus
2648 3402 2766 3456 aliis
2792 3395 3251 3471 praedicameutis,
3281 3405 3444 3466 atque
3470 3392 3592 3447 inde
3619 3406 3719 3446 una
3747 3403 3923 3445 enun-

2344 3497 2493 3552 tiaio
2532 3494 2881 3559 cciiﬁciatur,
2924 3490 3273 3557 dicamusque
3317 3486 3592 3543 Socratem
3648 3480 3927 3538 ambulare

2346 3592 2601 3666 possibile
2632 3598 2735 3647 est.
2770 3588 3002 3645 Videsne
3034 3586 3325 3641 modumin
3355 3577 3719 3652 propositione
3752 3574 3931 3646 possi-

2349 3687 2455 3743 bile
2478 3728 2492 3754 ,
2520 3694 2580 3763 ut
2608 3685 2765 3755 etiam
2804 3684 2917 3737 sive
2956 3682 3208 3735 Socrates
3237 3675 3504 3738 ambulet,
3537 3674 3651 3726 sive
3679 3666 3785 3724 non
3812 3681 3933 3722 am-

2350 3775 2526 3845 bulet,
2562 3791 2720 3847 posse
2765 3790 2885 3830 cum
2934 3782 3111 3828 tamen
3162 3769 3439 3825 ambulare
3483 3780 3549 3821 ex
3594 3763 3711 3833 ipso
3740 3773 3936 3830 propo-

2356 3872 2565 3928 sitionis
2608 3870 2766 3925 modo
2810 3866 3031 3938 quilibet
3078 3861 3374 3934 agnoscat?
3420 3859 3493 3915 Ita
3536 3857 3698 3929 igitur
3727 3854 3793 3909 de
3824 3860 3937 3907 toto

2357 3970 2658 4024 auferentes
2710 3973 2938 4035 partem,
2971 3958 3284 4031 possibilem
3326 3950 3750 4011 enuntiationem
3789 3943 3941 4016 quasi

2360 4048 2475 4118 tota.
2514 4062 2583 4116 sit
2624 4056 2915 4129 propositio
2948 4052 3311 4122 speculamur,
3344 4058 3402 4103 ut
3430 4049 3483 4100 in
3513 4044 3598 4099 his
3622 4034 3954 4097 dictionibus

2362 4154 2475 4209 ﬁeri
2509 4153 2674 4221 Solet,
2708 4166 2823 4221 qua:
2864 4131 3224 4218 pluralitatem
3265 4139 3658 4201 determinant,
3690 4142 3746 4186 ut
3773 4130 3817 4184 si
3846 4129 3946 4183 du-

2360 4248 2591 4303 bitamus
2632 4256 2818 4299 contra
2849 4242 3056 4305 omnis,
3088 4253 3157 4291 an
3204 4234 3384 4289 nullus
3427 4238 3676 4301 ponatur,
3718 4239 3786 4277 an
3834 4237 3946 4277 non

2364 4340 2572 4403 omnis,
2602 4340 2672 4394 ita
2699 4353 2790 4393 eas
2829 4332 3190 4406 speculamur,
3230 4324 3381 4397 quasi
3423 4322 3659 4390 integras
3699 4312 3949 4386 proposi-

2365 4437 2568 4499 tiones,
2622 4447 2755 4502 quas
2806 4422 3277 4483 determinationes
3338 4396 3766 4488 pr0p0sitionnm
3821 4421 3947 4461 esse

2370 4499 2709 4582 manifestum
2752 4529 2854 4576 est.
2887 4511 3238 4575 Concludenti
3278 4522 3408 4578 ergo
3450 4502 3737 4559 dicendum
3770 4508 3854 4555 est
3900 4499 3953 4553 in

669 4594 884 4619 υυιιιυιο
916 4594 1021 4614 Ub“
1050 4594 1190 4610 Ιιιιιιυ
1217 4594 1284 4606 νυ
1306 4594 1611 4603 ----—-—-——-—
1647 4594 1695 4599 --
1734 4594 1831 4598 --γέ
1856 4594 1861 4595 γ
1884 4594 1892 4596 ε

669 4658 819 4717 sione
842 4654 1120 4710 tacendum
1143 4658 1241 4704 est.
1268 4644 1403 4700 illud
1427 4654 1603 4697 tamen
1628 4639 1800 4695 stilum
1824 4635 2116 4692 studiosius
2144 4648 2260 4702 per-
2371 4622 2453 4677 his
2481 4633 2601 4691 quae
2629 4616 2845 4671 modum
2872 4611 3191 4682 praedicant,
3224 4604 3413 4660 omnes
3442 4600 3561 4653 alia:
3586 4609 3676 4652 res
3699 4594 3955 4664 subjectae

2598 4716 2603 4717 ’
2896 4708 2908 4717 ·
3035 4706 3045 4717 ¹
3106 4706 3119 4717 ·
3349 4699 3361 4717 1
3398 4698 3571 4717 I—_-_-
3637 4692 3715 4717 -.ΑΙ
3757 4690 3936 4717 ,ΗΑΛ-ιι

671 4749 989 4825 quiremlum
1016 4755 1131 4811 est,
1162 4756 1267 4813 quo
1298 4740 1417 4794 loco
1446 4738 1515 4793 sit
1548 4733 1788 4805 ponenda
1822 4731 2032 4800 negatio
2081 4729 2131 4781 in
2179 4725 2262 4779 his

670 4821 1153 4923 propositionibus,
1180 4836 1233 4891 in
1261 4836 1453 4907 quibus
1483 4833 1672 4888 modus
1700 4828 1889 4897 aliquis
1920 4821 2260 4893 prtedicatur,

675 4936 908 5011 antqua:
938 4918 1185 5011 dicentur
1214 4945 1335 4986 esse
1366 4925 1645 4999 pOSsibtles
1680 4918 2267 4991 enuntiationes,con-

681 5036 944 5104 tingentes
997 5038 1051 5083 et
1080 5002 1447 5089 )neceswrim,
1494 5030 1549 5074 et
1588 5026 1916 5087 qumcuttque
1945 5025 2066 5062 cum
2106 5006 2265 5062 modo

674 5114 788 5185 isiut
815 5122 1224 5198 propositiones.
1258 5116 1363 5170 Illa:
1393 5111 1655 5167 veraciter
1684 5121 1804 5162 esse
1830 5101 2122 5158 secundum
2155 5112 2268 5151 mo-

682 5234 809 5280 dum
842 5214 980 5276 sicut
1005 5215 1125 5270 alia:
1163 5208 1455 5267 secundum
1486 5220 1605 5261 esse
1645 5202 1909 5262 dicentur,
1953 5199 2005 5251 in
2045 5207 2270 5265 quarum

684 5310 1163 5389 signiﬁcationibus
1201 5307 1277 5361 rei
1316 5304 1382 5359 de
1421 5316 1523 5372 qua
1564 5297 1917 5369 praedicantur
1947 5287 2273 5346 subsistendi

689 5411 920 5485 qualitas
936 5404 1231 5472 invenitur,
1258 5407 1316 5453 ut
1339 5411 1459 5451 cum
1492 5394 1629 5454 dico,
1659 5390 1909 5445 Socrates
1937 5386 2073 5441 bene
2102 5380 2274 5453 loqui-

682 5481 798 5577 .t—ur,
830 5502 1021 5562 modus
1047 5498 1264 5570 quidam
1292 5502 1374 5549 est
1398 5492 1535 5547 bene
1560 5485 1810 5559 loquendi
1841 5483 2095 5540 Socratis.
2138 5481 2280 5547 Ergo

691 5602 828 5657 sicut
876 5593 931 5650 in
972 5591 1062 5649 his
1102 5583 1590 5660 propositionibus,
1630 5591 1962 5650 quiecuuqtte
2000 5571 2282 5644 cujuslibet

695 5693 839 5749 illius
872 5687 951 5743 rei
995 5680 1394 5741 subsistentiam
1426 5675 1741 5748 promittunt
1759 5680 1778 5740 ,‘
1804 5672 1871 5726 ad
1904 5671 2075 5739 ipsam
2106 5664 2282 5721 subsi-

696 5780 951 5839 stentiatn
991 5773 1203 5845 negatio
1244 5770 1477 5843 ponitur,
1513 5774 1571 5822 ut
1595 5782 1714 5822 cum
1754 5766 2008 5827 dicimus,
2037 5762 2285 5816 Socrates

707 5882 786 5933 est
800 5911 818 5945 ,
841 5867 909 5925 ad
929 5880 1051 5924 esse
1068 5875 1280 5937 aptatur
1302 5862 1544 5933 negatio,
1574 5873 1696 5914 cum
1716 5869 1972 5927 negamus
1987 5890 2006 5922 ,
2031 5854 2285 5913 Socrates

2370 4726 2494 4774 sunt
2524 4716 2607 4770 vel
2637 4728 2756 4769 esse
2777 4753 2791 4778 ,
2826 4708 2911 4764 vel
2942 4706 3248 4768 ambulare,
3280 4699 3367 4755 vel
3398 4698 3607 4768 legere,
3637 4692 3717 4747 vel
3756 4690 3958 4752 dicere,

2371 4818 2457 4872 vel
2503 4809 2760 4887 quidquid
2792 4805 2936 4862 aliud
2978 4818 3105 4859 cum
3137 4800 3317 4868 aliquo
3347 4793 3506 4850 modo
3545 4788 3663 4844 fieri
3693 4787 3959 4847 dicentur,

2374 4910 2426 4965 in
2471 4884 2552 4962 bis
2599 4915 2777 4960 autem
2825 4897 2915 4955 ubi
2958 4893 3149 4951 modus
3196 4893 3310 4960 ipse
3356 4884 3657 4954 subjicitur,
3687 4894 3808 4937 esse
3834 4891 3965 4932 vero

2376 5000 2718 5071 praedicatur,
2763 5003 2822 5049 ut
2869 4992 2941 5047 sit
2984 4990 3187 5055 integra
3222 4978 3544 5053 propositio,
3578 4990 3685 5029 non
3727 4982 3811 5028 est
3842 4983 3965 5025 cum

2376 5063 2536 5149 modo
2572 5089 2886 5161 propositio.
2917 5082 3025 5141 Sed
3057 5080 3128 5135 ibi
3158 5088 3365 5133 tantum
3396 5073 3463 5128 de
3494 5067 3789 5126 subSIantia
3820 5063 3966 5120 modi

2380 5157 2717 5261 proponitur,
2751 5192 2810 5237 ut
2836 5181 2880 5236 si
2929 5178 3049 5249 quis
3090 5173 3232 5229 dicat
3278 5166 3530 5239 possibile
3571 5171 3681 5223 est,
3716 5157 3969 5231 quiddam

2382 5284 2435 5339 iu
2466 5281 2626 5337 rebus
2656 5277 2785 5332 dicit
2830 5288 2951 5328 esse
2995 5265 3284 5340 possibile,
3332 5271 3386 5316 et
3427 5269 3614 5314 rursus
3654 5250 3971 5320 contingens

2383 5389 2506 5443 est,
2538 5370 2789 5445 quiddam
2820 5367 2873 5422 in
2903 5366 3065 5421 rebus
3095 5360 3226 5415 dicit
3263 5369 3383 5410 esse
3412 5349 3553 5421 quod
3582 5344 3893 5413 contingat,
3920 5347 3977 5395 et

2389 5424 2465 5434 -..-
2488 5424 2506 5443 ,
2542 5424 2659 5445 γη

2389 5483 2577 5526 rursus
2618 5475 2839 5521 necesse
2883 5464 2969 5515 est
3012 5468 3163 5520 esse,
3215 5445 3466 5517 quiddam
3524 5439 3652 5494 dicit
3705 5436 3759 5489 in
3812 5424 4011 5507 rebus:

2391 5563 2534 5637 quod
2561 5564 2632 5617 sit
2657 5570 2901 5625 necesse,
2934 5553 3021 5607 hic
3049 5563 3157 5605 non
3186 5544 3256 5601 de
3286 5539 3468 5604 modo,
3496 5533 3590 5592 sed
3617 5532 3685 5586 de
3714 5529 3831 5585 solo
3857 5538 3980 5579 esse

2393 5623 2674 5724 tractatur,
2702 5665 2867 5725 quare
2889 5623 3108 5718 quoties
3138 5652 3260 5696 esse
3285 5633 3500 5706 quidem
3529 5623 3831 5695 subjicitur,
3864 5632 3982 5672 tuo-

2394 5756 2496 5813 dus
2542 5718 2738 5807 autem-
2763 5741 3107 5818 praedicatur,
3156 5740 3215 5788 ut
3259 5744 3382 5785 cum
3423 5722 3672 5784 dicimus,
3701 5718 3983 5772 Socratem

2700 5802 2957 5910 possibile
2984 5840 3099 5898 est,
3121 5828 3188 5885 ad
3216 5822 3431 5882 modum
3462 5811 3738 5889 iungenda
3772 5802 3990 5879 negatio
