4270 6266
297 470 400 527 589

1000 463 1069 524 ΙΝ
1105 463 1362 523 LIBRUM
1399 463 1488 519 DE
1527 451 2188 517 INTERPRETATIONE
2225 455 2455 515 EDITIO
2491 455 2832 519 SECUNDA.

3465 458 3568 518 590

297 590 398 639 εει.
426 582 654 649 Quoties
678 587 807 635 vero
835 577 1027 633 modus
1057 577 1358 648 subjicitur,
1393 591 1512 632 esse
1536 585 1711 629 autem
1744 573 1880 644 prte-
1907 573 1963 635 Α
1985 586 2090 626 non
2119 579 2431 643 contingere
2453 588 2592 630 esse.
2639 573 2780 628 Idem
2810 591 3021 646 quoque
3045 577 3097 631 in
3119 575 3436 631 necessariis
3469 577 3568 632 im-

299 676 529 742 dicatur,
577 674 642 728 ad
688 686 808 728 esse
851 673 1091 742 ponenda
1138 671 1346 739 negatio
1375 680 1479 737 est,
1513 681 1569 724 ut
1592 684 1712 722 cum
1739 667 1892 748 dici-I

300 782 455 832 mus,
496 765 747 835 possibile
779 774 890 830 est,
919 764 1040 834 quia
1074 766 1143 816 ita
1166 763 1391 818 dicimus
1423 773 1676 832 tanquam
1710 762 1753 815 si
1797 760 1879 815 di-

301 873 548 914 ceremus
579 856 902 926 possibilitas
931 865 1044 920 est,
1080 865 1277 911 etcum
1307 856 1534 911 dicimus
1563 855 1878 937 contingens

301 959 404 1015 est,
439 951 507 1004 ita
537 948 761 1004 dicimus
805 957 1051 1018 tanquam
1093 947 1138 1001 si
1186 947 1489 1003 diceremus
1517 945 1877 1016 contingentia

301 1053 384 1099 est
403 1085 420 1109 ,
451 1041 516 1096 ad
542 1055 661 1096 esse
686 1039 927 1110 ponenda
957 1038 1168 1109 negatio
1196 1049 1310 1104 εει,
1342 1038 1734 1109 dicendumque
1763 1047 1876 1104 est,

301 1136 550 1206 possibile
575 1150 678 1190 non
716 1143 827 1198 est,
858 1133 1000 1205 quod
1031 1133 1170 1189 idem
1201 1134 1345 1187 valet
1375 1141 1623 1202 tanquam
1660 1131 1707 1185 si
1733 1130 1878 1186 dice-

300 1237 468 1296 retur,
511 1228 840 1298 possibilitas
884 1244 988 1282 non
1032 1236 1131 1282 εει.
1164 1226 1364 1282 Eodem
1397 1241 1606 1296 quoque
1635 1224 1795 1280 modo
1825 1231 1880 1279 et

299 1320 363 1375 de
405 1319 792 1390 cnlttingentia.
823 1318 937 1373 Non
985 1321 1184 1373 autem"
1210 1317 1447 1388 perfecte
1477 1316 1878 1385 Speculantibus

297 1409 439 1474 idem
484 1425 698 1479 semper
742 1409 909 1464 videri
954 1411 1116 1464 debet
1157 1408 1487 1478 subjectum,
1523 1407 1663 1477 quod
1708 1406 1880 1476 primo

297 1507 414 1562 loco
453 1506 678 1576 reperiri
728 1504 943 1560 dicitur.
991 1501 1047 1558 ld
1093 1505 1234 1559 enim
1283 1503 1602 1573 pradicatur
1641 1519 1878 1570 semper,

297 1598 441 1670 quod
479 1598 718 1655 secundo
760 1598 883 1652 loco
921 1596 1259 1666 praedicatur.
1290 1593 1349 1648 In
1388 1594 1701 1665 quibusdam
1737 1593 1880 1649 enim

295 1708 486 1748 verum
539 1703 642 1749 est.
705 1692 762 1747 In
811 1692 929 1748 aliis
980 1707 1110 1746 vero
1161 1707 1228 1746 ex
1272 1690 1658 1760 significatione
1705 1691 1878 1756 potius

294 1789 719 1858 prapositionum
779 1785 1114 1854 colligimus,
1164 1784 1254 1855 qui
1303 1784 1565 1837 terminus
1611 1782 1880 1852 subjectus

293 1878 404 1944 sit,
453 1879 541 1949 qui
593 1891 719 1932 vero
768 1875 1110 1947 praedicatus.
1163 1875 1294 1930 Nam
1337 1891 1458 1930 cum
1518 1875 1669 1937 dico,
1720 1873 1879 1928 homo

1984 665 2433 737 possibilibusque
2472 667 2644 720 niodis
2681 669 2996 734 cmierisque
3043 686 3158 737 quae
3194 685 3332 722 nunc
3364 670 3569 723 Aristo-

1984 758 2117 813 teles
2148 774 2244 828 pro
2272 760 2423 814 solita
2457 759 2713 812 brevitate
2746 768 3108 828 transgressus
3129 773 3232 823 est,
3269 761 3566 814 faciendum

1985 849 2218 905 videtur.
2289 851 2394 907 Sed
2443 852 2694 920 quoniam
2745 853 3208 905 commentatioms
3255 856 3418 907 virtus
3459 867 3565 920 est,

1981 959 2090 998 non
2112 945 2285 999 solum
2322 925 2698 999 uttit'ensaliter
2744 945 2850 998 vim
2896 958 3086 997 sensus
3124 944 3446 1010 exprimere,
3481 961 3569 1000 ve-

1981 1051 2100 1090 rum
2133 1038 2291 1089 etiam
2326 1046 2500 1091 textus
2546 1036 2714 1106 ipsius
2762 1035 3097 1090 sermonibus
3143 1035 3418 1103 ordinique
3442 1054 3568 1091 con-

1982 1136 2200 1182 nectete
2235 1143 2298 1183 ea
2345 1145 2463 1198 qua:
2516 1129 2765 1198 superius
2816 1127 3038 1183 confuse
3070 1129 3209 1183 dicta
3240 1139 3393 1193 sunt,
3431 1143 3571 1183 nunc

1982 1237 2079 1292 per
2107 1237 2416 1277 sermonum
2449 1222 2686 1294 ipsorum
2721 1225 2788 1277 ab
2815 1223 3098 1278 Aristotele
3127 1223 3386 1276 dictorum
3429 1221 3572 1274 ordi-

1983 1326 2106 1366 nem
2136 1312 2456 1367 dividamus.
2519 1313 2613 1368 llis
2651 1331 2783 1369 vero
2824 1312 3194 1369 deter-minatis
3245 1311 3572 1379 perspicien-

1982 1404 2110 1459 dum
2158 1415 2271 1473 est,
2323 1407 2772 1476 quemadmodum
2817 1425 2875 1463 se
2925 1408 3119 1462 habent
3169 1408 3476 1476 negationes
3517 1415 3573 1462 et

1982 1495 2368 1552 afﬁrmationes
2408 1499 2475 1553 ad
2516 1500 2766 1567 invicem,
2809 1499 2890 1553 ha:
2938 1500 3139 1553 scilicet
3185 1516 3300 1568 qua:
3349 1509 3472 1554 sunt
3504 1498 3573 1554 de

1983 1592 2224 1661 possibili
2269 1607 2390 1648 esse
2441 1602 2495 1648 et
2533 1609 2640 1647 non
2682 1593 2921 1664 possibili
2973 1608 3112 1659 esse,
3161 1595 3469 1664 contingere
3519 1602 3573 1648 et

1985 1698 2092 1736 non
2120 1685 2453 1751 contingere,
2481 1685 2547 1739 de
2579 1685 2890 1754 impossibili
2915 1694 2969 1738 et
2993 1686 3320 1739 necessario.
3365 1685 3573 1738 llabent

1986 1778 2132 1832 enim
2179 1778 2384 1848 aliquas
2435 1775 2813 1832 dubitationes.
2877 1778 3340 1848 Perspiciendum.
3375 1777 3572 1847 inquit,

1987 1881 2068 1924 est
2093 1869 2158 1923 de
2189 1872 2639 1926 allirmationibus
2688 1873 3198 1942 negationibusque,
3241 1889 3342 1942 qua
3369 1872 3574 1927 ratione

295 1969 487 2024 animal
532 1977 643 2036 est,
696 1967 840 2038 prius
891 1968 1018 2022 mihi
1073 1981 1294 2022 necesse
1344 1978 1426 2022 est
1477 1965 1745 2020 hominem
1797 1965 1882 2018 di-
1915 1951 1964 2014 Β
1993 1962 2272 2016 videantur
2319 1961 2538 2032 opponi.
2591 1961 2646 2017 In
2681 1963 2763 2016 bis
2805 1964 3258 2033 pr0positionibus
3287 1981 3418 2033 quas
3459 1963 3574 2033 qui«

295 2077 450 2130 cere,
503 2071 626 2132 post
674 2059 968 2132 praedicare
1023 2059 1256 2127 animal,
1316 2068 1475 2129 atque
1526 2057 1646 2112 ideo
1694 2056 1879 2126 subje-

294 2162 441 2209 ctum
493 2153 688 2209 dicitur
739 2153 928 2218 homo,
985 2152 1180 2207 animal
1234 2166 1369 2212 vero
1422 2149 1763 2219 prmdicatur.
1822 2147 1882 2203 In

296 2244 379 2300 his
439 2253 617 2299 autem
680 2243 732 2298 in
796 2243 988 2314 quibus
1050 2241 1239 2296 modus
1300 2239 1548 2307 additur,
1613 2241 1750 2296 sicut
1803 2249 1886 2295 est

295 2329 416 2391 cum
469 2336 726 2402 dicimus,
778 2335 1029 2390 Socrates
1076 2334 1210 2390 bene
1242 2333 1499 2403 loquitur,
1548 2331 1691 2387 idem
1741 2331 1884 2387 valet

295 2439 542 2500 tanquam
574 2427 618 2482 si
649 2427 888 2481 dicamus
909 2466 922 2491 ,
957 2423 1206 2482 Socrates
1247 2424 1386 2481 bene
1432 2424 1656 2494 loquens
1685 2434 1796 2490 est,
1829 2433 1885 2479 et

297 2517 396 2574 hoc
424 2517 639 2588 quidem
680 2519 817 2574 bene
856 2518 1002 2588 prius
1042 2517 1240 2572 dictum
1283 2526 1392 2582 est,
1429 2527 1612 2585 postea
1644 2531 1774 2572 vero
1802 2517 1882 2570 lo-

295 2625 467 2680 quens
493 2618 596 2675 est,
627 2617 680 2664 et
711 2609 917 2664 videtur
939 2624 1059 2664 esse
1084 2608 1298 2679 quidem
1331 2606 1630 2678 subjectum
1662 2607 1712 2661 id
1741 2605 1883 2677 quod

297 2700 496 2756 dictum
523 2715 603 2756 est
627 2701 784 2758 bene.
833 2701 1189 2757 Prmdicatum
1218 2714 1396 2756 autem
1431 2701 1482 2756 id
1509 2701 1649 2771 quod
1680 2699 1882 2756 dictum

298 2803 400 2865 est,
431 2797 656 2864 loquens
685 2801 787 2848 est.
834 2792 940 2849 Sed
991 2793 1095 2848 hoc
1125 2793 1314 2846 falsum
1343 2801 1422 2847 est
1445 2835 1462 2860 ,
1507 2802 1562 2847 et
1592 2792 1714 2854 hinc
1737 2790 1882 2845 facil-

295 2883 424 2940 lime
451 2893 626 2954 potest
654 2886 918 2953 inveniri,
966 2886 1109 2956 quod
1155 2885 1458 2956 loquentem
1509 2885 1719 2954 quidem
1758 2900 1880 2940 eum

295 2979 414 3032 esse
466 2975 641 3032 nullus
687 2978 918 3048 ignorat,
962 2977 1209 3048 quisquis
1251 2977 1398 3031 audit
1441 2977 1714 3033 Socratem
1744 2977 1883 3033 bene

295 3069 602 3138 loquentem
629 3085 778 3134 esse,
823 3070 930 3124 vim
959 3079 1137 3126 autem
1167 3071 1327 3126 totius
1359 3061 1740 3141 propositionis
1766 3087 1882 3126 mo-

293 3161 393 3217 dus
419 3165 675 3218 continet.
709 3163 765 3218 ln
796 3162 848 3218 id
878 3167 1018 3218 enim
1051 3164 1410 3220 intendendus
1437 3174 1520 3220 est
1547 3165 1753 3220 animus
1773 3181 1880 3221 non

294 3257 339 3312 si
370 3256 638 3326 loquatur,
671 3255 774 3312 hoc
794 3258 932 3312 enim
956 3257 1309 3312 indubitatum
1333 3267 1434 3312 est.
1469 3257 1601 3312 Nam
1635 3257 1725 3328 qui
1755 3272 1879 3313 eum

296 3350 432 3407 bene
474 3351 603 3406 dicit
645 3351 807 3423 loqui,
859 3352 1000 3422 Ιοιιιιὶ
1028 3367 1240 3424 quoque
1277 3351 1562 3408 consentit.
1606 3355 1783 3419 Quare
1810 3347 1879 3406 ad
1907 3330 1954 3397 C

294 3445 509 3501 modum
544 3445 902 3502 intendendus
934 3457 1019 3503 est
1059 3449 1274 3503 animus
1303 3448 1369 3503 ad
1412 3446 1466 3503 id
1506 3446 1650 3516 quod
1676 3447 1878 3519 dictum

294 3548 374 3593 est
402 3537 556 3594 bene.
601 3537 850 3600 Socrates
888 3540 1030 3629 enim
1061 3541 1196 3595 bene
1234 3540 1488 3610 loquitur,
1533 3538 1674 3609 quod
1715 3538 1876 3608 dixit,

294 3627 433 3703 loqui
479 3632 692 3702 quidem
742 3647 848 3688 non
899 3627 1100 3688 sullicit
1139 3631 1344 3696 dicere,
1393 3630 1498 3686 nisi
1546 3631 1708 3686 etiam
1735 3630 1882 3687 dicat

294 3723 450 3781 bene.
498 3727 745 3784 Continet
793 3742 922 3800 ergo
971 3737 1136 3783 totam
1185 3709 1606 3798 propositionem
1655 3727 1870 3795 modus,

292 3817 387 3869 ειςιι
425 3833 607 3890 rursus
651 3828 816 3872 totam
858 3819 1276 3890 propositionem
1333 3820 1573 3874 continet
1611 3819 1874 3888 praedica-

295 3906 385 3974 tio,
421 3908 609 3961 modus
637 3907 797 3978 igitur
838 3907 891 3961 in
933 3907 1016 3963 his
1053 3910 1502 3979 propositionibus
1534 3911 1707 3979 potius
1733 3927 1872 3981 prae-

293 4000 529 4056 dicatur.
560 3999 999 4057 Cnncludendum
1030 4003 1191 4075 igitur
1225 4005 1597 4061 universaliter
1621 4015 1724 4074 est,
1755 4022 1873 4062 om-

291 4108 417 4150 nem
450 4095 729 4150 rnodorum
764 4094 1238 4152 contradictionem
1276 4111 1381 4153 non
1417 4098 1709 4154 secundum
1747 4113 1872 4155 esse

290 4187 513 4241 verbum
547 4187 661 4241 fieri
684 4229 698 4252 ,
732 4202 830 4243 nec
860 4187 1149 4243 secundum
1181 4188 1233 4243 id
1274 4204 1455 4246 rursus
1479 4190 1704 4246 verbum
1727 4175 1871 4260 quod

290 4277 345 4334 in
371 4294 428 4334 se
456 4294 578 4335 esse
607 4280 919 4346 contineat,
971 4281 1064 4337 sed
1099 4281 1276 4353 potius
1305 4283 1598 4338 secundum
1627 4281 1867 4340 modum.

291 4370 576 4427 Continere
604 4382 778 4428 autem
809 4373 861 4428 in
891 4389 950 4429 se
973 4376 1133 4430 verba
1164 4373 1216 4431 id
1247 4376 1389 4446 quod
1418 4385 1502 4432 est
1534 4389 1657 4432 esse
1680 4375 1870 4431 dicun-

292 4472 399 4528 tur,
429 4473 487 4517 ut
511 4480 632 4519 cum
660 4464 882 4521 dicimus
909 4466 1158 4538 loquitur,
1193 4468 1523 4524 tantumdem
1555 4469 1698 4524 enim
1729 4470 1870 4525 valet

289 4563 542 4628 tanquam
573 4559 617 4614 si
644 4559 898 4624 dicamus,
931 4560 1156 4631 loquens
1183 4572 1285 4618 est.
1333 4563 1512 4629 Quare
1541 4577 1872 4634 quaecunque

293 4651 690 4720 pr0positiones
742 4654 1033 4721 quemlibet
1083 4655 1230 4710 illum
1269 4655 1321 4710 in
1367 4670 1427 4710 se
1456 4656 1722 4712 retineant
1755 4669 1874 4710 meo

1990 2057 2110 2108 dam
2144 2054 2333 2110 modus
2363 2058 2622 2122 continet,
2666 2067 2724 2111 ut
2762 2057 2814 2111 in
2849 2059 2928 2111 his
2964 2074 3083 2127 qua:
3112 2068 3238 2113 sunt
3269 2057 3570 2128 possibiles,

1955 2139 2072 2201 ’νει
2113 2147 2512 2217 contingentes,
2545 2148 2630 2202 vel
2670 2150 3024 2216 necessarim,
3076 2151 3158 2204 vel
3190 2149 3572 2218 impossibiles,

1988 2239 2074 2292 vel
2118 2254 2277 2304 verm,
2319 2239 2402 2294 vel
2452 2239 2627 2310 l'alsze,
2686 2241 2769 2295 vel
2805 2242 2956 2307 bene,
2989 2242 3073 2296 vel
3104 2247 3261 2306 male,
3296 2243 3376 2295 vel
3407 2240 3556 2311 quidx

1988 2329 2126 2400 quid
2159 2330 2335 2399 aliqua
2382 2333 2637 2401 qualitate
2685 2333 3023 2401 przedicatur.
3075 2333 3470 2400 llabentenim,
3501 2334 3556 2391 it.

1987 2424 2126 2492 quit,
2149 2423 2354 2492 aliquas
2384 2423 2748 2479 dubitationes
2774 2465 2791 2492 ,
2832 2436 2884 2480 et
2928 2441 3059 2496 quas
3089 2425 3452 2481 dubitationes
3477 2425 3571 2481 Ita-

1988 2514 2150 2570 beant
2178 2517 2433 2570 continuo
2450 2533 2539 2572 eas
2566 2516 2800 2586 subjicit.
2833 2517 2963 2573 Nam
2993 2520 3038 2574 si
3070 2535 3254 2574 eorum
3282 2536 3400 2590 qua:
3428 2535 3574 2574 com-

1991 2611 2296 2679 plectuntur
2341 2610 2448 2666 illae
2494 2611 2596 2665 sibi
2634 2613 2863 2667 invicem
2903 2613 3163 2683 opposita:
3194 2623 3319 2668 sunt
3353 2605 3572 2668 contra-

1989 2701 2256 2758 dictiones
2283 2744 2300 2772 ,
2347 2720 2678 2774 qumcunque
2719 2706 3011 2760 secundum
3060 2722 3180 2762 esse
3209 2708 3290 2762 vel
3320 2723 3427 2762 non
3453 2721 3576 2764 esse

1989 2790 2364 2861 disponuntur.
2390 2794 2590 2847 Sensus
2614 2803 2755 2847 totus
2780 2793 3081 2860 hujusmodi
3109 2789 3213 2860 est,
3248 2796 3298 2848 iu
3326 2794 3575 2849 omnibus

1991 2887 2458 2956 complexionibus
2502 2887 2926 2956 prepositionum
2969 2886 3055 2939 illa
3097 2886 3149 2940 in
3188 2886 3272 2940 his
3304 2885 3575 2955 oppositio
3665 2915 3669 2920 -

1989 2979 2153 3043 valet,
2177 2995 2505 3050 quacunque
2530 2977 2825 3033 secundum
2846 2992 2964 3032 esse
3001 2978 3081 3031 vel
3109 2992 3213 3032 non
3251 2993 3373 3033 esse
3403 2977 3482 3043 tit,
3516 2984 3575 3034 ut

1989 3083 2107 3123 cum
2138 3067 2386 3134 dicimus,
2415 3069 2574 3123 homo
2604 3078 2704 3134 est,
2725 3067 2886 3138 hujus
2911 3070 3120 3138 negatio
3148 3080 3252 3134 est,
3278 3067 3440 3124 homo
3464 3082 3575 3125 non

1988 3169 2088 3215 est.
2145 3160 2250 3216 Sed
2277 3175 2382 3216 non
2411 3177 2473 3216 ea
2510 3176 2626 3230 qua:
2654 3162 2816 3228 dicit,
2849 3177 2954 3216 non
2983 3161 3145 3218 homo
3175 3172 3277 3228 est,
3305 3172 3360 3218 et
3384 3175 3572 3219 rursus

1981 3256 2106 3328 ejus
2133 3274 2251 3327 qua:
2287 3257 2538 3328 pr0ponit
2560 3297 2576 3324 ,
2617 3267 2704 3313 est
2732 3259 2888 3313 albus
2918 3261 3102 3326 homo,
3134 3259 3220 3314 illa
3250 3261 3463 3327 negatio
3491 3267 3575 3318 est

1985 3369 2106 3424 quae
2127 3353 2290 3420 dicit,
2336 3370 2440 3408 non
2474 3363 2560 3410 est
2597 3353 2748 3409 albus
2776 3355 2940 3409 homo
2959 3395 2977 3422 ,
3006 3370 3113 3409 non
3141 3370 3203 3410 ea
3232 3370 3350 3425 quae
3381 3368 3574 3424 propo-

1986 3447 2088 3512 nit,
2116 3456 2200 3501 est
2223 3447 2375 3502 albus
2417 3447 2602 3514 homo,
2644 3447 2747 3501 hoc
2770 3447 2944 3518 ipsum
2971 3458 3148 3504 autem
3175 3451 3427 3519 quoniam
3453 3455 3572 3519 ejus

1985 3554 2108 3610 qua
2128 3541 2290 3608 dicit,
2331 3549 2415 3596 est
2445 3539 2609 3595 homo
2637 3540 2815 3607 albus,
2866 3541 3077 3609 negatio
3110 3550 3226 3608 est,
3271 3557 3391 3611 quae
3419 3540 3585 3610 dicit,

1986 3636 2093 3690 non
2121 3642 2204 3688 est
2244 3633 2399 3689 albus
2440 3633 2620 3699 homo,
2665 3648 2770 3690 non
2813 3648 2878 3690 ea
2905 3649 3025 3704 qua:
3054 3633 3324 3704 proponit,
3353 3642 3437 3689 est
3463 3647 3574 3689 non

1985 3723 2138 3779 albus
2163 3724 2343 3792 homo,
2376 3725 2454 3781 sic
2477 3724 2829 3798 demonstrat.
2872 3727 2928 3780 Si
2948 3727 3092 3781 enim
3119 3727 3187 3782 de
3213 3727 3462 3782 omnibus
3481 3736 3574 3783 aut

1985 3815 2151 3871 dictio
2180 3825 2300 3884 est,
2349 3826 2440 3872 aut
2486 3823 2731 3887 negatio,
2774 3817 2977 3886 lignum
3025 3821 3131 3874 erit
3173 3835 3360 3874 verum
3391 3819 3576 3875 dicere

1986 3926 2106 3968 esse
2136 3928 2244 3967 non
2277 3913 2458 3969 album
2500 3912 2794 3968 hominem.
2850 3912 3092 3966 Breviter
3114 3912 3313 3967 dictum
3343 3921 3446 3978 est,
3475 3913 3571 3968 sed

1985 4002 2060 4057 ita
2096 4017 2251 4070 posse
2292 4003 2504 4057 videtur
2543 4002 2736 4070 exponi
2769 4040 2789 4067 ,
2833 4002 3164 4068 propositum
3191 4041 3206 4066 ,
3258 4003 3472 4070 inquit,
3501 4003 3574 4056 sit

1983 4096 2222 4168 lignum,
2274 4097 2342 4153 de
2379 4112 2485 4167 quo
2532 4097 2654 4152 dua:
2691 4094 3092 4154 enuntiationes
3134 4094 3402 4161 dicantur,
3439 4093 3570 4148 illud

1986 4197 2166 4245 tamen
2196 4188 2350 4245 nobis
2378 4187 2724 4244 manifestum
2754 4187 2824 4242 sit
2849 4187 2918 4243 de
2942 4185 3213 4254 omnibus,
3241 4186 3288 4241 si
3339 4185 3571 4241 afﬁrma-

1943 4284 1945 4287 ’
1983 4291 2042 4338 ιο
2091 4298 2217 4340 vera
2248 4291 2366 4351 est,
2412 4280 2599 4337 falsam
2643 4295 2766 4338 esse
2805 4281 3174 4353 negationem,
3223 4296 3342 4337 eam
3367 4278 3573 4335 scilicet

1986 4391 2106 4446 quae
2134 4374 2563 4431 contradictoris:
2580 4374 2888 4446 opponitur,
2921 4383 2975 4431 et
3002 4375 3046 4430 si
3070 4389 3203 4444 vera
3230 4372 3443 4446 negatio
3466 4380 3569 4439 est,

1984 4469 2121 4525 falsa
2148 4471 2432 4526 alfirmatio
2467 4485 2586 4526 esse
2613 4471 3010 4540 pronuntietur.
3049 4470 3213 4540 Igitur
3236 4471 3304 4527 de
3331 4469 3571 4540 proposi-

1984 4573 2039 4618 to
2073 4564 2238 4632 ligno,
2270 4566 2521 4634 quoniam
2550 4565 2774 4634 lignum,
2807 4566 2908 4620 hoc
2927 4573 3031 4630 est,
3073 4565 3230 4621 albus
3253 4566 3436 4634 homo,
3468 4566 3572 4623 hoc

1981 4654 2176 4712 falsum
2216 4667 2317 4712 est.
2360 4656 2417 4712 Si
2463 4655 2625 4727 igitur
2673 4657 2790 4710 haec
2829 4655 3117 4711 afﬁrmatio
3148 4657 3279 4712 falsa
3304 4669 3418 4726 est,
3443 4675 3570 4717 vera

492 4712 848 4800 Dubitandum
881 4761 986 4800 non
1023 4755 1108 4802 est
1131 4749 1258 4816 quin
1289 4763 1396 4802 non
1428 4747 1496 4804 ad
1525 4749 1576 4803 id
1606 4749 1748 4818 quod
1777 4764 1874 4819 po-
1895 4712 1956 4782 D
1981 4749 2143 4806 debet
2177 4763 2302 4827 esse
2330 4750 2446 4817 ejus
2471 4712 2705 4820 negatio.
2738 4748 2798 4804 Si
2821 4764 2952 4820 ergo
2977 4764 3039 4804 ea
3072 4762 3157 4806 est
3176 4712 3570 4824 negati—o'aflir:

287 4835 368 4887 nit
394 4848 536 4900 esse,
561 4837 770 4906 negatio
784 4835 933 4906 juste
955 4838 1269 4908 applicetur.
1303 4840 1409 4896 Sed
1442 4841 1622 4911 potius
1649 4841 1716 4896 ad
1747 4855 1872 4896 eum

287 4923 504 4979 modum
534 4943 640 4997 quo
682 4927 878 4997 aliquid
918 4945 1038 4985 esse
1080 4930 1266 4988 fierive
1307 4935 1633 5002 pronuntiet.
1683 4933 1873 4990 Omnis

284 5031 520 5086 namque
548 5032 668 5073 cum
699 5020 859 5075 modo
888 5020 1174 5078 affirmatio
1205 5024 1328 5080 talis
1354 5035 1456 5095 est,
1486 5035 1545 5081 ut
1565 5041 1672 5082 non
1698 5027 1875 5083 inten-

285 5105 415 5162 dere
444 5107 636 5164 debeat
655 5111 894 5166 animum
915 5113 1126 5170 auditor
1150 5115 1217 5172 ad
1246 5116 1301 5172 id
1330 5119 1472 5188 quod
1503 5135 1623 5176 esse
1656 5119 1871 5178 dicitur.

283 5201 390 5257 Sed
421 5207 487 5256 ad
519 5203 568 5258 id
599 5207 774 5273 potius
802 5208 1072 5276 quomodo
1095 5207 1379 5282 illudesse
1406 5211 1632 5280 dicatur,
1663 5222 1718 5269 nt
1745 5229 1869 5270 cum

283 5300 532 5367 dicimus,
559 5299 804 5358 Socrates
841 5301 978 5360 bene
1005 5304 1266 5375 loquitur,
1303 5321 1406 5360 non
1438 5308 1870 5376 perspiciendum

281 5403 365 5448 est
402 5411 470 5450 an
518 5395 784 5466 loquatur,
828 5397 924 5452 sed
986 5399 1162 5467 potius
1206 5397 1332 5454 illuc
1383 5400 1544 5453 animi
1596 5390 1871 5469 dirigenda

281 5487 508 5545 intentio
548 5501 631 5545 est
665 5489 1114 5560 quemadmodum
1155 5492 1426 5559 loquatur.
1479 5491 1591 5546 Hoc
1619 5492 1765 5546 enim
1795 5490 1872 5544 vi-

281 5579 434 5637 detur
463 5580 742 5637 continere
795 5590 960 5636 totam
1007 5583 1450 5651 propositionem.
1506 5583 1648 5653 Ergo
1683 5589 1896 5640 contra.

282 5674 540 5744 possibile
559 5687 702 5738 esse,
727 5687 834 5726 non
857 5683 940 5727 est
961 5687 1022 5726 ea
1055 5673 1267 5745 negatio
1291 5689 1414 5743 qua:
1442 5673 1594 5738 dicit,
1623 5673 1878 5743 possibile

282 5782 384 5821 non
407 5765 660 5834 esse,sed
686 5780 791 5820 non
815 5764 1072 5834 possibile
1092 5780 1234 5832 esse,
1249 5765 1437 5820 eodem
1471 5765 1628 5820 ιιιυόιι
1659 5774 1716 5820 ει
1741 5781 1876 5820 εοιι-

280 5850 362 5914 tra
376 5878 493 5916 eam
511 5877 632 5934 quae
648 5860 800 5926 dicit,
812 5859 1124 5931 contingere
1139 5874 1277 5926 esse,
1293 5876 1399 5916 non
1421 5876 1482 5916 ea
1499 5878 1617 5930 quae
1633 5862 1878 5918 enuntiat

280 5955 591 6025 contingere
607 5971 714 6012 non
737 5969 880 6024 esse,
893 5956 982 6012 sed
998 5956 1175 6026 potius
1190 5969 1252 6012 ea
1276 5955 1486 6025 negatio
1503 5968 1584 6014 est
1596 5974 1712 6030 qua:
1723 5956 1875 6023 dicit,

1982 4841 2237 4898 mationis
2283 4855 2402 4912 quae
2430 4839 2594 4908 dicit,
2643 4849 2726 4897 est
2758 4840 2910 4896 albus
2940 4840 3125 4910 homo,
3153 4859 3274 4914 quae
3303 4857 3461 4916 negat
3491 4849 3571 4905 di-

1983 4948 2115 4992 cens
2139 4974 2155 4999 ,
2201 4941 2286 4989 est
2311 4947 2417 4988 non
2442 4933 2595 4988 albus
2626 4930 2810 4999 homo,
2838 4931 2956 4988 haec
2979 4935 3192 5004 negatio
3223 4950 3350 4992 vere
3377 4932 3572 5005 praedi-

1983 5038 2136 5085 catur
2179 5027 2250 5083 de
2298 5029 2438 5097 ligno
2469 5027 2683 5082 dicente
2729 5027 2973 5096 quolibet
3005 5029 3148 5097 quo‘d
3189 5030 3411 5100 lignum,
3473 5031 3573 5086 hoc

1989 5129 2094 5186 est,
2119 5135 2226 5174 non
2255 5119 2410 5175 albus
2441 5118 2623 5174 homo.
2665 5117 2769 5175 Sed
2801 5119 2902 5175 hoc
2925 5121 3041 5176 fieri
3063 5136 3170 5176 non
3200 5131 3391 5192 potest.
3454 5122 3573 5179 Per-

1985 5213 2175 5284 spicue
2203 5214 2348 5268 enim
2371 5211 2564 5266 falsum
2593 5221 2679 5268 est
2707 5213 2906 5282 lignum
2945 5227 3052 5268 non
3079 5214 3260 5268 album
3297 5215 3570 5270 hominem

1983 5323 2127 5364 esse.
2163 5307 2318 5376 Quod
2352 5306 2494 5362 enim
2539 5307 2762 5362 omnino
2810 5321 2915 5360 non
2957 5314 3042 5362 est
3083 5305 3279 5373 homo,
3322 5323 3424 5362 nec
3463 5324 3571 5363 non

1953 5403 1957 5407 ’
1984 5401 2140 5458 albus
2166 5401 2329 5474 homo
2350 5415 2472 5456 esse
2503 5409 2714 5470 potest,
2745 5400 2896 5454 falsae
2923 5414 3051 5469 ergo
3074 5411 3200 5454 sunt
3225 5410 3485 5470 utrmque,
3520 5415 3574 5458 et

1985 5493 2273 5550 altirmatio
2324 5509 2445 5564 qua:
2493 5493 2624 5548 dicit
2669 5493 2737 5548 de
2786 5492 2950 5561 ligno,
2981 5493 3229 5560 quoniam
3261 5494 3458 5562 lignum
3489 5504 3574 5550 est

1985 5586 2140 5642 albus
2163 5586 2360 5653 homo,
2405 5597 2458 5641 et
2483 5585 2691 5655 negatio
2713 5586 2784 5640 de
2810 5599 2877 5640 eo
2904 5599 3025 5654 qua:
3051 5584 3183 5640 dicit
3209 5587 3461 5657 quoniam
3489 5598 3572 5643 est

1984 5692 2093 5734 non
2139 5679 2293 5735 albus
2338 5677 2518 5732 homo.
2557 5676 2711 5741 Quod
2741 5676 2787 5730 si
2830 5685 2956 5732 sunt
2984 5676 3130 5732 falsae
3161 5686 3422 5750 utraeque,
3453 5683 3570 5736 haec

1985 5774 2204 5845 negatio
2242 5771 2382 5827 illius
2405 5768 2776 5825 aliirmationis
2823 5786 2930 5826 non
2969 5780 3073 5827 est.
3145 5773 3442 5840 Quaerenda
3484 5786 3570 5831 est
3640 5797 3644 5800 '

1985 5880 2114 5934 ergo
2153 5864 2256 5919 alia
2301 5877 2422 5932 quae
2447 5877 2570 5918 cum
2606 5876 2669 5917 ea
2716 5861 2924 5918 dividat
2950 5879 3133 5920 verum
3161 5874 3324 5935 atque
3355 5867 3566 5924 lalsum.

1945 6015 1947 6019 Α
1987 5957 2100 6024 Qua
2125 5960 2180 6012 in
2202 5972 2262 6016 re
2289 5955 2435 6013 nulla
2480 5956 2580 6014 alia
2601 5956 2870 6026 reperitur
2895 5968 3082 6018 contra
3105 5973 3224 6016 eam
3256 5974 3378 6033 qua:
3414 5959 3563 6023 dicit.
