4270 6266
604 409 703 467 591

1842 408 1955 463 ΑΝ.
1994 406 2203 466 MANL.
2244 407 2395 464 SEV.
2435 409 2657 467 BOETII

3769 405 3873 464 592

603 535 688 581 est
715 526 868 581 albus
890 526 1071 589 homo,
1104 530 1305 593 praeter
1325 537 1443 579 eam
1472 538 1592 594 quae
1617 522 1770 589 dicit,
1797 536 1903 577 non
1933 532 2016 577 est
2035 528 2186 577 albus
2214 530 2270 588 Α
2290 526 2421 591 vidi,
2461 536 2517 582 et
2554 526 2693 597 quod
2717 538 2897 599 potest
2923 532 3220 594 ambulare.
3262 530 3403 587 idem
3426 540 3599 603 potest
3626 549 3729 589 non
3757 550 3871 590 am-

607 620 785 681 ltomo,
814 631 936 671 nam
959 617 1001 669 si
1024 630 1087 671 ea
1117 615 1313 672 dicitur
1336 632 1455 672 esse
1483 616 1854 672 alﬁrmationis
1884 616 2042 686 hujus
2069 633 2188 686 quae

604 708 753 775 dicit,
801 716 885 763 est
917 708 1069 762 albus
1103 708 1285 776 homo,
1320 711 1530 779 negatio
1562 725 1682 779 quae
1707 710 1946 765 enuntiat
1972 721 2054 764 est
2083 724 2188 764 non

604 802 756 855 albus
788 801 979 866 homo,
1013 803 1115 857 erit
1143 811 1201 857 ut
1222 801 1290 858 de
1324 803 1468 874 ligno
1487 804 1554 857 de
1578 816 1686 872 quo
1730 800 2018 856 afﬁrmatio
2046 800 2189 855 dicta

606 893 737 948 falsa
761 904 864 960 est,
894 910 1019 949 vera
1049 896 1119 950 sit
1147 897 1424 951 enuntiata
1453 880 1687 966 negatio,
1714 895 1921 964 eritque
1948 894 2016 948 de
2046 894 2190 964 ligno

606 1001 791 1040 verum
838 987 1053 1053 dicere,
1098 990 1354 1058 quoniam
1400 989 1599 1059 lignum
1646 989 1751 1043 hoc
1795 997 1878 1043 est
1908 1003 2011 1042 non
2041 987 2192 1041 albus

606 1080 790 1146 homo,
838 1081 932 1136 sed
966 1081 1069 1137 hoc
1111 1082 1444 1152 impossibile
1483 1092 1586 1137 est.
1634 1081 1858 1137 Constat
1898 1096 2028 1151 ergo
2074 1096 2193 1137 eam

608 1174 1031 1241 propositionem
1076 1190 1195 1244 quae
1226 1176 1380 1241 dicit,
1407 1187 1491 1231 est
1520 1193 1622 1231 non
1648 1176 1802 1232 albus
1835 1177 2017 1244 homo,
2051 1176 2195 1229 illius

608 1262 982 1321 alﬁrmationis
1013 1283 1117 1320 non
1143 1281 1264 1322 esse
1291 1269 1626 1337 negationem
1659 1283 1777 1337 quas
1808 1268 2090 1338 proponit,
2117 1275 2200 1321 est

610 1354 763 1409 albus
794 1356 975 1411 homo.
1018 1357 1121 1412 Sed
1153 1372 1269 1412 eam
1312 1374 1429 1428 qua:
1459 1358 1607 1423 dicit,
1649 1375 1753 1413 non
1797 1369 1880 1413 est
1925 1358 2077 1412 albus
2104 1358 2201 1411 ho-

612 1462 723 1514 mo,
764 1450 1101 1517 negationem
1141 1464 1261 1505 esse
1287 1451 1529 1518 ejusdem
1555 1450 1927 1505 alﬁrmationis
1954 1465 2074 1520 quae
2119 1449 2200 1504 di-

612 1541 705 1607 cit,
730 1551 812 1597 est
836 1542 993 1596 albus
1026 1542 1203 1597 homo.
1251 1542 1485 1598 Videsne
1513 1558 1642 1613 ergo
1670 1551 1726 1597 ut
1755 1556 1920 1612 prope
1945 1543 1999 1595 in
2029 1541 2200 1595 omni-

612 1634 715 1689 bus
762 1634 1148 1689 afﬁrmationes
1197 1643 1250 1689 et
1294 1634 1602 1701 negationes
1643 1622 1941 1688 secundum
1971 1646 2091 1686 esse
2119 1631 2202 1686 vel

611 1740 721 1779 non
749 1739 871 1780 esse
912 1723 1082 1778 ﬁant?
1128 1724 1220 1778 Illa
1266 1724 1406 1778 enim
1453 1723 1631 1777 allium
1658 1722 1871 1793 quidem
1898 1737 2019 1777 esse
2049 1720 2199 1786 dicit,

613 1816 703 1871 illa
757 1824 913 1886 negat
960 1817 1139 1871 album
1190 1830 1297 1871 non
1348 1829 1468 1871 esse
1498 1815 1705 1882 dicens,
1747 1830 1935 1870 rursus
1964 1815 2051 1869 illa
2075 1814 2205 1869 dicit

2291 618 2501 673 bulare.
2563 619 2693 685 Quae
2741 630 2919 676 autem
2971 624 3041 677 sit
3089 622 3387 692 hujusmodi
3416 624 3740 693 possibilitas
3780 641 3875 695 per

2293 726 2451 780 quam
2473 727 2592 768 cum
2614 714 2810 769 dicitur
2825 716 3021 785 aliquid
3042 717 3154 772 ﬁeri
3181 731 3356 785 posse,
3377 716 3506 770 illud
3527 730 3702 772 tamen
3720 719 3879 772 relin-

2293 814 2486 873 quatur
2504 820 2660 874 posse
2691 822 2796 861 non
2814 806 2949 875 ﬁeri,
2980 818 3367 878 consequenter
3384 809 3639 877 explanat
3666 807 3877 864 dicens:

2366 895 2523 949 Ratio
2565 908 2735 951 autem
2779 908 2884 965 est,
2930 900 3170 967 quoniam
3213 915 3361 953 omne
3381 900 3518 968 quod
3545 900 3617 953 sic
3645 900 3883 968 possibile

2295 996 2391 1051 est,
2422 1003 2524 1040 non
2561 1004 2759 1055 semper
2807 989 2862 1042 in
2898 1000 3015 1042 actu
3056 997 3149 1044 est.
3201 988 3374 1054 Quare
3418 990 3572 1042 inerit
3604 990 3704 1059 ipsi
3730 993 3883 1043 etiam

2298 1080 2521 1150 negatio,
2551 1090 2710 1147 potest
2748 1080 2911 1149 igitur
2951 1092 2998 1135 et
3037 1098 3139 1135 non
3181 1083 3475 1145 ambulare,
3506 1082 3643 1150 quod
3671 1092 3744 1136 est
3769 1099 3882 1136 amo

2302 1169 2525 1223 bulabile
2545 1211 2558 1235 ,
2584 1182 2628 1223 et
2656 1188 2756 1224 non
2784 1172 2943 1225 videri
2970 1174 3106 1241 quod
3130 1182 3201 1226 est
3224 1173 3431 1226 uisibile.
3464 1175 3526 1224 At
3549 1190 3663 1227 rero
3690 1174 3883 1241 impos-

2300 1260 2447 1314 sibile
2468 1270 2538 1314 est
2570 1261 2633 1313 de
2669 1263 2844 1314 eodem
2872 1263 3128 1334 oppositas
3159 1280 3263 1317 esse
3283 1280 3425 1317 ueras
3452 1265 3719 1321 dictiones.
3760 1263 3884 1318 Non

2303 1350 2460 1419 igitur
2488 1353 2600 1422 ejus
2630 1368 2741 1419 qua:
2768 1363 2862 1416 est,
2886 1354 3123 1421 possibile
3153 1365 3372 1419 estesse,
3405 1354 3603 1423 negatio
3630 1362 3728 1420 est,
3766 1371 3885 1420 pos-

2304 1442 2450 1496 sibile
2480 1456 2551 1496 est
2590 1460 2689 1496 non
2734 1460 2861 1498 esse.
2894 1444 3152 1514 Coutingit
3176 1446 3312 1499 enim
3339 1461 3401 1499 ea:
3431 1446 3508 1498 his
3531 1455 3619 1499 aut
3644 1446 3775 1499 idem
3802 1447 3885 1517 ip-

2310 1549 2423 1587 sum
2467 1534 2719 1602 affirmare
2759 1543 2805 1587 et
2842 1551 3027 1606 negare
3065 1536 3221 1588 simul
3246 1536 3308 1588 de
3337 1536 3529 1602 eodem,
3557 1546 3644 1589 aut
3675 1553 3774 1590 uou
3804 1553 3885 1591 se-

2311 1622 2539 1676 cundum
2577 1640 2683 1677 esse
2714 1632 2760 1676 et
2790 1641 2890 1677 non
2931 1640 3055 1690 esse,
3083 1641 3198 1695 qua:
3229 1635 3582 1695 apponuntur,
3620 1626 3731 1693 ﬁeri
3758 1627 3889 1695 affir-

2306 1716 2552 1768 mationes
2598 1726 2642 1769 et
2675 1718 2990 1786 negationes.
3046 1716 3108 1772 Si
3136 1734 3256 1790 ergo
3291 1717 3423 1771 illud
3464 1718 3773 1785 impossibile
3796 1731 3887 1782 est,

2308 1809 2403 1861 hoc
2423 1809 2518 1861 erit
2544 1810 2706 1879 magis
2736 1809 3044 1879 eligendum.
3095 1809 3189 1863 Est
3209 1811 3364 1881 igitur
3392 1812 3595 1878 negatio
3639 1813 3751 1880 ejus
3778 1826 3891 1879 qua

614 1907 885 1961 hominem
915 1922 1033 1961 esse
1051 1947 1067 1972 ,
1096 1906 1183 1961 illa
1210 1921 1337 1960 vero
1364 1914 1523 1975 negat
1542 1906 1762 1974 dicens,
1794 1905 2066 1960 hominem
2095 1920 2200 1959 non
2231 1910 2283 1971 Β
2309 1914 2380 1957 est
2402 1904 2640 1975 possibile
2669 1921 2795 1969 esse,
2818 1921 2877 1958 ea
2897 1920 3008 1973 quis:
3029 1914 3121 1967 est,
3156 1921 3255 1960 non
3288 1904 3521 1971 possibile
3549 1919 3675 1967 esse,
3709 1913 3758 1957 et
3788 1921 3891 1959 non

615 2010 757 2064 esse,
803 2007 856 2052 et
896 1998 950 2051 in
996 1996 1208 2052 caeteris
1252 1994 1443 2051 eodem
1494 1998 1656 2051 modo
1702 2005 1808 2052 est.
1846 1996 1995 2064 Quod
2028 1997 2073 2050 si
2101 1997 2202 2051 hoc

617 2088 778 2143 modo
825 2098 879 2142 et
922 2087 978 2141 in
1026 2087 1455 2157 quantiscunque
1500 2102 1620 2142 esse
1652 2103 1758 2142 non
1790 2087 2027 2153 additur,
2061 2087 2200 2143 idem

618 2180 778 2236 faciet
811 2179 953 2250 quod
983 2195 1078 2249 pro
1107 2194 1227 2234 esse
1256 2179 1472 2245 dicitur,
1504 2187 1561 2233 ut
1585 2180 1699 2249 ejus
1734 2195 1854 2247 qua:
1883 2192 1984 2243 εει,
2018 2180 2205 2234 ambu-

621 2275 698 2327 lat
728 2273 909 2337 homo,
961 2286 1064 2326 non
1113 2286 1175 2326 ea
1202 2287 1319 2339 qua:
1343 2278 1449 2336 est,
1479 2270 1715 2325 ambulat
1744 2286 1851 2325 non
1884 2269 2065 2334 homo,
2102 2286 2203 2326 ne-

622 2364 768 2435 gatio
818 2374 921 2419 est.
952 2362 1058 2418 Sed
1095 2377 1155 2417 ea
1178 2377 1296 2432 quae
1318 2371 1399 2416 est
1433 2376 1537 2417 non
1564 2361 1801 2416 ambulat
1828 2360 2007 2427 homo.
2065 2360 2205 2415 Nihil

625 2457 770 2511 enim
794 2456 969 2510 dill'ert
999 2456 1179 2510 dicere
1210 2456 1476 2508 hominem
1506 2454 1804 2523 ambulare,
1826 2454 1911 2508 vel
1935 2454 2205 2509 hominem

624 2546 983 2601 ambulantem
1011 2559 1152 2599 esse.
1191 2544 1299 2599 Nec
1328 2545 1424 2599 hoc
1444 2545 1639 2611 solum,
1668 2546 1857 2615 inquit,
1888 2545 1940 2599 in
1978 2544 2059 2600 his
2081 2560 2205 2600 eve-

625 2638 744 2691 nire
773 2644 948 2705 potest
978 2634 1465 2703 prOjnositionibus,
1505 2651 1625 2706 qua:
1652 2636 1944 2691 secundum
1977 2652 2095 2691 esse
2125 2638 2208 2692 vel

626 2742 738 2781 non
761 2741 882 2783 esse
906 2725 1283 2808 disponuntur,
1343 2725 1435 2780 sed
1467 2727 1627 2779 etiam
1659 2726 1714 2779 in
1754 2727 1837 2780 his
1882 2742 2211 2797 quaecunque

627 2820 811 2877 verbis
854 2819 1048 2875 talibus
1094 2818 1453 2883 continentur,
1511 2827 1571 2873 ut
1612 2818 1775 2874 verba
1820 2818 1912 2873 illa
1941 2821 2045 2875 vim
2070 2820 2209 2890 ejus,

629 2913 773 2985 quod
800 2922 884 2969 est
920 2926 1039 2968 esse
1087 2910 1429 2977 concludant,
1473 2919 1528 2964 ut
1571 2919 1653 2965 est
1684 2911 1843 2965 homo
1870 2911 2127 2974 ambulat,
2158 2911 2209 2965 in

630 3023 691 3063 ss
731 3005 969 3062 continet
998 3018 1137 3058 esse.
1173 3001 1317 3058 Idem
1345 3003 1485 3057 enim
1516 3013 1618 3065 est,
1664 3001 1900 3057 ambulat
1928 3002 2071 3072 quod
2102 3017 2214 3056 am-

633 3098 823 3154 bulans
849 3112 951 3155 eSt.
1000 3093 1080 3150 Ad
1123 3093 1240 3148 haec
1281 3108 1409 3163 ergo
1430 3093 1591 3149 verba
1614 3108 1732 3164 qua:
1756 3094 1809 3148 in
1840 3093 2215 3163 propositioni-

631 3194 732 3250 bus
758 3206 878 3249 esse
907 3191 1185 3247 continent
1209 3188 1435 3257 aptanda
1467 3188 1679 3257 negatio
1708 3196 1811 3243 est.
1853 3188 1909 3242 Si
1936 3188 2078 3243 enim
2102 3200 2215 3240 om-

632 3284 717 3338 nis
743 3280 1095 3339 contradictio
1121 3278 1415 3334 seCundum
1440 3292 1562 3333 esse
1590 3278 1674 3332 vel
1705 3293 1810 3332 non
1843 3291 1967 3332 esse
1996 3279 2075 3343 ﬁt,
2101 3277 2214 3333 haec
2245 3261 2291 3324 (ἶ

634 3381 812 3427 autem
842 3371 1006 3425 verba
1032 3384 1152 3423 esse
1199 3369 1414 3438 propria
1448 3366 1838 3438 signiﬁcatione
1866 3368 2216 3436 concludunt,

635 3463 995 3533 quoniamque
1019 3460 1181 3515 verba
1225 3462 1338 3513 haec
1365 3461 1435 3513 ita
1466 3467 1734 3528 ponuntur
1764 3468 2014 3528 tanquam
2041 3460 2085 3514 si
2118 3462 2221 3516 hoc

638 3553 814 3623 ipsum
860 3566 980 3606 esse
1011 3559 1319 3618 poneretur.
1361 3537 1721 3604 Manifestum'
1740 3560 1822 3605 est
1861 3550 1926 3604 ad
1963 3565 2026 3605 ea
2057 3552 2219 3607 verba

637 3659 759 3717 quae
804 3656 925 3700 esse
964 3642 1241 3696 continent
1288 3641 1630 3711 negationem
1674 3641 1803 3712 poni
1849 3652 2102 3712 oportere
2153 3644 2219 3698 ad

638 3750 823 3793 earum
849 3731 1253 3789 similitudinem
1284 3729 1731 3802 propositionum,
1773 3749 1894 3803 qua:
1924 3735 2221 3790 secundum

639 3841 761 3883 esse
803 3827 888 3881 vel
937 3841 1041 3880 non
1071 3839 1193 3880 esse
1218 3840 1378 3894 supra
1401 3825 1543 3880 dicta
1572 3825 1781 3881 ratione
1808 3826 2026 3882 sibimet
2050 3844 2221 3897 oppu-

572 3976 575 3979 ,
639 3926 856 3973 nuntur.
906 3915 999 3970 llis
1044 3929 1171 3985 ergo
1199 3924 1323 3970 ante
1354 3915 1643 3985 pradictis,
1676 3915 1801 3986 quid
1832 3917 2223 3980 inconveniens

640 4023 705 4063 ex
736 4007 819 4063 bis
840 4006 1008 4077 possit
1033 4020 1155 4061 esse
1187 4006 1546 4077 prosequitur.

714 4114 889 4178 Quare
922 4112 965 4165 si
1004 4112 1098 4164 hoc
1142 4111 1293 4164 modo
1336 4112 1389 4165 iu
1437 4113 1688 4178 omnibus,
1731 4122 1779 4167 et
1829 4114 1943 4183 ejus
1988 4128 2105 4184 quae
2128 4123 2225 4179 est,

642 4206 881 4279 possibile
916 4214 987 4259 est
1028 4219 1166 4271 esse,
1211 4206 1412 4274 negatio
1455 4214 1558 4273 est,
1594 4206 1832 4272 possibile
1860 4219 1936 4261 est
1963 4224 2066 4261 nou
2096 4224 2223 4272 esse,

643 4302 731 4357 sed
775 4316 876 4354 non
916 4314 976 4351 ea
1023 4312 1135 4365 qua:
1180 4306 1291 4361 est,
1343 4312 1443 4349 non
1471 4296 1711 4366 possibile
1738 4305 1958 4351 estesse.
2019 4297 2229 4351 Videtur

645 4404 817 4451 autem
842 4391 977 4445 idem
1003 4404 1147 4459 posse
1178 4399 1225 4441 et
1246 4402 1353 4441 esse
1377 4395 1427 4442 et
1457 4402 1561 4440 non
1590 4403 1717 4441 esse.
1754 4388 1915 4441 Omne
1935 4388 2070 4441 enim
2093 4392 2232 4457 quod

645 4496 719 4540 est
743 4481 981 4555 possibile
1011 4480 1193 4546 dividi,
1225 4478 1303 4533 uel
1338 4478 1625 4543 ambulare,
1666 4487 1712 4533 et
1743 4495 1846 4531 non
1876 4478 2156 4543 ambulare,
2182 4488 2230 4531 et

650 4590 752 4629 non
781 4573 959 4639 diuidi,
992 4572 1227 4643 possibile
1253 4579 1346 4625 est.

2307 2010 2366 2047 ea
2396 2009 2509 2063 qua:
2536 2004 2641 2058 est,
2684 1994 2923 2064 possibile
2961 2012 3062 2048 non
3101 2010 3224 2048 esse.
3290 1993 3488 2048 Eadem
3524 2010 3720 2063 quoque
3759 1996 3891 2048 ratio

2263 2134 2269 2139 .
2307 2095 2380 2139 est
2402 2084 2453 2138 in
2473 2100 2534 2139 eo
2562 2085 2698 2153 quod
2726 2094 2821 2152 est,
2852 2086 3143 2157 contingens
3170 2100 3297 2151 esse,
3332 2084 3515 2137 etenim
3548 2083 3751 2155 negatio
3782 2087 3893 2157 ejus

2306 2183 2404 2239 est,
2433 2192 2537 2229 non
2562 2175 2862 2246 contingens
2889 2192 3018 2230 esse.
3055 2174 3123 2228 Et
3151 2176 3206 2229 in
3230 2176 3347 2229 aliis
3377 2192 3577 2244 quoaue
3600 2175 3757 2229 simili
3783 2191 3893 2229 mo-

2310 2268 2398 2329 do.
2428 2277 2483 2321 ut
2512 2268 2562 2322 iu
2593 2268 2879 2322 necessario
2910 2277 2957 2322 et
2976 2268 3297 2338 impossibili.

2383 2359 2555 2414 Causa
2584 2370 2665 2415 est
2700 2360 2890 2431 igitur,
2938 2359 3141 2430 inquit,
3173 2374 3271 2415 cur
3316 2358 3369 2413 id
3397 2357 3539 2429 quod
3574 2372 3731 2427 posse
3769 2371 3889 2413 esse

2310 2451 2526 2515 dicitur,
2559 2450 2698 2505 idem
2734 2451 2900 2520 possit
2926 2464 3035 2505 non
3063 2466 3205 2505 esse.
3233 2441 3382 2518 Quod
3411 2464 3567 2505 omne
3595 2447 3736 2519 quod
3766 2462 3890 2518 pos-

2311 2541 2465 2597 sibile
2493 2542 2743 2610 dicimus,
2775 2544 2846 2597 ita
2877 2544 3309 2614 pronuntiamus,
3359 2552 3416 2597 ut
3460 2557 3565 2597 non
3597 2557 3808 2613 semper
3835 2542 3892 2597 in

2312 2648 2434 2692 aetu
2464 2637 2555 2707 sit,
2585 2637 2634 2691 id
2666 2646 2749 2692 est
2784 2651 2892 2692 non
2931 2638 3003 2693 sit
3045 2637 3427 2693 necessarium.
3461 2637 3633 2692 Omne
3666 2650 3892 2706 namque

2312 2731 2459 2801 quod
2506 2746 2719 2801 semper
2758 2732 2810 2786 in
2843 2742 2963 2786 actu
2995 2741 3107 2799 est,
3141 2732 3506 2789 necessarium
3537 2740 3656 2798 est,
3703 2741 3760 2786 ut
3806 2732 3890 2787 sol

2316 2837 2531 2893 semper
2562 2834 2825 2878 movetur.
2860 2824 3040 2891 Itaque
3067 2822 3141 2876 illi
3173 2838 3384 2893 semper
3413 2824 3586 2893 agitur
3610 2830 3806 2876 motus.
3834 2820 3892 2876 Si

2315 2915 2435 2984 quis
2461 2922 2638 2969 autem
2671 2928 2756 2969 me
2788 2913 2930 2968 dicat
2955 2914 3231 2969 ambulare
3261 2929 3442 2985 posse,
3474 2916 3729 2983 quoniam
3765 2912 3894 2967 mihi

2317 3008 2693 3062 ambulationis
2713 3017 2890 3061 motus
2920 3022 3025 3061 non
3048 2993 3262 3077 semper
3287 3008 3482 3075 agitur,
3510 3017 3567 3063 et
3594 3008 3733 3063 inest
3762 3007 3895 3063 mihi

2319 3097 2600 3167 aliquoties
2629 3114 2735 3153 non
2777 3100 3072 3166 ambulare,
3102 3099 3241 3155 inest
3278 3114 3493 3169 quoque
3534 3099 3664 3154 illud
3692 3109 3747 3155 ut
3770 3113 3897 3156 vero

2322 3190 2390 3245 de
2429 3206 2517 3245 me
2546 3191 2756 3246 dicatur
2798 3208 2953 3262 posse
2992 3207 3078 3247 me
3121 3206 3228 3246 non
3266 3191 3573 3257 ambulare,
3601 3208 3723 3247 cum
3771 3206 3898 3248 vero

2323 3286 2699 3354 pronuntiatur
2738 3299 2897 3354 posse
2925 3284 3220 3340 ambulare.
3254 3285 3395 3355 Ergo
3423 3301 3751 3356 qttaacunque
3792 3299 3896 3340 non

2323 3390 2539 3442 semper
2562 3375 2614 3429 iu
2645 3384 2767 3429 actu
2793 3385 2937 3443 sunt,
2964 3385 3020 3429 et
3045 3390 3203 3446 posse
3243 3390 3361 3431 esse
3382 3382 3436 3431 et
3463 3391 3619 3444 posse
3649 3391 3751 3431 non
3778 3388 3898 3429 esse

2323 3465 2610 3531 recipiunt.
2646 3464 2828 3520 Potest
2879 3480 3009 3534 ergo
3038 3465 3182 3536 quod
3222 3474 3307 3522 est
3340 3465 3694 3531 ambulabile,
3735 3465 3785 3517 id
3818 3472 3901 3519 est

2323 3555 2472 3625 quod
2499 3555 2777 3610 ambulare
2831 3564 3039 3625 potest,
3086 3572 3195 3613 non
3224 3558 3524 3623 ambulare,
3553 3567 3609 3612 et
3636 3557 3776 3627 quod
3818 3565 3902 3612 est

2325 3647 2536 3703 visibile
2557 3664 2663 3703 non
2694 3648 2883 3703 videri.
2916 3649 3175 3717 Quocirca
3201 3650 3356 3706 docet
3382 3664 3489 3706 non
3516 3664 3636 3705 esse
3662 3649 3902 3719 negatio-

2326 3758 2446 3798 nem
2476 3743 2596 3813 ejus
2634 3759 2753 3813 qua:
2780 3744 2940 3810 dicit,
2978 3758 3137 3814 posse
3165 3758 3284 3800 esse
3327 3759 3442 3799 eam
3486 3758 3607 3814 quas
3654 3743 3902 3813 proponit

2326 3846 2484 3910 poSse
2506 3855 2611 3895 non
2638 3854 2780 3899 esse.
2810 3839 3014 3895 Idcirco
3042 3842 3292 3911 quoniam
3321 3852 3561 3910 utrmque
3586 3847 3710 3894 sunt
3738 3852 3902 3905 verae,

2328 3940 2387 3984 ut
2409 3932 2461 3986 in
2489 3931 2555 3986 iis
2572 3946 2691 4001 quae
2714 3932 2795 4001 (ut
2814 3932 2927 4001 ipse
2954 3933 3050 4000 ait)
3081 3948 3187 3988 non
3211 3948 3427 4004 semper
3447 3943 3567 3988 actu
3594 3940 3734 3987 sunt.
3766 3928 3904 3984 Con-

2330 4024 2487 4094 tingit
2513 4024 2655 4079 enim
2689 4039 2851 4078 unum
2878 4039 2945 4078 ex
2971 4026 3212 4096 utrisque
3243 4042 3362 4097 quae
3412 4025 3730 4080 Aristoteles
3756 4022 3905 4089 dicit,

2330 4127 2422 4171 aut
2451 4116 2593 4172 idem
2618 4117 2789 4186 ipsum
2813 4116 2998 4171 dicere
3018 4125 3072 4171 et
3096 4132 3293 4187 negare
3316 4118 3478 4172 simul
3503 4116 3571 4172 de
3593 4116 3803 4180 eodem,
3821 4121 3907 4171 aut

2333 4223 2437 4263 non
2468 4209 2760 4264 secundum
2791 4221 2913 4263 esse
2938 4216 2993 4263 et
3037 4222 3142 4263 non
3185 4222 3336 4270 esse,
3379 4221 3499 4277 qum
3527 4216 3871 4276 opponuntur
3891 4250 3905 4274 ,

2334 4298 2451 4352 ﬁeri
2490 4299 2874 4354 alﬁrmationes
2902 4308 2954 4353 et
2994 4298 3321 4367 negationes,
3365 4297 3417 4351 id
3449 4308 3529 4352 est
3562 4304 3735 4351 utaut
3764 4297 3906 4351 idem

2334 4387 2444 4441 sint
2474 4388 2757 4443 afﬁrmatio
2784 4398 2838 4443 et
2878 4388 3086 4459 negatio
3112 4388 3319 4458 sibique
3355 4388 3712 4452 consentiant,
3745 4387 3791 4441 si
3819 4401 3907 4441 se-

2336 4481 2568 4535 cundum
2600 4496 2719 4537 esse
2740 4492 2795 4537 et
2825 4498 2929 4537 non
2952 4497 3070 4538 esse
3100 4483 3153 4537 in
3181 4482 3431 4538 omnibus
3452 4482 3807 4536 contradictio
3832 4480 3909 4547 ﬁt,

2270 4590 2305 4646 '_
2337 4584 2397 4630 ut
2425 4587 2507 4631 est
2537 4579 2589 4630 in
2630 4591 2696 4632 eo
2724 4576 2865 4646 quod
2890 4585 2975 4631 est
3003 4591 3161 4645 posse
3189 4591 3311 4631 esse
3338 4586 3391 4631 et
3421 4589 3577 4645 posse
3625 4588 3730 4629 non
3770 4588 3910 4629 esse.

721 4674 979 4744 Superius
1021 4673 1444 4728 demonstratum
1492 4680 1575 4728 est
1601 4672 2048 4743 quemadmodum
2083 4673 2138 4728 in
2166 4673 2233 4730 iis
2262 4640 2316 4700 Β
2340 4665 2483 4721 Idem
2521 4665 2665 4721 enim
2698 4675 2935 4735 utraeque
2966 4664 3092 4720 sunt
3141 4667 3351 4735 sibique
3385 4664 3761 4728 consentiunt,
3791 4672 3845 4718 et
3872 4663 3913 4719 si

650 4782 769 4835 quac
812 4764 1238 4833 complectuntur
1287 4764 1742 4820 enuntiationibus
1789 4766 2082 4822 secundum
2111 4780 2230 4821 esse

654 4859 851 4924 potius,
898 4864 953 4909 et
993 4870 1101 4910 non
1132 4870 1253 4910 esse
1300 4857 1492 4911 ﬁerent
1529 4856 1927 4925 oppositiones,
1958 4873 2098 4911 nunc
2128 4855 2231 4909 hoc

654 4949 785 5003 dicit
811 4965 822 5002 :
855 4946 915 5003 Si
941 4946 1066 5013 hoc,
1095 4947 1285 5017 inquit,
1326 4946 1381 5001 in
1403 4947 1651 5003 omnibus
1680 4948 2130 5017 propositionibus
2154 4946 2233 5001 l‘a-

653 5043 904 5097 ciendum
952 5050 1055 5111 est,
1105 5049 1163 5094 ut
1210 5055 1393 5096 earum
1444 5041 1894 5096 contradictiones
1938 5042 2230 5097 secundum

660 5151 778 5193 esse
807 5143 863 5191 et
885 5147 991 5188 non
1024 5146 1145 5189 esse
1176 5140 1460 5201 ponantur,
1504 5133 1559 5186 in
1600 5132 1667 5185 iis
1692 5147 1809 5199 quae
1837 5132 2035 5200 aliquid
2063 5132 2237 5200 possi-

656 5228 764 5280 bile
784 5240 905 5281 esse
932 5221 1297 5295 pronuntiant,
1330 5235 1435 5275 non
1464 5235 1529 5275 ea
1549 5220 1795 5290 ponenda
1818 5224 2027 5291 negatio
2053 5232 2154 5288 est,
2180 5231 2239 5276 ut

654 5321 796 5373 dicat
824 5333 929 5373 non
960 5314 1217 5387 possibile
1240 5327 1383 5368 esse.
1446 5310 1553 5368 Sed
1595 5311 1771 5382 potius
1807 5316 2097 5369 secundum
2128 5329 2232 5370 non

656 5424 776 5465 esse
796 5404 1167 5462 constituenda
1205 5411 1320 5472 est,
1346 5410 1407 5458 ut
1438 5401 1643 5457 dicatur
1673 5404 1926 5471 possibile
1956 5419 2061 5460 non
2092 5422 2233 5471 esse,

658 5501 993 5570 negationem
1033 5498 1151 5568 ejus
1198 5512 1319 5553 esse
1340 5512 1461 5566 quae
1501 5496 1633 5551 dicit
1662 5496 1916 5565 possibile
1942 5512 2084 5554 esse.
2127 5499 2235 5554 Sed

657 5590 704 5644 si
735 5589 858 5655 hoc,
885 5588 1073 5658 inquit,
1104 5587 1349 5653 dicimus,
1394 5588 1677 5644 alﬁrmatio
1705 5598 1761 5642 et
1786 5589 1998 5657 negatio
2027 5601 2242 5644 contra-

658 5684 898 5739 dictorire
945 5697 1128 5737 verum
1179 5683 1317 5735 inter
1363 5695 1422 5736 se
1462 5679 1767 5749 falsumque
1817 5697 1923 5736 non
1971 5680 2237 5736 dividunt.

659 5773 831 5828 Omne
851 5776 990 5828 enim
1023 5773 1161 5840 quod
1191 5781 1367 5840 potest
1388 5786 1529 5837 esse,
1562 5773 1702 5827 idem
1731 5775 1889 5827 etiam
1936 5782 2112 5842 potest
2134 5790 2238 5829 non

662 5874 801 5915 esse.
845 5863 995 5927 Quod
1019 5863 1162 5916 enim
1204 5871 1375 5927 potest
1403 5862 1589 5927 dividi,
1617 5863 1759 5916 idem
1790 5872 1971 5928 potest
2010 5878 2118 5919 non
2160 5865 2242 5923 di-

2336 4757 2456 4828 quis
2482 4757 2611 4814 dicit
2642 4773 2755 4814 eam
2784 4773 2903 4814 esse
2924 4759 3428 4823 contradictionem,
3460 4757 3589 4813 dicit
3608 4756 3915 4812 consentire

2337 4851 2438 4906 sibi
2463 4851 2961 4918 contradictionem,
2992 4851 3132 4921 quod
3158 4850 3486 4920 impossibile
3511 4860 3617 4905 est.
3639 4850 3744 4904 Aut
3770 4857 3916 4904 certe

2339 4958 2445 4998 non
2473 4944 2524 4997 in
2571 4943 2818 4999 omnibus
2859 4943 3303 4998 afﬁrmationibus
3329 4951 3385 4997 et
3413 4941 3786 5011 negationibus
3829 4955 3909 4995 se

2339 5036 2571 5090 cundum
2602 5052 2723 5092 esse
2763 5044 2819 5092 et
2844 5053 2949 5091 non
2977 5051 3097 5091 esse
3127 5050 3187 5091 ea
3219 5051 3340 5106 qua:
3388 5045 3762 5105 opponuntur,
3806 5034 3919 5087 ﬁeri

2342 5127 2729 5185 afﬁrmationes
2756 5140 2810 5184 et
2838 5130 3181 5201 negationes,
3229 5129 3280 5184 id
3314 5137 3397 5184 cst
3436 5144 3540 5183 non
3574 5130 3627 5183 in
3673 5128 3921 5183 omnibus

2341 5219 2787 5276 alﬁrmationibus
2808 5232 2863 5277 et
2894 5222 3270 5293 negationibus
3297 5220 3593 5276 secundum
3629 5220 3921 5291 appositio-

2342 5328 2463 5368 nem
2487 5328 2606 5368 esse
2630 5314 2714 5367 vel
2742 5329 2848 5369 non
2874 5329 3014 5381 esse,
3041 5315 3122 5370 vel
3144 5330 3329 5369 eorum
3349 5314 3632 5369 verborum
3654 5328 3776 5382 qua:
3804 5327 3922 5367 esse

2343 5407 2638 5470 continent,
2679 5409 2792 5463 ﬁeri
2838 5409 3337 5463 contradictionem.
3385 5407 3442 5462 Si
3499 5421 3665 5476 ergo,
3717 5405 3923 5475 inquit,

2348 5500 2478 5555 illud
2522 5499 2905 5570 impossibilius
2948 5509 3063 5568 est,
3096 5499 3199 5555 hoc
3236 5502 3343 5554 erit
3390 5499 3563 5570 magis
3601 5498 3925 5565 eligendum.

2350 5591 2466 5647 Duo
2495 5606 2657 5662 supra
2707 5601 2959 5661 posuerat
2986 5607 3106 5663 quae
3152 5607 3218 5647 ex
3267 5589 3587 5661 supradictis
3636 5588 3925 5644 rationibus

2349 5685 2647 5750 evenirent,
2683 5694 2737 5739 at
2767 5700 2929 5740 unum
2960 5694 3016 5740 et
3058 5684 3198 5739 idem
3230 5683 3409 5740 dicere
3452 5691 3507 5736 et
3548 5696 3747 5750 negare
3776 5680 3925 5733 simul

2351 5776 2421 5833 de
2449 5777 2664 5842 eodem,
2699 5777 2747 5830 id
2773 5787 2854 5832 est
2886 5786 2944 5831 ut
2969 5785 3023 5831 et
3050 5776 3217 5831 dictio
3247 5782 3303 5830 et
3331 5772 3543 5843 negatio
3568 5772 3706 5827 idem
3726 5779 3931 5827 essent.

2351 5869 2516 5924 simul
2540 5868 2607 5923 de
2634 5868 2825 5923 eodem
2852 5868 3158 5937 praedicata:
3187 5867 3396 5934 sibique
3423 5864 3819 5925 consenti'eut,
3852 5875 3929 5915 σιοιο
