4270 6266
372 404 473 461 593

1100 393 1166 450 IN
1204 388 1460 448 LIBRUM
1501 384 1589 443 DE
1627 380 2273 441 INTERPRETA’I’IONE
2311 377 2540 440 EDITIO
2574 384 2911 443 SECUNDA.

3537 385 3640 441 ὅθι

372 536 479 580 non
525 514 820 575 secundum
871 527 990 569 esse
1019 511 1105 566 vel
1148 525 1254 565 non
1295 522 1415 562 esse
1464 500 1943 560 contradictionem
1975 496 2026 557 Δ
2050 497 2363 569 impossibile
2383 515 2518 565 esse,
2548 517 2649 554 non
2682 518 2739 553 ea
2765 519 2880 572 quae
2909 511 2983 556 est
3012 503 3322 572 impossibde
3362 520 3464 560 non
3502 521 3635 574 esse,

376 613 513 669 ﬁeri.
565 609 671 666 Sed
702 607 953 662 videntur
982 612 1205 669 utraque
1249 599 1401 669 quasi
1449 591 1845 667 quodammodo
1881 593 1953 645 in-

376 702 749 761 convenientia
780 713 920 760 esse,
947 698 1143 765 quippe
1170 710 1289 748 cum
1314 691 1446 747 illud
1473 702 1635 744 unum
1664 688 1826 741 etiam
1857 686 1957 740 int-

381 794 638 863 possibile
685 791 774 853 sit,
827 800 882 843 ut
930 784 1213 841 afﬁrmatio
1249 782 1565 852 negatioqne
1590 778 1952 841 consentiant,

381 886 512 941 illud
542 885 768 939 alterum
801 896 904 935 non
935 878 1229 933 secundum
1276 890 1395 930 esse
1427 872 1510 928 vel
1544 886 1648 926 non
1699 885 1820 925 esse
1848 868 1960 922 ﬁeri

385 975 773 1046 oppositiones,
805 970 1200 1025 inconsentiens
1225 968 1296 1023 sit
1325 967 1442 1021 aliis
1475 963 1959 1036 propositionibus,

384 1067 660 1138 inquibus
703 1065 804 1118 hoc
850 1062 1009 1117 modo
1042 1062 1155 1116 ﬁeri
1208 1058 1685 1115 contradictionem
1737 1053 1966 1109 manife-

383 1170 521 1214 stum
555 1171 655 1212 ess.
688 1154 839 1211 Nunc
873 1169 1003 1224 ergo
1029 1154 1132 1209 hoc
1157 1152 1320 1219 dicit,
1354 1151 1605 1223 quoniam
1636 1157 1925 1215 utrumque
1947 1184 1963 1211 ,

383 1249 572 1319 inquit,
598 1248 982 1304 inconveniens
997 1255 1099 1310 est,
1116 1260 1278 1299 unutn
1310 1258 1376 1297 ex
1407 1243 1490 1296 his
1509 1241 1611 1295 erit
1636 1238 1965 1308 eligendum,

383 1342 435 1399 id
485 1353 569 1399 est
595 1342 739 1413 quod
786 1341 961 1395 minus
988 1348 1070 1393 est
1110 1335 1473 1405 impossibile,
1508 1335 1609 1387 hoc
1650 1329 1969 1387 sumendum

387 1444 487 1490 est.
520 1435 697 1489 Minus
725 1442 906 1486 autem
951 1440 1033 1483 est
1064 1427 1415 1499 impossibile,
1448 1436 1505 1478 nt
1531 1422 1824 1479 secundum
1851 1435 1972 1475 esse

392 1537 444 1583 et
468 1542 578 1579 non
609 1539 728 1579 esse
775 1538 879 1576 non
914 1521 1042 1575 ﬁant
1088 1521 1472 1589 oppositiones.
1507 1516 1618 1570 Hoc
1655 1515 1798 1568 enim
1843 1511 1972 1567 nihil

392 1615 661 1686 prohibet.
697 1613 825 1667 Illud
852 1621 1029 1666 autem
1057 1610 1437 1679 itnpossibilius
1467 1616 1568 1670 est,
1601 1615 1659 1659 ut
1689 1604 1976 1658 afﬁrmatio

390 1706 715 1776 negatioque
757 1703 856 1757 sibi
903 1701 1281 1763 consentiant,
1306 1700 1406 1753 hoc
1450 1697 1610 1766 igitur
1643 1696 1744 1750 erit
1782 1695 1977 1765 eligen-

395 1799 519 1854 dum
551 1797 745 1867 potius,
778 1794 829 1861 id
855 1802 938 1848 est
966 1794 1062 1847 itas
1088 1808 1208 1860 quae
1234 1807 1353 1845 cum
1385 1790 1546 1843 modo
1573 1798 1697 1843 sunt
1726 1787 1976 1855 pr0posi-

2059 590 2150 646 sed
2178 607 2277 645 nou
2302 592 2614 661 impossibile
2639 608 2765 657 esse,
2794 598 2907 665 ejus
2938 611 3056 649 vero
3084 614 3197 665 quae
3235 607 3305 652 est
3327 599 3643 667 impossibile

2060 700 2161 737 non
2192 701 2320 752 esse,
2345 700 2404 739 ea
2430 700 2544 753 qua!
2568 694 2641 738 est
2673 701 2776 739 non
2800 686 3110 755 impossibile
3130 691 3214 743 'est
3242 706 3344 744 non
3370 707 3495 746 esse.

2133 776 2509 845 Appositiones
2537 786 2691 831 vocat
2720 776 3150 846 praedicationes,
3176 778 3304 834 dicit
3328 797 3454 852 ergo
3484 783 3539 837 in
3561 782 3645 841 bis

2063 865 2513 936 propositionibus
2555 880 2675 937 qua!
2724 875 2918 935 praeter
2943 866 3172 936 aliquem
3213 872 3426 927 modum
3457 874 3647 930 dicun-

2066 971 2182 1025 tur,
2222 958 2580 1030 prtedicantur
2607 960 2820 1030 quidem
2864 976 3075 1030 semper
3105 978 3223 1016 esse
3262 974 3315 1018 et
3360 982 3463 1021 non
3492 982 3644 1035 esse,

2070 1054 2149 1107 vel
2191 1068 2254 1107 ea
2283 1053 2443 1109 verba
2476 1069 2594 1123 qua:
2624 1067 2743 1108 esse
2790 1053 3084 1119 continent,
3118 1054 3476 1124 subjiciuntur
3522 1075 3650 1117 vero

2069 1160 2157 1200 res
2186 1145 2254 1200 de
2281 1145 2472 1215 quibus
2500 1146 2586 1199 illa
2616 1145 3002 1215 praedicantur,
3044 1154 3100 1200 ut
3122 1145 3333 1213 album,
3372 1162 3491 1202 cum
3520 1148 3653 1202 dici-

2072 1253 2190 1294 mus
2210 1239 2389 1293 albnm
2420 1250 2523 1303 est,
2554 1240 2633 1294 vel
2664 1241 2823 1294 homo
2848 1255 2969 1295 cum
2995 1239 3221 1295 dicimus
3247 1240 3407 1295 homo
3432 1251 3531 1295 est.
3563 1245 3654 1298 At-

2071 1348 2176 1404 que
2218 1332 2337 1388 ideo
2365 1332 2616 1402 quoniam
2650 1333 2704 1387 in
2735 1332 2817 1388 bis
2867 1333 3175 1402 praedicatio
3226 1343 3388 1389 totatn
3418 1336 3657 1391 continet

2075 1425 2513 1495 propositionem,
2548 1425 2824 1480 veritatem
2846 1434 2897 1479 et
2921 1425 3201 1479 falsitatem
3235 1426 3540 1492 praedicatio
3566 1426 3656 1481 illa

2077 1515 2417 1571 determinat.
2449 1515 2778 1570 Pratdicatur
2804 1526 2980 1570 autem
3023 1530 3144 1571 esse
3173 1515 3256 1569 vel
3288 1516 3484 1587 aliquid
3515 1518 3656 1588 quod

2078 1621 2198 1661 esse
2244 1606 2499 1661 continet.
2526 1606 2654 1660 lure
2703 1606 2998 1662 secundum
3030 1621 3151 1661 esse
3177 1616 3231 1661 et
3253 1622 3357 1661 non
3385 1622 3503 1662 esse
3523 1623 3657 1663 eon-

2080 1698 2739 1768 tradictionesponuntur.
2773 1700 2832 1754 In
2859 1698 2943 1753 his
2970 1708 3169 1757 autem,
3195 1698 3246 1753 id
3279 1708 3362 1754 est
3390 1699 3440 1752 in
3469 1699 3660 1769 quibus

2084 1790 2273 1843 modus
2296 1791 2486 1860 aliquis
2509 1790 2825 1859 praedicatur
2848 1806 2967 1845 esse
2995 1790 3207 1861 quidem
3231 1790 3530 1861 subjectum
3558 1802 3662 1859 est,

394 1894 566 1948 tiones
597 1905 703 1945 non
733 1902 826 1943 eas
855 1885 1053 1941 habere
1080 1885 1473 1953 oppositiones,
1514 1897 1637 1951 qua:
1682 1881 1979 1935 secundum
2006 1873 2055 1934 Β
2084 1882 2165 1935 vel
2188 1895 2248 1935 ea
2281 1879 2443 1935 verba
2477 1895 2594 1949 quas
2615 1895 2735 1935 esse
2763 1881 3056 1936 continent.
3088 1882 3275 1937 Modus
3311 1891 3487 1937 autem
3518 1882 3663 1941 solus

398 1999 514 2040 esse
542 1983 628 2037 vel
678 1996 782 2035 non
820 1994 941 2036 esse
966 1980 1128 2046 ﬁunt,
1157 1977 1253 2032 sed
1297 1978 1472 2046 potius
1510 1991 1601 2030 eas
1626 1988 1749 2045 qua:
1776 1972 1839 2026 ad
1868 1986 1981 2025 mo-

401 2074 525 2129 dum
572 2079 857 2139 ponuntur.
910 2070 1024 2123 Non
1074 2078 1251 2123 autem
1304 2068 1445 2122 dixit
1489 2067 1561 2121 ita
1603 2064 1983 2133 impossibilius

402 2176 504 2232 est,
534 2174 782 2234 tanquam
813 2162 857 2217 si
888 2163 1114 2217 alterum
1160 2160 1489 2230 impossibile
1533 2160 1621 2214 sit.
1655 2158 1761 2213 Sed
1787 2158 1852 2211 ad
1882 2156 1985 2210 hoc

403 2256 581 2326 potius
611 2254 792 2309 retulit
833 2252 975 2321 quod
1004 2261 1226 2320 utraque
1253 2253 1402 2321 quasi
1434 2250 1865 2305 inconvenientia
1906 2247 1987 2303 vi-

403 2346 615 2411 dentur,
662 2358 886 2415 quorum
942 2358 1106 2396 unum
1142 2342 1300 2396 etiam
1346 2340 1679 2411 impossibile
1727 2354 1849 2396 esse
1879 2354 1986 2394 non

405 2436 749 2499 dubiumest,
784 2434 909 2489 hinc
936 2447 1150 2503 quoque
1192 2432 1455 2502 disposuit
1501 2431 1747 2486 ordinem
1795 2446 1990 2486 secun-

409 2527 532 2583 dum
562 2526 776 2581 modum
799 2527 1027 2594 aliquem
1049 2525 1509 2595 pronuntiatarum
1534 2524 1985 2595 propositionum,

411 2634 527 2689 qua:
558 2633 664 2672 non
711 2616 1002 2673 secundum
1051 2631 1175 2671 esse
1219 2617 1530 2686 negationes
1574 2626 1819 2686 ponunt,
1867 2615 1993 2671 dicit

411 2712 554 2767 enim
582 2726 594 2763 :
630 2709 723 2763 Est
751 2723 883 2778 ergo
916 2708 1126 2777 negatio
1155 2709 1274 2777 ejus
1298 2724 1416 2778 qua:
1452 2718 1533 2761 est
1566 2707 1820 2775 possibile
1849 2721 1993 2773 esse,

414 2816 479 2859 ea
507 2811 627 2870 qua:
658 2810 759 2868 est,
800 2816 906 2855 non
939 2800 1192 2869 possibile
1221 2815 1340 2855 esse
1362 2842 1375 2863 ,
1419 2800 1759 2867 negationem
1790 2797 1997 2852 scilicet

414 2894 618 2950 addens
642 2909 747 2948 non
796 2894 860 2947 ad
912 2906 1031 2947 esse
1060 2893 1319 2958 verbum,
1352 2892 1446 2946 sed
1488 2891 1554 2945 ad
1595 2890 1812 2946 modum
1853 2890 1995 2959 quod

414 2998 497 3044 est
544 2985 820 3056 possibile,
871 2984 1113 3039 eamdem
1162 2999 1373 3054 quoque
1412 2983 1677 3039 rationem
1706 2982 1835 3037 dicit
1878 2995 1999 3035 esse

418 3090 474 3135 et
503 3081 554 3134 in
585 3078 1038 3149 contingentibus.
1079 3077 1210 3146 Ejus
1235 3078 1376 3132 enim
1418 3092 1538 3145 quze
1568 3083 1651 3131 est
1688 3075 2001 3146 contingere

421 3183 575 3234 esse,
606 3169 816 3238 negatio
840 3178 923 3223 est
953 3184 1057 3222 non
1109 3169 1420 3237 contingere
1450 3182 1592 3221 esse.
1642 3167 1808 3221 Docet
1837 3168 2000 3220 etiam

2087 1971 2484 2044 quodammodo
2515 1971 2856 2039 prtedicatur,
2895 1988 3017 2027 nam
3044 1973 3185 2042 quod
3216 1972 3411 2029 dicitttr
3440 1988 3559 2029 esse
3577 1988 3665 2029 so-

2089 2068 2198 2119 lum
2228 2065 2344 2119 sine
2371 2064 2532 2119 mede
2558 2065 2738 2134 aliquo
2782 2066 2948 2136 ipsius
2988 2067 3065 2122 rei
3110 2066 3405 2123 substantia
3435 2083 3666 2139 pronun-

2090 2157 2271 2222 tiatur,
2302 2166 2357 2211 et
2381 2157 2637 2226 quaeritur
2666 2158 2717 2210 in
2743 2171 2809 2211 eo
2830 2157 3224 2226 quodammodo
3255 2173 3319 2214 an
3349 2158 3438 2226 sit,
3471 2160 3669 2217 idcirco

2090 2264 2211 2305 esse
2232 2258 2462 2318 ponente
2490 2250 2845 2305 affirmatione
2885 2250 3044 2318 dicit,
3070 2252 3279 2320 negatio
3308 2267 3412 2307 non
3440 2266 3580 2309 esse.
3610 2253 3671 2311 in

2090 2342 2177 2397 Itis
2205 2351 2385 2395 autem
2420 2343 2469 2395 in
2517 2340 2710 2410 quibus
2752 2342 2940 2398 modus
2980 2342 3170 2413 aliquis
3198 2352 3309 2409 est,
3343 2358 3448 2400 non
3478 2345 3672 2401 dicitur

2093 2433 2292 2504 aliquid
2314 2446 2455 2499 esse,
2482 2432 2575 2488 sed
2603 2446 2726 2487 cum
2762 2433 3017 2503 qualitate
3040 2434 3267 2504 quadam
3296 2450 3436 2503 esse,
3470 2445 3527 2491 ut
3554 2450 3673 2495 esse

2093 2525 2309 2595 quidem
2342 2539 2441 2579 nec
2461 2523 2748 2579 afﬁrmatio
2769 2524 3023 2595 ambigat,
3055 2541 3155 2581 nec
3180 2527 3411 2597 negatio.
3443 2527 3518 2582 De
3546 2542 3674 2597 qua-

2096 2619 2245 2673 litate
2274 2626 2476 2684 autem,
2516 2617 2568 2672 id
2601 2626 2684 2674 est
2713 2619 2980 2688 quomodo
3008 2620 3097 2684 sit,
3143 2630 3266 2674 tunc
3306 2619 3447 2675 inter
3472 2620 3676 2692 aliquos

2097 2708 2402 2775 dubitatur,
2433 2718 2593 2779 atque
2621 2708 2743 2764 ideo
2790 2719 3021 2779 ponente
3072 2710 3250 2779 aliquo
3303 2710 3553 2780 queuiam
3581 2710 3678 2767 So-

2098 2810 2273 2856 crates
2302 2801 2440 2857 bene
2470 2802 2701 2871 loquitur
2721 2843 2735 2865 ,
2769 2815 2873 2855 non
2906 2801 3119 2869 ponitur
3150 2803 3361 2870 negatio
3384 2843 3397 2865 ,
3426 2802 3679 2870 quoniam

2102 2893 2235 2947 liene
2272 2908 2376 2946 nou
2409 2891 2671 2962 loquitur,
2711 2891 2805 2946 sed
2831 2892 3081 2961 quoniam
3109 2906 3215 2945 non
3251 2892 3383 2945 bene
3418 2892 3678 2963 loquitur.
3710 2897 3725 2909 ‘

2100 2983 2306 3040 Idcirco
2333 2985 2583 3051 quoniam
2629 2986 2723 3052 (ut
2749 2981 2949 3037 dictum
2978 2983 3094 3051 est)
3127 2996 3230 3037 non
3258 2983 3322 3036 ad
3354 2997 3474 3038 esse
3502 2983 3583 3038 vel
3614 2984 3682 3045 ad

2102 3088 2164 3129 ea
2192 3073 2353 3127 verba
2377 3088 2496 3143 qua:
2523 3087 2641 3127 esse
2670 3073 2969 3138 continent,
2994 3081 3047 3127 et
3074 3074 3489 3142 propositionem
3514 3082 3680 3131 totam

2108 3165 2460 3230 constituunt,
2488 3164 2579 3219 sed
2611 3165 2786 3234 p0tius
2825 3164 3110 3219 admodum
3151 3165 3439 3220 intenditur
3475 3164 3684 3221 animus

425 3260 495 3315 de
541 3259 845 3314 necessario
892 3268 944 3313 et
973 3258 1290 3327 impossibili
1338 3257 1477 3312 idem
1508 3258 1609 3313 sibi
1640 3256 1829 3312 videri.
1874 3256 2004 3322 Quae
2031 3241 2080 3306 ε
2109 3256 2394 3323 audientis,
2416 3271 2535 3311 cum
2565 3255 2849 3311 afﬁrmatio
2891 3256 3085 3326 aliquid
3128 3271 3248 3311 esse
3277 3255 3602 3325 pronuntiat.
3625 3255 3683 3313 Si

424 3348 600 3407 autem
644 3362 829 3405 natura
856 3350 925 3405 sit
973 3351 1132 3419 hujus
1166 3350 1536 3420 appositionis,
1586 3350 1709 3405 licet
1746 3350 1997 3418 breviter,

428 3444 773 3499 veracissime
818 3451 993 3498 tamen
1042 3458 1297 3511 expressa
1326 3452 1436 3508 cst,
1467 3442 1535 3497 de
1576 3456 1679 3511 qua
1710 3455 1809 3495 nos
1846 3455 2004 3510 supe-

430 3535 537 3589 rius
565 3534 762 3590 diutius
792 3536 951 3589 locuti
982 3549 1205 3600 sumus;
1234 3534 1375 3604 quod
1405 3535 1449 3587 si
1479 3533 1601 3603 quis
1635 3533 2005 3603 perspicacius

430 3627 651 3682 intendit
678 3628 819 3682 illius
850 3627 1256 3697 intelligentiam
1288 3626 1413 3689 loci,
1438 3640 1561 3679 cum
1608 3624 1707 3678 hac
1737 3624 2001 3695 gradatim

432 3719 799 3788 proﬁciscente
828 3719 1170 3785 expositione
1199 3719 1578 3773 communicet.

504 3809 660 3863 Fiunt
702 3811 835 3864 enim
877 3812 1301 3879 quemadmodum
1327 3811 1381 3863 in
1406 3810 1511 3864 illis
1554 3826 1660 3865 esse
1694 3820 1743 3865 et
1774 3826 1875 3865 non
1905 3826 2012 3865 esse

433 3901 807 3968 oppositiones,
850 3900 1073 3970 subjecta
1117 3917 1232 3954 vero
1275 3916 1381 3965 res,
1434 3902 1527 3954 hoc
1550 3902 1758 3971 quidem
1806 3902 2008 3965 album,

438 3989 570 4043 illud
592 4006 708 4043 vero
733 3992 899 4043 homo.
930 3991 1019 4044 Sic
1048 3991 1143 4043 hoc
1182 3991 1311 4056 loco,
1342 4009 1449 4047 esse
1471 3993 1672 4062 quidem
1701 4001 1748 4046 et
1779 4010 1881 4045 non
1910 4008 2015 4046 esse

438 4080 720 4147 subjectum
755 4080 844 4148 ﬁt,
872 4083 1160 4152 contingere
1196 4098 1311 4136 vero
1356 4092 1400 4136 et
1431 4100 1575 4141 posse
1594 4125 1609 4147 ,
1639 4085 2014 4154 oppositiones,

438 4171 826 4226 determinantes
854 4174 1277 4241 quemadmodum
1305 4174 1359 4226 in
1403 4175 1506 4228 illis
1535 4191 1641 4228 esse
1663 4185 1714 4229 et
1744 4191 1846 4227 non
1876 4190 1982 4227 esse
2000 4214 2016 4240 ,

439 4263 695 4317 veritatem
724 4272 770 4316 et
796 4262 1088 4330 falsitatem,
1115 4264 1188 4316 sic
1218 4265 1298 4316 hic
1343 4264 1393 4317 in
1417 4280 1476 4318 eo
1506 4267 1643 4335 quod
1669 4276 1743 4320 est
1767 4282 1876 4320 esse
1903 4283 2020 4336 pos-

440 4357 604 4422 sibile,
630 4368 677 4410 et
716 4373 822 4411 esse
851 4374 951 4411 non
984 4358 1237 4425 possibile.
1286 4358 1416 4428 Ejus
1439 4375 1554 4412 vero
1598 4376 1709 4428 qute
1734 4371 1837 4426 est,
1860 4361 2022 4430 possi-

445 4447 544 4500 bile
570 4457 642 4501 est
671 4464 771 4502 non
805 4465 933 4514 esse,
967 4451 1165 4521 negatio
1198 4459 1268 4505 est
1300 4466 1401 4503 non
1430 4466 1491 4504 ea
1520 4466 1631 4519 qua
1652 4459 1743 4515 est,
1775 4466 1876 4503 non
1902 4466 2015 4518 pos-

446 4538 591 4592 sibile
630 4555 764 4606 esse,
793 4542 883 4594 sed
930 4556 987 4594 ea
1015 4557 1126 4611 qua:
1154 4552 1248 4607 est,
1282 4558 1386 4595 non
1413 4541 1651 4609 possibile
1677 4557 1781 4593 non
1804 4556 1929 4594 esse.
1956 4538 2023 4592 Et

2107 3353 2267 3423 igitur
2298 3352 2397 3407 hoc
2413 3352 2651 3406 continet
2671 3352 2835 3405 totius
2856 3351 3238 3421 propositionis
3266 3351 3392 3417 vim,
3424 3353 3567 3422 quod
3592 3367 3685 3409 au.

2110 3454 2212 3499 tein
2247 3444 2623 3514 propositionis
2647 3444 2751 3497 vim
2782 3441 3020 3497 continet
3044 3444 3386 3512 praedicatur,
3416 3453 3469 3499 et
3494 3459 3688 3501 secun-

2107 3537 2232 3592 dum
2265 3537 2316 3592 id
2343 3537 2485 3607 quod
2529 3536 2852 3606 praedicatur
2879 3551 3092 3603 semper
3138 3536 3503 3607 oppositiones
3531 3536 3687 3605 ﬁunt,

2108 3637 2256 3684 recte
2284 3628 2414 3682 solis
2435 3626 2607 3681 modis
2635 3628 2714 3681 vis
2736 3626 3034 3697 negationis
3061 3628 3366 3695 apponitur.
3393 3626 3485 3683 llis
3509 3636 3688 3684 autem

2110 3718 2497 3776 rationabiliter
2522 3719 2823 3773 constitutis
2854 3718 2984 3772 illud
3010 3732 3197 3771 rursus
3218 3718 3529 3787 exsequitur
3546 3716 3690 3788 quod

2112 3828 2219 3869 non
2240 3813 2399 3869 modo
2415 3811 2764 3867 contradictio
2791 3825 2894 3863 non
2912 3818 2995 3864 est
3010 3824 3167 3879 posse
3183 3825 3304 3865 esse
3323 3818 3377 3863 et
3405 3825 3562 3880 posse
3582 3826 3691 3868 nott

2113 3919 2252 3970 esse,
2280 3918 2464 3959 verum
2482 3902 2643 3956 etiam
2667 3898 2968 3969 huiusmodi
2994 3898 3403 3966 propositiones,
3429 3915 3546 3967 qua:
3568 3914 3691 3955 cum

2117 3997 2276 4051 modo
2297 4003 2422 4049 sunt
2448 3993 2657 4062 positae,
2682 3988 3017 4057 negationem
3050 3998 3227 4040 tamen
3248 3987 3445 4043 habent
3473 3988 3540 4042 ad
3570 4004 3693 4045 esse

2114 4089 2375 4155 junctam,
2403 4082 2622 4137 omnino
2637 4079 2944 4153 negationes
2973 4091 3078 4132 non
3105 4087 3249 4143 sunt,
3274 4076 3366 4132 sed
3380 4077 3693 4134 afﬁrmatio-

2118 4192 2237 4241 nes,
2272 4184 2496 4244 possunt
2527 4173 2668 4227 enim
2716 4185 2899 4227 earum
2943 4171 3252 4241 negationes
3292 4170 3410 4224 alia:
3450 4171 3692 4239 reperiri.

2121 4269 2210 4324 Ait
2229 4268 2371 4323 enim
2397 4284 2411 4320 :
2444 4265 2574 4335 Ejus
2595 4281 2720 4321 vero
2739 4280 2858 4335 quae
2882 4275 2964 4320 est
2984 4264 3238 4335 possibile
3261 4278 3366 4319 non
3393 4276 3513 4317 esse
3535 4276 3694 4331 nega~

2123 4364 2198 4417 tio
2228 4369 2330 4429 est,
2376 4375 2480 4416 non
2516 4360 2769 4430 possibile
2799 4374 2903 4413 non
2949 4372 3102 4424 esse,
3134 4358 3187 4412 in
3219 4363 3452 4420 tantum,
3479 4353 3652 4423 inquit
3675 4394 3693 4421 ,

2124 4470 2229 4511 non
2252 4463 2334 4509 est
2362 4454 2468 4508 ulla
2501 4452 2852 4508 contradictio
2874 4452 2992 4521 ejus
3024 4466 3145 4521 quae
3182 4460 3265 4506 est
3293 4462 3451 4519 posse
3485 4462 3605 4504 esse
3646 4456 3702 4506 et

2125 4548 2243 4618 ejus
2271 4562 2391 4617 quae
2418 4554 2501 4601 est
2524 4561 2683 4615 posse
2716 4561 2820 4599 non
2849 4560 2968 4599 esse
2988 4584 3002 4609 ,
3044 4553 3103 4597 ut
3139 4557 3203 4599 ea
3242 4556 3362 4610 quae
3386 4541 3517 4598 dicit
3543 4555 3702 4613 posse

445 4630 557 4699 ejus
578 4617 690 4697 qua:
712 4638 784 4682 est
805 4630 1043 4700 possibile
1061 4640 1133 4684 est
1153 4646 1279 4698 esse,
1312 4648 1414 4684 non
1434 4648 1493 4685 ea
1527 4646 1642 4699 qua:
1662 4640 1754 4697 est,
1789 4630 2028 4700 possibile
2048 4616 2104 4677 Ῐ)
2130 4616 2237 4696 πίση
2267 4616 2418 4703 esse,
2449 4653 2558 4693 non
2600 4652 2720 4692 esse
2762 4636 2974 4706 negatio
2997 4678 3011 4703 ,
3057 4634 3152 4689 sed
3200 4635 3377 4704 potius
3419 4634 3705 4690 afﬁrmatio

449 4732 520 4772 est
548 4735 649 4772 non
667 4735 794 4789 esse,
818 4722 906 4774 sed
925 4738 982 4774 ea
1001 4739 1114 4790 qua:
1133 4732 1205 4775 est
1231 4738 1331 4777 non
1351 4723 1591 4794 possibile
1613 4733 1683 4776 est
1700 4739 1825 4776 esse.
1856 4724 2029 4788 Quare

450 4820 495 4863 et
522 4813 663 4879 sequi
690 4828 797 4865 sese
823 4813 1035 4866 invicem
1073 4814 1378 4868 videbuntur
1410 4818 1509 4880 lue,
1542 4814 1782 4884 possibile
1807 4824 2026 4880 estesse,

451 4903 685 4972 possibile
707 4913 780 4957 est
807 4921 910 4957 non
952 4921 1080 4959 esse.
1115 4904 1261 4960 Idem
1297 4908 1434 4962 enim
1464 4907 1701 4976 possibile
1726 4915 1800 4961 est
1830 4922 1956 4971 esse,
1986 4916 2032 4961 et

452 5008 552 5046 non
577 5008 701 5063 esse.
746 4992 867 5048 Non
912 4998 1047 5050 enim
1090 4998 1515 5052 contradictiones
1544 5009 1663 5053 sunt
1691 4999 1787 5051 sibi
1825 5000 2035 5053 invicem

455 5086 777 5158 hujusmodi,
807 5090 1044 5157 possibile
1088 5107 1226 5156 esse,
1273 5101 1319 5146 et
1351 5092 1587 5161 possibile
1630 5110 1734 5146 non
1776 5108 1913 5158 esse,
1945 5093 2033 5146 sed

459 5181 692 5247 possibile
717 5192 792 5236 est
821 5199 949 5250 esse,
995 5193 1044 5238 et
1092 5201 1194 5239 non
1234 5186 1474 5253 possibile
1506 5196 1737 5250 estesse,
1773 5202 2038 5255 nunquam

457 5272 607 5325 simul
636 5274 689 5325 in
727 5276 904 5327 eodem
934 5290 1061 5328 certe
1103 5284 1239 5328 sunt.
1273 5275 1617 5345 Opponttntur
1644 5277 1797 5329 enim.
1829 5277 1893 5328 At
1920 5291 2039 5329 vero

458 5379 555 5416 nec
585 5365 823 5432 possibile
851 5376 923 5419 est
952 5382 1053 5420 non
1081 5384 1209 5435 esse,
1234 5376 1280 5424 et
1301 5383 1403 5420 non
1433 5367 1673 5436 possibile
1695 5374 1766 5419 est
1789 5382 1890 5419 non
1912 5383 2037 5430 esse,

458 5469 717 5519 nunquam
746 5456 901 5508 simul
922 5472 1050 5510 verat
1071 5466 1207 5511 sunt.
1245 5456 1498 5513 Similiter
1525 5466 1692 5509 autem
1722 5466 1769 5508 et
1796 5458 1907 5523 ejus
1933 5472 2044 5523 qua:

458 5555 533 5599 est
562 5546 903 5617 necessarium
935 5563 1071 5614 esse,
1121 5550 1322 5618 negatio
1350 5565 1451 5601 non
1481 5558 1551 5601 est
1580 5564 1639 5601 ea
1667 5564 1779 5617 qua:
1813 5559 1883 5601 est
1903 5592 1916 5610 ,
1951 5565 2044 5601 ne-

462 5648 740 5702 cessarium
782 5664 883 5700 non
925 5664 1031 5703 esse
1053 5691 1067 5712 ,
1090 5651 1178 5703 sed
1202 5666 1261 5704 ea
1290 5667 1403 5720 qua:
1434 5662 1539 5715 est,
1579 5669 1679 5706 non
1710 5652 2044 5707 necessarium

463 5759 592 5799 esse.
629 5741 759 5813 Ejus
787 5757 902 5795 vero
929 5758 1043 5813 quae
1086 5753 1159 5797 est
1191 5744 1524 5798 necessarium
1567 5754 1640 5800 est
1681 5762 1781 5799 non
1826 5762 1960 5813 esse,
1988 5763 2050 5800 ea

466 5851 579 5904 quis
617 5843 715 5903 est,
756 5850 862 5890 non
900 5837 1244 5891 necessarium
1272 5852 1374 5891 non
1399 5854 1526 5892 esse.
1580 5836 1647 5893 Et
1676 5841 1788 5912 ejus
1820 5853 1933 5907 qua
1976 5850 2051 5893 est

2132 4732 2501 4789 convincatur.
2530 4729 2831 4783 Afﬁrmatio
2870 4737 3046 4782 autem
3068 4727 3411 4784 afﬁrmationi
3437 4742 3707 4799 nunquam

2134 4824 2422 4896 opponitur
2444 4821 2893 4877 contradictoriae.
2928 4820 3160 4875 Docetur
3190 4828 3366 4875 autem
3403 4834 3525 4876 esse
3563 4818 3709 4874 θωτ-

2139 4918 2306 4974 matio
2328 4931 2390 4971 ea
2417 4929 2539 4985 quae
2577 4912 2740 4979 dicit,
2775 4925 2933 4983 posse
2963 4926 3069 4966 non
3097 4926 3216 4968 esse
3238 4911 3380 4982 quod
3421 4910 3539 4983 ejus
3565 4923 3710 4980 qua:-

2141 5010 2262 5065 dam
2278 5009 2381 5063 alia
2408 5007 2619 5077 negatio
2656 5006 2938 5075 reperitur,
2963 5021 3024 5061 ea
3055 5004 3259 5061 scilicet
3276 5017 3396 5074 quae
3418 5000 3580 5066 dicit,
3604 5012 3712 5055 non

2145 5119 2304 5175 posse
2329 5119 2435 5159 non
2476 5116 2620 5169 esse,
2654 5101 2916 5171 simulque
2954 5099 3084 5154 illud
3110 5100 3377 5169 adiungit:
3406 5095 3538 5152 Cum
3563 5092 3672 5147 sint
3693 5132 3711 5157 ,

2146 5195 2334 5265 inquit,
2369 5193 2527 5263 hujus
2566 5193 2949 5261 pr0positionis
2994 5204 3117 5260 qua:
3137 5190 3286 5255 dicit,
3317 5185 3519 5257 aliquid
3557 5197 3718 5255 posse

2144 5298 2284 5349 esse,
2308 5284 2428 5339 duae
2446 5298 2566 5354 quas
2593 5282 2872 5337 videantur
2886 5293 3007 5336 esse
3027 5280 3335 5348 negationes
3358 5321 3373 5344 ,
3412 5290 3475 5332 ea
3514 5274 3720 5331 scilicet

2146 5391 2265 5447 qua:
2305 5375 2432 5431 dicit
2458 5389 2616 5447 posse
2655 5389 2761 5428 non
2805 5387 2958 5435 esse,
2982 5381 3039 5425 et
3071 5384 3134 5424 ea
3173 5382 3292 5437 quas
3319 5366 3569 5438 proponit
3612 5378 3720 5419 non

2151 5483 2312 5539 posse
2338 5482 2490 5532 esse,
2533 5466 2657 5521 hinc
2684 5464 2991 5534 agnoscitur
3015 5475 3135 5530 qua:
3171 5459 3361 5513 barum
3400 5457 3471 5513 sit
3505 5463 3721 5512 contra-

2150 5560 2370 5618 dictoria
2394 5568 2577 5615 contra
2602 5571 2721 5611 eam
2741 5570 2859 5624 qua:
2896 5552 3027 5609 dicit
3063 5564 3220 5622 posse
3239 5563 3381 5615 esse,
3413 5546 3721 5603 afﬁrmatio-

2151 5667 2296 5709 nem.
2331 5653 2460 5717 Quae
2504 5650 2647 5705 enim
2672 5662 2859 5703 verum
2902 5644 3202 5714 falsumque
3239 5655 3361 5697 cum
3388 5654 3453 5696 ea
3501 5624 3723 5705 dividit,

2154 5747 2265 5815 ipsa
2292 5743 2469 5812 potius
2494 5749 2669 5810 petest
2689 5739 2901 5808 negatio
2920 5750 3042 5793 esse
3059 5749 3219 5806 quam
3249 5746 3311 5790 ea
3332 5746 3452 5802 qua:
3482 5730 3558 5786 illi
3589 5742 3716 5784 con-

2152 5836 2334 5892 sentit.
2369 5833 2433 5891 Ei
2453 5847 2585 5889 vero
2603 5845 2725 5903 quae
2747 5840 2853 5899 est,
2875 5845 3034 5902 posse
3061 5842 3202 5896 esse,
3228 5827 3494 5884 consentit
3513 5840 3579 5882 ea
3604 5834 3725 5893 quc
