4296 6266
605 420 714 484 595

1855 396 1966 460 an.
2007 390 2217 453 usus.
2256 367 2679 448 sevieoa'ru

613 536 772 592 dicit.
807 541 962 599 posse
989 538 1092 579 non
1119 534 1260 588 esse,
1283 526 1344 575 ιιι
1382 529 1542 588 supra
1567 510 1680 587 jam
1711 494 1900 576 docui;
1925 523 1986 563 ea
2018 515 2194 561 autem
2223 506 2279 568 Α
2302 510 2444 555 esse.
2472 495 2592 551 Non
2633 488 2778 546 enim
2809 484 3096 544 admodum
3127 481 3289 538 habet
3327 475 3624 549 negativam
3651 470 3880 544 particu-

2304 591 2319 599 -
2439 589 2452 599 -
2567 595 2576 599 -
2814 583 2830 599 ε
3030 596 3048 599 -
3087 594 3134 599 --
3179 591 3286 599 ---..
3320 575 3439 599 λω.
3500 586 3604 599 ω...
3637 567 3879 599 smnus-

615 642 732 697 qua:
760 624 920 683 dicit,
952 635 1055 671 non
1086 629 1240 685 posse
1265 627 1406 674 esse,
1441 611 1487 665 si
1521 607 1648 662 falsa
1688 615 1792 668 est,
1824 616 1951 657 vera
1975 609 2058 655 est
2077 611 2198 668 qua:

616 720 744 774 dicit
790 728 946 784 posse
993 726 1132 767 esse.
1165 707 1269 765 Sed
1299 709 1342 760 si
1376 706 1491 758 haec
1541 714 1726 756 rursus
1757 697 1890 752 falsa
1918 703 2040 760 est,
2072 706 2199 745 veta

619 820 702 866 est
749 809 836 862 illa
879 822 998 876 qum.
1041 803 1407 860 enuntiatnon
1442 809 1599 868 posse
1629 806 1771 848 esse.
1798 788 2046 844 Dividunt
2072 797 2200 854 ergo

618 905 699 957 lim
721 901 1001 956 veritatem
1027 897 1441 962 falsitatetnque,
1461 891 1600 962 quod
1616 891 1666 943 in
1695 886 1919 956 singulis
1937 879 2202 950 exemplis

619 994 775 1048 facile
819 993 1011 1060 poterit
1040 987 1286 1042 inveniri.
1312 989 1421 1054 Age
1451 984 1594 1037 enim
1617 981 1758 1036 dicat
1790 980 1908 1050 quis
1936 991 2020 1030 me
2046 985 2202 1044 posse

619 1086 801 1140 ambul
822 1101 926 1150 ire,
956 1083 1042 1138 ille
1070 1095 1253 1136 verum
1276 1075 1708 1132 dixerit.Sivero
1735 1073 1854 1144 quis
1877 1071 2041 1136 dicat,
2095 1079 2202 1120 non

620 1197 779 1252 posse
795 1178 1183 1237 meambulare,
1212 1172 1463 1227 mentitus
1484 1179 1584 1222 est.
1609 1168 1812 1222 Rursus
1845 1165 1889 1220 si
1910 1164 2031 1234 quis
2063 1160 2204 1214 dicat

629 1290 790 1346 posse
809 1273 975 1327 solem
1003 1270 1318 1332 consistere,
1348 1265 1628 1319 mentitur.
1663 1260 1718 1316 Si
1748 1259 1868 1328 quis
1911 1269 2043 1310 vero
2066 1254 2207 1305 dicat

623 1385 730 1423 non
759 1382 911 1437 posse
942 1365 1106 1419 solem
1137 1362 1453 1424 consistere,
1479 1357 1545 1414 de
1577 1356 1748 1426 ipsius
1778 1353 1956 1408 nullus
1988 1345 2209 1415 ambigit

625 1460 869 1514 veritate.
908 1456 1160 1510 Dividunt
1204 1467 1332 1522 ergo
1373 1450 1652 1504 veritatem
1683 1445 2080 1511 falsitatemqne
2121 1437 2207 1490 hae

626 1551 828 1606 scilicet
855 1562 973 1618 qum
1003 1546 1224 1611 dicunt,
1265 1556 1424 1612 posse
1471 1554 1593 1595 esse
1620 1545 1674 1592 et
1711 1551 1821 1590 non
1862 1545 2021 1602 posse
2048 1543 2168 1584 esse
2190 1569 2207 1593 ,

626 1641 731 1695 illa:
772 1653 902 1692 vero
931 1651 1052 1691 sese
1079 1645 1374 1704 sequuntur
1414 1647 1533 1701 quae
1573 1628 1756 1681 dicunt
1789 1637 1948 1693 posse
1993 1633 2112 1676 esse
2157 1625 2213 1671 et

627 1747 787 1804 posse
818 1745 920 1784 non
953 1743 1093 1784 esse.
1123 1729 1251 1796 Quae
1286 1738 1414 1795 ergo
1435 1720 1537 1776 sibi
1575 1718 1959 1780 consentiunt,
1999 1718 2213 1766 contra-

627 1823 888 1879 dictiones
927 1835 1029 1874 non
1053 1826 1197 1881 sunt,
1226 1827 1345 1886 quas
1375 1823 1552 1867 autem
1586 1811 1868 1866 veritatem
1895 1805 2213 1859 falsitatem-

627 1929 732 1986 que
754 1911 1017 1976 dividunt,
1045 1911 1188 1977 ipsas
1210 1921 1330 1962 esse
1353 1901 1808 1959 contradictiones
1830 1895 1998 1966 magis
2022 1902 2214 1964 putan-

630 1983 756 2059 dum
785 2008 868 2057 est
893 1999 1032 2071 quod
1076 1999 1175 2052 hoc
1210 1999 1313 2051 ait:
1345 1994 1522 2066 Quare
1556 2000 1611 2045 et
1644 2005 1767 2045 sese
1810 1988 1960 2057 sequi
1983 1983 2218 2039 invicem

628 2097 969 2151 videbuntur.
1003 2097 1132 2156 Quae
1155 2099 1331 2144 autem
1356 2086 1751 2157 prepositiones
1779 2087 2074 2149 sequantur
2096 2089 2219 2131 sese

630 2191 778 2255 dicit,
809 2187 860 2242 id
894 2194 977 2242 est
1006 2182 1262 2254 possibile
1290 2189 1374 2235 est
1403 2193 1523 2234 esse
1552 2185 1606 2230 et
1647 2172 1901 2244 possibile
1942 2186 2047 2226 non
2077 2181 2216 2222 esse.

630 2282 740 2338 Cur
767 2289 942 2334 autem
986 2292 1106 2332 sese
1136 2283 1427 2344 sequantur
1464 2276 1728 2325 monstrat
1771 2264 2029 2334 adjit-icns
2057 2280 2069 2315 :
2102 2261 2219 2314 Non

632 2375 776 2430 enim
801 2369 1256 2427 contradictiones
1285 2367 1385 2422 sibi
1409 2363 1636 2418 invicem
1661 2368 1803 2414 sunt.
1837 2357 1895 2413 Si
1918 2358 2057 2410 enim
2086 2368 2220 2408 con-

633 2468 982 2524 tradictiones
1004 2473 1215 2528 essent,
1246 2475 1515 2532 nunquam
1549 2470 1670 2511 sese
1713 2460 2087 2524 sequerentur.
2115 2447 2224 2504 Sed

633 2575 752 2634 qua:
783 2557 889 2612 sint
919 2554 1376 2610 contrddictiones
1403 2550 1639 2606 declarat
1667 2545 1887 2600 dicens:
1919 2540 2026 2598 Sed
2058 2538 2226 2610 possi-

632 2648 744 2705 bile
791 2657 872 2702 est
916 2660 1036 2699 esse
1073 2653 1126 2697 et
1173 2658 1276 2695 non
1306 2640 1562 2712 poSsibile
1590 2651 1710 2691 esse
1741 2647 2011 2704 nunquam
2067 2628 2225 2684 simul

639 2752 786 2805 sunt.
823 2741 932 2795 Cur
970 2748 1148 2792 autem
1201 2749 1469 2802 nunquam
1513 2729 1672 2785 simul
1715 2735 1868 2791 sunt,
1901 2739 2008 2777 non
2042 2721 2224 2789 taenit,

641 2839 718 2892 ait
745 2852 1006 2906 namque:
1036 2824 1554 2902 opponuntnrenim.
1581 2822 1710 2875 Nam
1731 2818 1930 2872 idcirco
1959 2824 2228 2881 nunquam

641 2933 803 2990 simul
817 2941 963 2996 sunt,
977 2928 1100 3000 quia
1115 2925 1392 2978 veritatem
1411 2918 1804 2982 falsitatetnque
1819 2908 2080 2968 dividunt,
2097 2918 2230 2972 quo-

641 3013 787 3087 niam
805 3020 1328 3095 opponuntttr.Docel
1347 3025 1554 3083 quoque
1575 3011 1690 3076 ejus
1714 2997 2090 3074 propositionis
2112 3011 2232 3067 qua}

643 3121 772 3190 dicit
791 3133 950 3190 posse
975 3131 1078 3169 non
1101 3127 1218 3166 esse
1240 3111 1381 3164 illaut
1411 3121 1529 3160 esse
1553 3100 1924 3175 negationem,
1956 3108 2076 3164 qua:
2108 3104 2234 3160 pro-

643 3224 795 3296 ponit
823 3235 929 3274 non
976 3229 1132 3286 posse
1161 3227 1265 3266 non
1292 3224 1434 3276 esse,
1482 3215 1536 3260 et
1562 3220 1626 3259 ex
1664 3201 1854 3256 eadem
1885 3198 1937 3250 vi
1981 3194 2046 3250 ad
2096 3191 2233 3246 hanc

645 3323 1064 3396 propositionem
1097 3315 1306 3371 transit.
1341 3311 1476 3368 Dicit
1505 3308 1650 3363 enim
1678 3323 1690 3356 :
1725 3304 1794 3360 At
1820 3314 1949 3355 vero
1980 3297 2175 3366 possibt

646 3387 754 3471 non
784 3425 904 3466 esse
945 3415 999 3462 et
1044 3424 1147 3460 lion
1179 3403 1438 3475 possibile
1469 3415 1572 3452 non
1604 3410 1724 3451 esse
1770 3404 2043 3460 nunquam
2076 3387 2234 3442 simul

647 3509 800 3566 sunt,
835 3512 929 3566 per
970 3495 1112 3565 quod
1139 3493 1440 3547 ostenditur
1479 3490 1625 3542 illam
1671 3499 1792 3540 esse
1818 3483 2190 3538 aitirniativatn
2216 3521 2232 3544 ,

649 3590 793 3647 illam
820 3601 950 3640 vero
977 3583 1296 3654 negativam.
1329 3577 1710 3636 llniversaliter
1732 3573 1874 3628 enim
1902 3587 2236 3643 quaecunque

649 3680 791 3740 idem
819 3677 886 3730 de
915 3675 1104 3730 eodem
1156 3674 1270 3725 haec
1322 3669 1500 3738 ponit,
1548 3667 1665 3722 btec
1711 3665 1926 3728 aufert,
1974 3659 2021 3715 si
2051 3661 2137 3714 illa
2168 3660 2240 3714 sit

651 3773 978 3834 allirmativa
999 3812 1014 3836 ,
1044 3770 1133 3824 illa
1165 3767 1404 3837 negativa
1428 3809 1444 3834 ,
1476 3773 1530 3819 et
1571 3762 1705 3818 nihil
1754 3757 2194 3830 tequivocationis
2219 3797 2236 3823 ,

653 3877 746 3926 aut
774 3861 1154 3921 uuiversaliutn
1188 3857 1649 3915 detertninationis
1701 3852 1977 3922 impediat,
2019 3859 2236 3906 contra-

654 3957 896 4014 dictorite
925 3956 1136 4009 sibimet
1191 3961 1554 4021 opponuntur.
1599 3947 1804 4004 Caetera
1847 3945 1958 4015 jam
2009 3943 2081 3997 ita
2120 3942 2235 4007 ait,

655 4068 751 4124 per
781 4064 840 4105 se
869 4046 1115 4117 expedita
1137 4052 1280 4110 sunt,
1307 4053 1362 4096 ttt
1380 4044 1532 4111 longa
1543 4039 1878 4108 eXpositione
1900 4051 2004 4091 non
2025 4043 2235 4104 egeant.

657 4147 762 4204 Sed
789 4142 1036 4216 quaedam
1065 4145 1115 4194 in
1138 4154 1322 4195 eorum
1349 4137 1542 4194 ordine
1569 4132 1934 4222 permiscenda
1957 4139 2114 4195 sunt,
2149 4143 2244 4198 per

659 4257 778 4312 quae
806 4239 859 4293 id
890 4235 1034 4306 quod
1068 4249 1162 4302 per
1189 4249 1246 4288 se
1269 4243 1349 4287 est
1383 4229 1640 4291 lucidum,
1663 4228 1862 4283 clarius
1892 4230 2236 4280 monstretur.

662 4330 1010 4399 Prosequitur
1048 4327 1189 4380 enim
1237 4323 1486 4378 similiter
1524 4332 1750 4375 caeteros
1779 4317 2009 4382 modos,
2058 4317 2242 4369 dicens

662 4439 782 4494 qua:
829 4420 1218 4490 proiiositiones
1251 4432 1474 4486 quarum
1523 4413 1935 4468 at'lirmatiunum
1986 4425 2090 4463 non
2139 4409 2246 4462 sint

664 4519 975 4588 negationes
1003 4527 1058 4571 et
1097 4531 1218 4583 quae
1247 4515 1383 4577 sint,
1414 4519 1468 4566 et
1496 4509 1575 4565 eis
1614 4522 1745 4576 quas
1775 4504 2087 4575 negationes
2123 4516 2244 4558 esse

649 4609 814 4671 .dicit,
845 4615 900 4662 ut
940 4605 1326 4660 aﬂirtnationes
1373 4617 1491 4656 esse
1525 4600 1881 4662 demonstret,
1920 4597 2055 4652 alias
2086 4610 2242 4664 nega-

669 4700 841 4755 tiones
867 4698 1106 4767 opponit.
1142 4695 1404 4750 Similiter
1423 4703 1598 4746 autem
1621 4735 1636 4759 ,
1669 4689 1860 4758 inquit,
1897 4699 1951 4742 et
1979 4688 2096 4756 ejus
2127 4702 2247 4756 pro-

669 4793 955 4865 positionis
984 4806 1105 4860 qute
1133 4803 1217 4844 est
1248 4788 1611 4848 necessarium
1639 4799 1781 4847 esse.
1819 4797 1922 4837 non
1953 4791 2033 4838 est
2059 4795 2121 4835 ea
2151 4793 2246 4834 ne-

670 4885 814 4956 gatio
863 4897 981 4952 qua:
1033 4880 1188 4945 dicit,
1223 4881 1583 4938 necessarium
1637 4892 1740 4930 non
1768 4890 1909 4942 esse,
1943 4876 2056 4934 haec
2105 4871 2246 4926 enim

671 4973 960 5030 afﬁrmatio
982 4981 1083 5040 est,
1112 4973 1246 5025 sicut
1279 4987 1398 5025 mox
1427 4967 1709 5040 negatione
1739 4967 1981 5036 opposita
2001 4977 2248 5030 compro-

672 5071 819 5127 bavit
839 5108 856 5133 ,
896 5068 989 5122 sed
1025 5065 1197 5134 potius
1235 5080 1297 5119 ea
1327 5066 1538 5132 negatio
1559 5070 1641 5114 est
1669 5062 1785 5127 ejus
1812 5073 1934 5128 quae
1960 5067 2042 5112 est
2065 5070 2250 5112 neces-

672 5165 873 5219 sarium
903 5175 1022 5215 esse
1045 5171 1166 5229 qua:
1193 5156 1342 5220 dicit,
1372 5170 1475 5207 non
1500 5150 1857 5206 necessarium
1885 5163 2025 5204 esse.
2054 5146 2254 5202 Eodem

671 5266 884 5322 quoque
927 5248 1091 5306 modo
1120 5254 1307 5304 cuncta
1337 5243 1677 5316 prosequitur
1715 5241 1931 5304 dicens,
1961 5240 2082 5308 ejus
2131 5252 2257 5294 vero

669 5360 791 5412 quae
819 5347 900 5398 εει
921 5383 935 5404 ,
969 5338 1324 5396 necessarium
1358 5351 1463 5391 non
1493 5349 1645 5400 esse,
1670 5349 1826 5405 quam
1858 5348 2016 5400 supra
2059 5331 2258 5390 dixerit

672 5451 776 5490 non
825 5445 944 5487 esse
991 5431 1292 5501 appositam
1332 5429 1380 5482 ei
1421 5443 1539 5498 qum
1567 5426 1726 5491 dicit,
1774 5422 2134 5480 necesszirium
2174 5428 2261 5476 est

675 5541 817 5586 esse,
848 5525 933 5578 illa
965 5524 1180 5592 negatio
1214 5531 1296 5584 est
1325 5536 1442 5589 qua:
1472 5519 1722 5589 proponit
1749 5533 1854 5572 non
1887 5514 2254 5571 necessarium

653 5631 781 5669 .non
809 5629 948 5669 esse.
986 5613 1325 5682 Quaecunque
1352 5612 1490 5668 enim
1527 5611 1862 5678 negationem
1892 5609 1956 5662 ad
1991 5622 2109 5663 esse
2149 5620 2257 5674 pti-

650 5708 830 5770 Vsitam
880 5706 1102 5768 habent,
1141 5708 1242 5760 illae
1267 5706 1310 5758 si
1339 5719 1459 5762 cum
1493 5703 1650 5766 modo
1699 5713 1844 5767 sunt,
1876 5700 2256 5757 afﬁrniationes

680 5810 798 5850 esse
849 5795 1092 5858 putanda}
1141 5804 1283 5856 sunt.
1321 5795 1450 5862 Ejus
1489 5809 1613 5850 vero
1643 5808 1764 5863 quas
1792 5802 1894 5854 est,
1924 5790 2256 5859 impossibile

652 5889 824 5951 esse,
851 5897 959 5944 non
986 5893 1070 5939 est
1093 5898 1160 5944 ea
1190 5885 1404 5949 uenatio
1427 5899 1548 5951 quae
1590 5884 1742 5954 dicit.
1774 5881 2108 5949 itnpassibile
2144 5897 2254 5940 non

2304 591 2408 646 lam
2434 589 2695 660 junctam,
2738 583 2832 640 sed
2876 582 3051 654 potius
3079 594 3142 635 ea
3172 591 3290 648 quae
3316 575 3471 636 dicit,
3500 586 3607 626 non
3637 567 3880 638 impossi-

2300 681 2408 738 bile
2451 694 2611 743 esse,
2645 676 2729 732 ha:
2784 689 3017 744 namque
3065 674 3207 726 inter
3247 684 3305 723 se
3355 680 3538 722 verum
3591 661 3881 732 falsumque

2303 773 2574 842 dividunt,
2621 770 2768 825 illius
2795 782 2924 824 vero
2955 781 3074 836 quae
3115 762 3181 816 ad
3223 775 3342 816 esse
3388 757 3547 812 habet
3574 747 3882 841 particulam

2303 867 2623 939 negativam,
2651 879 2806 934 quam
2835 858 3248 916 aflirmationem
3272 868 3391 909 esse
3415 835 3755 905 manifestum
3779 855 3881 913 est,

2302 957 2357 1014 id
2378 967 2462 1014 est
2489 957 2603 1028 ejus
2630 971 2748 1026 quae
2777 953 2926 1018 dicit,
2956 946 3284 1019 impossibile
3310 959 3414 997 non
3439 957 3559 997 esse.
3584 955 3645 995 ea
3676 939 3886 1008 negatio

2305 1059 2390 1108 est
2409 1065 2526 1120 qua:
2578 1037 2720 1112 dicit,
2754 1061 2858 1101 non
2913 1041 3243 1114 impossibile
3290 1053 3392 1094 non
3432 1049 3576 1091 esse.
3609 1032 3888 1088 Concludit

2306 1145 2464 1201 etiam
2495 1143 2724 1198 breviter
2763 1139 2815 1195 id
2844 1137 2982 1210 quod
3029 1151 3190 1207 supra
3232 1131 3621 1189 demonstravit
3659 1128 3884 1183 dicens:

2381 1234 2747 1290 Universaliter
2784 1247 2899 1286 vero
2947 1226 3397 1302 (quemadmodum
3426 1224 3618 1276 dictum
3655 1220 3749 1292 est)
3781 1235 3890 1274 esse

2308 1331 2511 1400 quidem
2545 1337 2593 1381 et
2624 1345 2722 1381 non
2749 1342 2854 1380 esse
2883 1333 3075 1394 opcrlct
3097 1337 3313 1394 ponere,
3355 1329 3594 1388 tanquam
3623 1303 3846 1384 subjecto
3872 1353 3888 1380 ,

2309 1420 2630 1490 negationem
2652 1433 2766 1470 vero
2793 1425 2840 1470 et
2865 1415 3248 1485 afﬁrmationcm
3269 1410 3376 1464 haec
3403 1411 3668 1480 facientem
3698 1407 3764 1462 ad
3787 1422 3894 1460 esse

2312 1522 2358 1568 et
2379 1529 2479 1566 non
2509 1526 2613 1565 esse
2639 1524 2926 1580 apponere,
2959 1515 3006 1560 et
3035 1505 3126 1559 Itas
3171 1513 3350 1574 putare
3375 1510 3569 1573 oportet
3599 1515 3707 1552 esse
3733 1513 3892 1567 oppo-

2313 1608 2434 1662 sitas
2458 1606 2725 1670 dictiones,
2751 1603 3008 1676 possibile,
3042 1617 3138 1655 non
3159 1598 3422 1671 possibile,
3452 1597 3766 1668 contingens,
3798 1611 3896 1648 non

2313 1701 2638 1770 contingens,
2670 1693 2984 1766 impossibile
3005 1735 3018 1759 ,
3048 1710 3147 1748 non
3168 1689 3505 1754 impossibile,
3535 1687 3895 1752 necessarium,

2315 1808 2417 1846 non
2448 1791 2787 1844 necessarium
2809 1831 2825 1857 ,
2857 1801 3050 1849 verum,
3093 1800 3193 1837 non
3241 1797 3430 1836 verum.

2241 1880 2290 1948 Β
2390 1879 2796 1943 Universaliter,
2835 1877 3036 1946 inquit,
3060 1874 3308 1938 dicimus,
3347 1870 3609 1958 sicutjam
3630 1883 3789 1937 supra
3823 1867 3901 1922 di-

2325 1984 2465 2031 ctum
2496 1981 2600 2039 est,
2627 1972 2678 2026 in
2707 1970 2793 2025 his
2825 1967 3278 2040 propositionibus
3308 1980 3427 2036 qua:
3460 1962 3650 2017 modos
3691 1961 3902 2017 additos

2323 2065 2544 2132 habent,
2568 2080 2689 2120 esse
2716 2072 2769 2118 et
2794 2077 2902 2117 non
2927 2076 3046 2116 esse
3074 2059 3314 2128 subjecta
3346 2056 3523 2128 potius
3546 2055 3682 2122 ﬁeri,
3712 2054 3901 2110 modos

2322 2172 2449 2212 vero
2483 2154 2757 2227 praedicari
2786 2193 2801 2217 ,
2849 2164 3009 2221 atque
3038 2149 3158 2204 ideo
3185 2148 3252 2203 ad
3285 2162 3451 2201 unum
3479 2144 3772 2216 quemlibet
3796 2159 3908 2200 mo-

2323 2247 2472 2312 dum,
2505 2247 2555 2300 id
2586 2255 2667 2300 est
2695 2243 2985 2300 secundum
3015 2257 3176 2296 unum
3224 2241 3342 2296 ﬁeri
3377 2239 3575 2295 debere
3599 2239 3909 2293 afﬁrmatio-

2325 2357 2452 2395 nem
2482 2349 2535 2394 et
2561 2339 2896 2412 negationem
2934 2351 3172 2405 semper,
3199 2345 3258 2390 ut
3287 2335 3421 2390 sicut
3449 2333 3766 2404 prmdic‘atus
3793 2347 3909 2388 mo-

2326 2429 2425 2486 dus
2451 2431 2865 2485 aftirmationem
2900 2429 3163 2494 continet,
3194 2429 3264 2480 ita
3291 2427 3532 2495 negativa
3558 2424 3814 2492 particula
3841 2424 3909 2482 ad

2327 2526 2542 2582 modum
2587 2525 2772 2596 juncta
2819 2532 2984 2578 totam
3027 2522 3129 2578 hoc
3170 2520 3329 2576 modo
3369 2519 3640 2575 contineat
3659 2509 3910 2587 negatio-

2329 2637 2474 2677 nem.
2507 2619 2760 2690 Proponit
2788 2629 2966 2674 autem
3000 2632 3093 2674 eas
3137 2631 3269 2686 quas
3302 2624 3450 2686 putat
3478 2629 3599 2672 esse
3637 2614 3913 2684 oppositas

2331 2713 2591 2769 dictiones
2628 2713 2726 2767 hoc
2767 2711 2947 2777 modo,
2979 2709 3236 2780 possibile
3266 2724 3373 2765 non
3402 2707 3674 2778 possibile,
3705 2709 3913 2766 contin-

2332 2820 2462 2876 gens
2503 2819 2607 2858 non
2652 2805 3009 2874 contingens,
3042 2800 3370 2870 impossibile
3400 2815 3506 2856 non
3549 2798 3915 2869 impossibile,

2337 2899 2696 2952 necessarium
2724 2912 2829 2950 non
2859 2897 3245 2952 necessarium.
3272 2892 3424 2962 Quod
3447 2903 3625 2952 autem
3657 2891 3804 2950 addit
3830 2905 3917 2952 ve«

2339 3006 2456 3046 rum
2487 3007 2592 3044 non
2631 3006 2854 3056 verum,
2886 2988 2952 3042 ad
2983 2988 3086 3044 hoc
3124 2986 3395 3057 pertinet,
3424 2995 3484 3040 ut
3515 3000 3704 3042 omnes
3733 2983 3918 3043 modos

2337 3080 2664 3145 includeret,
2722 3095 2850 3134 vere
2895 3080 3036 3134 enim
3092 3078 3281 3132 modus
3311 3076 3526 3147 quidem
3575 3084 3659 3133 est
3702 3075 3838 3132 sicut
3866 3088 3920 3132 et

2339 3174 2508 3237 bene,
2547 3174 2688 3235 sicut
2717 3173 2970 3228 velociter
2993 3216 3008 3242 ,
3049 3174 3186 3226 sicut
3219 3169 3368 3233 laete,
3402 3169 3542 3225 sicut
3568 3170 3840 3239 graviter,
3866 3175 3921 3230 et

2185 3295 2234 3350 le
2261 3265 2307 3340 β
2339 3271 2640 3341 quicunque
2669 3270 2983 3334 modisunt,
3017 3266 3118 3322 hoc
3147 3265 3305 3322 modo
3332 3263 3575 3319 facienda
3605 3274 3688 3319 est
3713 3271 3922 3319 contra-

2337 3364 2535 3429 dictio,
2567 3377 2750 3418 verum
2793 3371 2908 3422 est,
2942 3377 3047 3414 non
3089 3374 3273 3414 verum
3305 3368 3410 3424 est,
3460 3373 3565 3413 non
3595 3366 3772 3412 autem
3817 3363 3921 3414 non

2338 3462 2421 3508 est
2448 3467 2669 3518 verum,
2693 3451 2949 3506 velociter
2977 3451 3250 3505 ambulare
3269 3490 3283 3515 ,
3316 3464 3421 3504 non
3445 3449 3701 3504 velociter
3727 3447 3921 3503 ambu-

2339 3542 2470 3611 lare,
2509 3543 2602 3598 sed
2627 3557 2729 3597 non
2762 3542 2851 3596 illa
2881 3558 2999 3613 quae
3029 3542 3175 3607 dicit,
3204 3542 3458 3596 velociter
3489 3556 3591 3593 non
3622 3539 3923 3597 ambulare.

2340 3633 2690 3690 Concludenti
2710 3649 2838 3705 ergo
2854 3649 3067 3702 semper
3088 3634 3152 3688 ad
3179 3632 3389 3692 modum
3411 3631 3683 3703 jungenda
3710 3631 3923 3701 negatio

2340 3737 2442 3784 est.
2483 3729 2590 3782 Illa:
2615 3727 2756 3783 enim
2786 3742 2998 3797 semper
3027 3727 3241 3782 sibimet
3262 3733 3626 3796 opponuntur,
3670 3731 3729 3780 ut
3763 3738 3924 3794 supra

2339 3820 2449 3891 jam
2472 3819 2670 3874 dictum
2698 3827 2802 3880 est,
2836 3833 2954 3888 quae
2983 3817 3275 3873 secundum
3305 3816 3708 3887 praedicationes
3730 3815 3926 3870 habent

2344 3910 2613 3982 negativas
2663 3908 2952 3980 particulas
2989 3908 3222 3979 junctas.
3262 3908 3624 3964 l’raedicantur
3665 3919 3841 3964 autem
3875 3907 3926 3962 in

2346 4003 2429 4058 his
2455 4004 2596 4058 modi
2619 4045 2634 4071 ,
2667 4014 2724 4058 ut
2762 4017 2917 4074 supra
2944 4000 3052 4072 jam
3091 4000 3600 4058 demonstravimus.
3629 3998 3929 4058 Secundum

2345 4097 2532 4151 modos
2561 4110 2690 4166 ergo
2730 4094 2783 4149 in
2815 4093 2896 4149 his
2929 4092 3139 4162 negatio
3170 4093 3342 4162 posita
3370 4092 3636 4162 integram
3658 4090 3762 4146 vim
3806 4104 3930 4144 con-

2347 4192 2678 4248 tradictionis
2709 4190 2924 4245 efﬁciet.
2960 4188 3230 4258 Expeditis
3258 4188 3534 4244 modorum
3575 4185 3928 4254 oppositioni-

2347 4287 2445 4344 bus
2473 4286 2541 4340 de
2579 4283 2960 4352 consequentia
3001 4279 3417 4350 prepositionum
3463 4286 3622 4344 atque
3652 4291 3923 4330 consensu

2347 4376 2632 4432 habebitur
2662 4375 2876 4430 subtilis
2932 4373 3180 4438 utilisque
3207 4376 3483 4425 tractatus.
3515 4367 3567 4424 Si
3598 4382 3725 4436 ergo
3754 4367 3928 4435 possi-

2348 4465 2455 4522 bile
2509 4480 2629 4522 esse
2679 4465 2994 4533 simpliciter
3044 4462 3352 4527 diceretur,
3385 4459 3615 4528 simplex
3663 4468 3718 4515 et
3762 4458 3931 4514 tacitis

2351 4559 2768 4627 prepositionum
2806 4557 3077 4612 videretur
3116 4569 3234 4609 esse
3271 4567 3598 4617 consensus,
3637 4565 3736 4606 nec
3779 4549 3932 4619 quid-

2275 4649 2506 4750 D.quatn
2531 4651 2584 4704 in
2597 4666 2778 4708 earum
2801 4649 3174 4719 consequentia
3205 4661 3363 4718 posse
3384 4645 3572 4700 errari.
3588 4644 3737 4699 Nune
3753 4655 3932 4700 autem

2351 4745 2599 4815 quoniam
2623 4743 2904 4813 dupliciter
2924 4743 3118 4798 dicitur
3139 4739 3432 4798 secundum
3456 4739 3695 4794 diversos
3717 4737 3930 4806 modos,

2353 4853 2458 4892 non
2492 4837 2695 4892 eaedem
2721 4836 3150 4906 prepositionum
3181 4842 3307 4888 sunt
3336 4831 3754 4898 consequentiae.
3784 4828 3936 4896 Quod

2353 4939 2533 4984 autem
2557 4929 2678 4983 dico
2701 4928 2808 4982 tale
2829 4939 2930 4982 est.
2965 4926 3240 4980 Possibilis
3261 4925 3382 4978 dum
3409 4933 3534 4977 sunt
3557 4933 3756 4992 partes,
3774 4937 3936 4975 unutn

2356 5021 2500 5091 quod
2529 5035 2650 5075 cum
2707 5035 2812 5075 non
2863 5019 2953 5083 sit,
2983 5032 3104 5072 esse
3132 5025 3326 5086 potest.
3375 5013 3615 5070 Alterum
3649 5011 3790 5084 qugd
3820 5010 3938 5064 ideo

2366 5112 2433 5168 sit
2466 5109 2740 5180 possibile,
2770 5110 2909 5178 quod
2940 5110 3045 5179 jam
3077 5116 3191 5172 est,
3222 5108 3366 5182 ι)ςὶοτ
3395 5105 3611 5176 quidem
3660 5119 3781 5171 pars
3823 5117 3938 5156 cor-

2366 5201 2714 5271 ruptibilibns
2743 5211 2797 5255 et
2825 5201 3265 5271 permutabilibns
3303 5199 3514 5269 propria
3549 5205 3668 5263 est,
3699 5194 3942 5250 mortalis

2367 5296 2508 5352 enim
2541 5293 2789 5350 Socrates
2818 5302 3028 5363 poterat
3063 5308 3186 5349 esse
3216 5307 3335 5346 cum
3367 5306 3475 5344 non
3505 5287 3632 5351 fuit,
3665 5287 3805 5342 sicut
3843 5284 3941 5353 ipsi

2367 5389 2630 5444 mortales
2660 5389 2748 5458 qui
2779 5397 2904 5442 sunt
2934 5387 2987 5442 id
3031 5385 3171 5458 quod
3204 5394 3328 5439 ante
3357 5398 3462 5437 non
3494 5381 3702 5436 fuerant
3724 5420 3740 5443 ,
3773 5387 3942 5448 potest

2367 5485 2508 5540 enim
2563 5485 2724 5536 homo
2769 5498 2892 5538 cum
2945 5495 3052 5538 non
3100 5479 3334 5549 loquitur
3377 5476 3551 5545 loqui,
3587 5482 3641 5528 et
3678 5487 3798 5528 eum
3840 5485 3941 5526 non

2365 5577 2605 5634 ambulat
2633 5577 2927 5632 ambulare.
2959 5576 3100 5644 Ergo
3129 5574 3242 5628 haec
3266 5586 3387 5638 pars
3411 5569 3702 5642 secundum
3733 5566 3786 5621 id
3816 5564 3944 5619 dici-

2362 5682 2447 5728 tur
2474 5671 2614 5743 quod
2667 5673 2777 5738 jam
2825 5667 3038 5741 quidem
3083 5685 3187 5722 non
3227 5674 3340 5728 est,
3374 5679 3494 5718 esse
3522 5673 3701 5716 tamen
3734 5667 3942 5728 potest,

2362 5767 2451 5821 illa
2481 5773 2610 5820 vero
2640 5765 2743 5819 alia
2779 5778 2901 5834 pars
2931 5761 3205 5831 possibilis
3239 5774 3359 5826 qum
3402 5755 3698 5818 secundum
3731 5753 3782 5806 id
3814 5749 3944 5804 dici-

2363 5864 2470 5924 tur,
2490 5854 2631 5927 quod
2653 5855 2764 5926 jaut
2785 5863 2870 5910 est
2894 5851 3096 5924 aliquid
3114 5860 3239 5915 actu
3265 5865 3374 5915 non
3399 5854 3684 5920 petestate,
3706 5841 3947 5915 utrisque
