4296 6266
392 415 482 473 597

1116 410 1183 466 IN
1222 408 1474 466 LIBRUM
1514 406 1599 461 DE
1638 395 2281 473 INTERPRETATIONE
2320 399 2544 458 EDITIO
2580 398 2915 460 SECUNDA.

3544 403 3649 459 598

397 534 601 596 naturis
623 535 1080 599 accommodatur,
1096 538 1149 584 et
1170 526 1506 596 sempiternis
1526 523 1733 579 scilicet
1753 529 1966 577 etmor-
1992 517 2045 581 Α
2066 523 2175 587 test
2204 519 2438 575 elﬁccre.
2495 521 2669 589 Quare
2706 524 2943 578 facienda
2992 539 3021 578 a
3050 523 3315 595 principio
3342 524 3649 598 huiusmodi

396 630 617 685 talibus.
651 626 780 680 Nam
810 626 947 699 quod
981 623 1031 678 in
1063 623 1399 693 sempiternis
1430 628 1509 673 est
1530 660 1543 684 ,
1572 632 1690 671 esse
1714 613 1969 685 possible

399 726 502 773 est.
536 717 741 771 Rursus
769 714 906 785 quod
937 723 1017 768 est
1058 712 1109 768 in
1153 710 1493 775 mortalibus,
1525 722 1623 761 nec
1652 712 1752 761 hoc
1782 722 1810 759 a
1842 702 1971 757 sub.

403 808 632 864 sistendi
682 807 1030 877 possibilitate
1086 803 1333 865 discedit,
1376 800 1466 856 sed
1518 808 1718 853 tantum
1772 796 1969 860 diﬂert,

405 902 526 969 quia
550 901 605 974 id_
620 899 758 970 quod
783 900 833 952 in
866 898 1083 953 internis
1107 906 1191 952 est
1219 896 1361 951 nullo
1387 894 1543 949 modo
1559 901 1892 965 pertnutatur
1919 899 1973 945 et

407 1011 617 1065 semper
645 1009 764 1049 esse
806 1007 1025 1050 necesse
1051 1000 1168 1059 est,
1214 991 1341 1045 illud
1380 1005 1507 1044 vero
1558 987 1697 1059 quod
1730 988 1781 1041 in
1813 986 1974 1042 rebus

405 1089 714 1143 mortalibus
755 1088 1021 1143 invenitur
1048 1086 1245 1156 poterit
1283 1092 1337 1139 et
1381 1100 1489 1139 non
1517 1098 1666 1149 esse,
1709 1089 1765 1136 et
1806 1090 1863 1136 ut
1908 1081 1979 1134 sit

404 1196 506 1235 non
536 1190 617 1235 est
639 1196 878 1237 necrsse.
909 1180 1024 1250 Ego
1054 1195 1282 1251 namque
1311 1194 1429 1233 cum
1462 1177 1637 1232 scribo
1669 1175 1809 1230 inest
1845 1172 1977 1227 mihi

402 1276 659 1331 scribere.
692 1275 953 1343 Quocirca
986 1282 1041 1331 et
1062 1274 1297 1328 scribere
1326 1271 1453 1326 mibi
1475 1269 1725 1340 possibile
1754 1277 1855 1333 est,
1884 1264 1978 1321 sed

401 1362 653 1438 quoniam
690 1366 805 1436 ipse
849 1365 1089 1419 mortalis
1119 1379 1237 1418 sum
1262 1406 1275 1429 ,
1332 1376 1437 1415 non
1467 1369 1549 1414 est
1593 1360 1709 1412 haec
1748 1366 1981 1427 potestas

405 1457 677 1519 scribendi
736 1456 1038 1513 necessaria
1071 1497 1085 1521 ,
1136 1469 1309 1522 neque
1362 1452 1503 1507 cnint
1554 1466 1619 1505 ex
1663 1449 1983 1505 necessitate

406 1551 607 1622 scribo.
652 1549 719 1607 At
762 1564 891 1603 vero
938 1563 1059 1603 cum
1107 1548 1335 1602 dicimus
1372 1545 1509 1599 coelo
1537 1545 1712 1598 inesse
1743 1550 1943 1596 motum
1967 1582 1982 1609 ,

406 1645 556 1703 nulla
586 1644 848 1698 dubitatio
876 1652 958 1697 est
988 1642 1115 1715 quin
1161 1656 1378 1697 necesse
1419 1639 1487 1693 sit
1513 1638 1705 1693 caelum
1736 1635 1939 1691 moveri
1965 1676 1981 1700 ,

406 1737 463 1792 in
491 1735 807 1791 mortalibus
837 1750 965 1803 ergo
996 1734 1155 1789 rebus
1180 1749 1299 1787 cum
1334 1741 1415 1787 est
1440 1730 1636 1801 aliquid
1666 1739 1717 1784 et
1745 1744 1863 1783 esse
1886 1742 1982 1799 po-

408 1836 543 1892 test,
577 1836 630 1887 et
660 1836 717 1885 ut
738 1827 806 1879 sit
836 1841 940 1879 non
972 1834 1055 1880 est
1084 1839 1325 1890 necesse,
1347 1824 1398 1878 in
1428 1822 1763 1893 sempiternis
1785 1828 1982 1886 autem,

2074 619 2264 673 divisio
2291 628 2392 673 est.
2437 616 2719 679 Possihilis
2754 618 2854 671 alia
2887 633 3007 689 pars
3036 629 3116 675 est
3141 636 3259 692 quas
3290 638 3408 677 cum
3444 639 3549 677 non
3584 623 3653 677 sit

2074 722 2252 770 tamen
2283 728 2403 768 esse
2451 721 2647 783 potest.
2682 712 2798 767 Alia
2836 729 2962 768 vero
3000 732 3116 784 quae
3146 726 3264 771 actu
3296 728 3396 787 est,
3448 728 3499 774 et
3532 720 3652 775 ideo

2077 807 2330 879 possibile
2360 807 2576 862 dicitur.
2607 806 2661 861 Si
2693 806 2835 861 enim
2868 822 2987 861 esse
3018 824 3120 862 non
3152 819 3352 878 posset,
3387 826 3484 866 nec
3509 819 3656 867 esset

2076 901 2318 963 omnino,
2374 898 2531 969 hujus
2577 908 2750 953 autem
2803 899 3163 973 possibilitatis
3206 918 3323 971 qua;
3361 907 3651 960 secundum

2081 993 2229 1047 illum
2264 991 2459 1046 dicitur
2500 992 2735 1059 modum,
2765 991 2904 1062 quod
2932 990 3038 1061 jam
3074 1004 3193 1048 actu
3225 995 3302 1061 iit,
3332 997 3448 1053 dua:
3475 1009 3655 1069 partes

2083 1088 2229 1149 sunt,
2262 1101 2364 1139 una
2396 1086 2688 1138 secundum
2720 1085 2769 1138 id
2801 1084 2942 1154 quod
2984 1100 3047 1139 ex
3076 1089 3393 1142 necessitate
3422 1105 3539 1145 esse
3569 1091 3655 1145 di-

2082 1175 2273 1231 cimus.
2315 1176 2492 1231 Altera
2528 1192 2657 1231 vero
2684 1177 2972 1231 secundum
3004 1176 3053 1231 id
3095 1178 3232 1246 quod
3274 1193 3392 1232 cum
3433 1179 3518 1245 sit,
3552 1197 3657 1236 non

2084 1280 2262 1323 tamen
2294 1283 2413 1322 esse
2442 1284 2505 1322 ex
2541 1271 2857 1323 necessitate
2901 1268 3099 1340 aliquid
3129 1270 3471 1337 arbitramur,
3503 1271 3660 1340 hujus

2084 1372 2261 1418 autem
2296 1378 2397 1417 non
2434 1364 2750 1417 necessaria:
2788 1365 3066 1434 potestatis
3093 1364 3211 1417 dua!
3237 1373 3360 1420 sunt
3389 1364 3508 1419 alias
3536 1380 3659 1435 par-

2083 1462 2186 1523 tes,
2215 1471 2315 1508 una
2340 1470 2455 1525 qua:
2478 1456 2727 1525 quoniam
2755 1472 2818 1509 ex
2846 1465 3107 1526 potestate
3129 1458 3192 1510 ad
3215 1467 3388 1512 actum
3418 1458 3583 1525 venit,
3607 1465 3661 1514 et

2086 1562 2206 1603 esse
2228 1557 2281 1603 et
2309 1564 2413 1603 non
2449 1564 2569 1603 esse
2592 1550 2811 1619 recipiet
2834 1550 3157 1605 facultatem.
3189 1551 3365 1605 Altera
3395 1568 3513 1621 quae
3539 1554 3661 1623 quia

2089 1656 2358 1709 nunquam
2405 1652 2580 1694 actum
2627 1641 2822 1694 habere
2875 1641 3107 1709 destitit,
3154 1642 3439 1712 aliquando
3467 1643 3563 1700 fuit
3608 1644 3661 1700 id

2087 1734 2227 1804 quod
2258 1735 2451 1789 dicitur
2479 1735 2528 1790 ei
2560 1750 2679 1790 esse
2720 1736 2989 1805 possibile,
3015 1735 3078 1789 ad
3112 1750 3266 1790 unam
3308 1746 3510 1794 tantum
3543 1754 3662 1809 par-

2089 1834 2195 1879 tem
2220 1836 2341 1894 apta
2381 1836 2465 1880 est
2505 1836 2665 1895 atque
2707 1826 2990 1896 possibilis,
3027 1826 3090 1880 ad
3122 1842 3238 1881 eam
3272 1829 3475 1884 scilicet
3505 1845 3662 1899 quam

406 1917 545 1988 quod
577 1927 658 1977 est
707 1932 931 1975 necesse
978 1927 1060 1975 est
1106 1932 1225 1979 esse
1248 1956 1264 1981 ,
1313 1924 1363 1970 et
1396 1917 1515 1988 quia
1550 1923 1631 1969 est
1660 1928 1780 1969 esse
1811 1913 1982 1984 possi-
2010 1902 2061 1969 Β
2085 1927 2204 1970 actu
2244 1932 2457 1984 semper
2494 1918 2752 1993 exercuit,
2803 1927 2861 1991 ut
2890 1917 2994 1985 igni
3036 1917 3182 1971 calor
3220 1918 3301 1971 vel
3344 1919 3450 1973 nivi
3475 1918 3661 1992 frigus,

405 2012 513 2068 bile
541 2022 646 2071 est.
695 2010 826 2067 Cum
877 2027 1004 2084 ergo
1033 2012 1301 2083 possibilis
1336 2012 1702 2083 principaliter
1727 2012 1846 2066 duce
1876 2011 1983 2065 sint

409 2112 617 2174 partes,
650 2120 753 2159 una
783 2120 899 2175 qua!
922 2100 1297 2165 secundum'id
1325 2104 1523 2159 dicitur
1551 2103 1690 2173 quod
1713 2118 1832 2157 cum
1876 2117 1982 2157 non

407 2197 508 2265 sit,
560 2213 678 2253 esse
719 2208 892 2260 tamen
944 2208 1136 2269 putest.
1192 2198 1376 2254 Altera
1426 2213 1544 2269 qua:
1593 2198 1886 2253 secundum
1930 2195 1982 2253 id

408 2290 730 2359 praedicatur
774 2290 912 2358 quod
950 2291 1060 2359 jam
1107 2299 1188 2345 est
1239 2289 1435 2358 aliquid
1488 2300 1605 2344 actu
1645 2305 1752 2345 non
1808 2288 1981 2343 solum

406 2389 696 2450 potestate,
727 2379 1032 2449 hujusmodi
1082 2381 1333 2455 possibile
1373 2381 1512 2451 quod
1555 2380 1664 2450 jam
1713 2381 1783 2436 sit
1834 2389 1979 2443 actu,

408 2471 539 2527 duas
586 2488 652 2527 ex
705 2487 763 2526 se
815 2474 1020 2543 species
1062 2474 1293 2544 profert,
1340 2490 1499 2529 unam
1548 2490 1666 2545 quae
1736 2488 1858 2528 cum
1914 2474 1983 2526 sit

410 2577 515 2617 non
541 2572 623 2618 est
676 2564 1009 2631 necessaria;
1070 2565 1293 2621 alterum
1349 2580 1467 2635 qute
1541 2580 1659 2620 cum
1731 2564 1801 2623 sit
1851 2562 1981 2619 illud

408 2669 615 2725 quoque
644 2654 818 2721 habet,
842 2666 1027 2711 uteam
1053 2671 1173 2715 esse
1201 2671 1419 2712 necesse
1453 2657 1541 2713 sit.
1559 2656 1665 2712 Nec
1688 2657 1787 2710 hoc
1817 2655 1982 2709 solius
2022 2727 2027 2731 θ

409 2745 703 2803 Aristotelis
754 2746 1022 2801 subtilitas
1066 2746 1449 2815 deprehendit,
1496 2762 1681 2801 verum
1722 2745 1983 2801 Diodorus

409 2852 616 2907 quoque
642 2838 892 2907 possibile
914 2839 985 2894 ita
1015 2838 1443 2905 diflinitdieens,
1469 2838 1610 2911 quod
1640 2846 1723 2894 est
1751 2846 1841 2893 aut
1871 2853 1981 2892 non

408 2939 506 2986 est.
539 2930 685 2985 Unde
720 2932 1032 2989 Aristoteles
1054 2932 1103 2987 id
1135 2932 1273 3003 quod
1329 2930 1590 2987 Diodorus
1614 2931 1689 2984 ait
1732 2945 1836 2985 non
1868 2939 1974 2996 est,

407 3023 533 3079 illud
566 3024 815 3094 possibile
839 3033 1007 3095 putat,
1037 3024 1177 3096 quod
1222 3039 1344 3078 cum
1378 3038 1481 3078 non
1523 3023 1582 3077 lit
1626 3022 1743 3079 lleri
1798 3031 1975 3077 tamen

407 3124 602 3185 potest.
648 3115 797 3184 Quod
843 3126 1019 3177 autem
1047 3116 1180 3170 dixit
1225 3115 1519 3183 Diodorus,
1578 3124 1661 3172 est
1711 3114 1762 3169 id
1811 3114 1983 3185 possi-

410 3207 875 3275 bile,Aristoteles
914 3212 1313 3283 interpretatur,
1360 3211 1498 3280 quod
1543 3210 1743 3269 idcirco
1784 3210 1979 3265 dicitur

2085 2009 2168 2063 vel
2200 2008 2467 2063 adamanti
2498 2008 2741 2075 durities,
2793 2008 2876 2062 vel
2920 2024 3069 2078 aqua:
3097 2009 3286 2075 liquor.
3336 2008 3439 2064 Sed
3486 2010 3663 2065 nullus

2088 2101 2377 2156 arbitretur
2408 2115 2472 2155 ex
2502 2100 2819 2155 necessariae
2852 2099 3219 2168 possibilitatis
3256 2100 3433 2171 specie
3460 2114 3579 2156 esse
3608 2098 3663 2155 id

2088 2192 2229 2263 quod
2248 2190 2476 2249 dicimus
2508 2206 2774 2260 nunquam
2809 2199 3069 2260 p0testate
3097 2190 3281 2255 fuisse,
3317 2199 3466 2246 actus
3502 2203 3664 2261 quos-

2082 2285 2204 2341 dam
2236 2286 2285 2337 in
2318 2284 2631 2353 quibusdam
2664 2284 2843 2348 rebus,
2870 2294 2925 2337 ut
2955 2284 3059 2355 igni
3088 2284 3343 2350 calorem,
3378 2285 3490 2354 ipse
3516 2283 3661 2339 enim

2083 2377 2348 2445 exstingui
2381 2375 2517 2448 ignis
2547 2384 2740 2445 potest.
2770 2375 2823 2429 ln
2856 2376 2960 2430 illis
2985 2386 3158 2429 autem
3190 2391 3309 2447 quze
3342 2376 3661 2431 necessasia

2084 2476 2229 2533 sunt,
2283 2482 2385 2520 non
2436 2466 2595 2520 modo
2636 2466 2864 2535 qualitas
2915 2482 2945 2519 a
2994 2465 3232 2536 subjecta
3276 2481 3336 2521 re
3383 2465 3664 2522 discedere

2085 2578 2355 2631 nunquam
2387 2562 2562 2624 debet,
2610 2560 2751 2633 quod
2799 2560 3009 2615 videtur
3036 2560 3194 2614 etiam
3236 2560 3289 2614 in
3323 2558 3455 2630 igni,
3497 2574 3528 2614 a
3558 2572 3665 2629 quo

2085 2670 2177 2709 sua
2232 2655 2460 2725 qualitas
2507 2653 2700 2708 caloris
2736 2670 2841 2709 non
2890 2652 3121 2720 recedit,
3172 2651 3267 2709 sed
3317 2654 3478 2707 etiam
3531 2648 3665 2708 illud

2085 2748 2226 2823 quod
2260 2748 2499 2817 subjecta
2530 2748 2621 2801 illa
2652 2746 2947 2802 subStantia
2992 2747 3309 2801 immortalis
3335 2760 3456 2801 esse
3486 2744 3666 2800 videa-

2088 2849 2193 2904 tur,
2218 2840 2356 2909 quod
2390 2840 2495 2909 igni
2528 2855 2631 2895 non
2659 2840 2869 2894 accidit.
2894 2838 3076 2894 Solem
3107 2840 3248 2893 enim
3274 2846 3327 2893 et
3351 2846 3543 2894 crctera
3570 2838 3666 2892 htt-

2084 2932 2321 3003 jusmodi
2346 2949 2569 3004 corpora
2610 2949 2729 3005 φιτε
2756 2947 2984 3003 superna
3024 2942 3169 2997 sunt,
3193 2940 3247 2986 et
3277 2932 3535 2996 caelestia,
3566 2932 3666 2986 im-

2089 3024 2334 3078 mortalia
2387 3023 2729 3093 peripatetica
2774 3020 3055 3090 disciplina
3101 3029 3292 3091 putat,
3346 3027 3506 3097 atque
3543 3018 3667 3075 ideo

2086 3116 2489 3172 consbntienter
2528 3114 2629 3168 sibi
2675 3113 2832 3167 docet
2871 3112 3037 3166 solem
3089 3110 3392 3167 necessario
3437 3110 3663 3177 moveri,

2087 3208 2228 3282 quod
2258 3226 2360 3265 non
2396 3208 2555 3262 modo
2592 3223 2618 3259 a
2650 3208 2761 3261 sole
2798 3216 2972 3260 motus
3019 3204 3107 3260 ille
3137 3219 3406 3275 nunquam
3438 3192 3663 3268 recedit,

408 3312 529 3356 esse
572 3301 822 3372 possibile
844 3342 859 3366 ,
914 3302 1034 3373 quia
1075 3304 1183 3372 jam
1233 3312 1310 3357 est
1340 3312 1480 3357 actu.
1506 3302 1668 3373 Cujus
1713 3300 1977 3373 possibili-
2007 3287 2053 3359 6
2083 3302 2180 3358 sed
2206 3318 2273 3357 ne
2303 3301 2383 3355 sol
2413 3297 2625 3368 quidem
2652 3298 2764 3369 ipse
2793 3312 2913 3351 esse
2936 3296 3163 3351 desinet.
3190 3296 3283 3350 llis
3317 3308 3447 3365 ergo
3469 3292 3665 3365 praedi-

408 3394 528 3453 tatis
569 3394 710 3449 modi
743 3394 871 3450 duas
921 3404 1097 3465 partes
1123 3409 1243 3451 esse
1285 3394 1561 3455 docuimus
1610 3412 1625 3449 :
1682 3410 1839 3455 unam
1874 3396 1982 3451 sci~

409 3488 532 3552 licet
562 3505 719 3558 quam
750 3492 1104 3548 necessariam
1134 3492 1384 3557 dicimus,
1423 3492 1644 3549 alteram
1678 3507 1837 3563 quam
1871 3508 1979 3549 non

409 3588 761 3649 necessariam
809 3587 1181 3656 praedicamus.
1217 3585 1387 3655 Hujus
1426 3595 1751 3643 autemnon
1794 3601 1983 3643 neces-

408 3680 562 3735 sariae
591 3680 709 3735 dum
742 3696 927 3736 rursus
968 3689 1147 3749 partes
1172 3690 1295 3735 sunt
1324 3695 1340 3731 :
1371 3695 1472 3735 una
1501 3693 1620 3748 qua:
1659 3694 1687 3735 a
1719 3688 1982 3749 potestate

408 3772 648 3839 pervenit
675 3772 740 3826 ad
770 3784 977 3836 actum;
1010 3773 1177 3829 altera
1202 3787 1320 3842 quae
1342 3787 1558 3841 semper
1579 3781 1700 3828 actu
1734 3771 1852 3840 fuit,
1885 3772 1983 3829 ali-

408 3865 621 3933 quando
650 3865 858 3920 resilla
898 3880 1017 3935 quae
1059 3866 1411 3936 susceptibilis
1449 3867 1592 3923 illius
1639 3874 1723 3921 est
1764 3866 1883 3935 fuit,
1924 3874 1979 3923 et

410 3940 501 4009 illa
555 3955 771 4024 quidem
818 3971 936 4023 quas
982 3970 1013 4009 a
1062 3957 1416 4025 possibilitate
1468 3959 1534 4013 ad
1583 3967 1761 4014 actum
1795 3960 1977 4029 venit,

412 4047 690 4115 utriusque
720 4047 883 4115 partis
911 4049 1347 4105 contradictionis
1389 4053 1749 4120 susceptibilis
1793 4062 1895 4119 est,
1926 4063 1984 4109 ut

409 4153 551 4197 nunc
579 4154 681 4208 ego
726 4139 924 4206 scribo,
972 4149 1027 4196 et
1052 4155 1116 4196 ex
1154 4150 1411 4211 potestate
1447 4144 1513 4199 ad
1556 4154 1729 4199 actum
1758 4146 1901 4212 veni,
1929 4154 1985 4203 et

410 4244 574 4300 agens
610 4246 827 4300 possunt
860 4232 1118 4289 scribere.
1160 4236 1300 4289 Ante
1327 4235 1467 4290 enim
1496 4252 1653 4306 quam
1689 4236 1983 4292 scriberem

413 4332 529 4376 erat
570 4322 699 4379 mihi
732 4324 1000 4379 scribendi
1028 4324 1287 4394 potentia.
1328 4326 1431 4381 Sed
1465 4343 1529 4381 ex
1558 4336 1821 4395 potestate
1852 4330 1985 4384 seri-

413 4414 570 4473 bendi
614 4416 732 4469 veni
761 4416 827 4471 ad
855 4425 1032 4472 actum
1062 4417 1351 4473 scribendi.
1385 4419 1559 4485 Quare
1588 4428 1811 4489 utraque
1856 4420 1986 4477 mibi

414 4505 739 4565 conveniunt
768 4518 818 4562 et
844 4508 1083 4565 scribere
1112 4518 1160 4563 et
1187 4523 1290 4562 non
1319 4509 1576 4575 scribere,
1606 4526 1819 4578 possum
1844 4510 1983 4565 enim

412 4608 466 4655 et
496 4614 602 4655 non
646 4601 903 4666 scribere,
936 4618 1156 4672 possum
1204 4612 1259 4658 et
1286 4604 1544 4667 scribere,
1582 4620 1699 4673 qua:
1728 4614 1811 4663 est
1853 4621 1987 4675 quo-

2086 3394 2187 3447 clis
2214 3392 2265 3445 id
2292 3390 2356 3444 ad
2379 3390 2519 3463 quod
2543 3390 2657 3444 hac
2682 3388 2954 3459 prmmissa
2975 3394 3120 3454 sunt,
3148 3385 3200 3442 id
3226 3395 3308 3442 est
3328 3398 3664 3457 consequen-

2090 3488 2160 3545 tia
2191 3485 2615 3558 propositionum
2644 3483 2947 3556 diligentius
2976 3479 3318 3552 exsequenda
3345 3488 3445 3535 est.

2158 3580 2543 3650 Consequentia
2570 3596 2684 3633 vero
2728 3578 3009 3632 secundum
3042 3576 3273 3631 ordinem
3304 3574 3432 3643 ﬁunt
3475 3572 3547 3627 ita
3574 3588 3664 3643 po-

2087 3674 2343 3730 nentibus.
2374 3672 2467 3729 Illi
2495 3673 2626 3728 enim
2656 3688 2771 3741 qua:
2790 3680 2887 3738 est,
2917 3670 3159 3738 possibile
3182 3678 3254 3723 est
3286 3683 3413 3733 esse,
3440 3666 3667 3737 sequitur
3751 3704 3766 3717 .

2085 3770 2179 3835 illa
2198 3787 2314 3839 qua?
2339 3780 2431 3833 est,
2463 3773 2756 3839 contingens
2788 3783 2914 3830 esse,
2941 3775 2986 3822 et
3008 3768 3113 3821 haec
3142 3765 3219 3819 illi
3248 3762 3576 3828 convertitur,
3621 3766 3668 3813 et

2087 3882 2190 3920 non
2229 3863 2540 3935 impossibile
2577 3872 2717 3925 esse,
2778 3869 2824 3914 et
2866 3876 2969 3913 non
3011 3856 3350 3912 necessarium
3395 3870 3523 3909 esse.
3573 3850 3669 3905 Illi

2087 3975 2202 4017 vero
2224 3973 2340 4027 quis
2358 3966 2453 4018 est,
2483 3954 2718 4023 possibile
2738 3968 2839 4006 non
2865 3966 2993 4017 esse,
3020 3959 3065 4003 et
3088 3949 3384 4018 contingens
3415 3962 3516 3999 non
3538 3960 3667 4012 esse,

2086 4066 2148 4111 ea
2176 4064 2291 4120 qua:
2318 4057 2410 4113 est,
2444 4063 2544 4100 nou
2572 4044 2909 4100 necessarium
2932 4057 3033 4094 non
3056 4056 3178 4099 esse,
3213 4047 3259 4089 et
3284 4054 3385 4089 non
3416 4037 3668 4107 impossi-

2091 4140 2189 4195 bile
2217 4138 2319 4195 non
2354 4154 2482 4194 esse.
2512 4136 2603 4191 Illi
2635 4150 2750 4189 vero
2779 4147 2893 4201 qua:
2918 4139 3014 4197 est,
3061 4146 3165 4182 non
3195 4126 3431 4196 possibile
3460 4141 3587 4191 esse,
3620 4134 3669 4177 et

2092 4250 2193 4289 non
2219 4232 2513 4302 contingens
2536 4244 2661 4292 €880,
2697 4244 2755 4281 ea
2776 4240 2890 4295 qua:
2917 4231 3010 4289 881,
3047 4217 3385 4274 necessarium
3412 4231 3513 4269 non
3536 4230 3663 4283 8888,

2091 4341 2137 4387 et
2167 4327 2478 4401 impossibile
2505 4341 2631 4381 esse.
2664 4321 2756 4379 Illi
2786 4337 2901 4378 t'ero
2924 4336 3035 4390 quw
3055 4324 3148 4383 est,
3180 4331 3283 4369 non
3308 4310 3545 4384 possibile
3565 4326 3667 4363 non

2090 4439 2218 4489 esse,
2242 4431 2285 4476 et
2314 4438 2412 4475 non
2443 4420 2739 4489 contingens
2773 4432 2873 4471 non
2899 4429 3027 4479 esse,
3060 4411 3151 4465 illa
3179 4422 3294 4480 quae
3336 4414 3429 4471 est,
3470 4410 3669 4456 necesse

2088 4523 2162 4569 est
2199 4530 2325 4568 esse.
2363 4510 2431 4565 Et
2467 4507 2776 4580 impossibile
2804 4522 2907 4561 non
2951 4518 3078 4569 esse,
3115 4497 3463 4554 consideretur
3499 4502 3669 4548 autem

2091 4621 2154 4661 ea:
2182 4602 2549 4672 subscriptione
2570 4600 2705 4668 quod
2728 4598 2961 4651 dicimus.

413 4690 697 4747 dummodo
725 4693 1097 4751 contradictio.
1130 4698 1304 4764 Atque
1333 4694 1455 4751 ideo
1480 4711 1809 4766 quaecunque
1839 4713 1865 4749 a
1894 4712 1986 4767 po-
2013 4679 2068 4743 )
2164 4695 2289 4751 Haec
2322 4693 2637 4749 Aristoteles
2670 4686 3071 4744 consentienter
3098 4683 3184 4737 his
3224 4695 3342 4752 quae
3372 4695 3470 4735 nos
3511 4692 3670 4747 supra

412 4789 602 4839 testate
630 4784 694 4837 ad
722 4796 899 4839 actum
923 4785 1163 4849 veniunt,
1193 4800 1253 4840 ea
1282 4794 1335 4840 et
1359 4784 1533 4841 facere
1558 4800 1771 4854 possum
1802 4797 1856 4843 et
1879 4804 1985 4843 non

411 4875 608 4942 facere,
628 4886 682 4931 et
709 4892 827 4933 esse
848 4888 901 4931 et
923 4893 1027 4933 non
1054 4892 1195 4945 esse,
1230 4888 1281 4933 ut
1312 4879 1401 4949 qui
1429 4879 1684 4948 loquitur,
1715 4878 1838 4948 quia
1862 4888 1986 4936 ante

414 4970 581 5037 potuit
624 4969 769 5040 loqui
804 4986 962 5039 quam
1005 4972 1335 5041 loqueretur.
1365 4981 1420 5027 et
1464 4988 1603 5027 nunc
1646 4973 1768 5029 ideo
1813 4982 1988 5043 potest

413 5062 555 5131 loqui
585 5065 708 5133 quia
734 5064 989 5133 loquitur,
1019 5074 1071 5119 et
1102 5074 1277 5133 potest
1306 5065 1450 5135 loqui
1480 5075 1535 5121 et
1563 5074 1739 5133 potest
1768 5082 1873 5122 non
1910 5066 1991 5122 lo-

411 5158 521 5226 qui.
553 5159 665 5213 Alia
691 5174 820 5214 vero
844 5175 965 5229 quin
988 5175 1258 5229 nunquam
1288 5173 1442 5216 antea
1468 5170 1728 5229 potestate
1752 5160 1870 5227 fuit,
1893 5162 1988 5218 sed

411 5265 624 5321 semper
651 5264 794 5317 actu,
823 5253 1114 5321 aliquando
1144 5268 1235 5309 res
1262 5254 1374 5323 ipsa
1403 5253 1500 5307 fuit
1520 5270 1636 5322 quin
1662 5256 1861 5324 aliquid
1893 5271 1990 5325 po-

414 5353 603 5400 testate
651 5361 772 5401 esse
813 5347 1107 5413 diceretur,
1153 5346 1219 5398 ad
1268 5359 1429 5399 unam
1472 5361 1583 5399 rem
1631 5355 1837 5402 tantum
1866 5356 1988 5416 apta

409 5448 514 5507 est,
550 5449 609 5492 ut
635 5441 773 5507 ignis
802 5456 1073 5507 nunquam
1104 5440 1205 5494 fuit
1232 5448 1358 5493 ante
1389 5447 1653 5508 potestate
1678 5439 1902 5500 calidus,
1932 5447 1991 5493 ut

408 5540 593 5601 postea
627 5531 836 5584 calidus
862 5543 982 5585 actu
1013 5534 1328 5599 sentiretur;
1360 5546 1459 5585 nec
1491 5533 1577 5585 nix
1610 5541 1765 5585 antea
1799 5530 1987 5600 frigida

407 5632 701 5696 potestate,
741 5634 861 5693 post
903 5634 1045 5678 actu.
1082 5626 1187 5681 Sed
1234 5626 1520 5697 aliquando
1557 5626 1653 5680 fuit
1690 5626 1825 5693 ignis
1868 5635 1989 5679 actu

407 5718 642 5785 calidus,
675 5718 772 5772 fuit
814 5727 868 5772 et
895 5719 1180 5788 aliquando
1220 5723 1311 5776 nix
1351 5720 1538 5791 frigida
1566 5731 1706 5775 actu.
1733 5720 1990 5787 Quocirca

409 5814 495 5870 ha:
524 5814 781 5885 petentia:
804 5826 913 5865 non
938 5822 1064 5868 sunt
1093 5824 1231 5886 aptae
1263 5815 1327 5871 ad
1358 5823 1603 5885 utraque.
1635 5813 1819 5882 Neque
1846 5813 1989 5869 enim

412 5902 549 5976 ignis
578 5904 750 5977 frigus
777 5904 1078 5975 incurrere,
1126 5921 1228 5964 nec
1253 5907 1341 5964 nix
1382 5904 1614 5963 calidum
1634 5918 1870 5977 unquam
1896 5919 1994 5977 ρος

2096 4788 2454 4859 praemisimus
2478 4783 2681 4838 addidit
2710 4782 2775 4834 de
2808 4777 3186 4848 consequentia
3219 4774 3669 4844 propositionum,

2092 4897 2212 4953 quae
2243 4880 2340 4933 etsi
2366 4875 2647 4931 manifesta
2668 4881 2790 4929 sunt
2812 4880 2965 4926 acute
2993 4868 3460 4939 perSpicientibus,
3494 4876 3671 4921 tamen

2101 4991 2170 5031 ne
2208 4988 2307 5028 nos
2336 4972 2469 5025 nihil
2520 4968 2643 5023 huic
2682 4981 2894 5038 quoque
2936 4963 3056 5019 loco
3085 4962 3351 5016 addidisse
3375 4960 3671 5025 videamur,

2113 5068 2429 5125 brevissima
2459 5063 2790 5132 expositione
2815 5075 2875 5114 ea
2906 5057 3286 5127 percurrimus.
3318 5053 3556 5110 Primum
3581 5067 3674 5105 vo-

2105 5161 2203 5216 luit
2252 5159 2653 5218 demonstrare,
2686 5152 2933 5223 quoniam
2973 5162 3300 5221 qumounque
3336 5145 3403 5200 de
3430 5142 3675 5214 possibili

2112 5252 2447 5315 dicerentur,
2479 5264 2541 5303 ea
2570 5247 2731 5302 etiam
2761 5246 2829 5299 de
2854 5240 3178 5313 contingenti
3208 5236 3545 5292 veracissitne
3568 5232 3676 5288 dici

2103 5353 2349 5415 possunt,
2384 5352 2543 5411 atque
2572 5338 2692 5394 ideo
2740 5336 2813 5393 ait
2843 5334 2914 5390 illi
2959 5348 3076 5401 quas
3106 5340 3209 5396 εει,
3261 5325 3515 5397 possibile
3554 5337 3675 5379 esse

2096 5449 2513 5507 consequentem
2545 5447 2666 5489 esse
2697 5430 2840 5485 illam
2870 5442 2987 5497 quae
3018 5424 3164 5484 dicit,
3190 5420 3496 5491 contingere
3530 5431 3673 5472 esse.

2099 5535 2163 5589 Et
2187 5548 2255 5588 ne
2282 5532 2334 5587 in
2370 5532 2451 5586 his
2480 5526 2675 5595 aliquid
2709 5524 3018 5589 discrepans
3045 5517 3333 5579 videretur,
3368 5511 3563 5582 adjecit
3609 5510 3678 5563 ii-

2096 5643 2247 5693 cens,
2284 5627 2347 5680 Et
2376 5624 2487 5677 haec
2519 5621 2591 5675 illi
2623 5614 2967 5677 convertitur,
2994 5620 3055 5666 ut
3086 5607 3503 5677 intelligeremus
3530 5601 3676 5672 quod

2097 5728 2241 5775 esset
2273 5713 2528 5786 p0ssibile
2572 5712 2675 5765 hoc
2710 5705 3037 5776 contingere,
3080 5700 3296 5770 etquod
3338 5698 3676 5765 contingeret

2102 5809 2230 5866 illud
2258 5821 2383 5863 esse
2408 5801 2685 5875 possibile,
2708 5813 2872 5871 quare
2895 5811 3015 5867 quae
3039 5792 3139 5851 sibi
3178 5795 3581 5871 convertuntur,
3610 5799 3677 5875 ea

2104 5900 2329 5973 conslia
2367 5868 2494 5958 sunt
2521 5904 2681 5969 atque
2717 5868 2927 5955 eadem.
2959 5886 3226 5962 Quidquid
3268 5896 3395 5954 ergo
3419 5868 3666 5950 impossio
