4296 6266
657 459 760 517 599

1875 454 1987 509 AN.
2030 453 2237 509 MANL.
2279 453 2430 512 SEV.
2470 451 2689 510 BOETII

3798 461 3903 517 εθυ

654 572 763 629 bile
783 572 885 627 dici
916 577 1107 639 potest,
1137 568 1276 623 idem
1302 540 1717 639 inlcontingenti
1740 567 2081 637 praedicatur,
2116 566 2229 621 base
2255 568 2309 628 Α
2330 568 2438 625 bile
2465 583 2570 625 non
2598 583 2739 635 esse,
2768 581 2825 626 et
2843 571 2895 625 ei
2923 585 3044 640 quae
3072 579 3156 626 est
3192 570 3503 641 contingere
3528 587 3633 629 non
3668 590 3786 634 esse
3812 579 3900 634 illa

654 676 801 731 ergo,
836 659 887 713 id
914 667 995 714 est
1023 660 1338 727 contingens
1368 667 1422 713 et
1446 658 1701 730 possibile
1728 661 1879 729 sequi
1908 657 2041 713 dixit
2079 659 2225 713 illam

654 752 1069 823 propositionem
1097 767 1215 820 quas
1256 751 1478 818 diceret,
1516 768 1620 807 non
1647 750 1977 822 impossibile
2002 766 2142 817 esse,
2175 765 2230 810 et

652 863 769 903 eam
822 860 941 915 qua:
987 845 1354 902 necessarium
1406 855 1586 915 negat,
1635 846 1685 899 id
1726 854 1807 899 est
1852 861 1957 898 non
2009 860 2228 902 necesse

653 956 796 997 esse.
830 941 917 996 Ait
946 940 1091 995 enim
1116 958 1131 993 ;
1162 940 1241 996 Illi
1269 940 1411 995 enim
1442 954 1560 1010 quae
1583 946 1667 994 est
1694 938 1949 1008 possibile
1971 954 2110 1005 esse,
2136 940 2227 994 illa

655 1048 777 1103 quae
800 1043 881 1088 est
923 1035 1238 1104 contingere
1269 1046 1410 1097 esse,
1444 1041 1497 1086 et
1525 1032 1638 1087 haec
1676 1030 1753 1086 illi
1783 1033 2128 1098 convertitur,
2173 1042 2229 1087 et

652 1138 714 1179 ea
746 1138 865 1194 quae
887 1133 990 1190 est,
1020 1140 1123 1178 non
1153 1123 1482 1192 impossibile
1507 1136 1628 1177 esse
1648 1131 1703 1177 et
1730 1137 1835 1176 non
1866 1122 2225 1176 necessarium

656 1233 799 1285 esse,
849 1226 1098 1287 tanquam
1140 1218 1185 1271 si
1218 1217 1320 1271 hoc
1355 1216 1578 1281 diceret,
1611 1225 1665 1269 et
1695 1215 1945 1285 possibile
1984 1228 2103 1269 esse
2143 1228 2230 1268 se-
2264 1273 2273 1283 _

653 1311 834 1381 quitur
854 1309 1234 1378 contingentia.
1272 1307 1339 1361 Et
1368 1305 1482 1360 haec
1510 1316 1732 1373 utraque
1772 1304 1874 1358 sibi
1905 1312 2229 1358 convertun-

654 1411 762 1468 tur,
803 1400 896 1455 sed
935 1399 1033 1454 bas
1072 1398 1318 1467 sequitur
1357 1411 1463 1450 non
1511 1394 1841 1466 impossibile
1886 1408 2005 1449 esse
2040 1402 2092 1448 et
2123 1407 2229 1447 non

652 1493 1018 1550 necessarium
1047 1505 1185 1555 esse,
1218 1489 1321 1543 hoc
1353 1503 1512 1557 quam
1544 1496 1691 1542 recte
1720 1487 1915 1541 dictum
1949 1487 2017 1539 sit
2060 1485 2230 1541 nemi-

652 1602 773 1641 nem
799 1588 947 1640 latet.
980 1584 1111 1638 Nam
1144 1583 1288 1652 quod
1314 1590 1393 1637 (St
1422 1581 1680 1650 possibile
1705 1596 1844 1644 esse,
1876 1579 1927 1634 id
1953 1594 2075 1635 esse
2094 1594 2230 1633 con-

652 1679 827 1750 tingit,
861 1687 917 1733 ut
947 1677 1018 1733 sit
1046 1692 1153 1731 non
1180 1674 1506 1745 impossibile
1536 1686 1677 1728 esse.
1705 1672 1837 1726 Nam
1870 1672 1917 1725 si
1960 1682 2101 1726 esset
2130 1672 2233 1724 im-

651 1770 931 1843 possibile,
964 1785 1070 1823 non
1098 1769 1366 1822 diceretur
1395 1780 1553 1836 posse
1579 1778 1721 1828 esse,
1748 1764 1888 1833 quod
1918 1772 1976 1817 ut
2006 1778 2112 1817 non
2145 1777 2232 1817 es-

653 1874 739 1920 set
762 1864 908 1932 iratio
944 1860 1388 1931 itnpossibilitatis
1430 1858 1766 1926 astringeret.
1798 1856 1940 1925 Ergo
1987 1854 2041 1909 id
2083 1854 2227 1924 quod

651 1930 830 2029 potest
849 1971 988 2022 esse,
1019 1930 1124 2008 non
1156 1949 1485 2021 impossibile
1507 1958 1589 2004 est
1610 1962 1749 2003 esse.
1769 1947 2025 2002 Similiter
2046 1954 2225 2002 autem
2259 1930 2308 1989 Β

650 2068 761 2109 non
784 2060 867 2107 est
894 2063 1114 2106 necesse
1143 2061 1282 2115 esse,
1311 2044 1359 2098 id
1384 2043 1524 2114 quod
1553 2056 1708 2111 posse
1732 2054 1853 2095 esse
1878 2038 2089 2095 dicitur.
2115 2039 2227 2094 Hoc

651 2152 831 2199 autem
858 2141 1055 2196 idcirco
1096 2139 1293 2202 evenit,
1324 2136 1444 2206 quia
1491 2134 1542 2187 id
1578 2131 1719 2201 quod
1748 2130 2002 2202 possibile
2030 2130 2226 2200 prmdi-

650 2249 834 2291 camus
870 2232 936 2286 ad
975 2240 1256 2299 utramque
1286 2236 1490 2298 partem
1523 2228 1678 2284 facile
1704 2227 1951 2283 vertitur.
1998 2225 2133 2280 Nam
2172 2231 2228 2280 et

650 2336 709 2383 ut
729 2326 799 2381 sit
830 2325 941 2380 fieri
971 2333 1144 2393 potest
1172 2332 1225 2378 et
1255 2332 1309 2377 ut
1332 2336 1438 2377 non
1478 2322 1563 2376 sit.
1597 2321 1665 2375 At
1699 2334 1826 2375 vero
1855 2317 2146 2373 necessitas
2170 2326 2227 2372 et

648 2416 1052 2487 impossibilitas
1082 2416 1134 2469 in
1178 2415 1436 2469 alterutra
1466 2423 1617 2483 parte
1656 2411 2057 2481 constringitur.
2090 2408 2226 2463 Nam

649 2509 793 2582 quod
844 2507 1172 2577 impossibile
1218 2514 1303 2561 est
1356 2519 1496 2569 esse,
1539 2518 1657 2559 esse
1699 2518 1967 2574 nunquam
2022 2509 2222 2571 potest.

650 2601 819 2657 Porro
844 2610 1018 2656 autem
1046 2598 1187 2669 quod
1216 2612 1438 2652 necesse
1478 2605 1561 2651 est
1601 2611 1742 2661 esse,
1776 2612 1883 2651 non
1924 2610 2045 2651 esse
2084 2609 2225 2649 nun-

649 2710 807 2769 quam
859 2701 1055 2764 potest.
1101 2692 1242 2761 Ergo
1298 2690 1350 2745 id
1398 2690 1538 2760 quod
1590 2703 1845 2758 negamus
1894 2686 2227 2755 impossibile

650 2802 790 2853 esse,
810 2785 1115 2841 consentire
1143 2782 1371 2836 facimus
1403 2779 1759 2849 possibilitati.
1790 2779 1844 2833 ld
1876 2790 2053 2834 autem
2080 2778 2225 2847 quod

650 2892 907 2951 negamus
958 2874 1339 2938 necessarium,
1390 2886 1576 2926 rursus
1633 2869 1805 2923 cidem
1855 2879 2060 2922 naturae
2114 2867 2224 2921 vim

649 2969 1016 3044 possibilitatis
1041 2967 1403 3037 adiungimus,
1435 2973 1493 3017 ut
1517 2963 1708 3017 sithoc
1736 2961 1895 3017 modo
1914 2959 2222 3027 dicendum,

650 3073 705 3121 et
731 3071 789 3117 ut
818 3062 997 3117 verius
1024 3060 1328 3129 loquamur,
1360 3054 1435 3108 ita
1462 3053 1749 3109 dicendum
1787 3060 1888 3115 est,
1920 3049 2061 3121 quod
2100 3063 2226 3120 pos-

650 3154 804 3210 sibile
832 3162 916 3209 est
954 3162 1007 3206 et
1035 3165 1157 3206 esse
1200 3157 1374 3219 potest
1420 3154 1476 3202 et
1515 3162 1621 3201 non
1663 3160 1803 3201 esse.
1836 3144 2041 3198 Rursus
2082 3140 2223 3211 quod

649 3244 981 3316 impossibile
1008 3252 1092 3298 est
1128 3256 1270 3308 esse,
1305 3255 1410 3295 non
1450 3246 1627 3310 potest
1659 3252 1799 3302 esse,
1829 3235 1972 3306 quod
2001 3248 2223 3290 necesse

652 3296 755 3403 est:
805 3352 911 3391 non
964 3343 1140 3404 potest
1193 3350 1299 3387 non
1346 3346 1486 3389 esse.
1548 3330 1692 3399 Ergo
1742 3330 1789 3382 si
1836 3327 2224 3397 impossibilem
2253 3296 2301 3360 ο

660 3426 1086 3481 enuntiationem
1131 3423 1428 3491 negationis
1459 3420 1755 3487 adjectione
1794 3418 2121 3489 frangamus,
2152 3417 2233 3472 di-

653 3524 839 3571 centes
868 3528 973 3567 non
1005 3512 1335 3581 impossibile
1370 3523 1512 3569 esse,
1557 3508 1632 3561 illi
1660 3516 1865 3575 partem
1913 3508 2234 3575 possibilita-

653 3606 725 3661 tis
749 3602 1103 3674 adjungimus,
1152 3600 1205 3654 in
1250 3614 1351 3669 qua
1398 3612 1518 3653 esse
1547 3611 1704 3665 posse
1743 3597 1941 3667 aliquid
1980 3599 2229 3655 dicimus.

552 3682 571 3701 ’
653 3696 752 3752 Sin
772 3709 901 3749 vero
930 3691 1249 3748 necessaria:
1276 3688 1661 3760 propositionis
1688 3689 1917 3759 rigorem
1950 3691 2232 3761 negatione

653 3790 960 3845 minuamus
989 3785 1251 3852 dicentes,
1287 3797 1392 3838 non
1442 3797 1665 3838 necesse
1692 3798 1833 3850 esse,
1882 3784 2010 3837 illud
2054 3783 2234 3838 evenit
2290 3788 2297 3799 ’

656 3891 714 3935 ut
754 3879 819 3934 ad
856 3894 971 3934 eam
1016 3886 1219 3946 partem
1262 3878 1619 3931 necessariam
1652 3875 2073 3945 propositionem
2131 3888 2228 3941 ap-

654 3974 939 4047 plicemus,
991 3983 1108 4038 qna:
1159 3971 1209 4024 in
1261 3969 1613 4039 possibilitate
1652 3976 1755 4032 est,
1806 3974 1864 4020 ut
1906 3968 2076 4034 possit
2124 3979 2231 4020 non

654 4083 796 4126 esse.
820 4069 996 4136 Quare
1028 4066 1435 4137 possibilitatem
1464 4065 1705 4133 sequitur
1730 4076 1837 4116 non
1869 4074 1991 4116 esse
2025 4060 2231 4131 impos-

652 4163 827 4231 sibile,
859 4161 1059 4218 idcirco
1085 4162 1207 4229 quia
1248 4160 1389 4228 quod
1433 4158 1684 4226 possibile
1712 4166 1816 4221 est,
1863 4155 1979 4211 fieri
2010 4155 2227 4224 poterit,

652 4240 896 4309 eamdem
953 4250 1362 4323 possibilitatem
1412 4261 1598 4300 rursus
1648 4246 1886 4314 sequitur
1933 4244 2233 4313 propositio

653 4361 773 4414 qua:
801 4344 951 4409 dicit,
982 4356 1085 4394 non
1128 4353 1350 4393 necesse
1394 4347 1477 4392 est
1508 4351 1651 4400 esse,
1686 4336 1886 4389 idcirco
1924 4336 2050 4401 quia
2087 4333 2233 4402 quod

653 4436 911 4505 possibile
949 4444 1054 4498 est,
1088 4430 1285 4503 poterit
1330 4440 1384 4484 et
1422 4443 1529 4483 non
1554 4442 1694 4483 esse.
1730 4427 1900 4481 Aliter
1930 4426 2071 4481 idem
2102 4426 2234 4480 dici-

655 4545 797 4596 mus,
828 4528 966 4598 quod
1013 4526 1263 4596 possibile
1292 4533 1374 4579 est
1406 4538 1508 4577 non
1539 4530 1623 4578 est
1646 4536 1829 4576 verum
1871 4520 2072 4585 dicere,
2099 4534 2233 4589 quo-

653 4621 797 4676 niam
832 4617 1159 4687 impossibile
1185 4625 1289 4681 est,
1322 4616 1443 4684 quia
1475 4614 1588 4669 fieri
1616 4622 1813 4685 potest.
1847 4612 2053 4666 Rursus
2084 4610 2227 4681 quod

655 4710 968 4782 possibibile
1003 4720 1104 4774 est,
1135 4724 1239 4762 non
1273 4716 1357 4761 est
1390 4722 1571 4761 verum
1600 4706 1803 4766 dicere,
1847 4703 2097 4775 quoniam
2130 4717 2227 4757 ne-

655 4820 807 4859 cesse
831 4813 933 4859 est.
963 4804 1145 4859 Potest
1172 4803 1312 4857 enim
1343 4801 1483 4870 quod
1512 4800 1767 4870 possibile
1796 4810 1879 4853 est
1908 4813 2051 4862 esse,
2088 4795 2226 4850 idem

657 4913 763 4952 non
805 4911 943 4951 esse.
977 4897 1151 4962 Quare
1186 4895 1228 4948 si
1262 4894 1327 4948 de
1359 4892 1714 4963 possibilitate
1745 4889 2150 4959 impossibilitas
2176 4898 2231 4943 et

654 4988 947 5044 necessitas
977 4996 1121 5040 recte
1160 4983 1263 5035 dici
1296 4998 1401 5036 non
1442 4990 1642 5051 potest,
1685 4996 1869 5035 eorum
1918 4981 2231 5047 negationes

655 5076 992 5149 possibilitati
1037 5074 1391 5137 consrntient,
1432 5087 1551 5141 qua:
1593 5070 1715 5125 sunt
1757 5084 1861 5123 non
1902 5068 2231 5137 impossibile

655 5185 777 5225 esse
804 5179 857 5225 et
889 5183 992 5222 non
1025 5164 1389 5221 necessarium
1417 5178 1556 5218 esse.
1602 5163 1707 5218 Sed
1738 5162 2051 5217 meminisse
2078 5159 2242 5216 debe-

654 5276 777 5316 mus
807 5260 1049 5316 eamdem
1089 5271 1302 5326 semper
1344 5257 1397 5310 in
1430 5255 1679 5327 omnibus
1719 5255 1787 5311 de
1827 5255 2154 5324 contingenti
2182 5266 2241 5314 et

654 5352 723 5405 de
757 5351 1006 5421 possibili
1038 5350 1299 5403 rationem
1349 5362 1489 5402 esse.
1542 5347 1617 5403 De
1641 5362 1706 5402 eo
1748 5346 1955 5403 scilicet
1999 5348 2241 5420 possibili

654 5444 796 5515 quod
822 5457 943 5497 cum
975 5442 1151 5497 adhuc
1179 5456 1283 5494 non
1316 5443 1385 5494 sit
1420 5440 1613 5509 poterit
1644 5448 1821 5495 tamen
1865 5456 1986 5497 esse
2015 5453 2105 5495 aut
2134 5458 2242 5498 non

651 5551 795 5592 esse.
840 5536 1013 5591 Aliam
1045 5548 1231 5587 rursus
1272 5533 1708 5600 consequentiam
1740 5531 1873 5587 dicit
1906 5532 2007 5587 hoc
2035 5533 2231 5587 modo:

651 5624 731 5681 illi
764 5640 890 5680 vero
914 5641 1031 5694 qua)
1061 5633 1143 5679 est
1164 5625 1418 5692 possibile
1446 5640 1549 5677 non
1574 5639 1695 5680 esse
1724 5634 1777 5679 et
1797 5625 2108 5687 contingere
2128 5638 2236 5679 non

657 5735 797 5783 esse,
836 5719 921 5771 illa
954 5733 1071 5785 qme
1101 5724 1183 5771 est
1214 5733 1321 5771 non
1358 5719 1719 5772 necessarium
1755 5732 1863 5771 non
1893 5731 2015 5771 esse
2046 5727 2099 5769 et
2128 5729 2235 5768 non

658 5810 989 5877 impossibile
1025 5825 1127 5862 non
1171 5824 1291 5862 esse
1319 5821 1536 5877 propter
1562 5809 1807 5863 eamdem
1834 5822 2049 5862 causam
2092 5805 2232 5860 hanc

658 5916 871 5975 quoque
893 5901 1322 5967 consequentiam
1346 5901 1495 5955 dicit.
1523 5900 1606 5955 Illi
1633 5900 1776 5955 enim
1805 5914 1925 5967 quae
1944 5908 2028 5955 est
2051 5898 2228 5969 possi-

2256 4669 2313 4731 1)

2331 663 2637 716 consentire
2656 662 2729 716 ait
2749 678 2868 733 quae
2888 662 3037 731 dicit,
3067 679 3171 719 non
3196 680 3417 722 necesse
3437 680 3542 720 non
3568 681 3710 735 esse,
3730 680 3784 724 et
3804 686 3905 727 non

2331 754 2665 825 impossibile
2690 770 2795 811 non
2828 772 2972 813 esse.
2999 757 3110 814 Hoc
3138 770 3314 815 autem
3340 759 3484 827 ideo,
3511 763 3633 831 quia
3656 764 3795 829 quod
3820 779 3910 834 po-

2330 858 2434 904 test
2461 864 2567 903 non
2589 864 2730 912 esse,
2761 859 2939 921 petest
2958 852 3117 907 etiam
3142 866 3281 907 esse.
3312 850 3380 906 Et
3409 867 3595 908 rursus
3615 854 3760 924 quod
3783 871 3884 912 con

2332 942 2489 1013 tingit
2517 958 2624 997 non
2650 957 2789 1009 esse,
2821 943 3080 1015 contingit
3100 958 3242 1000 esse.
3264 947 3334 1000 At
3355 960 3484 1000 vero
3508 947 3650 1016 quod
3680 963 3903 1005 necesse

2330 1040 2413 1086 est
2439 1048 2542 1111 non
2569 1047 2709 1099 esse,
2741 1033 2871 1089 illud
2910 1049 3014 1089 non
3046 1043 3221 1103 potest
3250 1049 3387 1100 esse,
3418 1037 3561 1106 quod
3584 1048 3763 1094 autem
3805 1040 3908 1095 im-

2333 1124 2589 1193 possibile
2630 1138 2844 1181 estnon
2888 1142 3028 1194 esse,
3072 1127 3199 1181 illud
3242 1142 3347 1182 non
3379 1143 3500 1184 esse
3539 1145 3644 1185 non
3690 1134 3907 1200 poterit.

2332 1200 2509 1283 Quare
2532 1232 2565 1272 a
2592 1218 2831 1286 possibili
2861 1227 3097 1285 utraeque
3122 1218 3445 1288 discrepant.
3469 1218 3707 1291 Namque
3737 1223 3909 1291 possi-

2331 1307 2519 1361 bilitati
2549 1323 2666 1377 qua:
2709 1322 2867 1375 posse
2894 1308 3089 1377 aliquid
3120 1322 3241 1363 esse
3267 1310 3547 1377 promittit,
3575 1313 3905 1367 contrarium

2331 1399 2499 1454 sentit
2541 1414 2604 1453 ea
2634 1415 2752 1469 qua:
2782 1386 2910 1455 dicit
2956 1414 3177 1455 necesse
3218 1413 3339 1455 esse
3382 1415 3488 1457 non
3518 1416 3661 1457 esse.
3702 1400 3910 1458 Rursus

2332 1494 2455 1563 quia
2487 1494 2817 1563 possibilitas
2858 1493 3019 1548 habet
3056 1493 3108 1547 in
3139 1507 3198 1548 se
3228 1494 3355 1561 vim,
3386 1504 3446 1550 ut
3476 1493 3528 1547 id
3566 1494 3705 1564 quod
3738 1505 3911 1564 potest

2332 1602 2473 1654 esse,
2505 1588 2672 1655 possit
2694 1598 2746 1643 et
2784 1603 2891 1642 non
2935 1603 3079 1653 esse,
3107 1589 3354 1644 dissentit
3380 1589 3449 1644 ab
3474 1605 3537 1645 ea
3578 1590 3910 1661 multumque

2332 1678 2600 1749 discrepat
2627 1694 2745 1749 quae
2781 1679 2911 1734 dicit
2934 1679 3262 1747 impossibile
3290 1694 3411 1735 esse
3451 1694 3555 1735 non
3587 1695 3728 1736 esse.
3758 1680 3908 1749 Quod

2332 1770 2378 1823 si
2409 1770 2480 1823 sit
2504 1769 2799 1839 propositio
2821 1785 2939 1838 qua:
2963 1769 3217 1838 praedicat
3241 1785 3461 1826 necesse
3487 1762 3608 1826 esse
3634 1787 3740 1828 non
3762 1787 3905 1838 esse,

2333 1870 2388 1915 et
2408 1875 2594 1915 rursus
2614 1874 2735 1929 qua:
2763 1859 2891 1915 dicit
2916 1858 3249 1930 impossibile
3273 1875 3395 1916 esse
3423 1875 3527 1915 non
3557 1875 3700 1928 esse,
3729 1877 3761 1916 a
3782 1877 3907 1933 pos-

2333 1954 2587 2009 sibilitate
2626 1953 2966 2009 dissentiunt.
3016 1954 3181 2010 Recte
3224 1953 3474 2009 nimirum
3516 1953 3705 2009 harum
3748 1969 3905 2025 nega-

2335 2044 2506 2100 tiones
2519 2045 2855 2114 possibilitati
2869 2045 3175 2100 consentire
3185 2044 3498 2099 creduntur.
3515 2045 3802 2100 Possibiles
3813 2061 3907 2100 au-

2332 2147 2440 2193 tem
2470 2136 2868 2208 propositiones
2891 2151 3026 2192 voco
3043 2137 3345 2207 bujusmodi
3361 2152 3479 2206 quae
3501 2136 3585 2192 vel
3605 2137 3658 2191 in
3675 2137 3908 2193 affirma-

2332 2229 2478 2284 tione
2534 2229 2616 2283 vel
2669 2228 2954 2299 negatione
2998 2227 3406 2297 possibilitatem
3461 2228 3695 2298 aliquam
3751 2245 3905 2285 mon-

2330 2331 2524 2391 strant,
2559 2323 2724 2377 altera
2753 2329 2904 2390 parte
2935 2336 3041 2374 non
3069 2320 3382 2387 interclusa,
3413 2328 3469 2373 ut
3488 2336 3606 2390 qua:
3628 2321 3759 2375 dicit
3784 2336 3906 2390 pos-

2338 2416 2495 2471 sibile
2532 2430 2651 2470 esse
2680 2413 2878 2483 aliquid
2906 2414 2973 2467 ab
3016 2412 3116 2467 bac
3143 2428 3249 2468 non
3293 2412 3660 2468 intercluditur
3699 2428 3761 2468 ea
3809 2428 3905 2483 per

2331 2524 2490 2578 quam
2515 2507 2619 2562 dici
2653 2516 2829 2575 potest
2865 2504 3120 2574 possibile
3148 2518 3270 2560 esse
3306 2520 3411 2559 non
3441 2519 3581 2569 esse,
3610 2505 3765 2573 velsi
3789 2506 3906 2573 quis

2331 2599 2476 2652 dicat
2506 2596 2760 2667 possibile
2779 2594 2975 2665 aliquid
3006 2609 3111 2649 non
3140 2608 3282 2661 esse,
3311 2594 3379 2649 ab
3400 2595 3499 2649 hac
3528 2610 3716 2650 rursus
3743 2595 3907 2651 inter-

2330 2689 2541 2742 clusum
2589 2702 2697 2739 non
2738 2694 2843 2752 est,
2872 2697 2931 2740 ut
2957 2700 3078 2740 esse
3109 2685 3300 2753 possit.
3332 2687 3504 2754 Atque
3530 2686 3650 2741 ideo
3674 2685 3907 2740 afﬁrma-

2330 2780 2527 2835 tionem
2571 2786 2690 2847 quae
2718 2777 2846 2831 dicit
2871 2791 3026 2846 posse
3049 2790 3168 2832 esse
3182 2776 3432 2846 possibile
3461 2791 3613 2832 voco.
3662 2776 3770 2831 Nec
3786 2786 3907 2833 eam

2330 2887 2453 2941 qu:e
2490 2871 2621 2925 dicit
2645 2869 2845 2940 aliquid
2876 2884 3032 2938 posse
3075 2884 3183 2924 non
3204 2884 3346 2924 esse.
3383 2869 3449 2925 Et
3493 2868 3547 2923 in
3574 2869 3690 2924 istis
3718 2884 3908 2939 propo-

2330 2964 2612 3018 sitionibus
2636 2978 2768 3032 quas
2797 2958 3110 3017 Aristoteles
3137 2963 3310 3031 ponit,
3333 2962 3387 3016 in
3415 2962 3606 3032 quibus
3627 2963 3757 3017 dicit
3787 2977 3908 3033 pos-

2329 3056 2485 3111 sibile
2513 3070 2621 3109 non
2649 3069 2791 3120 esse,
2817 3069 2920 3109 non
2957 3054 3199 3109 videatur
3249 3055 3322 3110 ita
3372 3054 3553 3111 dicere
3586 3064 3833 3127 tanquam
3860 3057 3907 3111 si

2331 3148 2433 3204 hoc
2458 3147 2617 3203 modo
2640 3148 2969 3217 pronuntiet,
2992 3156 3051 3202 ιιι
3079 3147 3247 3202 velint
3276 3148 3555 3204 intendere
3585 3149 3777 3220 aliquid
3810 3151 3910 3204 im-

2329 3239 2584 3310 possibile
2603 3254 2722 3295 esse
2741 3254 2861 3295 cum
2884 3238 3033 3302 dicit,
3068 3239 3322 3307 possibile
3353 3254 3462 3294 non
3490 3255 3630 3296 esse.
3666 3242 3737 3295 Ita
3766 3244 3909 3297 enim

2333 3334 2472 3389 hanc
2516 3332 2931 3401 propositionem
2970 3330 3117 3396 dicit,
3171 3344 3278 3385 non
3307 3331 3450 3399 quod
3500 3332 3907 3401 possibilitatem

2332 3425 2478 3480 illam
2507 3423 2736 3489 auferat,
2785 3421 2880 3475 sed
2918 3421 3060 3489 quod
3102 3419 3244 3475 dicat
3272 3421 3522 3490 possibile
3565 3436 3685 3476 esse
3711 3420 3909 3490 aliquid

2332 3527 2394 3572 ut
2419 3532 2523 3570 non
2549 3514 2642 3570 sit.
2676 3513 3111 3571 Subaudiendum
3141 3513 3281 3568 enim
3308 3512 3911 3584 estadjungendumque

2334 3608 2404 3663 ad
2437 3605 2692 3674 possibile
2719 3604 2941 3658 verbum
2968 3603 3114 3674 quod
3142 3612 3226 3658 est
3251 3616 3393 3671 esse,
3415 3612 3473 3659 ut
3497 3618 3617 3659 cum
3644 3603 3735 3659 ille
3756 3604 3910 3673 dicit,

2336 3698 2592 3771 possibile
2640 3712 2747 3752 non
2773 3711 2915 3761 esse,
2961 3712 3059 3751 nos
3106 3698 3457 3770 intelligamus
3487 3696 3741 3767 possibile
3783 3712 3911 3754 esse

2335 3807 2441 3847 non
2480 3803 2625 3856 esse,
2678 3788 2732 3843 id
2778 3797 2861 3843 est
2888 3789 3145 3859 possibile
3171 3804 3292 3845 esse
3322 3800 3378 3844 ut
3404 3803 3509 3843 non
3538 3788 3628 3845 sit.
3677 3787 3909 3843 Tertiam

2335 3880 2775 3951 consequentiam
2832 3880 2980 3950 ponit
3028 3880 3166 3936 hanc
3206 3882 3260 3936 in
3292 3880 3734 3952 qua’consentire
3760 3879 3908 3959 dicit,

2336 3978 2411 4032 illi
2439 3991 2558 4047 quae
2604 3984 2687 4030 est
2731 3989 2837 4029 non
2892 3974 3150 4044 possibile
3192 3989 3312 4030 esse
3354 3984 3410 4030 et
3456 3989 3563 4031 non
3604 3975 3913 4045 contingens

2335 4084 2478 4136 esse,
2522 4068 2667 4123 illam
2698 4083 2815 4137 quae
2843 4066 2995 4133 dicit,
3035 4062 3399 4123 necessarim’n
3426 4083 3533 4123 non
3564 4083 3685 4124 esse
3713 4076 3768 4123 et
3810 4066 3912 4120 im-

2337 4160 2599 4230 possibile
2625 4173 2767 4215 esse.
2788 4158 2899 4212 Hoc
2920 4159 2990 4212 ita
3012 4160 3229 4227 planum
3253 4167 3336 4213 est
3366 4169 3422 4212 ut
3451 4160 3784 4227 expositione
3806 4171 3912 4211 non

2335 4261 2511 4321 egeat.
2543 4251 2697 4316 Quod
2727 4250 2870 4306 enim
2903 4266 3014 4304 non
3044 4250 3292 4319 possibile
3345 4260 3449 4316 est,
3499 4251 3599 4304 hoc
3644 4249 3758 4303 fieri
3805 4265 3911 4307 non

2334 4350 2535 4411 potest.
2565 4341 2715 4405 Quod
2742 4341 2857 4397 ﬁeri
2886 4356 2992 4397 non
3023 4349 3197 4411 potest
3224 4354 3449 4395 necesse
3478 4350 3561 4394 est
3594 4349 3651 4394 ut
3682 4355 3786 4394 non
3817 4343 3906 4408 sit,

2336 4433 2483 4504 quod
2527 4443 2701 4488 autem
2730 4449 2951 4490 necesse
2979 4443 3060 4490 est
3085 4442 3143 4489 ut
3171 4448 3279 4487 non
3309 4434 3399 4499 sit,
3438 4433 3771 4503 impossibile
3803 4444 3908 4490 est.

2335 4525 2504 4582 Recte
2532 4541 2662 4597 ergo
2688 4527 2884 4582 dicitur
2905 4542 3021 4583 eam
3052 4527 3465 4597 propositionem
3495 4542 3613 4597 quae
3638 4527 3785 4593 dicit,
3815 4528 3914 4582 ali-

2337 4617 2462 4688 quid
2488 4632 2594 4672 non
2620 4632 2778 4688 posse
2817 4633 2956 4683 esse,
2998 4627 3054 4673 et
3088 4633 3209 4673 eam
3240 4632 3359 4687 quae
3386 4618 3538 4686 dicit,
3570 4632 3678 4673 non
3706 4619 3915 4674 contin-

2333 4723 2461 4780 gere
2502 4723 2646 4776 esse,
2677 4709 2935 4778 consequi
2988 4709 3108 4763 illas
3147 4716 3203 4765 et
3248 4723 3367 4779 quae
3394 4722 3516 4763 esse
3545 4722 3663 4764 cum
3694 4723 3916 4765 necesse

2337 4816 2458 4857 esse
2480 4811 2693 4873 negant,
2718 4809 2775 4857 et
2794 4815 2913 4871 quae
2943 4799 3431 4869 impossibilitatem
3453 4800 3740 4855 afﬁrmant.
3764 4800 3916 4868 Quod

2339 4904 2515 4948 autem
2562 4894 2709 4955 dicit,
2751 4892 2861 4947 tale
2898 4900 3001 4947 est.
3060 4890 3175 4946 Non
3206 4904 3426 4946 necesse
3454 4903 3574 4947 esse
3603 4892 3917 4961 contingens

2340 4993 2427 5040 est
2466 5000 2607 5041 esse.
2654 4984 2886 5041 Necesse
2930 4992 3108 5038 autem
3149 4997 3253 5038 non
3303 4997 3422 5038 esse
3470 4996 3577 5037 non
3605 4982 3920 5054 contingens

2344 5090 2483 5142 esse,
2533 5091 2641 5130 non
2673 5083 2759 5130 est
2784 5076 3123 5147 contingens,
3172 5074 3376 5131 scilicet
3417 5088 3558 5138 esse,
3588 5084 3645 5131 et
3668 5089 3919 5131 necessa-

2350 5169 2489 5220 rium
2538 5182 2642 5220 non
2689 5180 2828 5221 esse.
2882 5166 3160 5238 Reliquam
3210 5167 3648 5238 consequentiam
3700 5168 3754 5222 in
3817 5183 3921 5237 qua

2349 5271 2443 5313 eas
2489 5256 2879 5326 propositiones
2922 5273 3042 5327 qua:
3084 5256 3342 5321 dicerent,
3387 5272 3491 5311 non
3521 5256 3777 5325 possibile
3804 5273 3924 5314 esse

2349 5347 2550 5418 aliquid
2575 5363 2684 5402 non
2736 5362 2878 5413 esse,
2925 5358 2979 5403 et
3026 5363 3131 5403 non
3170 5348 3481 5417 contingere
3518 5362 3625 5401 non
3666 5361 3788 5403 esse
3818 5347 3925 5403 illis

2347 5456 2468 5512 qua:
2509 5450 2867 5511 proponerent
2922 5456 3145 5498 necesse
3193 5455 3335 5511 esse,
3366 5449 3421 5496 et
3444 5438 3775 5511 impossibile
3816 5456 3922 5495 non

2347 5546 2468 5589 esse
2494 5532 2797 5588 consentire
2826 5532 2990 5599 dicit,’
3008 5546 3182 5602 neque
3212 5532 3373 5587 ullam
3410 5529 3573 5586 habet
3600 5530 3704 5585 hoc
3730 5531 3923 5587 obscu-

2342 5626 2575 5681 ritatem.
2620 5623 2753 5679 Nam
2780 5624 2921 5693 quod
2945 5637 3053 5677 non
3082 5630 3166 5678 est
3196 5621 3454 5693 possibile
3480 5630 3539 5676 ut
3567 5635 3674 5676 non
3705 5621 3797 5687 sit,
3820 5620 3923 5675 hoc

2341 5717 2665 5787 impossibile
2716 5724 2801 5771 est
2846 5723 2904 5769 ut
2944 5729 3050 5769 non
3102 5715 3193 5769 sit.
3223 5713 3280 5768 Id
3315 5713 3458 5768 enim
3505 5711 3649 5783 quod
3694 5710 3920 5765 dicimus

2337 5807 2666 5877 impossibile
2687 5820 2827 5872 esse,
2854 5804 2994 5860 idem
3025 5807 3169 5861 valet
3199 5819 3451 5874 tanquam
3479 5804 3523 5859 si
3540 5803 3781 5859 dicamus
3809 5812 3917 5853 non

2336 5898 2590 5971 possibile
2634 5912 2775 5954 esse.
2815 5896 2970 5963 Quod
2998 5897 3140 5953 enim
3172 5897 3301 5954 facit
3328 5898 3542 5967 negatio
3561 5899 3616 5955 in
3646 5911 3708 5953 ea
3746 5894 3922 5950 inter-
