4296 6266
599 388 704 428 ea:
1792 357 1905 413 AN.
1945 352 2149 410 MANL.
2189 347 2295 408 SEl

1792 357 1905 413 AN.
1945 352 2149 410 MANL.
2189 347 2343 408 SEV.
2384 345 2607 407 ΒΟΕἸἩ

621 414 704 442 ιιι.)

597 517 713 550 mliti
765 498 854 546 δι-ιΙ
895 512 919 540 t'

595 597 804 655 ειεξυιιίυ
860 601 980 637 vero
1007 581 1345 633 alﬁrmationi
1377 580 1693 629 consentiat.
1745 569 2166 626 Afﬁrmattoneut

611 698 819 743 quoque
839 691 956 742 quia
993 683 1074 725 est
1103 669 1355 739 possibile
1384 681 1524 731 esse,
1561 667 1798 734 sequitur
1827 659 2035 728 negatio
2067 658 2168 708 im-

596 766 951 830 ..ossilnlitatis
993 780 1061 832 qu
1084 785 1107 811 a-
1152 763 1281 815 dicit
1310 776 1412 811 non
1457 755 1785 826 in‘tpossibile
1814 767 1934 808 esse
1961 791 1977 815 ,
2008 763 2167 815 nega-

595 866 646 913 ’ἱ-
717 895 771 912 ..
818 875 946 912 vero
980 854 1340 925 pos~ilulitatis
1369 867 1485 920 qum
1517 857 1596 903 est
1633 863 1735 900 non
1770 843 2018 915 possibile
2047 856 2166 900 esse

607 952 829 1018 .equitur
866 945 1306 1015 inqnossibilitatis
1348 941 1630 994 affirmatio
1656 954 1770 1007 qure
1805 935 2047 1006 proponit
2069 933 2168 986 im-

594 1042 846 1112 pOSsiltile
884 1055 1024 1093 esse.
1060 1039 1201 1092 Idem
1227 1050 1434 1104 quoque
1458 1041 1512 1087 et
1531 1033 1596 1086 de
1625 1029 1952 1100 contingenti
1983 1026 2168 1082 dicen-

591 1135 716 1187 dum
747 1145 850 1187 est.
901 1131 1322 1186 Afﬁrmaiionem
1353 1140 1583 1194 nataque
1612 1120 1969 1194 contingentis
1998 1117 2168 1188 sequi-

595 1241 678 1281 tur
725 1229 937 1297 negatio
976 1222 1442 1290 impossibilitatis.
1490 1219 1832 1288 Negationem
1882 1230 2010 1278 vero
2040 1228 2168 1267 con-

595 1320 847 1391 tingentis
873 1318 1110 1386 sequitur
1131 1311 1417 1368 affirmatio
1446 1309 1908 1377 impossibilitatis.
1938 1305 2169 1362 Omnino

592 1412 736 1465 enim
797 1407 1051 1477 quidquid
1099 1405 1167 1460 de
1219 1402 1572 1473 possibilitate
1635 1402 1974 1470 proponitur,
2028 1399 2171 1462 idem

593 1500 660 1555 de
689 1496 1116 1566 contingentibus
1152 1494 1442 1564 jndicatur.
1502 1492 1859 1561 DiSponautur
1907 1504 2037 1563 ergo
2069 1488 2170 1546 ltoc

595 1590 753 1650 modo
809 1608 818 1641 :
877 1588 1102 1656 primum
1170 1583 1458 1642 affirmatio
1516 1581 1908 1651 impossibilis,
1982 1589 2171 1634 contra

597 1700 710 1741 eam
742 1682 954 1752 negatio
985 1680 1347 1749 impossibilis.
1375 1678 1440 1731 Et
1463 1677 1560 1732 sub
1583 1675 1936 1729 afﬁrmatione
1973 1677 2170 1740 impos-

597 1778 730 1832 sibili
778 1784 1039 1844 ponantur
1098 1788 1163 1828 ex
1223 1771 1655 1838 contingentibus
1696 1778 1747 1821 et
1797 1766 2166 1836 possibilibus,

3750 352 3854 407 601

926 489 1211 548 υμνρμίηι,
1255 485 1306 540 ω
1352 492 1435 537 ea
1475 493 1524 535 ut
1559 479 1840 534 affirmatio
1873 469 2160 543 negationi,
2195 472 2242 552 θ
2269 480 2387 535 qua:
2431 479 2497 518 ex
2536 461 2814 532 possibilis
2851 463 3343 530 comparationibus
3385 461 3760 519 nascebantur.
3796 467 3851 521 ln

2267 559 2374 613 illis
2411 558 2554 612 enim
2591 557 3049 612 contradictiones
3094 560 3380 628 oppositae,
3407 557 3629 612 conttad
3653 559 3854 615 ctiones

2267 666 2453 708 rursus
2481 650 2753 722 oppositas
2783 650 3185 723 sequebantur,
3217 658 3275 704 ut
3316 643 3729 706 afﬁrmationem
3761 668 3854 706 ne-

2267 748 2450 818 gatio,
2486 744 2824 814 negationem
2861 744 3152 798 afﬁrmatio
3184 753 3523 813 sequeretur.
3569 746 3620 800 In
3654 747 3734 801 his
3767 763 3855 802 au-

2271 847 2376 893 tem
2407 837 2511 919 hoc
2538 848 2626 893 est
2654 837 3072 907 impo‘ssibitibus
3100 847 3155 892 et
3178 839 3502 895 necessariis
3537 856 3643 895 non
3670 843 3860 897 eodem

2271 930 2432 986 modo
2457 939 2563 996 est,
2596 930 2690 986 sed
2721 931 3005 985 contrariae
3026 929 3243 1002 quidem
3275 945 3700 1003 consequuntur,
3729 949 3862 989 con-

2272 1019 2600 1077 tradictorim
2628 1037 2754 1077 vero
2798 1030 2851 1077 et
2899 1021 3158 1094 oppositae
3186 1035 3336 1080 extra
3377 1031 3501 1078 sunt
3541 1033 3596 1079 et
3641 1041 3744 1080 non
3775 1041 3862 1080 se-

2269 1124 2528 1195 qnnntur.
2565 1113 2630 1168 Et
2672 1113 2816 1184 prius
2845 1114 3057 1183 quidem
3102 1130 3222 1184 qure
3254 1117 3366 1170 sint
3393 1118 3706 1184 contrariae,
3739 1133 3864 1189 qua:

2271 1203 2698 1260 contradictoris:
2725 1203 3094 1272 disponamus.
3124 1204 3511 1275 Propositionis
3551 1210 3694 1264 enim
3738 1225 3861 1279 quae

2271 1297 2400 1351 dicit
2423 1311 2644 1350 necesse
2675 1310 2795 1350 esse
2825 1310 2887 1350 ea
2914 1310 3034 1364 quae
3058 1297 3326 1365 proponit,
3362 1314 3467 1352 non
3496 1314 3715 1355 necesse
3739 1315 3862 1358 esse

2271 1388 2684 1446 contradictoria
2713 1397 2819 1444 est.
2877 1387 2952 1442 Ea
3001 1403 3132 1444 vero
3178 1405 3298 1458 qua:
3325 1390 3457 1444 dicit
3487 1407 3710 1447 necesse
3755 1409 3862 1449 non

2273 1503 2394 1544 esse
2424 1487 2713 1550 contraria,
2746 1495 2804 1540 ut
2849 1484 2894 1540 si
2939 1485 3061 1556 quis
3088 1484 3233 1539 dicat
3261 1485 3430 1541 solem
3473 1503 3593 1542 esse
3644 1504 3867 1546 necesse

2274 1580 2521 1656 moveri,
2552 1579 2676 1634 huic
2704 1588 2789 1635 est
2816 1577 3060 1650 opposita
3094 1578 3527 1633 contradictio-ia:
3561 1579 3727 1635 solem
3761 1597 3865 1637 non

2275 1695 2494 1736 necesse
2524 1693 2644 1733 esse
2675 1676 2899 1730 moveri.
2934 1671 3216 1728 Contraria
3248 1686 3377 1733 vero
3425 1671 3591 1725 solem
3641 1686 3864 1727 necesse

2274 1787 2394 1828 esse
2426 1787 2531 1827 non
2568 1769 2796 1824 moveri.
2832 1766 3147 1822 Possibilem
3172 1778 3302 1839 ergo
3325 1765 3746 1832 propositionem
3777 1778 3864 1818 se-

598 1884 725 1941 quas
748 1869 858 1937 ipsa
883 1868 1122 1935 sequitur
1144 1863 1566 1939 impossibilitas.
1593 1859 1704 1914 Sub
1728 1861 2010 1927 negatione
2037 1873 2169 1916 vero
2201 1859 2249 1930 Β
2275 1866 2455 1936 quitur
2478 1859 2833 1932 contradictio
2855 1856 3181 1912 necessnria.
3209 1852 3699 1908 Contradictionem
3731 1869 3861 1909 vero

599 1962 1033 2029 impossibilitatis
1064 1959 1165 2012 illa:
1195 1956 1462 2028 possibilis
1494 1963 1546 2008 et
1575 1953 1931 2021 ccutiogentis
1970 1965 2170 2022 propo-

598 2055 839 2120 sitiones,
864 2054 1054 2124 quibus
1097 2054 1206 2122 ipsa
1240 2047 1685 2120 impossibilitatis
1716 2046 1928 2116 negatio
1949 2058 2173 2114 consen-

603 2147 686 2214 tit,
717 2149 818 2201 ltoc
846 2145 1007 2199 modo
1039 2161 1054 2199 :

741 2238 1077 2308 impossibile
1097 2251 1238 2291 esse.
1381 2232 1498 2308 lflon
1520 2228 1864 2308 impossibile
1892 2240 2031 2282 esse.

740 2304 855 2366 Non
885 2309 1139 2378 possibile
1166 2320 1308 2361 esse.
1384 2304 1643 2378 ifossibite
1671 2315 1810 2355 esse.

743 2383 859 2438 Non
882 2376 1199 2448 contingens
1218 2391 1360 2433 esse.
1386 2376 1710 2444 Contingens
1737 2385 1878 2433 esse.

679 2475 825 2530 Patet
848 2487 976 2541 ergo
1004 2482 1059 2524 ut
1093 2468 1545 2524 contradictiones
1576 2463 1788 2534 quidem
1819 2460 1939 2516 aliis
1967 2467 2179 2518 contra-

606 2564 929 2621 dictionibus
973 2562 1330 2622 consentiant.
1356 2560 1468 2626 Qua
1512 2561 1563 2618 in
1592 2573 1650 2612 re
1672 2555 1802 2612 illud
1829 2567 2178 2626 quoqucma-

609 2654 861 2710 nifestum
889 2661 993 2718 est,
1021 2649 1163 2718 quod
1195 2648 1574 2706 afﬁrmationes
1605 2645 1996 2716 negationibus,
2025 2658 2182 2714 nega.-

606 2746 781 2801 tiones
804 2756 936 2796 vero
963 2737 1414 2796 affirmationibus
1438 2736 1796 2793 consentiant.
1827 2734 2031 2794 Sensus
2054 2747 2182 2803 ergo

608 2846 752 2895 totus
777 2836 916 2891 talis.
947 2835 1264 2891 Scr-menum
1306 2848 1434 2888 vero
1470 2831 1608 2887 ratio
1640 2831 1754 2884 haec
1796 2835 1898 2884 est.
1934 2827 2185 2896 impossi-

610 2929 736 3001 bile,
769 2929 960 3001 inquit,
993 2937 1048 2983 et
1069 2943 1173 2982 non
1201 2923 1555 2995 impossibile,
1579 2922 1785 2978 scilicet
1811 2936 1930 2990 qua:
1955 2929 2038 2975 est
2056 2933 2186 2973 con-

610 3022 858 3079 tradietio
887 3022 1017 3076 duas
1046 3017 1502 3074 contradictiones
1525 3055 1540 3080 ,
1587 3012 1639 3070 id
1665 3023 1748 3068 est
1777 3011 1906 3074 illud
1935 3009 2078 3082 quod
2107 3017 2188 3066 est

611 3115 921 3184 contingens
947 3123 1000 3168 et
1033 3110 1288 3181 possibile
1309 3117 1363 3164 et
1385 3122 1489 3164 non
1513 3105 1825 3175 contingens
1846 3112 1900 3162 ct
1928 3118 2032 3166 non
2066 3117 2188 3171 pos-

609 3206 786 3270 sibile,
813 3205 1052 3274 sequitur
1072 3202 1287 3272 quidem
1316 3194 1752 3254 contradictoris.
1786 3193 1916 3247 Nam
1942 3207 2043 3246 una
2061 3207 2190 3254 con-

614 3298 862 3352 tradictio
888 3336 902 3358 ,
946 3293 1295 3362 impossibilia
1323 3299 1376 3346 ει
1404 3305 1508 3344 non
1541 3284 1906 3356 impossibilis,
1947 3283 2079 3336 duas
2107 3297 2192 3340 se.-

615 3389 794 3454 quitur
813 3384 1286 3445 contradictiones,
1318 3380 1371 3436 id
1401 3390 1484 3438 est
1511 3377 1826 3444 contingens
1855 3385 1906 3430 et
1928 3389 2036 3438 non
2064 3389 2193 3432 con-

616 3479 846 3546 tingens,
891 3475 1145 3543 possibile
1192 3483 1247 3528 et
1280 3488 1386 3526 non
1419 3470 1696 3540 passibile.
1749 3469 1854 3524 Sed
1884 3483 2192 3538 quanquam

617 3565 1063 3622 contradictiones
1115 3569 1370 3641 sequatur
1406 3561 1509 3617 alia
1555 3559 1935 3630 contradictio,
1970 3574 2196 3615 conver-

616 3657 716 3712 sim
749 3667 925 3712 tamen
953 3655 1051 3710 sibi
1079 3656 1447 3710 consentiunt.
1481 3651 1611 3710 Nam
1642 3652 1783 3722 quod
1823 3661 1902 3708 est
1941 3651 2197 3722 possibile

617 3763 740 3808 esse
779 3747 1018 3816 sequitur
1053 3747 1262 3813 negatio
1293 3744 1676 3814 impossibilia,
1711 3755 1768 3800 ut
1813 3746 2059 3815 superior
2097 3746 2196 3804 de-

618 3837 836 3906 scriptio
879 3837 1052 3893 docet.
1086 3836 1450 3906 Negationem,
1476 3851 1603 3892 vero
1649 3837 1918 3906 possibilis
1956 3840 2198 3908 sequitur

617 3926 897 3984 afﬁrmatio
926 3928 1272 3997 impossibilia
1295 3969 1310 3994 ,
1342 3945 1462 3984 nam
1491 3929 1631 3999 quod
1659 3940 1742 3986 est
1791 3945 1896 3988 non
1943 3930 2198 4001 possibile

617 4021 883 4076 consentit
909 4021 957 4074 ei
987 4021 1129 4090 quod
1164 4021 1516 4090 impossibile.
1554 4023 1646 4080 Est
1692 4032 1871 4082 autem
1910 4024 2197 4079 affirmatio

617 4113 965 4183 impossibilis
992 4129 1055 4168 ea
1084 4129 1204 4184 qua:
1244 4113 1373 4170 dicit
1403 4115 1736 4185 impossibile
1761 4130 1902 4174 esse.
1939 4115 2007 4171 Et
2025 4132 2199 4187 quan-

617 4222 775 4278 quam
802 4206 1037 4264 involuta
1075 4208 1147 4261 sit;
1176 4221 1482 4264 sermonum
1513 4210 1668 4274 ratio,
1695 4218 1870 4268 tamen
1895 4210 1940 4271 si
1970 4210 2088 4280 quis
2113 4223 2200 4264 se-

617 4298 847 4362 cundum
869 4298 1198 4368 superiorem
1226 4299 1615 4368 expositionem
1643 4299 1710 4356 ad
1741 4300 1908 4369 ipsius
1952 4301 2200 4356 Aristote-

619 4391 684 4445 lis
707 4404 987 4446 sermones
1012 4391 1319 4461 superiores
1341 4391 1542 4456 redeat,
1570 4399 1626 4445 et
1653 4389 1794 4459 quod
1824 4389 1930 4453 illis
1959 4389 2112 4444 deest
2131 4406 2196 4444 ex

619 4492 803 4536 nostra
833 4482 1172 4551 expositione
1199 4490 1550 4550 compensat,
1578 4497 1770 4538 sensus
1799 4481 2136 4551 plenissimus
2168 4497 2197 4536 a

619 4573 822 4627 ratione
848 4588 951 4628 non
986 4573 1184 4630 deviat.

689 4665 1045 4722 Necessarium
1067 4684 1181 4724 vero
1209 4669 1637 4739 quemadmodum
1661 4670 1740 4740 ﬁt,
1772 4671 2198 4728 considerandum

619 4769 706 4814 ut.
745 4759 1077 4831 Manifestum
1104 4773 1176 4816 est
1201 4775 1372 4820 autem
1400 4764 1643 4832 quoniam
1685 4779 1784 4818 non
1815 4767 1992 4820 eodem
2024 4765 2193 4830 modo,

618 4855 702 4905 sed
735 4854 1008 4908 contraria
1047 4865 1345 4922 sequuntur.
1389 4855 1807 4910 Contradictoria:
1861 4866 2044 4910 autem'
2081 4851 2200 4912 sunt

617 4951 780 5002 extra.
811 4941 865 4996 Ν
871 4959 934 4996 on
963 4944 1097 4997 enim
1119 4954 1188 5022 est
1221 4945 1420 5015 negatio
1448 4948 1559 5016 ejus
1585 4947 1720 5014 quod
1746 4955 1848 5009 est,
1876 4961 2077 5004 necesse
2097 4962 2200 5002 non

617 5052 739 5102 csse,
772 5053 873 5091 non
905 5052 1108 5091 necesse
1153 5046 1228 5092 est
1272 5055 1397 5094 esse.
1449 5037 1708 5108 Contingit
1757 5040 1894 5094 enim
1921 5054 2029 5092 esse
2055 5055 2197 5093 veras

617 5145 855 5199 utrasque
884 5133 937 5185 in
966 5131 1162 5185 eodem.
1195 5131 1342 5197 Quod
1383 5132 1520 5186 enim
1561 5140 1655 5194 ut.
1705 5131 2050 5186 trecentorium
2097 5147 2200 5186 non

619 5239 740 5284 esse,
775 5241 872 5277 mm
903 5237 975 5278 est
1004 5223 1344 5277 necessarium
1368 5227 1495 5278 esse.

689 5317 965 5371 Possibilis
1002 5327 1161 5386 atque
1192 5315 1542 5385 impossibilia
1572 5314 1772 5371 dudum
1797 5319 2198 5388 comparatione

628 5409 929 5474 «iniu-imus,
973 5410 1114 5479 quod
1155 5409 1567 5465 affirmationem
1597 5409 1905 5479 possibilem
1953 5412 2201 5481 impossi-

2279 1954 2551 2026 possibilis
2583 1965 2691 2006 non
2733 1949 2977 2018 sequitur
3007 1945 3319 2000 necessitas.
3350 1945 3501 2011 Quod
3543 1946 3779 1999 eveniret
3816 1944 3863 2000 si

2280 2049 2334 2111 in
2367 2047 2451 2102 bis
2474 2059 2594 2104 sese
2629 2041 2888 2120 opposita:
2911 2044 3287 2108 sequerentur.
3317 2035 3423 2092 Sed
3457 2036 3632 2104 potius
3661 2052 3723 2092 ea
3748 2053 3866 2108 quas

2280 2147 2366 2199 est
2392 2134 2658 2196 contraria
2700 2130 3029 2189 necessitati.
3068 2130 3176 2198 Age
3206 2128 3352 2182 enim
3388 2127 3713 2200 oppositioni
3744 2145 3864 2200 quae

2281 2229 2411 2288 dicit
2463 2224 2722 2298 possibile
2777 2237 2897 2278 esse
2951 2219 3228 2282 videamus
3275 2235 3394 2290 quae
3441 2236 3503 2274 ex
3550 2219 3867 2277 necessariis

2282 2319 2640 2376 consentiant.
2684 2314 2776 2370 Illa
2802 2312 3020 2384 quidem
3055 2326 3173 2382 qua:
3201 2310 3332 2366 dicit
3360 2327 3580 2367 necesse
3606 2327 3727 2368 esse
3759 2328 3866 2370 non

2283 2413 2334 2468 ei
2375 2411 2572 2484 poterit
2595 2407 2923 2464 consentire.
2963 2404 3115 2472 Quod
3143 2402 3288 2459 enim
3337 2403 3586 2478 possibile
3615 2413 3865 2474 estesse,

2285 2512 2461 2575 potest
2490 2513 2546 2558 et
2574 2516 2683 2556 non
2727 2514 2868 2555 esse.
2899 2496 3052 2567 Quod
3105 2505 3284 2558 autem
3332 2512 3549 2551 necesse
3599 2505 3681 2552 est
3726 2511 3868 2566 esse,

2283 2611 2393 2656 non
2422 2594 2742 2668 poteritnon
2777 2605 2918 2652 esse.
2949 2587 3092 2660 Ergo
3116 2589 3161 2644 si
3191 2587 3593 2659 possibilitatem
3628 2588 3868 2644 necessi-

2287 2699 2370 2747 tas
2399 2705 2507 2748 non
2536 2687 2798 2762 sequitur,
2846 2684 3087 2760 sequitur
3127 2697 3246 2746 eam
3295 2681 3629 2742 necessitatis
3656 2690 3867 2758 contra-

2287 2782 2472 2848 dictio,
2524 2794 2630 2836 non
2661 2776 2902 2847 sequitur
2929 2789 3058 2846 ergo
3101 2772 3521 2850 propositionem
3561 2773 3870 2846 possibiiem

2287 2890 2354 2932 ea
2379 2891 2497 2946 qua:
2531 2872 2783 2944 proponit
2811 2884 3031 2926 necesse
3061 2882 3199 2930 esse.
3229 2865 3331 2922 Sed
3379 2867 3732 2924 contradictio
3778 2882 3876 2922 ne-

2289 2969 2557 3028 cessitatis
2595 2982 2714 3038 qua:
2746 2965 2994 3036 proponit
3022 2978 3129 3018 non
3175 2974 3401 3018 necesse
3441 2974 3581 3022 esse.
3613 2959 3718 3014 Sed
3745 2974 3876 3014 con-

2291 3059 2598 3122 tradictioni
2624 3057 2890 3127 possibilia
2918 3055 3207 3112 necessitas
3234 3069 3342 3108 non
3371 3052 3664 3108 consentit.
3698 3049 3881 3132 Neque

2293 3149 2435 3206 enim
2469 3148 2648 3210 dicere
2676 3161 2981 3218 possumus,
3005 3146 3259 3218 quoniam
3301 3159 3420 3207 eam
3462 3142 3882 3222 propositionem

2214 3250 2264 3314 α
2296 3258 2416 3314 qua:
2443 3240 2596 3314 dicit,
2631 3256 2734 3296 non
2769 3239 3019 3310 possibile
3063 3252 3205 3306 esse,
3237 3240 3481 3316 sequitur
3519 3251 3580 3292 ea
3613 3251 3731 3310 qua:
3760 3249 3882 3306 pro-

2297 3334 2445 3404 ponit
2486 3345 2706 3386 necesse
2735 3344 2875 3386 esse.
2905 3329 3012 3392 Sed
3053 3329 3230 3399 potius
3258 3327 3532 3384 contraria
3560 3324 3880 3380 necessaria:

2295 3426 2383 3482 illa
2413 3439 2532 3496 quae
2576 3423 2706 3480 dicit
2734 3437 2953 3492 necesse
2980 3436 3103 3490 esse
3151 3437 3256 3486 non
3286 3434 3426 3480 esse.
3460 3417 3588 3474 Nam
3619 3430 3738 3470 cum
3772 3431 3878 3471 non

2298 3517 2554 3590 possibile
2594 3526 2699 3584 est,
2757 3527 2976 3584 necesse
3029 3525 3112 3592 est
3167 3529 3274 3582 non
3322 3527 3463 3578 esse.
3519 3511 3883 3579 Disponantur

2295 3611 2441 3670 enim
2465 3609 2548 3670 ha
2576 3609 2780 3670 scilicet
2803 3622 2920 3680 qua:
2937 3615 3231 3682 sequuntur
3250 3611 3304 3666 et
3329 3604 3428 3666 sub
3457 3602 3536 3658 bis
3563 3600 3885 3660 necessaria:

2303 3714 2360 3773 et
2387 3721 2507 3778 quae
2535 3705 2606 3768 sit
2632 3701 3003 3766 contradictio.
3036 3715 3156 3772 qua».
3183 3694 3535 3760 contrarietas
3561 3693 3884 3758 ascribatur.

2299 3818 2544 3870 Possibile
2563 3829 2692 3870 esse.
3272 3808 3380 3870 Non
3395 3805 3625 3871 possibile
3647 3818 3778 3862 esse.

2299 3881 2408 3944 Non
2431 3893 2640 3940 necesse
2667 3890 2795 3938 esse.
3277 3871 3496 3923 Necesse
3514 3881 3627 3922 esse
3642 3881 3738 3919 non
3755 3870 3885 3948 esse.

2569 3971 2766 4153 gs.
2936 4109 2942 4116 .
3408 4052 3515 4153 s

2787 4189 2864 4269 es
3334 4189 3430 4248 ον’

2905 4289 3123 4341 Nersae
3147 4293 3280 4338 esse.

2375 4372 2678 4466 Nuliiiergc
2725 4394 2947 4450 dubium
2992 4401 3074 4450 est
3116 4391 3246 4462 quin
3275 4386 3685 4444 afﬁrmationem
3713 4384 3888 4456 possi-

2306 4491 2431 4546 bilis
2476 4497 2732 4559 sequatur
2779 4483 3064 4543 necessarii
3115 4484 3358 4553 negatio,
3400 4479 3738 4550 negationem
3765 4491 3891 4532 vero

2206 4587 2276 4652 '_
2306 4579 2580 4652 possibilts
2604 4593 2709 4632 non
2740 4587 2995 4648 sequatur
3025 4575 3407 4640 necessarium,
3450 4572 3542 4628 sed
3567 4573 3744 4642 potius
3765 4585 3894 4626 con-

2225 4633 2280 4694 D

2309 4678 2558 4732 trartetas
2592 4673 2905 4730 necessarii.
2934 4671 3066 4726 Nam
3109 4685 3231 4726 cum
3263 4667 3521 4740 possibile
3557 4680 3679 4721 esse
3704 4679 3896 4736 sequa-

2306 4779 2394 4825 tur
2420 4767 2780 4834 contradictio
2820 4763 3190 4832 necessitatis,
3225 4775 3348 4834 quae
3395 4767 3479 4816 est
3518 4773 3625 4814 non
3675 4769 3898 4812 necesse

2307 4877 2449 4928 esse,
2477 4860 2956 4917 contradictionem
2997 4856 3271 4928 possibilis
3301 4869 3418 4924 qua:
3449 4852 3598 4917 dicit,
3628 4865 3736 4905 non
3767 4863 3894 4919 pos-
3931 4907 3934 4912 _

2308 4953 2466 5009 sibile
2504 4968 2645 5020 esse,
2677 4968 2782 5007 non
2813 4951 3056 5024 sequitur
3098 4946 3391 5020 necessitas
3420 4947 3556 5014 ipsa.
3585 4929 3693 4999 Sed
3723 4943 3900 5013 potius

2305 5046 2579 5124 contraria
2609 5043 2701 5100 illa
2722 5043 2930 5098 scilicet
2957 5057 3077 5112 qua:
3107 5027 3359 5116 proponit
3389 5051 3612 5104 necesse
3646 5049 3768 5090 esse
3791 5049 3900 5090 non

2307 5153 2447 5195 esse.
2475 5138 2679 5195 Sensus
2699 5153 2828 5210 ergo
2857 5135 3162 5206 hujusmodi
3189 5142 3291 5191 est.
3325 5132 3471 5188 Talis
3502 5144 3632 5185 vero
3661 5137 3745 5185 est
3763 5129 3900 5187 ordo

2305 5245 2635 5297 sermonum,
2663 5229 3026 5286 necessarium
3045 5243 3201 5293 vero,
3228 5225 3419 5296 inquit,
3443 5220 3898 5294 quemadmodum

2307 5325 2396 5392 sit,
2420 5324 2471 5379 id
2500 5331 2604 5390 est,
2623 5295 2766 5393 quas
2786 5321 2980 5378 habeat
2998 5295 3413 5389 consequentias
3439 5312 3921 5393 considerandum,
3961 5295 3967 5309 τ

2305 5381 2408 5473 est.
2447 5381 2625 5472 Primo
2652 5381 2881 5485 .quldem
2932 5411 3122 5470 deﬁnit
3166 5381 3352 5466 dicens
3383 5404 3768 5463 :idanifestum
3813 5392 3929 5492 esti
4005 5381 4008 5384 1

2305 5514 2556 5586 quoniam
2580 5529 2688 5570 non
2717 5513 2908 5569 eodem
2935 5510 3117 5567 modo.
3156 5507 3277 5575 Quo
3304 5506 3427 5562 loco
3462 5499 3895 5566 subaudiendum
3925 5505 3930 5586 ᾖ

2307 5583 2422 5678 est,
2455 5609 2903 5682 quemadmodum
2948 5607 3002 5663 in
3047 5606 3133 5662 bis
3177 5617 3298 5676 quae
3342 5601 3633 5674 possibiles
3671 5609 3800 5654 sunt
3845 5583 3930 5652 et;

622 5705 757 5743 ltum:
805 5693 1254 5760 quemadmodum
1302 5693 1632 5763 possibilium
1674 5703 1729 5748 et
1775 5695 2199 5749 necessariarum
2307 5702 2695 5774 tmpossibiles,
2724 5703 2819 5759 sed
2863 5701 3148 5756 contrariae
3188 5705 3508 5768 aequantur,
3543 5691 3905 5750 contradicto—

621 5785 1049 5851 prepositionum
1083 5784 1212 5839 ﬁant
1239 5787 1656 5855 consequentiae,
1707 5787 1837 5842 dicit
1872 5801 1980 5843 non
2009 5788 2201 5843 eodem
2306 5795 2402 5848 ria!
2430 5808 2558 5848 vero
2589 5802 2737 5849 extra
2767 5801 2915 5858 sunt,
2945 5801 2999 5847 et
3021 5806 3128 5846 non
3151 5797 3472 5859 sequuntur.
3502 5784 3748 5856 Namque
3766 5797 3900 5839 con-

621 5872 781 5933 tnodo
805 5874 861 5928 ia
889 5875 976 5928 his
1014 5875 1232 5930 evenire
1273 5876 1726 5943 quemadmodum
1770 5875 1829 5932 ia
1868 5877 1980 5932 illis
2022 5881 2207 5935 evenit
2309 5884 2686 5940 tradictionem
2737 5949 2745 5953 ,
2782 5885 3003 5942 mihi“:
3048 5875 3157 5940 non
3205 5878 3500 5936 noeeuarii
3526 5875 3909 5946 conitadictio.

618 5502 969 5565 bilisnegatio
1009 5509 1343 5570 sequeretur.
1389 5516 1573 5557 rursus
1620 5503 1888 5571 negationi
1933 5503 2203 5573 possibilia

620 5593 904 5646 affirmatio
960 5593 1315 5662 impossibilia
1367 5596 1716 5650 consentiret.
1761 5597 2019 5664 Qumrens
2071 5612 2202 5668 ergo
