4296 6266
405 361 506 446 90.5

1104 344 1183 412 ut
1208 344 1467 409 nam!
1500 342 1592 404 ns
1628 343 2269 410 msnrnsra'rtons
2309 345 2536 408 como
2571 332 2910 408 securius.

406 431 497 532 ξέῖι
545 473 630 540 (ut
677 479 839 541 supra
886 463 1192 536 docuimus)
1243 462 1594 520 contrarietas
1635 460 1980 532 sequebatur.
2010 461 2065 532 Α
2089 461 2245 515 sibile
2271 465 2573 516 necessario
2601 465 2838 519 redditur
2865 466 3003 520 idem
3031 482 3236 534 valens,
3269 466 3322 522 id
3350 477 3434 522 est
3457 481 3672 528 contra-

399 568 518 624 Non
544 563 690 620 enim
718 562 1066 618 contradictio
1095 557 1497 617 contradictioni
1541 558 1592 610 in
1649 557 1747 610 bac
1796 570 1984 612 neces-

362 685 366 690 π
406 662 530 717 sirrii
563 655 940 726 consequentia
971 653 1354 709 consentiebat.
1386 648 1718 718 Sequebatur
1750 662 1981 718 namque

406 751 814 825 pnssibilitatem
855 747 981 802 illud
1013 746 1154 817 quod
1185 753 1268 800 est
1307 759 1411 799 non
1440 742 1841 821 necessarium,
1873 757 1979 795 non

410 842 663 912 possibile
691 849 864 895 autem
911 838 1233 907 sequebatur
1282 849 1340 889 ea
1388 833 1682 904 propositio
1711 847 1827 902 quae
1854 829 1984 886 dicit

357 1003 370 1022 l
411 950 628 993 necesse
652 949 768 989 esse
790 948 894 987 non
920 945 1040 988 esse
1060 973 1074 997 ,
1117 944 1220 986 non
1251 937 1430 983 autem
1461 941 1682 981 necesse
1707 941 1846 981 esse.
1878 923 1984 980 Sed

412 1045 592 1086 l'lll'StlS
621 1040 836 1082 necesse
879 1037 998 1079 esse
1041 1039 1146 1098 non
1187 1037 1327 1088 esse,
1379 1029 1434 1076 ει
1481 1034 1585 1073 non
1618 1033 1838 1098 IIOCESSC
1867 1032 1987 1072 esse

410 1139 513 1178 non
540 1129 660 1176 sunt
689 1097 1156 1174 contradictiones.
1195 1115 1300 1172 Sed
1340 1130 1446 1169 non
1476 1128 1698 1169 necesse
1724 1097 1843 1168 εἶδε
1869 1112 1988 1182 qui-

407 1213 523 1267 dem
551 1214 762 1281 negatio
792 1207 1081 1264 necessarii
1108 1215 1211 1272 est,
1259 1207 1348 1261 illa
1397 1221 1525 1260 vero
1553 1221 1674 1275 quae
1716 1203 1865 1266 dicit,
1892 1217 1988 1257 ne-

407 1320 555 1360 cesse
579 1318 699 1358 esse
745 1318 850 1356 non
896 1314 1016 1354 esse
1062 1300 1326 1354 contraria
1369 1295 1676 1352 necessarii.
1707 1296 1900 1350 Contra
1929 1308 1989 1349 se

407 1407 582 1452 autem
617 1411 722 1449 non
767 1403 890 1448 sunt
920 1391 1370 1446 contradictoris).
1403 1389 1632 1443 Possunt
1675 1401 1904 1456 namque
1937 1385 1988 1440 in

408 1508 513 1546 ttno
543 1491 839 1559 eodemque
869 1487 1024 1540 simul
1049 1485 1296 1538 inveniri.
1328 1481 1480 1552 Quod
1505 1497 1596 1550 per
1625 1482 1726 1534 boc
1755 1481 1830 1534 ait
1849 1477 1988 1550 quod

410 1584 546 1640 dixit
579 1601 594 1637 :
624 1579 893 1648 Contingit
914 1579 1055 1633 enim
1079 1593 1238 1632 veras
1263 1591 1382 1631 esse
1414 1577 1466 1630 in
1497 1574 1686 1629 eodem
1718 1584 1989 1642 utrasque.

408 1675 540 1732 Nam
571 1668 712 1748 quod
746 1670 1115 1727 necessarium
1149 1683 1253 1722 non
1301 1682 1423 1723 esse
1470 1682 1573 1721 non
1603 1676 1683 1720 est
1734 1677 1986 1718 necessa.

411 1769 546 1824 rium
577 1782 719 1829 esse,
753 1773 817 1817 ut.
838 1760 1094 1832 quoniam
1154 1773 1380 1813 necesse
1427 1767 1510 1811 est
1553 1755 1826 1810 hominem
1856 1768 1985 1824 qua-

2087 556 2167 608 rio
2190 555 2348 610 modo
2370 555 2574 610 reddita
2602 569 2653 631 et
2685 561 3019 623 pronuntiata
3056 565 3459 631 impossibilitas
3484 581 3670 624 neces-

2088 647 2230 701 sitati
2278 647 2414 702 idem
2456 627 2784 702 γςιΙει.’Ν;ὶιιι
2829 654 2871 704 si
2902 653 3230 721 impossibile
3260 667 3345 712 est
3383 673 3526 720 esse,
3569 673 3667 718 no-

2088 752 2240 792 cesse
2266 748 2349 791 est
2380 739 2479 792 boc
2512 753 2614 792 non
2643 754 2779 793 esse.
2830 739 2934 794 Sed
2964 742 3010 795 si
3041 757 3119 796 est
3149 762 3366 800 necesse
3393 765 3496 802 non
3527 764 3668 818 esse,

2091 831 2192 884 hoc
2223 845 2326 884 non
2359 839 2441 884 est
2473 829 2724 899 possibile
2763 846 2903 886 esse.
2939 833 3123 889 Nullus
3155 854 3281 907 ergo
3309 840 3505 894 dixi-rit
3531 857 3674 911 quo-

2091 926 2234 980 niam
2269 941 2491 982 necesse
2531 935 2786 991 estesse,
2824 927 2916 981 sed
2959 929 3134 997 potius
3173 931 3420 1000 (μιοονὶςὶυι
3455 950 3674 990 necesse

2091 1026 2174 1072 cst
2195 1034 2300 1072 non
2333 1034 2473 1083 esse,
2505 1029 2753 1088 tanquam
2797 1021 2839 1073 si
2872 1020 2941 1074 ita
2975 1020 3215 1076 dixisset.
3244 1021 3371 1075 Nam
3399 1025 3440 1077 si
3474 1025 3673 1093 impos-

2091 1112 2246 1166 sibile
2291 1122 2374 1166 est
2419 1127 2558 1177 esse,
2593 1129 2810 1168 necesse
2841 1123 2924 1169 est
2953 1114 3055 1168 hoc
3098 1131 3201 1170 non
3248 1131 3387 1170 esse.
3423 1117 3526 1174 Sed
3568 1137 3674 1178 non

2091 1205 2384 1274 putandum
2419 1214 2501 1259 est
2533 1205 2782 1274 quoniam
2830 1205 3164 1275 impossibile
3207 1213 3288 1260 est
3317 1222 3435 1260 esse
3466 1205 3564 1262 ltoc
3595 1217 3676 1265 est

2090 1296 2233 1366 quod
2264 1311 2484 1350 necesse
2509 1307 2588 1348 est
2616 1313 2754 1352 esse.
2779 1297 2928 1365 Quod
2949 1299 2992 1352 si
3023 1314 3208 1353 rursus
3233 1299 3562 1365 impossibile
3593 1307 3677 1354 cst

2092 1401 2200 1440 non
2232 1401 2373 1450 esse,
2405 1387 2504 1441 hoc
2533 1403 2754 1443 necesse
2784 1398 3030 1443 estesse.
3075 1388 3383 1444 Convvrsitn
3430 1392 3587 1459 igitur
3623 1400 3677 1445 et

2093 1480 2359 1534 contrarie
2386 1479 2787 1549 impossibilitas
2818 1480 3124 1535 necessitati
3155 1482 3395 1537 redditur
3423 1483 3562 1538 idem
3588 1500 3678 1538 va-

2095 1572 2231 1639 lens,
2278 1571 2327 1625 id
2371 1581 2455 1626 est
2499 1573 2771 1626 contrario
2808 1573 2966 1625 modo
3004 1572 3212 1626 reddita
3242 1583 3295 1629 et
3340 1575 3678 1642 pronuntiata

2094 1660 2496 1732 impossibilitas
2528 1663 2855 1718 necessitati.
2914 1665 3062 1731 Quod
3094 1666 3137 1718 si
3185 1665 3585 1734 impossibiiitas
3610 1668 3677 1722 ad

2096 1756 2352 1824 possibile
2404 1753 2569 1810 simili
2611 1755 3054 1821 contradittione,
3101 1766 3153 1811 et
3194 1757 3677 1814 eontradictionum
3767 1787 3772 1791 ~

410 1853 698 1928 drupedem
741 1870 846 1912 non
874 1869 1015 1918 esse,
1048 1868 1154 1906 non
1188 1860 1269 1906 est
1300 1850 1662 1905 necessarium
1707 1847 1982 1902 hominem
2018 1851 2068 1916 Β
2093 1847 2446 1904 conversione
2475 1847 2914 1917 consequentitm
2941 1847 3137 1912 reddit,
3162 1848 3301 1904 idem
3329 1857 3506 1904 autem
3540 1851 3680 1906 valet

411 1949 807 2025 quadrupedem
851 1961 994 2000 esse.
1024 1944 1154 1999 Nam
1183 1944 1228 1998 si
1258 1942 1358 1998 hoc
1401 1942 1592 1996 falsum
1635 1950 1736 2005 est,
1768 1955 1991 1996 necesse

413 2047 516 2103 erit
539 2044 814 2099 hominem
858 2054 980 2095 esse
1026 2036 1456 2108 quadrupedem,
1508 2051 1627 2089 cum
1662 2049 1882 2089 necesse
1926 2033 1993 2087 sit

415 2153 520 2194 non
551 2151 690 2191 esse.
724 2133 988 2202 Quocirca
1020 2129 1364 2184 manifestum
1416 2137 1500 2184 est
1531 2128 1785 2199 quoniam
1835 2125 1992 2182 simul

414 2229 698 2302 aliquando
721 2227 948 2282 inveniri
973 2232 1194 2296 possunt
1216 2239 1318 2277 non
1341 2237 1563 2280 necesse
1576 2236 1717 2284 esse,
1737 2229 1790 2273 et
1809 2232 1994 2273 rursus

413 2337 639 2380 necesse
666 2335 788 2375 esse
818 2333 923 2373 non
961 2331 1082 2372 esse
1126 2317 1520 2388 propositiones
1547 2328 1668 2384 quae
1699 2329 1818 2366 cum
1860 2327 1993 2366 con-

417 2425 495 2471 tra
542 2428 602 2468 se
631 2422 776 2476 sunt,
810 2408 1267 2465 contradictiones
1297 2422 1403 2461 non
1435 2417 1581 2460 sunt.
1615 2403 1843 2458 Causam
1871 2413 1999 2460 vero

419 2507 647 2565 reddens
677 2521 770 2560 cur
823 2519 942 2558 eum
985 2501 1279 2558 secundum
1328 2498 1599 2571 possibilis
1637 2495 1998 2566 comparatio-

424 2617 544 2657 nem
572 2599 636 2654 ad
660 2597 1112 2654 contradicﬁones
1135 2597 1203 2649 sit
1227 2594 1435 2650 reddita
1456 2591 1863 2660 consequentia,
1891 2603 1998 2645 non

420 2695 606 2752 eodem
636 2691 794 2745 modo
817 2690 868 2743 in
899 2686 1214 2750 necessariis
1239 2686 1469 2756 potuerit
1489 2682 1704 2738 evenire
1731 2683 1809 2736 sic
1830 2682 1998 2736 dicit:

492 2783 657 2838 Causa
684 2791 850 2835 autem
882 2796 970 2832 cur
999 2797 1098 2831 non
1128 2786 1402 2848 sequantur
1432 2773 1664 2830 similiter
1683 2773 1877 2827 caeteris
1902 2781 1997 2836 est,

423 2876 656 2945 quoniam
684 2871 948 2926 contraria:
978 2868 1288 2940 impossibile
1315 2866 1596 2920 necessario
1619 2864 1850 2918 redditur
1871 2863 2004 2916 idem

423 2966 610 3021 valens.
645 2964 782 3019 Nam
812 2963 949 3036 quod
977 2962 1292 3028 impossibile
1319 2970 1391 3016 est
1421 2976 1550 3025 esse,
1570 2974 1766 3012 necesse
1785 2968 1859 3011 est
1885 2957 2000 3024 hoc,

425 3077 522 3114 non
549 3060 752 3134 quidem
772 3072 898 3123 esse,
931 3055 1020 3108 sed
1041 3054 1208 3125 potius
1230 3069 1328 3106 non
1351 3069 1474 3108 esse.
1510 3050 1661 3118 Quod
1678 3065 1792 3104 vero
1815 3050 2006 3118 impos-

426 3151 566 3205 sibile
599 3158 670 3203 est
701 3164 798 3200 non
828 3163 954 3213 esse,
985 3145 1081 3199 hoc
1111 3145 1446 3198 necessarium
1485 3151 1556 3195 est
1581 3156 1706 3196 esse.
1756 3139 1925 3205 Quare
1958 3139 2008 3195 si.

2098 1938 2500 2008 impossibilitas
2555 1948 2610 1994 et
2669 1941 2962 1994 necessitas
3025 1941 3312 1996 contraria:
3369 1941 3678 2011 przrdicata,

2098 2033 2229 2087 nulli
2269 2033 2488 2087 dubium
2529 2043 2610 2088 est
2640 2036 2764 2103 quin
2792 2046 2936 2090 recte
2963 2035 3047 2090 hic
3073 2038 3339 2092 contraria
3366 2048 3420 2096 et
3456 2056 3557 2094 non
3582 2056 3680 2112 op-

2097 2123 2268 2192 posita
2299 2122 2456 2177 fuerit
2482 2128 2857 2194 consequentia
2887 2142 2901 2178 :
2933 2141 2998 2180 an
3023 2138 3167 2182 certe
3209 2128 3278 2183 ita
3310 2131 3680 2200 exponendum

2097 2227 2201 2284 est,
2223 2217 2473 2287 quoniam
2507 2218 2961 2290 inconsequentia
2993 2219 3340 2291 impossibilis
3366 2232 3418 2278 et
3446 2240 3548 2278 non
3580 2223 3680 2280 im-

2099 2309 2373 2378 possibilis
2416 2309 2481 2362 ad
2509 2322 2602 2364 eas
2629 2326 2746 2380 qua:
2789 2314 3156 2382 preponebant
3201 2315 3454 2384 possibile
3492 2325 3546 2370 et
3574 2333 3678 2372 non

2099 2401 2354 2470 possibile
2383 2417 2500 2456 eam
2527 2417 2647 2471 qua:
2671 2412 2754 2457 est
2780 2419 2882 2458 non
2912 2405 3164 2473 possibile
3192 2421 3252 2462 ea
3281 2423 3400 2478 quae
3428 2407 3556 2462 dicit
3585 2409 3680 2464 ali-

2098 2491 2224 2562 quid
2252 2507 2371 2548 esse
2399 2494 2727 2563 impossibile
2757 2499 3097 2566 sequebatur,
3127 2499 3398 2555 contrarie
3427 2515 3555 2554 vero
3583 2502 3682 2554 im-

2100 2584 2374 2652 possibile,
2410 2585 2548 2639 idem
2592 2588 2730 2642 valet
2767 2589 2908 2658 quod
2943 2593 3302 2646 necessarium
3345 2594 3682 2649 manifestum

2102 2691 2204 2749 est,
2235 2683 2486 2753 quoniam
2516 2684 2763 2740 similiter
2785 2699 2843 2741 se
2889 2686 3068 2755 habet,
3109 2688 3160 2742 id
3185 2698 3265 2742 est
3295 2704 3360 2743 eo
3403 2689 3561 2742 modo
3585 2706 3686 2767 quo

2101 2777 2300 2832 dictum
2348 2786 2430 2831 est
2483 2777 2815 2845 impossibile
2845 2778 2910 2831 ad
2948 2781 3385 2848 consequentiam
3417 2781 3687 2850 possibilis

2102 2879 2159 2927 et
2195 2887 2298 2926 non
2331 2871 2619 2941 possibilie.
2667 2872 3000 2940 impossibile
3041 2887 3169 2925 vero
3209 2873 3256 2928 ei
3288 2878 3428 2942 quod
3459 2885 3540 2928 est
3584 2889 3688 2930 non

2104 2963 2377 3032 possibile,
2406 2971 2824 3015 consentaneum
2855 2961 2922 3013 sit
2953 2960 3004 3014 id
3027 2961 3167 3030 quod
3219 2964 3517 3016 econtrario
3551 2963 3688 3018 idem

2105 3056 2263 3122 valet,
2293 3056 2343 3110 id
2375 3065 2457 3110 est
2488 3055 2847 3110 necessarium
2871 3071 2972 3110 non
3002 3070 3144 3121 esse,
3168 3055 3216 3110 id
3243 3057 3389 3127 sequi
3419 3071 3688 3126 eampro-

2111 3153 2430 3222 positionem
2485 3165 2642 3220 quant
2691 3150 2850 3204 etiam
2907 3149 3307 3219 impossibilitas
3346 3153 3687 3222 sequebatur.

427 3239 520 3294 illa
546 3240 772 3293 similiter
815 3247 1090 3308 sequuntur
1124 3235 1380 3303 po:sibile,
1421 3246 1467 3286 et
1497 3250 1597 3286 non
1630 3232 1868 3303 possibile
1899 3230 2006 3286 haec
2035 3233 2080 3302 α
2114 3243 2207 3298 Εει
2235 3251 2411 3296 autem
2440 3241 2722 3294 contraria
2767 3241 2908 3295 idem
2939 3233 3120 3294 palens
3175 3241 3586 3312 impossibilimﬁ
3628 3257 3690 3321 ea

426 3351 454 3389 e
473 3335 748 3388 contrario.
779 3333 1027 3400 Quoniam
1057 3346 1157 3382 non
1188 3327 1479 3398 signiﬁcant
1511 3325 1645 3379 idem
1667 3323 2005 3378 necessarium

426 3435 470 3478 et
521 3423 851 3494 impossibile,
896 3423 981 3476 sed
1031 3419 1478 3491 (quemadmodum
1520 3418 1711 3472 dictum
1758 3414 1853 3486 est)
1885 3431 2006 3470 con-

427 3517 622 3570 versim.

493 3604 662 3663 Causa
701 3614 804 3673 est,
839 3603 1031 3674 inquit,
1059 3617 1152 3657 cur
1182 3598 1568 3670 consequentia
1595 3597 1647 3652 in
1685 3595 2004 3651 necessariis

425 3702 496 3757 ita
524 3699 784 3764 redditur,
840 3698 979 3768 quod
1028 3695 1386 3749 necessarium
1433 3707 1648 3766 semper
1689 3689 2005 3758 impossibili

424 3793 690 3847 contraria
716 3789 924 3843 ratione
943 3787 1230 3842 consentit.
1255 3786 1385 3840 Nam
1405 3784 1543 3854 quod
1574 3781 1902 3852 impossibile
1924 3788 2007 3836 est

425 3897 543 3937 esse
594 3879 956 3934 necessarium
997 3885 1079 3930 est
1124 3891 1230 3930 non
1255 3891 1392 3930 esse.
1426 3873 1492 3928 Et
1523 3889 1705 3928 rursus
1736 3872 1874 3944 quod
1914 3886 2006 3926 ne-

428 3986 580 4030 cesse
607 3969 692 4025 e'st
719 3983 860 4036 esse,
890 3965 992 4021 hoc
1022 3965 1349 4035 impossibile
1387 3973 1468 4020 est
1493 3981 1599 4020 non
1629 3979 1765 4018 esse.
1798 3964 1880 4020 Fit
1912 3961 2007 4032 igi-

429 4037 520 4117 lur
560 4059 914 4116 contrarietas
953 4058 1216 4128 qutedam.
1270 4057 1401 4128 Nam
1441 4073 1560 4111 cum
1608 4053 2006 4126 impossibilitas

427 4165 548 4208 esse
580 4152 761 4220 habet,
796 4152 1093 4204 necessitas
1140 4163 1243 4201 nou
1288 4161 1426 4212 esse,
1460 4156 1514 4202 et
1561 4163 1680 4200 cum
1715 4144 2004 4223 necessitas

426 4225 567 4310 esse,
618 4239 1021 4312 impossibilitas
1051 4256 1154 4293 non
1185 4253 1337 4303 esse,
1391 4254 1518 4306 ergo
1549 4237 1686 4290 idem
1737 4237 1872 4288 valet
1908 4233 2007 4288 im-

428 4333 750 4403 possibilitas
783 4339 836 4386 et
867 4331 1180 4396 necessitas,
1226 4346 1328 4384 non
1364 4328 1553 4384 eodem
1587 4329 1746 4384 modo
1776 4325 2002 4382 reddita.

430 4427 535 4480 Sed
565 4425 610 4478 si
636 4426 923 4479 necessitas
953 4424 1246 4479 secundum
1292 4439 1432 4485 esse,
1482 4423 1888 4494 impossibilitas
1926 4438 2009 4475 se-

430 4518 662 4574 cundum
694 4534 797 4571 non
843 4534 962 4574 esse
992 4519 1264 4584 redditur,
1318 4529 1369 4572 et
1401 4519 1446 4571 si
1494 4518 1894 4588 impossibilitas
1924 4533 2007 4574 se-

2109 3353 2230 3407 qtue
2257 3345 2340 3392 est
2363 3336 2721 3410 necessarium
2765 3349 2870 3388 non
2897 3349 3036 3398 esse,
3067 3335 3408 3404 sequiturque
3436 3335 3688 3404 impossi-

2108 3430 2286 3484 bilitas
2311 3443 2428 3483 eam
2457 3426 2873 3497 propositionem
2897 3440 3014 3495 qua}
3036 3435 3117 3480 est
3138 3442 3240 3481 non
3269 3425 3523 3499 possibile
3544 3443 3686 3500 esse,

2109 3521 2470 3577 necessarium
2526 3535 2632 3574 non
2661 3534 2780 3575 esse
2833 3520 2992 3589 igitur
3020 3519 3262 3589 sequitur
3296 3536 3412 3572 cam
3457 3536 3576 3592 quce
3606 3531 3689 3590 est

2109 3627 2214 3667 non
2245 3610 2497 3680 possibile
2525 3625 2666 3676 esse,
2700 3609 3054 3665 ntsitsensus
3077 3608 3184 3678 hic,
3214 3611 3464 3680 quoniam
3488 3612 3687 3681 impos-

2108 3705 2266 3760 sibile
2306 3706 2609 3760 necessario
2653 3703 2791 3758 idem
2841 3712 3018 3774 potest
3063 3705 3385 3759 econtrario.
3433 3704 3691 3760 Similiter

2109 3815 2236 3853 vero
2265 3814 2384 3854 sese
2411 3799 2589 3864 habet,
2629 3797 2677 3851 id
2712 3807 2792 3852 est
2834 3799 3025 3853 eodem
3058 3799 3218 3853 modo
3249 3816 3353 3870 quo
3386 3798 3585 3858 dietutn
3609 3811 3692 3857 est

2108 3889 2460 3958 impossibilia
2491 3885 2868 3956 consequentia
2914 3887 2978 3940 ad
3019 3902 3111 3941 eas
3142 3904 3276 3958 quas
3301 3892 3409 3946 dixi
3438 3871 3692 3966 possibile

2109 3996 2164 4040 et
2193 3985 2301 4039 non
2321 3985 2598 4055 possibile.
3677 3973 3681 3980 ‘

2182 4078 2260 4129 An
2286 4085 2418 4128 certe
2443 4072 2759 4141 impossibile
2787 4081 2859 4125 est
2907 4072 2978 4124 sic
3022 4069 3143 4137 poni
3183 4072 3456 4123 necessarii
3493 4080 3696 4125 contra-

2111 4167 2377 4221 dictiones.
2417 4165 2551 4219 Nam
2573 4165 2708 4235 quod
2739 4173 2813 4218 est
2838 4163 3174 4217 necessarium
3199 4178 3328 4226 esse,
3357 4163 3594 4232 possibile
3621 4173 3696 4219 est

2111 4274 2239 4313 esse.
2269 4255 2408 4311 Nam
2437 4259 2484 4310 si
2509 4271 2630 4321 non,
2673 4255 2876 4327 negatio
2913 4264 3169 4331 sequetur.
3221 4252 3438 4308 Necesse
3465 4255 3595 4309 enim
3625 4265 3698 4310 est

2111 4358 2199 4402 aut
2251 4347 2502 4417 aﬂirmare
2533 4357 2628 4400 aut
2663 4362 2867 4419 negare.
2911 4345 3086 4410 Quare
3128 4347 3171 4401 si
3200 4363 3299 4400 non
3346 4343 3586 4415 possibile
3627 4356 3700 4400 est

2113 4455 2239 4504 esse,
2276 4437 2586 4506 impossibile
2624 4445 2697 4492 est
2736 4452 2864 4491 esse.
2899 4435 3071 4508 Igitur
3107 4435 3416 4502 impossibile
3458 4444 3531 4488 est
3569 4450 3698 4502 esse,

2113 4530 2251 4592 quod
2286 4544 2486 4582 necesse
2514 4538 2585 4582 est
2613 4545 2751 4593 esse,
2799 4528 2936 4598 quod
2972 4535 3044 4579 est
3085 4525 3458 4578 inconveniens.
3493 4524 3556 4579 At
3584 4540 3701 4578 vero

431 4611 660 4666 cundum
682 4625 822 4676 esse,
859 4611 1148 4664 secundum
1177 4626 1282 4664 non
1325 4627 1447 4664 esse
1480 4611 1798 4676 necessitas,
1841 4625 2006 4682 quare
2035 4613 2088 4676 Ι)
2111 4621 2243 4674 illud
2271 4621 2411 4693 quod
2436 4629 2508 4672 est
2537 4618 2778 4686 possibile
2797 4633 2922 4680 esse,
2950 4632 3051 4669 non
3075 4616 3387 4684 iMpossibile
3412 4633 3518 4670 esse
3542 4621 3701 4686 sequi-

431 4700 629 4757 idcirco
657 4706 831 4756 evenit
861 4703 961 4756 ista
1009 4703 1281 4758 contrario
1326 4703 1483 4756 modo
1528 4702 1834 4768 conversio,
1891 4719 2010 4756 nam

430 4793 523 4848 ubi
569 4803 649 4847 est
694 4795 1019 4860 impossibile
1053 4809 1193 4859 esse,
1235 4794 1307 4848 ibi
1357 4805 1440 4848 est
1486 4809 1706 4850 liCCt‘Sa‘e
1739 4809 1840 4847 non
1871 4809 2008 4859 esse,

431 4885 522 4940 sed
554 4884 883 4952 impossibile
927 4901 1048 4955 esse
1077 4896 1132 4940 et
1178 4901 1282 4939 non
1317 4886 1568 4955 possibile
1621 4900 1738 4938 csse
1784 4899 2013 4940 consen-

435 4977 589 5030 tiunt.
635 4979 797 5046 Igitur
825 4993 928 5031 non
973 4979 1226 5048 possibile
1255 4992 1374 5031 esse
1403 4985 1456 5031 et
1492 4991 1711 5031 nt-cesse
1742 4990 1845 5030 non
1891 4989 2011 5030 esse

430 5069 788 5122 consentiunt.
840 5068 981 5122 Nulli
1027 5085 1155 5138 ergo
1187 5068 1404 5122 dubium
1437 5077 1519 5122 est
1558 5065 1756 5122 idcirco
1787 5080 2004 5126 necesse

428 5173 533 5211 non
561 5174 680 5214 esse
706 5160 852 5228 sequi
903 5158 1177 5229 possibilis
1226 5160 1580 5228 negationem,
1627 5160 1877 5230 quoniam
1909 5159 2007 5214 im-

428 5251 752 5320 possibilitas
780 5267 900 5320 qua:
924 5251 1185 5321 sequitur,
1221 5251 1488 5319 possibilis
1520 5251 1854 5321 negationem
1879 5265 2003 5304 con-

427 5345 592 5399 sentit
615 5342 668 5398 ei
691 5361 808 5413 quos
838 5343 987 5412 dicit,
1019 5359 1238 5399 necesse
1256 5360 1359 5424 non
1388 5358 1528 5398 esse.
1558 5343 1669 5400 lloc
1693 5353 1869 5402 autem
1890 5344 2008 5398 ideo

424 5439 547 5508 quia
572 5437 973 5504 impossibilitas
996 5446 1048 5491 et
1071 5436 1366 5491 necessitas
1397 5437 1740 5491 itlem.valent
1775 5437 1853 5502 (ut
1874 5436 2004 5507 dixi)

425 5532 474 5585 si
505 5532 786 5584 contrariae
824 5542 1205 5599 proponantur.
1260 5532 1437 5598 Quare
1484 5530 1624 5600 quod
1669 5529 1864 5588 dieizur
1908 5529 2010 5588 hoc

427 5620 589 5676 modo
619 5630 720 5673 est.
753 5621 920 5673 Causa
957 5631 1134 5676 autem
1165 5631 1265 5686 est,
1298 5620 1487 5692 inquit,
1518 5635 1612 5675 ειη*
1643 5637 1747 5676 non
1777 5635 2009 5692 sequan-

431 5725 519 5769 tur
547 5712 795 5767 similiter
821 5714 1050 5783 creteris,
1085 5715 1135 5769 id
1173 5724 1254 5770 est
1281 5729 1399 5786 qua:
1427 5714 1717 5776 secundum
1753 5717 2008 5790 possibile

430 5817 486 5866 et
511 5809 847 5873 impossibile
878 5811 1027 5866 factae
1045 5819 1190 5880 sunt,
1220 5811 1472 5881 quoniam
1504 5812 1783 5876 contrariae
1810 5812 2010 5884 impos-

2113 4721 2214 4764 tur.
2251 4709 2367 4764 Hoc
2398 4725 2511 4762 vero
2534 4709 2664 4761 illud
2691 4708 2826 4776 quod
2851 4715 2925 4760 est
2958 4722 3060 4759 non
3088 4706 3427 4759 necessarium
3456 4715 3531 4760 est
3570 4721 3697 4761 esse.

2114 4799 2561 4868 Quare‘contingit
2602 4798 2738 4868 quod
2769 4807 2841 4850 est
2872 4795 3207 4850 necessarium
3236 4811 3363 4859 esse,
3396 4812 3495 4850 non
3533 4811 3702 4850 neces-

2111 4893 2308 4948 sarium
2336 4905 2467 4956 esse,
2497 4890 2636 4960 quod
2665 4907 2787 4943 sane
2807 4898 2878 4943 est
2905 4890 3281 4944 inconveniens.
3311 4889 3374 4942 At
3399 4905 3513 4945 vero
3543 4905 3703 4962 neque

2116 4983 2459 5038 necessarium
2495 4997 2606 5036 esse
2631 4983 2863 5051 sequitur
2891 4982 2958 5034 ad
3001 4981 3238 5052 possibile
3263 4997 3391 5046 esse,
3429 4998 3586 5048 neque
3615 4999 3704 5036 ne-

2120 5083 2395 5141 cessarium
2422 5094 2524 5131 non
2553 5093 2678 5132 esse.
2708 5066 2799 5131 Illi
2830 5079 2959 5131 enim
2980 5087 3198 5150 utraque
3227 5077 3471 5147 contingit
3500 5075 3704 5129 accide-

2118 5184 2193 5239 re,
2249 5173 2432 5227 borum
2473 5181 2639 5227 autem
2695 5172 2988 5226 utrumlibet
3029 5187 3204 5226 verum
3254 5157 3427 5242 fuerit,
3474 5169 3703 5224 nondum

2117 5274 2266 5318 erunt
2293 5264 2388 5318 illa
2432 5279 2570 5319 vera.
2621 5263 2790 5319 Simul
2834 5265 2965 5318 enim
2992 5251 3226 5330 possibile
3252 5269 3325 5315 est
3353 5277 3484 5328 esse,
3517 5273 3563 5316 et
3599 5279 3703 5317 non

2118 5370 2247 5409 esse.
2280 5354 2340 5408 Si
2362 5371 2477 5410 vero
2508 5371 2708 5410 necesse
2736 5365 2806 5409 cst
2828 5372 2955 5416 esse,
2985 5354 3061 5408 vel
3081 5370 3182 5406 non
3207 5369 3334 5420 esse,
3355 5370 3456 5409 non
3478 5355 3573 5407 erit
3596 5372 3704 5424 pos-

2118 5445 2266 5504 sibile
2296 5459 2584 5513 utrumque.
2616 5448 2938 5518 Ileiinquitur
2965 5463 3084 5517 ergo
3109 5463 3209 5501 non
3233 5450 3571 5503 necessarium
3600 5465 3702 5503 non

2119 5554 2248 5605 esse,
2272 5540 2410 5604 sequi
2440 5541 2509 5592 ad
2532 5540 2771 5610 possibile
2790 5557 2915 5593 esse.
2950 5537 3066 5591 Hoc
3095 5540 3229 5592 enim
3257 5557 3429 5594 rerum
3456 5553 3551 5606 est,
3576 5552 3620 5595 et
3643 5543 3706 5596 de

2118 5650 2322 5689 necesse
2356 5651 2484 5699 esse,
2517 5636 2626 5690 lure
2653 5635 2785 5688 enim
2812 5637 2869 5704 ﬁt
2895 5636 3230 5689 contradictio
3257 5638 3368 5708 eius
3396 5655 3510 5710 qmc
3538 5641 3706 5708 sequi-

2122 5735 2206 5782 tur
2223 5734 2289 5780 aa
2316 5741 2420 5779 non
2449 5728 2688 5797 possibile
2709 5742 2835 5782 esse.
2864 5726 3007 5780 Illud
3034 5732 3165 5781 enim
3188 5731 3415 5798 sequitur
3440 5731 3532 5785 hoc
3565 5733 3704 5803 quod

2119 5829 2214 5885 est,
2245 5818 2554 5886 impossibile
2575 5835 2704 5887 esse,
2730 5828 2778 5875 et
2806 5835 3004 5876 meme
3029 5835 3135 5876 non
3159 5837 3288 5879 esse.
3315 5820 3478 5895 Cujus
3499 5823 3705 5900 negatio
