4296 6266
657 372 757 429 607

1878 389 1987 444 AN.
2029 391 2236 448 MANL.
2278 394 2432 451 SEV.
2471 399 2692 457 BOET"

3816 434 3923 491 608

655 495 747 553 est,
779 503 881 540 non
909 502 1107 539 necesse
1131 504 1231 540 non
1264 505 1388 544 esse.
1421 491 1718 564 Sequuntur
1752 499 1907 570 igitur
1926 511 1972 553 et
2003 502 2082 556 Ine
2111 521 2228 560 con-
2255 511 2306 568 Α
2333 509 2377 562 si
2407 509 2475 563 ita
2513 521 2615 578 est,
2647 516 2848 587 aliquid
2877 520 3209 590 impossibile
3245 542 3642 606 consequentiis
3672 551 3921 618 proposi-

657 579 980 618 lrndinh‘nnpx
1008 581 1283 618 gat-nntium
1317 587 1614 618 nui-mrum“...
1647 593 1850 618 ...-.J..--.
1907 595 1964 618 ιθ.
1988 599 2113 618 μηδι
2145 602 2183 618 -,
2343 603 2378 618 ,ο
2895 615 2904 618 -

657 579 980 630 tradictiones
1007 581 1284 635 secundum
1315 587 1616 646 prmdictum
1647 593 1872 647 modum.
1898 595 1964 649 Et
1986 599 2113 652 nihil
2139 602 2232 654 im-

655 669 889 735 possibile
917 672 1249 741 contingitsic
1273 678 1472 746 positis.

722 779 979 849 Superius
1011 786 1224 853 quidem
1251 795 1667 861 propositionum
1697 801 1832 858 facta
1858 812 2137 866 conversio
2159 814 2228 869 ita

649 879 750 937 est,
798 883 852 924 ut
901 877 1207 942 possibilem
1243 889 1655 952 propositionem
1689 903 1976 955 necessarii
2018 907 2229 974 negatio

646 976 981 1032 sequeretur.
1017 970 1190 1040 Atque
1218 974 1299 1031 bis
1348 979 1417 1032 ita
1465 985 1650 1050 positis
1682 1004 1785 1043 non
1815 995 1993 1048 evenit
2021 1010 2075 1052 ut
2100 1015 2229 1055 con-

649 1057 898 1113 tradictio
922 1066 1396 1127 contradictionem
1427 1088 1761 1148 sequeretur,
1797 1100 1895 1141 nec
1922 1101 1978 1143 ut
2003 1106 2227 1149 conver-

643 1160 706 1200 so
741 1152 900 1204 modo
940 1170 1253 1222 sequeretur
1295 1167 1437 1234 quod
1470 1170 1520 1222 in
1552 1171 1659 1227 illis
1687 1178 1892 1234 scilicet
1945 1186 2226 1244 eveniebat

646 1239 699 1294 in
729 1245 918 1312 quibus
949 1252 1279 1318 possibilium
1307 1268 1361 1312 et
1403 1260 1812 1330 impossibilium
1841 1283 2220 1347 consequentia

643 1337 922 1391 considera
933 1339 1103 1408 batur,
1120 1348 1368 1414 quoniam
1386 1358 1736 1414 contradictio
1758 1370 2066 1434 necessarii,
2083 1375 2220 1440 quod

641 1436 722 1479 est
753 1428 956 1484 scilicet
979 1448 1083 1488 non
1115 1444 1478 1500 necessarium
1510 1463 1651 1513 esse,
1699 1457 2021 1524 sequebatur
2051 1466 2221 1529 possi-

639 1516 799 1573 bilem
819 1529 1261 1592 propositionem.
1295 1535 1571 1596 Possibilis
1591 1560 1716 1599 vero
1737 1552 2223 1613 contradictionem

636 1625 742 1664 non
774 1628 1061 1704 consecuta
1091 1632 1174 1676 est
1205 1631 1516 1695 necessitas,
1549 1636 1641 1689 scd
1675 1643 2001 1697 contrarium
2032 1663 2217 1704 neces-

635 1703 827 1758 sitatis.
862 1691 974 1765 Hoc
1000 1726 1302 1780 permutare
1328 1723 1510 1779 volens
1539 1727 1764 1783 intendit
1785 1731 1854 1785 ita
1885 1739 2212 1797 constituere

634 1805 1062 1871 consequentias,
1097 1818 1153 1862 ut
1200 1813 1361 1866 simili
1412 1818 1570 1873 modo
1617 1827 1970 1881 contradictio
1995 1831 2208 1899 quidem

2342 603 2542 658 tionum
2589 615 2998 676 permutandnm
3029 629 3133 682 est,
3178 632 3232 676 ut
3273 603 3442 693 possit
3487 630 3598 700 ipsa
3642 637 3744 692 sibi
3787 653 3920 699 ratio

2338 699 2664 754 consentire.
2724 704 2829 756 Aut
2879 707 3037 775 igitur
3085 712 3212 768 illud
3266 720 3437 786 primo
3486 725 3922 790 inconvenienter

2335 783 2534 840 dictum
2573 799 2676 852 est,
2718 794 2857 860 quod
2903 805 3190 858 necessarii
3245 783 3456 879 negatio
3506 817 3918 882 afﬁrmationem

2333 875 2644 942 possibilem
2677 894 3009 952 sequeretur,
3060 902 3204 972 utOea
3255 914 3375 966 quae
3416 914 3497 958 cst
3539 923 3646 963 non
3697 928 3919 971 necesse

2332 977 2472 1028 esse,
2505 981 2755 1036 sequatur
2776 992 2890 1031 eam
2920 996 3039 1049 quae
3067 984 3193 1040 dicit
3217 992 3467 1055 possibile
3492 1012 3632 1068 esse,
3661 1007 3744 1058 vel
3771 1018 3918 1064 certe

2331 1057 2457 1113 illud
2483 1077 2586 1116 non
2612 1078 2756 1122 recte
2779 1073 3046 1129 sensimus
3070 1080 3377 1146 possibilem
3403 1093 3823 1158 propositionem
3848 1100 3916 1155 ad

2330 1154 2683 1209 necessariam
2712 1163 3040 1226 consentire,
3063 1170 3201 1235 quod
3227 1173 3353 1239 quia
3391 1180 3775 1243 perabsurdum
3806 1199 3910 1245 est.

2326 1241 2512 1298 Nullus
2560 1249 2702 1302 enim
2743 1250 2938 1308 dixerit
2982 1262 3282 1316 necessitati
3338 1269 3737 1332 possibilitatem
3788 1293 3910 1334 esse

2324 1336 2668 1400 contrariam,
2701 1344 2878 1394 evenit
2905 1345 3047 1398 enim
3080 1349 3221 1416 quod
3250 1367 3472 1410 necesse
3509 1369 3611 1424 est,
3655 1361 3757 1417 hoc
3791 1366 3907 1423 ﬁeri

2324 1435 2429 1475 non
2457 1438 2613 1491 posse
2646 1439 2898 1500 rectaque
2925 1444 3008 1488 est
3031 1436 3143 1490 haec
3164 1449 3566 1512 consequentia.
3596 1450 3653 1504 Si
3684 1469 3907 1515 necesse

2322 1523 2404 1566 est
2430 1530 2570 1582 esse,
2600 1521 2849 1586 possibile
2883 1535 2967 1580 est
3011 1543 3150 1594 esse,
3179 1532 3316 1585 sicut
3356 1542 3528 1603 potius
3556 1546 3908 1604 contradictio

2321 1610 2611 1662 necessarii
2664 1617 3085 1682 prapositionem
3138 1627 3446 1694 possibilem
3493 1649 3598 1688 non
3629 1650 3900 1708 sequatur.

2317 1695 2422 1750 Sed
2445 1693 2562 1752 cum
2598 1703 2709 1757 haec
2738 1705 3010 1779 dicuntur,
3044 1693 3170 1769 iflud
3193 1717 3408 1790 intelligi
3444 1724 3631 1792 placet,
3652 1693 3903 1800 quodne;

2316 1791 2622 1848 ccssitatem
2657 1800 2985 1865 possibilitas
3028 1820 3301 1877 sequatur,
3334 1823 3390 1867 nt
3420 1791 3470 1870 id
3513 1823 3656 1889 quod
3698 1838 3780 1882 est
3807 1845 3902 1885 ne-

634 1893 1041 1950 contradictioni
1070 1906 1390 1969 consentiat,
1424 1911 1516 1964 sed
1539 1916 1858 1971 conversim.
1894 1919 2003 1974 Hoc
2030 1933 2208 1978 autem
2241 1907 2289 1967 B
2526 1887 2626 1941 hoc
2653 1891 2903 1990 p°ss"_’"e
2932 1911 3050 1952 esse
3076 1899 3300 1957 d'cawr'
3333 1904 3476 1962 mna
3504 1912 3662 1967 aluus
3693 1933 3900 1990 pampi-

628 1975 730 2036 bac
755 1986 961 2043 ratione
980 1991 1232 2061 dispertit.
1268 1997 1403 2054 Dicit
1427 2004 1593 2071 enim,
1613 2008 1791 2062 erravi
1823 2011 2049 2070 fortasse
2068 2019 2209 2086 quod

629 2261 965 2329 mentiretur,
1014 2273 1189 2336 posuit
1232 2277 1372 2331 enim
1423 2283 1733 2348 praecedens
1780 2291 2032 2356 possibile
2060 2311 2201 2363 esse,

627 2350 785 2419 eique
815 2355 913 2411 fuit
936 2366 1279 2422 consentiens
1306 2386 1411 2426 non
1447 2381 1804 2436 necessarium
1835 2400 1974 2439 esse.
2011 2388 2077 2442 Et
2105 2390 2205 2447 hoc

624 2442 838 2512 quidem
879 2456 1141 2518 superius.
1182 2458 1331 2516 Nunc
1355 2477 1531 2522 autem
1564 2475 1826 2539 convertit
1849 2487 1901 2531 ct
1928 2480 2055 2535 dicit
2084 2501 2096 2535 :
2125 2488 2199 2538 An

622 2533 871 2604 fortasse,
907 2541 1096 2610 inquit,
1129 2562 1315 2606 errore
1361 2556 1494 2624 lapsi
1537 2560 1606 2613 ita
1655 2564 1750 2619 bas
1793 2577 2201 2642 consequentias

621 2628 1018 2698 constituimus,
1067 2646 1121 2690 ut
1177 2641 1348 2708 primo
1388 2663 1707 2715 poneremus
1747 2663 2002 2726 possibile
2055 2683 2196 2738 esse,

623 2714 744 2738 ,___,‘
771 2728 883 2738 ,μη
1029 2725 1060 2738 ..

1395 2714 1400 2715 ,
1747 2714 1762 2726 .
1851 2714 2001 2720 ν---ν-
2059 2714 2196 2738 ν-ννρ

621 2714 746 2770 ltuic
767 2728 942 2775 autem
976 2725 1386 2798 adjungeretnus
1419 2741 1558 2795 velut
1585 2760 1919 2818 consequens
1951 2772 2199 2817 necessa-

621 2808 685 2861 rii
734 2813 1069 2879 negationem
1109 2834 1228 2888 qua:
1277 2826 1480 2884 diceret
1521 2849 1624 2889 non
1675 2853 1893 2900 necesse
1923 2853 2078 2905 esse?
2115 2855 2197 2909 An

620 2900 798 2966 potius
822 2903 948 2959 illud
983 2923 1163 2966 verum
1193 2926 1292 2985 est,
1324 2931 1380 2974 ut
1403 2925 1572 2991 posito
1604 2931 1748 2998 prius
1769 2944 2076 2997 necessario
2106 2961 2198 3001 ne-

616 2993 856 3047 cessitati
884 2999 1210 3062 possibilitas
1237 3016 1580 3072 consentiens
1611 3023 2006 3097 subsequatur?
2039 3035 2194 3093 Vide-

616 3093 703 3140 tur
729 3088 869 3144 enim
893 3109 1104 3152 omnem
1140 3112 1495 3166 necessariam
1530 3123 1949 3186 propositionem
1970 3135 2195 3200 possibi-

616 3176 732 3200 li.--
770 3197 786 3200 -
813 3199 817 3200 ν
1005 3190 1016 3200 ⁹
1078 3190 1107 3200 "
1210 3196 1220 3200 “

615 3176 734 3232 litas
762 3190 1034 3255 consequi.
1070 3190 1220 3259 Quod
1253 3200 1296 3252 si
1333 3207 1465 3272 ~quis
1499 3221 1671 3280 negat,
1713 3215 1788 3272 illi
1830 3176 2190 3284 conﬁtendum

2313 1973 2575 2031 cientibus
2606 1985 2934 2050 propositum
2967 1998 3068 2044 est.
3113 1990 3242 2046 Nam
3273 1995 3413 2050 aliud
3445 2010 3524 2054 est
3562 2019 3674 2058 rem
3717 2009 3899 2068 dicere

2312 2081 2431 2121 esse
2467 2085 2710 2141 necesse,
2753 2077 2895 2132 aliud
2925 2086 3344 2152 cssepossibilc.
3379 2090 3508 2146 Illud
3541 2107 3716 2152 autem
3754 2104 3895 2172 quod

2311 2175 2408 2230 per
2435 2177 2494 2216 se
2525 2166 2779 2233 possibile
2807 2179 2910 2238 est,
2945 2189 3048 2228 non
3079 2177 3251 2231 modis
3291 2183 3538 2238 omnibus
3567 2187 3624 2241 ﬁt
3655 2207 3893 2251 necesse.

2313 2249 2449 2304 Nam
2477 2255 2519 2307 si
2555 2271 2776 2314 necesse
2799 2270 2903 2328 est,
2938 2262 3050 2318 ﬁeri
3076 2282 3180 2322 non
3211 2281 3384 2338 potest
3412 2286 3466 2328 ut
3494 2293 3598 2332 non
3622 2282 3708 2335 sit.
3742 2283 3893 2350 Quod

2309 2357 2432 2396 vero
2471 2349 2725 2413 possibile
2754 2362 2859 2420 eSt,
2890 2363 2945 2408 et
2996 2372 3104 2412 non
3139 2375 3260 2416 esse
3311 2375 3502 2432 potest,
3556 2371 3712 2440 igitur
3748 2379 3890 2447 quod

2307 2435 2566 2504 possibile
2597 2448 2679 2493 est
2707 2458 2812 2497 non
2852 2449 2957 2500 erit
2998 2465 3235 2507 necesse.
3268 2455 3394 2512 Dico
3424 2469 3598 2516 autem
3631 2468 3754 2535 quia
3795 2487 3891 2526 ne-

2303 2541 2405 2594 que
2435 2543 2495 2580 ea
2522 2533 2818 2599 propositio
2848 2539 3089 2607 sequitur
3111 2547 3517 2626 possibilitatem
3552 2533 3674 2623 quae
3706 2573 3892 2616 neces-

2304 2619 2447 2672 sitati
2477 2623 2698 2677 omnino
2743 2633 3014 2685 contraria
3042 2645 3141 2690 est.
3182 2638 3275 2692 Est
3314 2658 3542 2713 namque
3573 2655 3890 2711 necessaria:

2301 2714 2656 2781 propositioni
2688 2725 2954 2777 contraria
2986 2741 3048 2780 ea
3078 2745 3196 2798 qua:
3222 2731 3374 2799 dicit,
3426 2753 3644 2796 necesse
3670 2753 3752 2798 est
3781 2762 3887 2803 non

2302 2820 2441 2859 esse.
2491 2806 2637 2863 Hanc
2669 2815 3003 2879 possibilitati
3048 2828 3351 2881 consentire
3400 2832 3574 2887 nullus
3623 2837 3884 2905 impellet.

2301 2894 2431 2950 Nam
2462 2900 2601 2967 quod
2634 2917 2851 2960 necesse
2879 2919 2960 2962 est
2992 2927 3093 2965 non
3117 2928 3259 2979 esse,
3293 2918 3422 2973 illud
3455 2938 3563 2977 non
3597 2936 3769 2993 potest
3792 2947 3880 2986 es-

2299 3002 2379 3041 se.
2409 2989 2560 3055 Quod
2602 3004 2779 3048 autem
2823 3001 3071 3065 possibile
3096 3015 3197 3070 est,
3233 3008 3360 3063 illud
3389 3028 3509 3069 esse
3536 3027 3590 3070 et
3633 3035 3738 3073 non
3767 3037 3884 3079 esse

2302 3087 2495 3142 potest.
2535 3079 2836 3141 Necessitas
2877 3105 3002 3157 ergo
3034 3097 3414 3164 propositionis
3443 3120 3561 3174 quas
3591 3112 3883 3169 secundum

2299 3187 2419 3227 esse
2449 3178 2788 3246 praedicatur,
2824 3184 3019 3241 idcirco
3043 3204 3146 3244 non
3175 3197 3418 3263 sequitur
3450 3204 3863 3269 possibiltatem

891 3282 992 3337 iam
1016 3292 1227 3358 negatio
1251 3266 1517 3361 possibilis
2219 3277 2266 3340 ρ
2298 3266 2436 3361 (Ψοά
2470 3270 2794 3334 possmimas
2841 3278 3052 3343 quidem
3081 3290 3135 3335 et
3177 3299 3282 3338 "0"
3315 3302 3434 3343 esse
3462 3302 3659 3361 Ροίθδίο
3689 3296 3881 3354 Νεοθε⁹

612 3281 712 3340 est,
741 3282 992 3345 quoniam
1016 3292 1227 3358 negatio
1251 3298 1517 3362 possibilis
1539 3309 1780 3376 sequitur
1795 3319 2187 3378 necessitatem.

611 3362 667 3417 In
691 3369 938 3426 omnibus
968 3378 1109 3432 enim
1139 3392 1231 3436 aut
1260 3387 1543 3448 afﬁrmatio
1568 3362 1660 3452 aut
1689 3407 1900 3471 negatio
1927 3419 2027 3463 est.
2055 3413 2193 3483 Ergo

1759 3457 1788 3471 υ
1877 3457 1891 3460 ⁷
1932 3457 2027 3463 ’⁷⁷⁷
2055 3457 2191 3483 ’⁴“Ὸν

609 3457 654 3510 si
686 3466 1046 3523 necessariam
1094 3481 1514 3542 prapositionem
1559 3503 1664 3543 non
1694 3496 1936 3563 sequitur
1964 3505 2193 3568 possibi-

608 3549 746 3619 litas,
768 3560 1136 3625 possibilitatis
1157 3573 1370 3640 negatio
1396 3582 1760 3650 consequitur,
1783 3597 1839 3640 ut
1865 3591 1934 3643 ita
1958 3592 2183 3652 dicatur.

607 3646 747 3717 Ergo
777 3663 920 3707 recta
953 3664 1336 3729 consequentia
1387 3667 1458 3721 ita
1507 3672 1632 3737 dici,
1683 3679 1824 3745 quod
1854 3697 2075 3740 necesse
2106 3699 2188 3744 est

605 3756 725 3796 esse
753 3759 857 3799 non
890 3749 1146 3816 possibile
1185 3765 1267 3810 est
1295 3773 1432 3814 esse.
1471 3762 1577 3819 Sed
1609 3765 1808 3825 dudum
1841 3773 2042 3830 dictum
2082 3793 2182 3846 est,

603 3835 744 3905 quod
784 3839 833 3893 ei
866 3846 1218 3912 propositioni
1264 3865 1383 3922 quae
1429 3872 1750 3928 proponeret
1779 3883 1884 3924 non
1933 3835 2184 3941 possibile

603 3941 724 3983 esse
774 3931 1176 4001 impossibilitas
1223 3951 1569 4006 consentiret.
1619 3954 1725 4012 Sed
1775 3976 1880 4017 non
1931 3931 2182 4034 possibile

602 4031 722 4074 esse
750 4018 1096 4097 censequitur
1125 4039 1518 4107 necessitatem,
1551 4057 1604 4100 et
1644 4049 2045 4120 impossibilitas
2086 4064 2177 4132 igi-

601 4119 686 4166 tur
712 4129 1072 4191 consequetur
1099 4135 1495 4193 necessitatem.
1531 4140 1645 4196 Erit
1674 4145 1852 4216 itaque
1882 4163 2025 4206 recta
2059 4171 2182 4224 pro-

597 4208 918 4274 positionum
940 4227 1346 4293 consequentia,
1364 4231 1407 4284 si
1432 4248 1652 4290 uccesse
1678 4251 1758 4293 est
1787 4257 1908 4299 esse
1929 4246 2176 4316 impossi-

597 4295 695 4316 mi
797 4312 807 4316 ,
1013 4309 1041 4316 _
1101 4311 1112 4316 _
1147 4313 1156 4316 _

1824 4295 1904 4299 η-
1929 4295 2144 4316 _---,---.

597 4295 703 4353 bile
729 4312 974 4361 estesse.
1009 4309 1113 4364 Sed
1141 4313 1244 4369 hoc
1273 4317 1384 4372 ﬁeri
1414 4336 1517 4376 non
1557 4338 1749 4393 potest.
1783 4333 1840 4388 Si
1888 4337 2045 4406 igitur
2069 4343 2174 4397 im-

595 4391 924 4458 possibilitas
940 4412 1043 4452 non
1061 4403 1302 4470 sequitur
1318 4414 1713 4486 necessitatem,
1736 4428 1975 4495 sequitur
1994 4441 2170 4497 autem

592 4487 889 4550 propositio
918 4505 1035 4557 qua:
1063 4494 1260 4565 aliquid
1288 4517 1394 4557 non
1424 4521 1582 4575 posse
1609 4528 1728 4572 esse
1753 4487 2030 4580 denuntiat
2068 4529 2168 4584 im-

593 4573 903 4640 possibilcm
956 4588 1397 4661 propositionem,
1455 4608 1771 4662 necessaritn
1818 4618 2167 4684 propositioni

593 4663 922 4684 unum“.
1144 4676 1155 4684 .

1819 4663 2164 4684 ,ηρ-ων...

591 4663 953 4727 possibilitatis
981 4676 1194 4743 negatio
1226 4698 1344 4750 quae
1386 4696 1467 4740 est
1498 4705 1601 4746 non
1632 4700 1882 4762 possibile
1914 4720 2034 4762 esse
2059 4727 2164 4766 non

588 4760 888 4825 consentit;
917 4765 1058 4832 quod
1096 4769 1140 4824 si
1173 4772 1288 4828 haec
1318 4783 1636 4838 necessariae
1663 4793 2012 4851 enuntiationi
2061 4816 2164 4856 non

587 4848 1205 4918 consentit,,consentiet
1247 4865 1551 4927 afﬁrmatio.
1593 4875 1977 4942 Necessitatem
2006 4891 2168 4960 igitur

587 4940 912 5008 possibilitas
955 4955 1320 5022 consequitur.
1350 4960 1468 5016 Erit
1499 4980 1628 5034 ergo
1657 4980 1800 5026 recta
1844 4940 2165 5047 propositio-

584 5046 712 5089 num
758 5046 1138 5113 consequentia
1182 5047 1284 5105 hoc
1313 5055 1473 5109 modo
1506 5063 1527 5109 :"
1549 5057 1604 5113 Si
1649 5078 1866 5124 necesse
1911 5083 2160 5141 estesse,

585 5129 839 5197 possibile
864 5143 1103 5192 est'esse.
1137 5139 1242 5197 Sed
1273 5159 1457 5202 rursus
1484 5151 1587 5206 alia
1615 5155 1767 5210 nobis
1789 5174 1854 5214 ex
1886 5161 1968 5217 his
1998 5165 2166 5237 impe-

1999 5217 2138 5237 μτ-

586 5217 820 5276 dimcnta
852 5239 1159 5285 nascuntur.
1195 5233 1322 5300 Nam
1345 5237 1390 5292 si
1418 5244 1538 5310 quis
1559 5248 1863 5306 necessitati
1889 5252 2028 5312 dicat
2051 5276 2165 5330 pro-

580 5314 898 5382 positionem
931 5326 1235 5391 possibilem
1266 5339 1587 5404 consentire,
1620 5346 1870 5409 quoniam
1897 5355 2162 5420 possibili-

582 5411 669 5462 tati
702 5425 760 5463 ea
789 5418 1080 5483 propositio
1108 5439 1226 5493 quae
1250 5427 1399 5497 dicit,
1434 5447 1539 5488 non
1582 5437 1917 5507 impossibile
1943 5464 2082 5517 esse,
2109 5463 2161 5510 et

579 5511 761 5555 rursus
787 5518 850 5558 ea
879 5523 998 5578 qua:
1036 5518 1278 5572 enuntiat
1313 5535 1416 5575 non
1451 5541 1670 5585 necesse
1716 5547 1835 5590 esse
1867 5545 2157 5613 consentit,

580 5607 675 5613 .....-
699 5593 713 5613 Ι
743 5610 760 5613 -
906 5603 915 5612 ⁶
1089 5609 1100 5613 ⁸

1914 5593 1919 5594 κ
1956 5593 2157 5613 "nm.

577 5593 715 5658 quod
737 5603 983 5665 superior
1006 5609 1139 5663 ordo
1161 5614 1470 5683 praedocuit,
1498 5623 1600 5676 erit
1621 5633 1674 5678 ut
1695 5634 2010 5690 necessaria:
2039 5651 2158 5705 pro-

575 5688 828 5751 positioni
851 5703 1149 5755 consentiat
1192 5722 1253 5760 ea
1283 5724 1400 5777 qua:
1430 5711 1577 5779 dicit,
1613 5733 1718 5773 non
1752 5737 1974 5781 necesse
2017 5743 2156 5796 esse,

575 5779 676 5832 erit
698 5781 856 5848 igitur
880 5799 1022 5843 recta
1055 5803 1432 5868 consequentia
1447 5808 1491 5858 si
1521 5824 1738 5867 necesse
1769 5827 1852 5870 est
1882 5831 2022 5884 esse,
2049 5837 2153 5878 non

574 5884 798 5926 necesse
814 5885 896 5928 est
915 5892 1055 5951 esse.
1090 5885 1191 5936 Sed
1226 5888 1519 5948 liocrursus
1543 5909 1620 5950 est
1645 5902 1991 5974 itnpossibiie,
2014 5913 2150 5978 quod

2299 3357 2429 3412 sitas
2458 3375 2608 3425 vero,
2642 3380 2759 3431 qua:
2812 3371 3106 3426 secundum
3138 3389 3260 3431 esse
3289 3389 3392 3444 est,
3428 3397 3530 3436 non
3574 3396 3747 3453 potest
3772 3403 3877 3444 non

2295 3460 2431 3500 esse.
2471 3449 2671 3507 Rursus
2698 3459 2989 3513 necessitas
3016 3477 3136 3531 qua:
3156 3469 3443 3524 secundum
3469 3488 3571 3527 non
3601 3490 3721 3532 esse
3740 3493 3875 3546 pra:-

2293 3542 2518 3609 dicatnr,
2551 3562 2579 3600 a
2613 3551 2964 3616 possibilitate
2990 3557 3189 3627 diﬁ‘ert,
3223 3578 3450 3634 eamque
3477 3583 3581 3623 non
3607 3573 3871 3643 sequitur,

2292 3635 2432 3702 quod
2467 3641 2761 3696 necessitas
2790 3658 2852 3697 ea
2883 3662 3002 3715 quae
3043 3654 3332 3709 secundum
3381 3673 3485 3712 non
3525 3675 3644 3716 esse
3675 3664 3874 3723 dicitur

2290 3741 2394 3780 non
2427 3739 2601 3796 potest
2627 3746 2765 3787 esse.
2823 3735 3081 3796 Possibile
3127 3759 3255 3798 vero
3293 3757 3345 3801 et
3373 3762 3494 3805 esse
3534 3761 3720 3809 etnon
3749 3771 3873 3814 esse

2289 3826 2484 3884 potest.
2518 3819 2668 3886 Quod
2703 3821 2863 3892 igitur
2887 3837 2941 3880 ut
2969 3845 3141 3900 neque
3171 3840 3412 3906 opposita
3445 3844 3654 3911 negatio
3685 3861 3872 3904 neces-

2287 3909 2410 3963 sarii
2445 3912 2849 3978 possibilitatem
2893 3933 3165 3991 sequatur,
3199 3943 3320 3997 quae
3359 3946 3464 3986 non
3508 3950 3727 3994 necesse
3751 3955 3872 3997 esse

2286 4002 2555 4068 proponit,
2605 4020 2706 4059 nec
2736 4008 2848 4076 ipsa
2902 4016 3194 4072 necessitas
3224 4019 3524 4080 affirmandi
3579 4039 3697 4098 qua:
3745 4031 3873 4090 dicit

2284 4103 2504 4146 necesse
2533 4108 2672 4159 esse,
2705 4112 2877 4168 neque
2907 4105 3031 4159 huic
3060 4113 3326 4166 contraria
3355 4130 3474 4184 quae
3496 4117 3623 4173 dicit
3651 4137 3870 4180 necesse

2282 4194 2401 4235 esse
2431 4199 2535 4238 non
2574 4201 2713 4244 esse.
2763 4193 2866 4246 Sed
2900 4195 2951 4247 in
2983 4196 3064 4252 bis
3109 4213 3337 4268 quatuor
3384 4209 3724 4281 videbuntur,
3781 4227 3866 4271 est

2280 4272 2421 4327 enim
2473 4281 2772 4336 necessaria
2824 4285 3109 4344 afﬁrmatio
3160 4309 3278 4362 qua:
3325 4297 3474 4363 dicit,
3530 4317 3748 4360 necesse
3777 4320 3864 4363 eSt

2279 4380 2416 4433 esse,
2451 4367 2572 4425 huic
2606 4379 2849 4443 opposita
2889 4390 2967 4434 est
3003 4397 3064 4436 ea
3105 4401 3224 4455 quae
3257 4391 3576 4455 praedicatur
3613 4411 3721 4451 non
3761 4415 3859 4454 ne-

2276 4469 2428 4512 cesse
2452 4473 2590 4516 esse.
2623 4463 2827 4522 Rursus
2851 4475 3114 4528 contraria
3139 4481 3442 4535 necessitati
3474 4483 3762 4544 affirmatio
3779 4503 3862 4546 est

2275 4562 2394 4616 qua:
2434 4551 2562 4607 dicit
2608 4571 2830 4615 necesse
2858 4574 2937 4619 est
2966 4581 3068 4621 non
3099 4584 3239 4627 esse.
3292 4573 3424 4629 Huic
3471 4580 3759 4647 Opponitur
3795 4598 3857 4638 ea

2199 4658 2252 4717 υ
2275 4656 2393 4709 quae
2415 4649 2664 4716 proponit
2694 4667 2797 4707 non
2825 4671 3044 4716 necesse
3074 4673 3282 4720 estnon
3323 4682 3463 4732 esse,
3509 4673 3648 4739 quod
3680 4675 3856 4746 subje-

2278 4741 2359 4785 cta
2391 4735 2675 4808 descriptio
2701 4743 2854 4800 docet
2882 4765 2893 4798 :

2311 4825 2538 4885 Necesse
2563 4842 2646 4888 est.
2667 4851 2803 4892 esse.
3024 4845 3139 4901 Non
3169 4865 3386 4908 necesse
3423 4863 3507 4910 881,
3530 4871 3671 4912 8888.

2309 4918 2539 4979 Necesse
2566 4937 2648 4980 est
2675 4943 2780 4983 non
2804 4946 2941 4988 esse.
3022 4936 3134 4992 Non
3169 4953 3388 4998 neceSSe
3418 4956 3500 4999 est
3528 4963 3634 5002 non
3663 4964 3804 5006 esse.

2345 5010 2402 5063 Si
2425 5012 2584 5082 igitur
2602 5033 2775 5088 neque
2795 5037 2857 5076 ea
2880 5041 3000 5092 quae
3023 5027 3152 5082 dicit
3180 5047 3401 5087 necesse
3416 5046 3496 5090 est
3517 5053 3658 5100 esse,
3684 5056 3855 5111 neque

2275 5100 2396 5154 huic
2420 5109 2660 5173 opposita
2684 5127 2803 5180 quas
2828 5121 3080 5186 proponit
3106 5138 3210 5177 non
3235 5140 3456 5182 necesse
3485 5139 3725 5196 estesse,
3758 5150 3855 5190 nec

2273 5196 2577 5252 necessitati
2624 5208 2912 5273 contraria,
2945 5211 3098 5281 cujus
3121 5222 3383 5275 sententia
3409 5230 3493 5276 est
3533 5242 3544 5275 :
3592 5225 3852 5291 Quoniam

2273 5298 2492 5340 necesse
2523 5298 2606 5344 est
2635 5308 2738 5348 non
2770 5313 2890 5353 esse
2922 5305 3262 5367 possibilitati
3291 5316 3578 5382 consentit,
3610 5329 3776 5374 restat
3803 5333 3858 5377 ut

2270 5375 2318 5428 ei
2341 5381 2660 5449 consentiat,
2694 5398 2881 5455 quarta
2905 5409 3022 5458 qua:
3046 5396 3193 5459 dicit,
3222 5414 3327 5454 non
3358 5418 3579 5460 necesse
3602 5418 3685 5464 est
3710 5425 3853 5480 esse,

2271 5482 2391 5534 quae
2417 5471 2623 5528 scilicet
2653 5482 2839 5546 quarta
2868 5484 3201 5553 aliquatenus
3232 5492 3389 5546 etiam
3423 5495 3522 5565 ipsi
3546 5504 3862 5560 necessitati

2271 5564 2570 5631 consentit,
2600 5572 2892 5627 necessitas
2919 5591 3046 5632 vero
3093 5581 3192 5650 ipsi
3236 5585 3577 5650 possibilitati
3609 5592 3856 5653 minimc.

2268 5648 2438 5705 Omne
2479 5658 2621 5711 enim
2666 5663 2808 5730 quod
2849 5681 3070 5725 necesse
3099 5682 3180 5727 est
3220 5689 3340 5732 esse
3379 5688 3431 5734 et
3465 5685 3723 5749 possibile
3780 5702 3852 5742 es:

2266 5754 2412 5806 esse,
2460 5755 2514 5800 et
2540 5760 2598 5802 ut
2627 5766 2731 5805 non
2773 5756 2841 5809 sit
2869 5774 2974 5813 non
3015 5775 3096 5816 est
3132 5781 3374 5824 necesse.
3422 5772 3622 5829 Idcirco
3671 5792 3844 5834 auten-

2265 5827 2382 5883 ltazc
2414 5842 2704 5907 pr0positio
2726 5862 2842 5914 quae
2872 5850 3018 5918 dicit,
3056 5872 3158 5910 non
3194 5875 3413 5918 necesse
3442 5876 3524 5921 est
3557 5884 3660 5923 non
3695 5888 3846 5932 esse.

2266 5928 2573 5984 necessitati
2620 5940 3081 6012 consentit,-quia
3113 5953 3417 6008 necessitati
3461 5959 3676 6025 quidem
3722 5977 3849 6017 cei.-
