4296 6266
392 386 493 441 609

1111 373 1177 429 IN
1217 368 1471 429 LIBRUM
1510 365 1600 421 DE
1641 358 2284 419 INTERPRETATIONE
2324 357 2549 413 EDITIO
2583 357 2919 416 SECUNDA.

3541 353 3651 413 610

392 502 555 559 traria
587 505 674 555 est
700 510 765 551 ea
795 506 914 563 quae
940 490 1072 546 dicit
1090 531 1105 555 .
1135 501 1358 545 necesse
1385 494 1469 541 est
1503 496 1609 538 non
1647 494 1769 535 esse
1792 517 1810 542 ,
1851 476 1975 531 huic
1999 477 2053 537 Α
2080 473 2332 543 quoniam
2353 485 2517 540 supra
2538 469 2671 523 dixit
2692 469 2929 537 possibili
2957 466 3305 538 propositioni
3338 469 3655 525 necessaria

393 609 525 649 vero
567 585 815 659 opposita
848 593 933 640 est
963 598 1025 638 ea
1063 596 1183 652 quae
1215 576 1463 649 proponit
1492 588 1599 628 non
1638 582 1859 624 necesse
1894 576 1977 621 est

395 701 502 742 non
526 697 668 740 esse.
692 680 868 747 Quare
891 676 1195 747 consentiet
1220 672 1271 726 ei
1314 666 1603 738 propositio
1623 677 1741 732 qua:
1765 668 1976 715 contra-

398 774 624 832 dictoria
645 768 952 826 estsibimet
970 756 1608 833 oppositazaflirmationi.
1624 749 1778 819 Quod
1800 748 1977 818 siquis

401 861 903 931 attentiusjnspicit,
916 856 1045 912 etad
1063 869 1221 923 supra
1241 852 1500 918 scriptum
1515 845 1737 901 omnino
1754 840 1979 898 reverti-

405 974 508 1025 tur,
536 958 690 1014 facile
705 950 995 1023 cognoscit.
1016 948 1072 1004 Si
1089 947 1250 1017 igitur
1268 941 1524 1014 possibile
1538 953 1659 996 esse
1675 947 1757 1011 (ut
1775 936 1977 990 dictum

404 1053 509 1122 est)
521 1048 757 1118 sequitur
776 1059 836 1099 ea
852 1040 1144 1113 propositio
1167 1052 1285 1108 quae
1322 1035 1473 1097 dicit,
1506 1046 1612 1087 non
1640 1042 1867 1085 necesse
1898 1035 1983 1080 est

406 1159 508 1198 non
531 1153 674 1203 esse,
704 1135 1039 1205 negationem
1069 1129 1382 1201 possibilem
1404 1125 1646 1194 sequitur
1672 1122 1796 1176 huic
1817 1133 1982 1189 oppo-

404 1234 503 1289 sita
526 1245 645 1301 quae
668 1226 816 1293 dicit,
838 1238 1059 1280 necesse
1079 1231 1161 1277 est
1178 1236 1285 1275 non
1306 1232 1447 1274 esse.
1469 1215 1582 1270 Erit
1604 1214 1782 1281 itaque
1798 1209 1983 1278 hujus-

407 1325 547 1381 modi
576 1318 981 1388 consequentia,
1012 1316 1057 1371 si
1085 1313 1339 1385 possibile
1357 1320 1601 1372 estesse,
1634 1320 1741 1360 non
1761 1315 1983 1357 necesse

407 1425 490 1472 est
510 1430 617 1469 non
641 1426 784 1467 esse.
800 1409 1004 1463 Rursus
1029 1408 1074 1461 si
1096 1420 1200 1460 non
1219 1400 1473 1472 possibile
1493 1409 1576 1453 est
1596 1411 1715 1453 esse
1731 1434 1744 1460 ,
1765 1406 1987 1448 necesse

408 1517 492 1562 est
520 1519 629 1559 non
671 1515 813 1557 esse.
864 1498 1102 1553 Reversa
1147 1504 1228 1550 est
1267 1495 1427 1561 igitur
1472 1492 1559 1544 illa
1606 1484 1988 1555 consequentia

411 1612 532 1668 qua:
577 1590 1010 1649 contradictoris:
1039 1587 1252 1658 quidem
1298 1584 1491 1647 ﬁebat,
1547 1581 1641 1635 sed
1688 1576 1989 1633 conversim

414 1688 552 1744 sicut
574 1699 735 1754 supra
760 1684 828 1738 de
853 1680 1271 1749 impossibilihus
1293 1677 1492 1731 dictum
1518 1682 1620 1739 est,
1652 1672 1738 1727 hic
1767 1681 1993 1737 namque

415 1778 826 1835 affirmationem
878 1773 1185 1844 possibilem
1231 1772 1442 1841 negatio
1472 1768 1711 1837 sequitur
1738 1780 1856 1836 quae
1900 1777 1995 1818 ne-

2077 561 2450 619 aflirmationis
2482 563 2818 627 negationem
2843 560 3166 624 consentire,
3198 574 3341 615 nunc
3369 559 3436 614 de
3465 560 3654 615 eadem

2078 667 2136 708 re
2164 652 2550 707 dubitationem
2582 649 2786 719 profert
2827 649 3012 705 dicens
3042 669 3054 703 :
3100 654 3170 705 At
3192 667 3322 707 vero
3346 652 3474 707 illud
3511 655 3656 723 quod

2078 744 2335 815 possibile
2373 753 2452 798 est
2496 754 2618 796 esse
2643 783 2659 807 ,
2713 756 2817 795 non
2859 742 3188 810 impossibile
3237 759 3355 800 esse
3390 746 3654 815 sequitur.

2078 835 2210 891 Nam
2242 833 2384 905 quod
2414 831 2667 902 possibile
2692 840 2792 896 est,
2827 832 2928 887 hoc
2951 848 3055 887 non
3085 842 3166 888 est
3186 834 3530 905 impossibile,
3563 838 3657 893 sed

2080 925 2223 995 quod
2254 940 2360 981 non
2377 936 2460 980 est
2490 923 2822 993 impossibile
2844 938 2985 991 esse,
3016 940 3123 979 non
3146 941 3366 983 necesse
3392 941 3472 984 est
3506 944 3656 994 esse;

2082 1034 2211 1089 ergo
2251 1017 2296 1073 si
2326 1032 2431 1073 non
2461 1016 2795 1087 impossibile
2821 1026 2904 1072 est
2930 1031 3070 1082 esse,
3115 1020 3355 1088 sequitur
3399 1024 3662 1091 possibili-

2086 1123 2271 1181 tatem,
2306 1127 2410 1167 non
2444 1111 2931 1180 impossibilitate":
2955 1121 3134 1167 autem
3158 1114 3398 1183 sequitur
3423 1115 3474 1169 id
3519 1119 3661 1187 quod

2084 1204 2281 1260 dicitur
2338 1220 2445 1259 non
2480 1204 2841 1259 necessarium
2896 1219 3047 1270 esse,
3100 1208 3445 1277 sequiturque
3491 1212 3663 1277 possi-

2087 1294 2247 1350 hilem
2298 1294 2719 1364 propositionem
2770 1295 2820 1349 id
2878 1297 3017 1365 quod
3064 1297 3290 1353 dicimus
3329 1314 3437 1353 non
3482 1316 3666 1356 neces-

2090 1386 2286 1442 sarium
2336 1401 2502 1452 esse,
2556 1387 2688 1442 nulli
2741 1387 2963 1443 dubium
3018 1392 3144 1459 quin
3199 1391 3243 1445 si
3293 1393 3665 1449 necessitatem

2091 1478 2416 1547 possibilitas
2471 1480 2713 1547 sequitur
2744 1521 2758 1544 ,
2810 1490 3064 1548 sequatur
3106 1481 3516 1539 afﬁrmationem
3575 1500 3669 1540 ne-

2094 1575 2379 1626 cessariam
2431 1574 2642 1642 negatio
2679 1574 2987 1629 necessarii.
3030 1574 3206 1641 Quare
3239 1579 3499 1649 contingit
3526 1581 3667 1650 quod

2096 1664 2461 1720 necessarium
2486 1674 2729 1731 estesse,
2758 1665 2989 1733 idipsnm
3015 1681 3117 1722 non
3142 1672 3499 1726 necessarium
3527 1687 3668 1739 esse,

2098 1755 2237 1824 quod
2288 1763 2371 1809 est
2399 1754 2801 1810 inconveniens.
2832 1754 3056 1811 Constat
3081 1772 3209 1827 ergo
3241 1761 3488 1828 quoniam
3530 1763 3673 1817 afﬁr-

414 1870 711 1927 cessarium
739 1866 955 1937 quidem
985 1864 1241 1929 destruit,
1280 1862 1376 1917 sed
1401 1861 1463 1917 id-
1480 1861 1623 1931 quod
1650 1860 1714 1914 ad
1739 1874 1842 1913 non
1873 1871 1995 1913 esse
2026 1862 2074 1921 Β
2101 1848 2389 1902 mationem
2422 1847 2729 1917 possibilem
2761 1863 2866 1901 non
2897 1850 3139 1918 sequitur
3188 1854 3432 1919 opposita
3462 1855 3676 1923 negatio

416 1961 631 2031 ponitur
680 1973 742 2013 ea
781 1956 986 2011 scilicet
1012 1969 1132 2025 quae
1157 1952 1321 2022 dicit,
1370 1967 1474 2007 non
1507 1965 1728 2006 necesse
1766 1959 1850 2006 est
1888 1962 1996 2002 non

419 2066 569 2117 esse,
598 2063 784 2104 rursus
810 2048 1148 2117 negationem
1180 2044 1490 2112 possihilem
1513 2041 1795 2096 afﬁrmatio
1822 2039 1998 2109 sequi-

421 2151 511 2198 tur
540 2140 844 2195 necessaria
873 2152 992 2207 qua:
1016 2135 1309 2191 secundum
1342 2148 1449 2190 non
1477 2148 1600 2189 esse
1638 2133 1869 2202 ponitur.
1906 2131 2001 2185 Est

424 2235 585 2305 igitur
616 2233 702 2287 hic
733 2246 948 2301 quoque
976 2230 1164 2286 eadem
1187 2228 1510 2294 conversio,
1544 2236 1604 2281 ut
1649 2224 2001 2281 contradictio

421 2327 638 2398 quidem
669 2323 1147 2380 contradictionem
1172 2332 1445 2393 sequatur,
1478 2320 1573 2375 sed
1598 2322 1922 2383 conversim,
1945 2324 2004 2371 ut

422 2418 707 2476 afﬁrmatio
744 2416 1046 2486 negationi,
1078 2415 1289 2485 negatio
1314 2428 1442 2469 vero
1485 2410 1824 2466 afﬁrmationi
1868 2423 2002 2464 con-

424 2511 627 2564 veniat.
658 2508 849 2563 Melius
885 2521 1016 2562 vero
1043 2506 1145 2561 lioc
1187 2507 1233 2560 si
1262 2506 1361 2560 sub
1391 2504 1560 2559 oculis
1603 2503 1755 2558 cadet
1800 2502 2005 2571 liquere

426 2603 715 2668 credimus,
740 2609 902 2671 atque
930 2601 1054 2654 ideo
1075 2598 1412 2669 apertissime
1433 2596 1755 2651 sententiam
1781 2596 1858 2650 rei
1879 2593 2009 2650 sub-

429 2704 581 2774 iectat
607 2700 973 2772 dispositionis
1006 2715 1104 2755 nos
1129 2699 1261 2754 ordo
1284 2706 1643 2752 commoneat.

464 2804 723 2860 Possibile
744 2813 827 2859 est
864 2817 1003 2857 csse.
1294 2800 1411 2856 Non
1441 2799 1696 2870 possibile
1726 2806 1807 2854 est
1831 2812 1971 2854 esse.

467 2896 582 2953 Non
605 2910 825 2953 necesse
844 2905 930 2951 est
954 2909 1060 2949 non
1081 2907 1222 2949 esse.
1296 2892 1531 2963 Necesse
1569 2899 1652 2946 est
1681 2905 1789 2945 non
1830 2903 1971 2945 esse.

505 2996 692 3052 Omnis
740 2994 956 3066 quidem
1005 2994 1270 3049 sententia
1323 2991 1441 3045 talis
1485 2999 1585 3046 est.
1640 2989 1784 3044 Ordo
1831 2996 2011 3044 autem

435 3102 741 3146 sermonum
778 3086 1082 3156 huiusmodi
1120 3092 1203 3139 est
1232 3102 1243 3137 :
1276 3083 1563 3153 Postquam
1585 3080 1806 3137 dixitde
1841 3079 2014 3149 possi-

437 3181 622 3236 bilium
651 3189 705 3235 et
736 3178 1143 3248 impossibilium
1172 3176 1550 3245 consequentia
1568 3216 1583 3240 ,
1611 3175 1755 3244 quod
1795 3183 2014 3228 contra-

441 3272 704 3327 dictiones
730 3272 943 3342 quidem
973 3269 1484 3325 contradictionibns
1510 3268 1890 3333 convenirent,
1919 3281 1978 3321 se

440 3366 765 3432 conversim,
810 3364 863 3419 id
886 3374 966 3420 est
993 3364 1135 3432 quod
1164 3360 1449 3416 afﬁrmatio
1477 3360 1746 3429 negationi
1764 3399 1779 3424 ,
1809 3358 2023 3429 negatio

441 3471 566 3512 vero
595 3457 927 3511 consentiret
976 3453 1342 3509 afﬁrmationi.
1391 3452 1515 3507 Haec
1556 3450 1775 3515 eadem,
1825 3450 2021 3520 inquit,

441 3558 819 3627 consequentia
862 3554 1311 3626 quemadmodum
1340 3554 1394 3607 in
1423 3551 1745 3607 necessariis
1780 3552 2023 3615 eveniat,

446 3649 730 3704 videndum
780 3657 884 3702 est.
928 3647 1242 3716 Speculatus
1289 3645 1451 3713 igitur
1497 3653 1551 3699 et
1592 3642 1661 3698 de
1702 3643 2026 3697 necessariis

448 3740 589 3797 idem
613 3756 717 3796 non
746 3740 970 3809 reperit,
1001 3754 1123 3794 nam
1155 3753 1274 3792 cum
1296 3736 1522 3791 dixisset
1551 3735 1841 3790 necessarii
1866 3748 2027 3802 nega-

449 3833 649 3887 tionem
679 3830 1019 3901 possibilitati
1050 3828 1375 3894 consentire,
1409 3825 1695 3880 afﬁrmatio
1724 3824 2027 3879 necessaria

454 3921 722 3991 negationi
775 3919 1139 3989 possibilitatis
1180 3934 1286 3973 non
1315 3917 1603 3973 consentit.
1650 3915 1900 3986 Ejusdem
1950 3916 2027 3970 rei

453 4009 685 4066 reddens
750 4023 939 4063 causas
993 4008 1119 4063 illud
1174 4008 1373 4078 arguit,
1432 4006 1575 4077 quod
1625 4006 2032 4075 impossibilitas

454 4100 767 4157 necessitati
817 4099 958 4155 idem
1006 4099 1209 4155 valeret
1260 4100 1541 4154 contrariae
1589 4099 1816 4154 reddita.
1861 4099 2031 4164 Quam

455 4206 570 4247 rem
620 4190 910 4246 emendare
934 4191 1118 4246 volens
1163 4191 1234 4245 ita
1278 4191 1453 4247 dixit:
1483 4194 1563 4245 An
1595 4199 1740 4245 certe
1764 4231 1779 4255 ,
1830 4189 2031 4259 inquit,

451 4282 785 4353 impossibile
807 4291 889 4337 est
913 4282 990 4337 sic
1015 4282 1137 4353 poni
1161 4283 1450 4338 necessarii
1474 4268 1950 4346 contradictiones,
1978 4288 2036 4333 ut

416 4390 417 4393 ‘
454 4377 792 4446 negationem
816 4376 1023 4431 scilicet
1044 4376 1333 4432 necessarii
1357 4376 1698 4446 possibilitati
1727 4374 2036 4431 consentire

457 4463 775 4519 diceremus.
810 4465 1029 4521 Addidit
1058 4475 1236 4521 autem
1286 4466 1674 4521 dubitationem
1716 4464 2033 4536 quamdam,

458 4567 575 4624 qua:
604 4556 673 4610 ita
705 4572 823 4612 sese
854 4559 1031 4613 habet.
1070 4560 1200 4613 Nam
1227 4559 1370 4629 quod
1402 4569 1507 4625 est,
1554 4559 1756 4629 inquit,
1786 4574 2036 4615 necessa-

456 4750 561 4791 non
587 4778 601 4801 ,
631 4737 681 4791 id
724 4749 805 4792 est
842 4738 888 4792 si
926 4741 1067 4809 quod
1099 4743 1459 4795 necessarium
1500 4751 1613 4807 εει,
1644 4742 1899 4811 possibile
1926 4755 2033 4796 non

458 4836 559 4893 est,
597 4829 811 4897 negatio
843 4827 1215 4895 posSibilitatis
1244 4835 1611 4902 consequitur.
1636 4833 1867 4888 Necesse
1892 4834 2036 4888 enim

460 4921 514 4974 in
544 4923 792 4976 omnibus
817 4923 980 4978 rebus
1027 4933 1121 4977 aut
1154 4926 1369 4991 dicere,
1415 4926 1467 4981 id
1495 4934 1577 4981 est
1604 4926 1906 4992 afﬁrmare,
1948 4935 2041 4981 aut

463 5022 603 5067 certe
651 5028 849 5084 negare
869 5053 883 5079 ,
913 5014 966 5069 in
999 5016 1248 5071 omnibus
1285 5033 1515 5088 namque
1544 5020 1704 5074 rebus
1725 5059 1739 5084 ,
1776 5028 1868 5074 aut
1896 5018 2042 5072 afﬁr-

462 5105 624 5159 matio
650 5120 778 5161 vera
821 5117 940 5173 est,
968 5117 1061 5162 aut
1082 5110 1314 5179 negatio,
1356 5125 1525 5180 quare
1566 5112 1609 5165 si
1650 5126 1754 5167 non
1787 5110 2043 5181 possibile

466 5203 544 5249 est
566 5210 706 5263 esse,
735 5197 788 5252 id
828 5208 942 5265 est,
977 5201 1019 5255 si
1053 5200 1153 5256 hoc
1178 5211 1262 5256 est
1286 5216 1394 5257 non
1432 5204 1681 5271 possibile
1707 5218 1854 5271 esse,
1902 5200 2043 5273 quod

466 5286 791 5354 impossibile
836 5294 961 5355 est,
1002 5289 1094 5345 ﬁet
1121 5291 1175 5346 id
1201 5293 1344 5361 quod
1379 5296 1739 5348 necessarium
1778 5303 1862 5348 est
1900 5308 2042 5348 esse.

466 5372 713 5443 Sequitur
741 5385 919 5434 autem
950 5380 1372 5448 propositionem
1404 5397 1524 5451 quae
1554 5381 1707 5447 dicit,
1738 5397 1842 5436 non
1870 5383 2046 5450 possi—

467 5462 571 5519 bile
591 5475 677 5521 est
704 5482 827 5522 esse
853 5469 943 5521 illa
976 5485 1096 5539 quae
1128 5472 1395 5541 proponit,
1432 5471 1766 5540 impossibile
1795 5483 1873 5525 cst
1904 5486 2044 5543 esse,

470 5562 525 5605 ct
548 5555 607 5607 lit
631 5555 831 5625 aliquid
855 5558 1191 5628 impossibile
1222 5574 1279 5615 ut
1306 5562 1545 5625 dicatur,
1598 5562 1756 5630 igitur
1804 5562 2051 5632 impossi-

473 5641 577 5696 b~.lc
607 5652 689 5698 est
716 5660 871 5710 esse,
906 5649 955 5702 id
986 5651 1126 5718 quod
1164 5668 1385 5707 necesse
1414 5664 1494 5707 est
1527 5668 1663 5707 esse.
1692 5655 1796 5709 Sed
1831 5656 1931 5710 hoc
1963 5657 2047 5711 in-

475 5737 801 5793 conveniens
845 5750 962 5806 est,
1006 5757 1134 5812 ergo
1178 5744 1228 5798 id
1269 5745 1450 5800 docuit
1501 5747 1640 5816 quod
1680 5750 2047 5806 necessitatem

472 5829 797 5886 uossibilitas
838 5844 1168 5890 sequeretur.
1221 5835 1369 5896 Nunc
1424 5845 1603 5893 autem
1650 5840 1795 5896 aliud
1851 5830 2053 5901 addit.

2102 1940 2424 1998 necessaria:
2452 1940 2821 2005 afﬁrmationi,
2850 1941 3052 1997 idcirco
3074 1944 3215 2013 quod
3245 1946 3372 2000 illud
3400 1961 3679 2003 removen-

2102 2035 2228 2087 dum
2260 2046 2375 2096 εει,
2407 2042 2466 2087 ιιι
2490 2045 2650 2101 supra
2681 2031 2910 2087 diximus
2930 2073 2945 2096 ,
2978 2047 3045 2088 ne
3072 2043 3324 2104 sequatur
3370 2038 3679 2105 possibilem

2104 2110 2512 2179 afﬁrmationem
2568 2124 2781 2193 negatio
2832 2126 3152 2180 necessariae
3175 2167 3190 2192 ,
3218 2135 3275 2181 ut
3304 2132 3678 2184 necessitatem

2105 2217 2434 2287 possibilitas
2486 2224 2757 2286 sequatur.
2809 2216 2960 2283 Quod
2991 2217 3112 2286 quia
3158 2218 3271 2273 ﬁeri
3318 2220 3464 2276 nulio
3520 2222 3682 2278 modo

2106 2318 2303 2380 potest,
2332 2309 2459 2363 illud
2490 2317 2573 2364 est
2601 2309 2983 2364 removendum
3004 2353 3019 2378 ,
3050 2327 3119 2366 ne
3146 2313 3554 2382 possibilitatem
3586 2335 3683 2375 nec

2106 2402 2345 2456 cessitati
2372 2400 2617 2470 opposita
2646 2401 2861 2471 negatio
2886 2403 3263 2473 subsequatur.
3296 2406 3458 2477 lgitur
3482 2424 3544 2463 ea
3568 2425 3685 2478 quae

2108 2492 2261 2559 dicit,
2295 2507 2403 2547 non
2434 2508 2657 2549 necesse
2684 2501 2768 2549 est
2787 2508 2929 2563 esse,
2964 2511 3068 2550 non
3092 2499 3336 2568 sequitur
3367 2478 3685 2569 possibilita-

2111 2592 2240 2640 tem.
2275 2585 2343 2639 Et
2385 2585 2509 2655 quia
2554 2588 2668 2641 hac
2697 2586 2876 2641 omnia
2908 2588 2961 2641 in
3006 2589 3185 2644 medio
3230 2601 3496 2659 tacuerat,
3528 2609 3687 2663 supra

2112 2677 2271 2732 dictis
2320 2676 2525 2731 addidit
2588 2694 2601 2732 :
2661 2677 2730 2732 At
2778 2693 2907 2733 vero
2961 2695 3135 2749 neque
3192 2684 3554 2740 necessarium
3606 2702 3691 2743 se-

2113 2770 2295 2838 quitur
2326 2769 2584 2838 possibile
2612 2784 2768 2838 esse,
2819 2771 2918 2825 hoc
2948 2772 3157 2827 scilicet
3198 2779 3479 2831 sententia:
3523 2778 3693 2833 inclu-

2113 2860 2251 2915 dens
2275 2860 2615 2929 possibilitati
2646 2876 2754 2915 non
2792 2864 3101 2917 consentire
3140 2868 3527 2921 necessarium.
3584 2870 3693 2925 Nec

2116 2951 2219 3007 hoc
2267 2953 2460 3018 solum,
2505 2954 2597 3007 sed
2639 2967 2812 3022 neque
2842 2954 2973 3007 illud
3008 2956 3150 3023 quod
3186 2957 3413 3017 dicimus
3444 2972 3693 3014 necessa-

2117 3045 2256 3099 rium
2306 3059 2410 3098 non
2455 3058 2593 3109 esse,
2636 3044 2737 3098 hoc
2782 3052 2837 3097 ut
2876 3052 3159 3099 tractatum
3199 3046 3269 3101 sit
3316 3048 3432 3116 ipse
3481 3051 3692 3119 planius

2118 3142 2398 3191 monstrat.
2430 3134 2511 3187 Illi
2530 3134 2697 3199 enim,
2726 3133 2777 3188 id
2806 3146 2889 3190 est
2912 3137 3152 3205 possibili
3184 3147 3410 3209 utraque
3436 3144 3698 3214 contingit

1981 3264 2013 3321 ά
2040 3232 2088 3295 ο
2119 3223 2365 3279 accidere
2390 3231 2445 3277 et
2475 3237 2594 3277 esse
2615 3223 2850 3289 scilicet,
2875 3235 3056 3280 etnon
3084 3239 3223 3281 esse.
3258 3226 3459 3283 Horum
3491 3241 3696 3297 autem,

2124 3317 2178 3374 id
2199 3326 2281 3373 est
2301 3316 2586 3372 necessarii
2605 3316 2899 3373 secundum
2929 3332 3070 3385 esse,
3101 3329 3155 3374 et
3182 3323 3475 3378 necessarii
3506 3339 3701 3380 secun-

2125 3414 2253 3468 dum
2282 3426 2389 3466 non
2415 3425 2558 3477 esse,
2588 3410 2633 3464 si
2662 3412 2970 3467 utrumlibet
2996 3427 3177 3467 verum
3204 3414 3379 3480 fuerit,
3410 3431 3514 3473 non
3546 3428 3703 3474 erunt

2126 3506 2216 3561 illa
2246 3519 2389 3569 vera,
2424 3513 2478 3560 et
2505 3504 2606 3559 hoc
2631 3504 2742 3573 ipse
2759 3504 2998 3573 exponit,
3030 3504 3097 3559 de
3126 3506 3367 3575 possibili
3388 3509 3532 3563 enim
3558 3519 3704 3567 utro-

2126 3613 2232 3667 que
2260 3599 2334 3652 ita
2365 3598 2515 3652 dicit.
2560 3596 2729 3653 Simul
2757 3598 2900 3651 enim
2927 3608 3007 3652 est
3026 3595 3281 3666 possibile
3304 3610 3358 3655 et
3378 3616 3497 3657 esse
3518 3611 3573 3658 et
3597 3619 3701 3659 non

2127 3706 2279 3756 esse,
2321 3691 2423 3746 hoc
2461 3699 2543 3745 est
2572 3705 2698 3760 ergo
2725 3690 2867 3760 quod
2895 3692 2989 3746 ait.
3023 3692 3102 3745 llli
3134 3694 3276 3748 enim
3310 3705 3533 3766 utraque
3565 3711 3699 3752 con-

2131 3783 2567 3853 tingitaecidere.
2603 3783 2697 3837 Sin
2731 3797 2891 3847 vero,
2924 3783 3123 3853 inquit,
3157 3799 3377 3841 necesse
3404 3797 3622 3843 estesse
3651 3798 3705 3844 et

2132 3889 2237 3929 non
2263 3887 2417 3937 esse,
2449 3874 2499 3927 id
2529 3884 2615 3928 est
2634 3912 2649 3937 ,
2682 3874 2727 3926 si
2754 3888 2856 3927 non
2893 3884 3065 3941 potest
3090 3891 3195 3929 non
3224 3891 3364 3945 esse,
3390 3890 3443 3935 et
3474 3897 3578 3935 non
3611 3896 3709 3950 po-

2132 3965 2258 4019 terit
2285 3979 2440 4031 esse,
2472 3979 2576 4017 non
2618 3965 2720 4018 erit
2750 3962 2999 4029 possibile
3048 3973 3350 4035 utrumque,
3402 3977 3458 4021 ut
3503 3970 3549 4023 si
3590 3985 3711 4027 esse

2136 4070 2358 4112 necesse
2399 4064 2520 4119 est,
2551 4070 2658 4107 non
2702 4055 2896 4121 poterit
2932 4069 3036 4107 non
3068 4070 3207 4120 esse,
3233 4058 3317 4110 vel
3348 4059 3394 4111 si
3444 4074 3548 4113 non
3589 4077 3711 4119 esse

2136 4161 2358 4202 necesse
2397 4147 2497 4209 sit,
2526 4160 2630 4199 non
2660 4145 2855 4215 poterit
2881 4160 3037 4212 esse;
3071 4156 3179 4201 tres
3208 4147 3366 4216 igitur
3393 4153 3710 4219 propositio-

2138 4251 2253 4303 nes,
2276 4252 2381 4291 non
2406 4250 2625 4291 necesse
2645 4249 2785 4299 esse,
2804 4250 3023 4292 necesse
3050 4252 3191 4303 esse,
3221 4252 3441 4295 necesse
3461 4254 3581 4296 esse
3603 4258 3707 4299 non

2138 4346 2281 4400 esse,
2301 4329 2710 4399 possibilitatem
2744 4343 2847 4384 non
2880 4339 3194 4400 sequuntur.
3222 4330 3561 4401 Relinquitur
3584 4348 3712 4403 ergo

2142 4422 2263 4490 hoc,
2302 4424 2350 4476 id
2379 4434 2460 4477 est
2490 4430 2548 4476 ut
2584 4430 2771 4491 quarta
2808 4422 3103 4491 propositio
3130 4438 3253 4492 quae
3289 4424 3574 4492 opponitur
3620 4438 3715 4480 ne-

2141 4514 2386 4571 cessaria:
2411 4513 2702 4568 secundum
2734 4528 2838 4569 non
2860 4528 2980 4568 esse
3000 4513 3361 4580 afﬁrinationi,
3394 4515 3715 4584 possibilita-

461 4602 574 4624 *ι’-ν*
605 4602 673 4610 ·-··
705 4602 823 4612 κον-ιν
854 4602 1031 4613 --υ--ινυ-
1070 4602 1200 4613 ------
1266 4602 1370 4614 uVu
1403 4602 1507 4625 νυν,
1556 4602 1607 4613 ...
1653 4602 1756 4624 μη,
1786 4602 2008 4615 "vum..-
2592 4606 2603 4617 .
3168 4606 3177 4616 _

458 4647 592 4700 rium
620 4662 762 4711 esse,
796 4648 922 4703 illud
950 4650 1067 4704 sine
1092 4602 1258 4705 dubio1
1278 4651 1536 4720 possibile
1562 4602 1646 4706 es:
1671 4666 1808 4706 esse.
1835 4650 1965 4705 Nam
1988 4650 2033 4704 si
2142 4617 2560 4720 fi'f‘j‘fflﬁ‘ffr
2592 4606 2885 4720 "12523931
2911 4620 3271 4720 ηθξῗξῗξνηω
3298 4623 3543 4720 ηοίξηθδδθ
3567 4610 3717 4681 εθίιιιί

2142 4699 2394 4771 possibile
2419 4712 2572 4762 esse;
2613 4697 2710 4752 sed
2742 4697 2865 4766 quia
2899 4698 3153 4766 possibile
3175 4702 3441 4756 consentit
3473 4717 3720 4757 necessa-

2143 4793 2254 4857 rio,
2284 4791 2398 4845 haec
2427 4805 2641 4860 quoque
2669 4791 2933 4845 consentit
2981 4793 3307 4849 necessario.
3338 4793 3575 4866 Namque
3618 4798 3723 4851 hoc

2145 4893 2227 4939 est
2247 4882 2387 4954 quod
2408 4882 2572 4948 dixit,
2607 4883 2719 4939 Hoc
2740 4883 2882 4938 enim
2905 4899 3092 4939 verum
3121 4895 3203 4940 est
3227 4894 3283 4941 et
3312 4886 3379 4943 de
3403 4889 3723 4945 necessitate

2148 5000 2286 5042 esse.
2309 4983 2442 5041 Nam
2468 4986 2607 5055 quod
2649 4998 2873 5041 necesse
2899 4995 2981 5042 est
3010 5001 3151 5055 esse,
3175 5002 3280 5043 non
3305 5003 3528 5045 necesse
3554 4999 3638 5045 est
3666 5000 3723 5045 ut

2148 5093 2254 5134 non
2282 5078 2379 5144 sit;
2413 5078 2527 5133 haec
2556 5077 2717 5149 igitur
2744 5079 3037 5149 propositio
3057 5096 3176 5150 quae
3202 5080 3351 5147 dicit,
3379 5097 3483 5137 non
3506 5097 3727 5139 necesse

2146 5181 2231 5231 est
2258 5189 2363 5229 non
2394 5187 2537 5238 esse,
2577 5171 2930 5228 contradictio
2954 5174 3071 5242 ejus
3097 5174 3467 5229 alﬁrmationis
3507 5186 3589 5229 εει
3610 5190 3728 5242 qua!

2149 5268 2389 5335 sequitur
2410 5265 2751 5335 negationem
2777 5264 3149 5334 possibilitatis
3173 5305 3188 5329 ,
3224 5279 3341 5320 eam
3371 5265 3575 5321 scilicet
3608 5280 3728 5335 qua:

2150 5358 2280 5415 dicit
2299 5374 2403 5415 non
2435 5358 2694 5431 possibile
2718 5373 2857 5413 esse.
2880 5358 3011 5412 Nam
3032 5371 3152 5412 cum
3171 5340 3581 5413 allirmationem
3604 5370 3724 5412 eam

2154 5469 2272 5524 qua:
2312 5461 2396 5508 est
2443 5452 2650 5507 scilicet
2696 5452 2945 5521 possibile
2974 5465 3094 5507 esse
3134 5460 3391 5520 sequetur
3440 5449 3731 5509 necessarii

2158 5554 2449 5611 secundum
2476 5569 2582 5608 non
2609 5566 2728 5608 esse
2746 5552 2957 5621 negatio
2982 5564 3047 5606 ea
3070 5565 3190 5621 quae
3213 5551 3467 5622 proponit
3494 5568 3599 5607 non
3639 5566 3732 5607 ne-

2160 5664 2312 5705 cesse
2340 5656 2419 5702 est
2454 5662 2558 5702 non
2589 5660 2731 5701 esse.
2765 5646 3109 5716 Negationem
3139 5648 3466 5716 possibilem,
3489 5662 3605 5703 eam
3634 5646 3739 5701 sci-

2163 5742 2284 5798 licet
2306 5756 2425 5811 quae
2453 5742 2700 5810 preponit
2732 5757 2834 5795 non
2870 5742 3119 5811 possibile
3144 5757 3266 5799 esse
3285 5785 3300 5812 ,
3328 5745 3565 5814 sequitur
3592 5742 3739 5796 alﬁr—

2163 5837 2323 5890 inatéo
2352 5834 2651 5888 necessaria
2678 5834 2972 5909 secundum
2997 5851 3100 5892 non
3132 5851 3288 5903 esse,
3319 5851 3436 5906 qua:
3465 5835 3617 5903 dicit,
3641 5846 3736 5889 ne-
