  <div class='ocr_page' id='page_1' title='image "/cluster/home/n/w/nwhite01/storage/ocr_20150623/64/hvd.32044073505265/311.png"; bbox 0 0 4296 6266; ppageno 0'>
   <div class='ocr_carea' id='block_1_1' title="bbox 555 361 654 420">
    <p class='ocr_par' dir='ltr' id='par_1_1' title="bbox 555 361 654 420">
     <span class='ocr_line' id='line_1_1' title="bbox 555 361 654 420; baseline -0.02 0"><span class='ocrx_word' id='word_1_1' title='bbox 555 361 654 420; x_wconf 80' lang='lat' dir='ltr'><strong>6H</strong></span> 
     </span>
    </p>
   </div>
   <div class='ocr_carea' id='block_1_2' title="bbox 1795 351 2610 412">
    <p class='ocr_par' dir='ltr' id='par_1_2' title="bbox 1795 351 2610 412">
     <span class='ocr_line' id='line_1_2' title="bbox 1795 351 2610 412; baseline -0.002 -1"><span class='ocrx_word' id='word_1_2' title='bbox 1795 355 1905 412; x_wconf 81' lang='grc' dir='ltr'><strong>ΔΝ.</strong></span> <span class='ocrx_word' id='word_1_3' title='bbox 1945 352 2156 412; x_wconf 75' lang='lat' dir='ltr'><strong>MANL.</strong></span> <span class='ocrx_word' id='word_1_4' title='bbox 2194 353 2348 412; x_wconf 82' lang='lat' dir='ltr'><strong>SEV.</strong></span> <span class='ocrx_word' id='word_1_5' title='bbox 2389 351 2610 410; x_wconf 83' lang='lat' dir='ltr'><strong>BOETII</strong></span> 
     </span>
    </p>
   </div>
   <div class='ocr_carea' id='block_1_3' title="bbox 3721 353 3825 410">
    <p class='ocr_par' dir='ltr' id='par_1_3' title="bbox 3721 353 3825 410">
     <span class='ocr_line' id='line_1_3' title="bbox 3721 353 3825 410; baseline 0.038 -4"><span class='ocrx_word' id='word_1_6' title='bbox 3721 353 3825 410; x_wconf 78' lang='grc'><strong>612</strong></span> 
     </span>
    </p>
   </div>
   <div class='ocr_carea' id='block_1_4' title="bbox 558 467 3823 540">
    <p class='ocr_par' dir='ltr' id='par_1_4' title="bbox 558 467 3823 540">
     <span class='ocr_line' id='line_1_4' title="bbox 558 467 3823 540; baseline -0.002 -3"><span class='ocrx_word' id='word_1_7' title='bbox 558 497 709 537; x_wconf 73' lang='lat' dir='ltr'><strong>cesse</strong></span> <span class='ocrx_word' id='word_1_8' title='bbox 735 489 816 532; x_wconf 90' lang='lat' dir='ltr'><strong>est</strong></span> <span class='ocrx_word' id='word_1_9' title='bbox 837 492 940 530; x_wconf 91' lang='lat' dir='ltr'><strong>non</strong></span> <span class='ocrx_word' id='word_1_10' title='bbox 969 486 1107 536; x_wconf 88' lang='lat' dir='ltr'><strong>esse,</strong></span> <span class='ocrx_word' id='word_1_11' title='bbox 1139 485 1298 540; x_wconf 90' lang='lat' dir='ltr'><strong>quam</strong></span> <span class='ocrx_word' id='word_1_12' title='bbox 1324 469 1568 525; x_wconf 80' lang='lat' dir='ltr'><strong>eamdem</strong></span> <span class='ocrx_word' id='word_1_13' title='bbox 1597 483 1719 540; x_wconf 82' lang='lat' dir='ltr'><strong>quae</strong></span> <span class='ocrx_word' id='word_1_14' title='bbox 1744 469 1998 540; x_wconf 76' lang='lat' dir='ltr'><strong>proponit</strong></span> <span class='ocrx_word' id='word_1_15' title='bbox 2029 485 2138 524; x_wconf 90' lang='lat' dir='ltr'><strong>non</strong></span> <span class='ocrx_word' id='word_1_16' title='bbox 2168 476 2215 534; x_wconf 82' lang='grc' dir='ltr'>Α</span> <span class='ocrx_word' id='word_1_17' title='bbox 2243 470 2467 526; x_wconf 71' lang='lat' dir='ltr'><strong>sibilitas</strong></span> <span class='ocrx_word' id='word_1_18' title='bbox 2503 469 2749 540; x_wconf 72' lang='lat' dir='ltr'><strong>sequitur</strong></span> <span class='ocrx_word' id='word_1_19' title='bbox 2796 467 3200 536; x_wconf 77' lang='lat' dir='ltr'><strong>necessitatem;</strong></span> <span class='ocrx_word' id='word_1_20' title='bbox 3250 469 3391 538; x_wconf 90' lang='lat' dir='ltr'><strong>quod</strong></span> <span class='ocrx_word' id='word_1_21' title='bbox 3427 469 3473 524; x_wconf 91' lang='lat' dir='ltr'><strong>si</strong></span> <span class='ocrx_word' id='word_1_22' title='bbox 3501 471 3823 540; x_wconf 71' lang='lat' dir='ltr'><strong>possibi..t:.s</strong></span> 
     </span>
    </p>
   </div>
   <div class='ocr_carea' id='block_1_5' title="bbox 559 563 2138 646">
    <p class='ocr_par' dir='ltr' id='par_1_5' title="bbox 559 563 2138 646">
     <span class='ocr_line' id='line_1_5' title="bbox 559 563 2138 646; baseline -0.008 -17"><span class='ocrx_word' id='word_1_23' title='bbox 559 573 808 646; x_wconf 89' lang='lat' dir='ltr'><strong>possibile</strong></span> <span class='ocrx_word' id='word_1_24' title='bbox 839 581 918 624; x_wconf 83' lang='lat' dir='ltr'><strong>est</strong></span> <span class='ocrx_word' id='word_1_25' title='bbox 945 582 1088 630; x_wconf 89' lang='lat' dir='ltr'><strong>esse,</strong></span> <span class='ocrx_word' id='word_1_26' title='bbox 1118 581 1236 638; x_wconf 83' lang='lat' dir='ltr'><strong>quae</strong></span> <span class='ocrx_word' id='word_1_27' title='bbox 1263 575 1346 620; x_wconf 90' lang='lat' dir='ltr'><strong>est</strong></span> <span class='ocrx_word' id='word_1_28' title='bbox 1372 564 1576 620; x_wconf 72' lang='lat' dir='ltr'><strong>scilicet</strong></span> <span class='ocrx_word' id='word_1_29' title='bbox 1612 566 1828 633; x_wconf 81' lang='lat' dir='ltr'><strong>negatio</strong></span> <span class='ocrx_word' id='word_1_30' title='bbox 1861 563 2138 632; x_wconf 89' lang='lat' dir='ltr'><strong>possibili-</strong></span> 
     </span>
    </p>
   </div>
   <div class='ocr_carea' id='block_1_6' title="bbox 560 655 2138 731">
    <p class='ocr_par' dir='ltr' id='par_1_6' title="bbox 560 655 2138 731">
     <span class='ocr_line' id='line_1_6' title="bbox 560 655 2138 731; baseline -0.008 -9"><span class='ocrx_word' id='word_1_31' title='bbox 560 669 710 731; x_wconf 90' lang='lat' dir='ltr'><strong>tatis,</strong></span> <span class='ocrx_word' id='word_1_32' title='bbox 753 662 1094 731; x_wconf 83' lang='lat' dir='ltr'><strong>impossibilis</strong></span> <span class='ocrx_word' id='word_1_33' title='bbox 1141 659 1427 714; x_wconf 86' lang='lat' dir='ltr'><strong>affirmatio</strong></span> <span class='ocrx_word' id='word_1_34' title='bbox 1457 659 1702 728; x_wconf 85' lang='lat' dir='ltr'><strong>sequitur</strong></span> <span class='ocrx_word' id='word_1_35' title='bbox 1733 672 1850 726; x_wconf 72' lang='lat' dir='ltr'><strong>qua:</strong></span> <span class='ocrx_word' id='word_1_36' title='bbox 1887 655 2138 725; x_wconf 84' lang='lat' dir='ltr'><strong>preponit</strong></span> 
     </span>
    </p>
   </div>
   <div class='ocr_carea' id='block_1_7' title="bbox 558 749 2139 826">
    <p class='ocr_par' dir='ltr' id='par_1_7' title="bbox 558 749 2139 826">
     <span class='ocr_line' id='line_1_7' title="bbox 558 749 2139 826; baseline -0.007 -13"><span class='ocrx_word' id='word_1_37' title='bbox 558 759 885 826; x_wconf 76' lang='lat' dir='ltr'><strong>impossdiile</strong></span> <span class='ocrx_word' id='word_1_38' title='bbox 906 767 986 812; x_wconf 71' lang='grc' dir='ltr'><strong>ρει</strong></span> <span class='ocrx_word' id='word_1_39' title='bbox 1006 769 1158 820; x_wconf 89' lang='lat' dir='ltr'><strong>esse;</strong></span> <span class='ocrx_word' id='word_1_40' title='bbox 1183 755 1283 807; x_wconf 86' lang='lat' dir='ltr'><strong>ttoe</strong></span> <span class='ocrx_word' id='word_1_41' title='bbox 1312 760 1394 807; x_wconf 84' lang='lat' dir='ltr'><strong>est</strong></span> <span class='ocrx_word' id='word_1_42' title='bbox 1413 767 1543 823; x_wconf 91' lang='lat' dir='ltr'><strong>ergo</strong></span> <span class='ocrx_word' id='word_1_43' title='bbox 1565 750 1707 821; x_wconf 88' lang='lat' dir='ltr'><strong>quod</strong></span> <span class='ocrx_word' id='word_1_44' title='bbox 1729 749 1826 817; x_wconf 85' lang='lat' dir='ltr'><strong>ait,</strong></span> <span class='ocrx_word' id='word_1_45' title='bbox 1854 749 1976 803; x_wconf 67' lang='lat' dir='ltr'><strong>llaec</strong></span> <span class='ocrx_word' id='word_1_46' title='bbox 1995 749 2139 804; x_wconf 90' lang='lat' dir='ltr'><strong>enim</strong></span> 
     </span>
    </p>
   </div>
   <div class='ocr_carea' id='block_1_8' title="bbox 556 841 2139 916">
    <p class='ocr_par' dir='ltr' id='par_1_8' title="bbox 556 841 2139 916">
     <span class='ocr_line' id='line_1_8' title="bbox 556 841 2139 916; baseline -0.005 -12"><span class='ocrx_word' id='word_1_47' title='bbox 556 851 621 904; x_wconf 86' lang='lat' dir='ltr'><strong>sit</strong></span> <span class='ocrx_word' id='word_1_48' title='bbox 668 847 1019 904; x_wconf 71' lang='lat' dir='ltr'><strong>contradictio</strong></span> <span class='ocrx_word' id='word_1_49' title='bbox 1069 848 1184 916; x_wconf 86' lang='lat' dir='ltr'><strong>ejus</strong></span> <span class='ocrx_word' id='word_1_50' title='bbox 1213 861 1331 915; x_wconf 74' lang='lat' dir='ltr'><strong>qua:</strong></span> <span class='ocrx_word' id='word_1_51' title='bbox 1365 845 1606 913; x_wconf 85' lang='lat' dir='ltr'><strong>sequitur</strong></span> <span class='ocrx_word' id='word_1_52' title='bbox 1636 841 1690 897; x_wconf 88' lang='lat' dir='ltr'><strong>id</strong></span> <span class='ocrx_word' id='word_1_53' title='bbox 1737 841 1881 912; x_wconf 91' lang='lat' dir='ltr'><strong>quod</strong></span> <span class='ocrx_word' id='word_1_54' title='bbox 1911 850 1993 896; x_wconf 88' lang='lat' dir='ltr'><strong>est</strong></span> <span class='ocrx_word' id='word_1_55' title='bbox 2031 855 2139 896; x_wconf 85' lang='lat' dir='ltr'><strong>non</strong></span> 
     </span>
    </p>
   </div>
   <div class='ocr_carea' id='block_1_9' title="bbox 559 933 2140 1011">
    <p class='ocr_par' dir='ltr' id='par_1_9' title="bbox 559 933 2140 1011">
     <span class='ocr_line' id='line_1_9' title="bbox 559 933 2140 1011; baseline -0.004 -17"><span class='ocrx_word' id='word_1_56' title='bbox 559 941 808 1011; x_wconf 81' lang='lat' dir='ltr'><strong>possibile</strong></span> <span class='ocrx_word' id='word_1_57' title='bbox 833 956 976 996; x_wconf 88' lang='lat' dir='ltr'><strong>esse.</strong></span> <span class='ocrx_word' id='word_1_58' title='bbox 1017 938 1147 992; x_wconf 84' lang='lat' dir='ltr'><strong>Nam</strong></span> <span class='ocrx_word' id='word_1_59' title='bbox 1197 954 1317 994; x_wconf 89' lang='lat' dir='ltr'><strong>cum</strong></span> <span class='ocrx_word' id='word_1_60' title='bbox 1371 935 1678 1002; x_wconf 85' lang='lat' dir='ltr'><strong>possibilem</strong></span> <span class='ocrx_word' id='word_1_61' title='bbox 1731 933 2140 988; x_wconf 85' lang='lat' dir='ltr'><strong>allirmationem</strong></span> 
     </span>
    </p>
   </div>
   <div class='ocr_carea' id='block_1_10' title="bbox 558 1027 2142 1102">
    <p class='ocr_par' dir='ltr' id='par_1_10' title="bbox 558 1027 2142 1102">
     <span class='ocr_line' id='line_1_10' title="bbox 558 1027 2142 1102; baseline -0.003 -16"><span class='ocrx_word' id='word_1_62' title='bbox 558 1043 808 1102; x_wconf 83' lang='lat' dir='ltr'><strong>sequatur</strong></span> <span class='ocrx_word' id='word_1_63' title='bbox 831 1046 1150 1088; x_wconf 75' lang='lat' dir='ltr'><strong>necessaria:</strong></span> <span class='ocrx_word' id='word_1_64' title='bbox 1176 1028 1467 1084; x_wconf 90' lang='lat' dir='ltr'><strong>secundum</strong></span> <span class='ocrx_word' id='word_1_65' title='bbox 1501 1043 1606 1082; x_wconf 91' lang='lat' dir='ltr'><strong>non</strong></span> <span class='ocrx_word' id='word_1_66' title='bbox 1637 1041 1758 1083; x_wconf 89' lang='lat' dir='ltr'><strong>esse</strong></span> <span class='ocrx_word' id='word_1_67' title='bbox 1785 1027 2002 1096; x_wconf 88' lang='lat' dir='ltr'><strong>negatio</strong></span> <span class='ocrx_word' id='word_1_68' title='bbox 2021 1040 2142 1096; x_wconf 68' lang='lat' dir='ltr'><strong>qum</strong></span> 
     </span>
    </p>
   </div>
   <div class='ocr_carea' id='block_1_11' title="bbox 559 1119 2146 1192">
    <p class='ocr_par' dir='ltr' id='par_1_11' title="bbox 559 1119 2146 1192">
     <span class='ocr_line' id='line_1_11' title="bbox 559 1119 2146 1192; baseline -0.007 -14"><span class='ocrx_word' id='word_1_69' title='bbox 559 1123 704 1192; x_wconf 83' lang='lat' dir='ltr'><strong>dicit,</strong></span> <span class='ocrx_word' id='word_1_70' title='bbox 737 1139 840 1178; x_wconf 91' lang='lat' dir='ltr'><strong>non</strong></span> <span class='ocrx_word' id='word_1_71' title='bbox 872 1139 1093 1179; x_wconf 74' lang='lat' dir='ltr'><strong>necesse</strong></span> <span class='ocrx_word' id='word_1_72' title='bbox 1122 1131 1204 1176; x_wconf 91' lang='lat' dir='ltr'><strong>est</strong></span> <span class='ocrx_word' id='word_1_73' title='bbox 1231 1136 1335 1174; x_wconf 89' lang='lat' dir='ltr'><strong>non</strong></span> <span class='ocrx_word' id='word_1_74' title='bbox 1365 1135 1485 1174; x_wconf 87' lang='lat' dir='ltr'><strong>esse</strong></span> <span class='ocrx_word' id='word_1_75' title='bbox 1509 1161 1524 1185; x_wconf 90' lang='lat'><strong>,</strong></span> <span class='ocrx_word' id='word_1_76' title='bbox 1565 1119 1680 1174; x_wconf 57' lang='lat' dir='ltr'><strong>haec</strong></span> <span class='ocrx_word' id='word_1_77' title='bbox 1711 1121 2017 1174; x_wconf 86' lang='lat' dir='ltr'><strong>necessaria</strong></span> <span class='ocrx_word' id='word_1_78' title='bbox 2049 1133 2146 1173; x_wconf 57' lang='lat' dir='ltr'><strong>seu</strong></span> 
     </span>
    </p>
   </div>
   <div class='ocr_carea' id='block_1_12' title="bbox 561 1210 2142 1285">
    <p class='ocr_par' dir='ltr' id='par_1_12' title="bbox 561 1210 2142 1285">
     <span class='ocr_line' id='line_1_12' title="bbox 561 1210 2142 1285; baseline -0.006 -11"><span class='ocrx_word' id='word_1_79' title='bbox 561 1220 788 1274; x_wconf 86' lang='lat' dir='ltr'><strong>cundum</strong></span> <span class='ocrx_word' id='word_1_80' title='bbox 840 1234 945 1273; x_wconf 91' lang='lat' dir='ltr'><strong>non</strong></span> <span class='ocrx_word' id='word_1_81' title='bbox 972 1233 1092 1273; x_wconf 86' lang='lat' dir='ltr'><strong>esse</strong></span> <span class='ocrx_word' id='word_1_82' title='bbox 1131 1216 1338 1285; x_wconf 86' lang='lat' dir='ltr'><strong>negatio</strong></span> <span class='ocrx_word' id='word_1_83' title='bbox 1378 1213 1735 1268; x_wconf 84' lang='lat' dir='ltr'><strong>contradictio</strong></span> <span class='ocrx_word' id='word_1_84' title='bbox 1780 1220 1862 1267; x_wconf 91' lang='lat' dir='ltr'><strong>est</strong></span> <span class='ocrx_word' id='word_1_85' title='bbox 1887 1210 2004 1281; x_wconf 87' lang='lat' dir='ltr'><strong>ejus</strong></span> <span class='ocrx_word' id='word_1_86' title='bbox 2021 1225 2142 1281; x_wconf 64' lang='lat' dir='ltr'><strong>quas</strong></span> 
     </span>
    </p>
   </div>
   <div class='ocr_carea' id='block_1_13' title="bbox 560 1303 2144 1382">
    <p class='ocr_par' dir='ltr' id='par_1_13' title="bbox 560 1303 2144 1382">
     <span class='ocr_line' id='line_1_13' title="bbox 560 1303 2144 1382; baseline -0.005 -15"><span class='ocrx_word' id='word_1_87' title='bbox 560 1313 800 1381; x_wconf 85' lang='lat' dir='ltr'><strong>sequitur</strong></span> <span class='ocrx_word' id='word_1_88' title='bbox 825 1312 1165 1382; x_wconf 79' lang='lat' dir='ltr'><strong>negationem</strong></span> <span class='ocrx_word' id='word_1_89' title='bbox 1195 1307 1587 1378; x_wconf 81' lang='lat' dir='ltr'><strong>possibilitatis.</strong></span> <span class='ocrx_word' id='word_1_90' title='bbox 1613 1306 1746 1361; x_wconf 88' lang='lat' dir='ltr'><strong>lllttd</strong></span> <span class='ocrx_word' id='word_1_91' title='bbox 1769 1307 1912 1360; x_wconf 90' lang='lat' dir='ltr'><strong>enim</strong></span> <span class='ocrx_word' id='word_1_92' title='bbox 1936 1345 1952 1371; x_wconf 90' lang='lat'><strong>,</strong></span> <span class='ocrx_word' id='word_1_93' title='bbox 1985 1303 2038 1358; x_wconf 91' lang='lat' dir='ltr'><strong>id</strong></span> <span class='ocrx_word' id='word_1_94' title='bbox 2061 1315 2144 1360; x_wconf 82' lang='lat' dir='ltr'><strong>est</strong></span> 
     </span>
    </p>
   </div>
   <div class='ocr_carea' id='block_1_14' title="bbox 561 1395 2144 1474">
    <p class='ocr_par' dir='ltr' id='par_1_14' title="bbox 561 1395 2144 1474">
     <span class='ocr_line' id='line_1_14' title="bbox 561 1395 2144 1474; baseline -0.006 -16"><span class='ocrx_word' id='word_1_95' title='bbox 561 1407 894 1474; x_wconf 87' lang='lat' dir='ltr'><strong>negationem</strong></span> <span class='ocrx_word' id='word_1_96' title='bbox 921 1399 1308 1470; x_wconf 62' lang='lat' dir='ltr'><strong>possibilitatis,</strong></span> <span class='ocrx_word' id='word_1_97' title='bbox 1336 1401 1576 1468; x_wconf 87' lang='lat' dir='ltr'><strong>sequitur</strong></span> <span class='ocrx_word' id='word_1_98' title='bbox 1598 1397 1649 1451; x_wconf 91' lang='lat' dir='ltr'><strong>id</strong></span> <span class='ocrx_word' id='word_1_99' title='bbox 1671 1397 1811 1467; x_wconf 92' lang='lat' dir='ltr'><strong>quod</strong></span> <span class='ocrx_word' id='word_1_100' title='bbox 1835 1405 1918 1451; x_wconf 91' lang='lat' dir='ltr'><strong>est</strong></span> <span class='ocrx_word' id='word_1_101' title='bbox 1939 1395 2144 1464; x_wconf 88' lang='lat' dir='ltr'><strong>impos-</strong></span> 
     </span>
    </p>
   </div>
   <div class='ocr_carea' id='block_1_15' title="bbox 561 1486 2148 1562">
    <p class='ocr_par' dir='ltr' id='par_1_15' title="bbox 561 1486 2148 1562">
     <span class='ocr_line' id='line_1_15' title="bbox 561 1486 2148 1562; baseline -0.007 -11"><span class='ocrx_word' id='word_1_102' title='bbox 561 1497 734 1557; x_wconf 85' lang='lat' dir='ltr'><strong>sibile.</strong></span> <span class='ocrx_word' id='word_1_103' title='bbox 783 1493 913 1547; x_wconf 85' lang='lat' dir='ltr'><strong>Nam</strong></span> <span class='ocrx_word' id='word_1_104' title='bbox 957 1508 1080 1547; x_wconf 89' lang='lat' dir='ltr'><strong>cum</strong></span> <span class='ocrx_word' id='word_1_105' title='bbox 1125 1490 1342 1562; x_wconf 88' lang='lat' dir='ltr'><strong>negatio</strong></span> <span class='ocrx_word' id='word_1_106' title='bbox 1374 1490 1742 1560; x_wconf 84' lang='lat' dir='ltr'><strong>possibilitatis</strong></span> <span class='ocrx_word' id='word_1_107' title='bbox 1770 1488 1842 1544; x_wconf 87' lang='lat' dir='ltr'><strong>sit</strong></span> <span class='ocrx_word' id='word_1_108' title='bbox 1869 1502 1987 1559; x_wconf 79' lang='lat' dir='ltr'><strong>quae</strong></span> <span class='ocrx_word' id='word_1_109' title='bbox 2015 1486 2148 1542; x_wconf 86' lang='lat' dir='ltr'><strong>dicit</strong></span> 
     </span>
    </p>
   </div>
   <div class='ocr_carea' id='block_1_16' title="bbox 561 1578 2141 1657">
    <p class='ocr_par' dir='ltr' id='par_1_16' title="bbox 561 1578 2141 1657">
     <span class='ocr_line' id='line_1_16' title="bbox 561 1578 2141 1657; baseline -0.006 -16"><span class='ocrx_word' id='word_1_110' title='bbox 561 1602 665 1641; x_wconf 89' lang='lat' dir='ltr'><strong>non</strong></span> <span class='ocrx_word' id='word_1_111' title='bbox 691 1584 939 1657; x_wconf 82' lang='lat' dir='ltr'><strong>possibile</strong></span> <span class='ocrx_word' id='word_1_112' title='bbox 961 1600 1079 1640; x_wconf 90' lang='lat' dir='ltr'><strong>esse</strong></span> <span class='ocrx_word' id='word_1_113' title='bbox 1098 1624 1112 1650; x_wconf 91' lang='lat'><strong>,</strong></span> <span class='ocrx_word' id='word_1_114' title='bbox 1147 1584 1534 1652; x_wconf 85' lang='lat' dir='ltr'><strong>bancsequitur</strong></span> <span class='ocrx_word' id='word_1_115' title='bbox 1555 1595 1616 1637; x_wconf 89' lang='lat' dir='ltr'><strong>ea</strong></span> <span class='ocrx_word' id='word_1_116' title='bbox 1639 1597 1757 1651; x_wconf 78' lang='lat' dir='ltr'><strong>qua:</strong></span> <span class='ocrx_word' id='word_1_117' title='bbox 1786 1579 1914 1634; x_wconf 89' lang='lat' dir='ltr'><strong>dicit</strong></span> <span class='ocrx_word' id='word_1_118' title='bbox 1938 1578 2141 1648; x_wconf 90' lang='lat' dir='ltr'><strong>impos-</strong></span> 
     </span>
    </p>
   </div>
   <div class='ocr_carea' id='block_1_17' title="bbox 563 1672 2146 1745">
    <p class='ocr_par' dir='ltr' id='par_1_17' title="bbox 563 1672 2146 1745">
     <span class='ocr_line' id='line_1_17' title="bbox 563 1672 2146 1745; baseline -0.006 -10"><span class='ocrx_word' id='word_1_119' title='bbox 563 1677 713 1735; x_wconf 86' lang='lat' dir='ltr'><strong>sibile</strong></span> <span class='ocrx_word' id='word_1_120' title='bbox 743 1690 823 1733; x_wconf 90' lang='lat' dir='ltr'><strong>est</strong></span> <span class='ocrx_word' id='word_1_121' title='bbox 853 1694 1005 1745; x_wconf 86' lang='lat' dir='ltr'><strong>esse,</strong></span> <span class='ocrx_word' id='word_1_122' title='bbox 1056 1676 1142 1733; x_wconf 91' lang='lat' dir='ltr'><strong>cui</strong></span> <span class='ocrx_word' id='word_1_123' title='bbox 1189 1675 1458 1731; x_wconf 86' lang='lat' dir='ltr'><strong>consentit</strong></span> <span class='ocrx_word' id='word_1_124' title='bbox 1485 1690 1548 1734; x_wconf 83' lang='lat' dir='ltr'><strong>ea</strong></span> <span class='ocrx_word' id='word_1_125' title='bbox 1592 1690 1712 1744; x_wconf 75' lang='lat' dir='ltr'><strong>qua:</strong></span> <span class='ocrx_word' id='word_1_126' title='bbox 1743 1672 1875 1727; x_wconf 88' lang='lat' dir='ltr'><strong>dicit</strong></span> <span class='ocrx_word' id='word_1_127' title='bbox 1922 1685 2146 1726; x_wconf 90' lang='lat' dir='ltr'><strong>necesse</strong></span> 
     </span>
    </p>
   </div>
   <div class='ocr_carea' id='block_1_18' title="bbox 564 1765 2146 1839">
    <p class='ocr_par' dir='ltr' id='par_1_18' title="bbox 564 1765 2146 1839">
     <span class='ocr_line' id='line_1_18' title="bbox 564 1765 2146 1839; baseline -0.008 -10"><span class='ocrx_word' id='word_1_128' title='bbox 564 1786 681 1829; x_wconf 89' lang='lat' dir='ltr'><strong>esse</strong></span> <span class='ocrx_word' id='word_1_129' title='bbox 709 1788 812 1828; x_wconf 91' lang='lat' dir='ltr'><strong>non</strong></span> <span class='ocrx_word' id='word_1_130' title='bbox 839 1787 980 1827; x_wconf 86' lang='lat' dir='ltr'><strong>esse.</strong></span> <span class='ocrx_word' id='word_1_131' title='bbox 1013 1771 1266 1838; x_wconf 80' lang='lat' dir='ltr'><strong>Sequitur</strong></span> <span class='ocrx_word' id='word_1_132' title='bbox 1288 1769 1448 1839; x_wconf 81' lang='lat' dir='ltr'><strong>igitur</strong></span> <span class='ocrx_word' id='word_1_133' title='bbox 1467 1767 1738 1838; x_wconf 90' lang='lat' dir='ltr'><strong>possibilis</strong></span> <span class='ocrx_word' id='word_1_134' title='bbox 1762 1765 2146 1836; x_wconf 85' lang='lat' dir='ltr'><strong>prepositionis</strong></span> 
     </span>
    </p>
   </div>
   <div class='ocr_carea' id='block_1_19' title="bbox 2246 566 3826 636">
    <p class='ocr_par' dir='ltr' id='par_1_19' title="bbox 2246 566 3826 636">
     <span class='ocr_line' id='line_1_19' title="bbox 2246 566 3826 636; baseline 0.004 -17"><span class='ocrx_word' id='word_1_135' title='bbox 2246 566 2624 619; x_wconf 82' lang='lat' dir='ltr'><strong>necessitatem</strong></span> <span class='ocrx_word' id='word_1_136' title='bbox 2678 578 2786 619; x_wconf 91' lang='lat' dir='ltr'><strong>non</strong></span> <span class='ocrx_word' id='word_1_137' title='bbox 2845 567 3128 633; x_wconf 87' lang='lat' dir='ltr'><strong>sequitur,</strong></span> <span class='ocrx_word' id='word_1_138' title='bbox 3188 566 3398 634; x_wconf 78' lang='lat' dir='ltr'><strong>negatio</strong></span> <span class='ocrx_word' id='word_1_139' title='bbox 3459 567 3826 636; x_wconf 81' lang='lat' dir='ltr'><strong>possibilitatis</strong></span> 
     </span>
    </p>
   </div>
   <div class='ocr_carea' id='block_1_20' title="bbox 2243 651 3828 726">
    <p class='ocr_par' dir='ltr' id='par_1_20' title="bbox 2243 651 3828 726">
     <span class='ocr_line' id='line_1_20' title="bbox 2243 651 3828 726; baseline 0.003 -17"><span class='ocrx_word' id='word_1_140' title='bbox 2243 658 2482 726; x_wconf 86' lang='lat' dir='ltr'><strong>sequitur</strong></span> <span class='ocrx_word' id='word_1_141' title='bbox 2510 669 2573 710; x_wconf 91' lang='lat' dir='ltr'><strong>ea</strong></span> <span class='ocrx_word' id='word_1_142' title='bbox 2613 655 2822 709; x_wconf 78' lang='lat' dir='ltr'><strong>scilicet</strong></span> <span class='ocrx_word' id='word_1_143' title='bbox 2843 671 2963 724; x_wconf 74' lang='lat' dir='ltr'><strong>quin</strong></span> <span class='ocrx_word' id='word_1_144' title='bbox 2991 666 3072 710; x_wconf 90' lang='lat' dir='ltr'><strong>est</strong></span> <span class='ocrx_word' id='word_1_145' title='bbox 3103 672 3210 709; x_wconf 89' lang='lat' dir='ltr'><strong>non</strong></span> <span class='ocrx_word' id='word_1_146' title='bbox 3237 651 3493 725; x_wconf 78' lang='lat' dir='ltr'><strong>possibile</strong></span> <span class='ocrx_word' id='word_1_147' title='bbox 3521 673 3672 726; x_wconf 89' lang='lat' dir='ltr'><strong>esse,</strong></span> <span class='ocrx_word' id='word_1_148' title='bbox 3706 677 3828 714; x_wconf 81' lang='lat' dir='ltr'><strong>ere-</strong></span> 
     </span>
    </p>
   </div>
   <div class='ocr_carea' id='block_1_21' title="bbox 2243 745 3826 818">
    <p class='ocr_par' dir='ltr' id='par_1_21' title="bbox 2243 745 3826 818">
     <span class='ocr_line' id='line_1_21' title="bbox 2243 745 3826 818; baseline 0.005 -19"><span class='ocrx_word' id='word_1_149' title='bbox 2243 745 2568 816; x_wconf 88' lang='lat' dir='ltr'><strong>nientqueea</strong></span> <span class='ocrx_word' id='word_1_150' title='bbox 2584 761 2769 800; x_wconf 91' lang='lat' dir='ltr'><strong>rursus</strong></span> <span class='ocrx_word' id='word_1_151' title='bbox 2797 747 3158 810; x_wconf 88' lang='lat' dir='ltr'><strong>incommoda,</strong></span> <span class='ocrx_word' id='word_1_152' title='bbox 3184 763 3308 818; x_wconf 64' lang='lat' dir='ltr'><strong>qua:</strong></span> <span class='ocrx_word' id='word_1_153' title='bbox 3335 748 3536 804; x_wconf 91' lang='lat' dir='ltr'><strong>dudutn</strong></span> <span class='ocrx_word' id='word_1_154' title='bbox 3567 767 3687 805; x_wconf 88' lang='lat' dir='ltr'><strong>cum</strong></span> <span class='ocrx_word' id='word_1_155' title='bbox 3706 767 3826 807; x_wconf 89' lang='lat' dir='ltr'><strong>eum</strong></span> 
     </span>
    </p>
   </div>
   <div class='ocr_carea' id='block_1_22' title="bbox 2246 837 3830 914">
    <p class='ocr_par' dir='ltr' id='par_1_22' title="bbox 2246 837 3830 914">
     <span class='ocr_line' id='line_1_22' title="bbox 2246 837 3830 914; baseline 0.006 -22"><span class='ocrx_word' id='word_1_156' title='bbox 2246 837 2423 893; x_wconf 89' lang='lat' dir='ltr'><strong>locum</strong></span> <span class='ocrx_word' id='word_1_157' title='bbox 2459 849 2812 896; x_wconf 86' lang='lat' dir='ltr'><strong>tractaremus</strong></span> <span class='ocrx_word' id='word_1_158' title='bbox 2833 841 3235 909; x_wconf 78' lang='lat' dir='ltr'><strong>expressimus;</strong></span> <span class='ocrx_word' id='word_1_159' title='bbox 3266 847 3408 911; x_wconf 88' lang='lat' dir='ltr'><strong>quod</strong></span> <span class='ocrx_word' id='word_1_160' title='bbox 3439 845 3486 898; x_wconf 97' lang='lat' dir='ltr'><strong>si</strong></span> <span class='ocrx_word' id='word_1_161' title='bbox 3513 846 3636 914; x_wconf 88' lang='lat' dir='ltr'><strong>quis</strong></span> <span class='ocrx_word' id='word_1_162' title='bbox 3661 849 3830 914; x_wconf 86' lang='lat' dir='ltr'><strong>possi-</strong></span> 
     </span>
    </p>
   </div>
   <div class='ocr_carea' id='block_1_23' title="bbox 2245 929 3834 1008">
    <p class='ocr_par' dir='ltr' id='par_1_23' title="bbox 2245 929 3834 1008">
     <span class='ocr_line' id='line_1_23' title="bbox 2245 929 3834 1008; baseline 0.006 -23"><span class='ocrx_word' id='word_1_163' title='bbox 2245 929 2465 986; x_wconf 87' lang='lat' dir='ltr'><strong>bilitatis</strong></span> <span class='ocrx_word' id='word_1_164' title='bbox 2516 948 2621 988; x_wconf 89' lang='lat' dir='ltr'><strong>non</strong></span> <span class='ocrx_word' id='word_1_165' title='bbox 2678 934 2804 989; x_wconf 87' lang='lat' dir='ltr'><strong>velit</strong></span> <span class='ocrx_word' id='word_1_166' title='bbox 2855 949 2976 990; x_wconf 89' lang='lat' dir='ltr'><strong>esse</strong></span> <span class='ocrx_word' id='word_1_167' title='bbox 3023 937 3360 1004; x_wconf 80' lang='lat' dir='ltr'><strong>negationem</strong></span> <span class='ocrx_word' id='word_1_168' title='bbox 3389 952 3507 992; x_wconf 89' lang='lat' dir='ltr'><strong>eam</strong></span> <span class='ocrx_word' id='word_1_169' title='bbox 3555 956 3672 1008; x_wconf 72' lang='lat' dir='ltr'><strong>qua:</strong></span> <span class='ocrx_word' id='word_1_170' title='bbox 3703 939 3834 994; x_wconf 88' lang='lat' dir='ltr'><strong>dicit</strong></span> 
     </span>
    </p>
   </div>
   <div class='ocr_carea' id='block_1_24' title="bbox 2245 1007 3830 1102">
    <p class='ocr_par' dir='ltr' id='par_1_24' title="bbox 2245 1007 3830 1102">
     <span class='ocr_line' id='line_1_24' title="bbox 2245 1007 3830 1102; baseline 0.006 -24"><span class='ocrx_word' id='word_1_171' title='bbox 2245 1038 2352 1078; x_wconf 90' lang='lat' dir='ltr'><strong>non</strong></span> <span class='ocrx_word' id='word_1_172' title='bbox 2383 1025 2639 1094; x_wconf 87' lang='lat' dir='ltr'><strong>possibile</strong></span> <span class='ocrx_word' id='word_1_173' title='bbox 2665 1041 2805 1092; x_wconf 84' lang='lat' dir='ltr'><strong>esse,</strong></span> <span class='ocrx_word' id='word_1_174' title='bbox 2853 1027 2946 1082; x_wconf 88' lang='lat' dir='ltr'><strong>sed</strong></span> <span class='ocrx_word' id='word_1_175' title='bbox 2976 1007 3150 1096; x_wconf 82' lang='lat' dir='ltr'><strong>potius</strong></span> <span class='ocrx_word' id='word_1_176' title='bbox 3180 1045 3299 1082; x_wconf 87' lang='lat' dir='ltr'><strong>eam</strong></span> <span class='ocrx_word' id='word_1_177' title='bbox 3349 1045 3467 1100; x_wconf 68' lang='lat' dir='ltr'><strong>quae</strong></span> <span class='ocrx_word' id='word_1_178' title='bbox 3500 1007 3633 1086; x_wconf 83' lang='lat' dir='ltr'><strong>dicit</strong></span> <span class='ocrx_word' id='word_1_179' title='bbox 3659 1033 3830 1102; x_wconf 89' lang='lat' dir='ltr'><strong>possi-</strong></span> 
     </span>
    </p>
   </div>
   <div class='ocr_carea' id='block_1_25' title="bbox 2248 1116 3829 1190">
    <p class='ocr_par' dir='ltr' id='par_1_25' title="bbox 2248 1116 3829 1190">
     <span class='ocr_line' id='line_1_25' title="bbox 2248 1116 3829 1190; baseline 0.006 -20"><span class='ocrx_word' id='word_1_180' title='bbox 2248 1116 2358 1174; x_wconf 91' lang='lat' dir='ltr'><strong>bile</strong></span> <span class='ocrx_word' id='word_1_181' title='bbox 2394 1134 2515 1174; x_wconf 85' lang='lat' dir='ltr'><strong>esse</strong></span> <span class='ocrx_word' id='word_1_182' title='bbox 2540 1135 2645 1174; x_wconf 92' lang='lat' dir='ltr'><strong>non</strong></span> <span class='ocrx_word' id='word_1_183' title='bbox 2672 1135 2809 1174; x_wconf 89' lang='lat' dir='ltr'><strong>esse.</strong></span> <span class='ocrx_word' id='word_1_184' title='bbox 2842 1120 3152 1190; x_wconf 85' lang='lat' dir='ltr'><strong>Quanquam</strong></span> <span class='ocrx_word' id='word_1_185' title='bbox 3185 1122 3278 1176; x_wconf 89' lang='lat' dir='ltr'><strong>ille</strong></span> <span class='ocrx_word' id='word_1_186' title='bbox 3308 1139 3414 1178; x_wconf 91' lang='lat' dir='ltr'><strong>non</strong></span> <span class='ocrx_word' id='word_1_187' title='bbox 3444 1135 3591 1179; x_wconf 90' lang='lat' dir='ltr'><strong>recto</strong></span> <span class='ocrx_word' id='word_1_188' title='bbox 3634 1127 3829 1180; x_wconf 79' lang='lat' dir='ltr'><strong>ordine</strong></span> 
     </span>
    </p>
   </div>
   <div class='ocr_carea' id='block_1_26' title="bbox 2247 1213 3828 1287">
    <p class='ocr_par' dir='ltr' id='par_1_26' title="bbox 2247 1213 3828 1287">
     <span class='ocr_line' id='line_1_26' title="bbox 2247 1213 3828 1287; baseline 0.004 -21"><span class='ocrx_word' id='word_1_189' title='bbox 2247 1213 2590 1268; x_wconf 83' lang='lat' dir='ltr'><strong>alfirmationi</strong></span> <span class='ocrx_word' id='word_1_190' title='bbox 2620 1216 2955 1284; x_wconf 75' lang='lat' dir='ltr'><strong>negationem</strong></span> <span class='ocrx_word' id='word_1_191' title='bbox 2991 1215 3380 1281; x_wconf 85' lang='lat' dir='ltr'><strong>accommodet,</strong></span> <span class='ocrx_word' id='word_1_192' title='bbox 3427 1217 3629 1272; x_wconf 86' lang='lat' dir='ltr'><strong>dictum</strong></span> <span class='ocrx_word' id='word_1_193' title='bbox 3666 1233 3828 1287; x_wconf 83' lang='lat' dir='ltr'><strong>snpra</strong></span> 
     </span>
    </p>
   </div>
   <div class='ocr_carea' id='block_1_27' title="bbox 2248 1305 3834 1378">
    <p class='ocr_par' dir='ltr' id='par_1_27' title="bbox 2248 1305 3834 1378">
     <span class='ocr_line' id='line_1_27' title="bbox 2248 1305 3834 1378; baseline 0.007 -21"><span class='ocrx_word' id='word_1_194' title='bbox 2248 1305 2308 1359; x_wconf 84' lang='lat' dir='ltr'><strong>fit</strong></span> <span class='ocrx_word' id='word_1_195' title='bbox 2335 1306 2543 1374; x_wconf 87' lang='lat' dir='ltr'><strong>quoties</strong></span> <span class='ocrx_word' id='word_1_196' title='bbox 2589 1322 2712 1361; x_wconf 91' lang='lat' dir='ltr'><strong>cum</strong></span> <span class='ocrx_word' id='word_1_197' title='bbox 2739 1306 2898 1362; x_wconf 90' lang='lat' dir='ltr'><strong>modo</strong></span> <span class='ocrx_word' id='word_1_198' title='bbox 2930 1310 3322 1378; x_wconf 80' lang='lat' dir='ltr'><strong>propositiones</strong></span> <span class='ocrx_word' id='word_1_199' title='bbox 3344 1310 3595 1365; x_wconf 89' lang='lat' dir='ltr'><strong>dicuntur</strong></span> <span class='ocrx_word' id='word_1_200' title='bbox 3617 1311 3683 1365; x_wconf 90' lang='lat' dir='ltr'><strong>ad</strong></span> <span class='ocrx_word' id='word_1_201' title='bbox 3718 1327 3834 1368; x_wconf 81' lang='lat' dir='ltr'><strong>mo-</strong></span> 
     </span>
    </p>
   </div>
   <div class='ocr_carea' id='block_1_28' title="bbox 2247 1395 3833 1472">
    <p class='ocr_par' dir='ltr' id='par_1_28' title="bbox 2247 1395 3833 1472">
     <span class='ocr_line' id='line_1_28' title="bbox 2247 1395 3833 1472; baseline 0.006 -22"><span class='ocrx_word' id='word_1_202' title='bbox 2247 1395 2348 1451; x_wconf 90' lang='lat' dir='ltr'><strong>dos</strong></span> <span class='ocrx_word' id='word_1_203' title='bbox 2385 1398 2532 1466; x_wconf 89' lang='lat' dir='ltr'><strong>ipsos</strong></span> <span class='ocrx_word' id='word_1_204' title='bbox 2563 1405 2735 1467; x_wconf 77' lang='lat' dir='ltr'><strong>potius</strong></span> <span class='ocrx_word' id='word_1_205' title='bbox 2763 1401 3098 1470; x_wconf 75' lang='lat' dir='ltr'><strong>negationem</strong></span> <span class='ocrx_word' id='word_1_206' title='bbox 3133 1402 3255 1469; x_wconf 92' lang='lat' dir='ltr'><strong>poni</strong></span> <span class='ocrx_word' id='word_1_207' title='bbox 3287 1412 3537 1471; x_wconf 89' lang='lat' dir='ltr'><strong>oportere</strong></span> <span class='ocrx_word' id='word_1_208' title='bbox 3579 1419 3739 1472; x_wconf 87' lang='lat' dir='ltr'><strong>quam</strong></span> <span class='ocrx_word' id='word_1_209' title='bbox 3765 1404 3833 1460; x_wconf 84' lang='lat' dir='ltr'><strong>ad</strong></span> 
     </span>
    </p>
   </div>
   <div class='ocr_carea' id='block_1_29' title="bbox 2247 1493 3829 1568">
    <p class='ocr_par' dir='ltr' id='par_1_29' title="bbox 2247 1493 3829 1568">
     <span class='ocr_line' id='line_1_29' title="bbox 2247 1493 3829 1568; baseline 0.004 -20"><span class='ocrx_word' id='word_1_210' title='bbox 2247 1493 2437 1561; x_wconf 84' lang='lat' dir='ltr'><strong>verba,</strong></span> <span class='ocrx_word' id='word_1_211' title='bbox 2469 1495 2658 1550; x_wconf 68' lang='lat' dir='ltr'><strong>danda:</strong></span> <span class='ocrx_word' id='word_1_212' title='bbox 2685 1504 2862 1550; x_wconf 86' lang='lat' dir='ltr'><strong>tamen</strong></span> <span class='ocrx_word' id='word_1_213' title='bbox 2890 1511 3078 1550; x_wconf 86' lang='lat' dir='ltr'><strong>manus</strong></span> <span class='ocrx_word' id='word_1_214' title='bbox 3107 1506 3254 1560; x_wconf 89' lang='lat' dir='ltr'><strong>sunt,</strong></span> <span class='ocrx_word' id='word_1_215' title='bbox 3286 1508 3348 1550; x_wconf 92' lang='lat' dir='ltr'><strong>ut</strong></span> <span class='ocrx_word' id='word_1_216' title='bbox 3376 1512 3497 1550; x_wconf 91' lang='lat' dir='ltr'><strong>cum</strong></span> <span class='ocrx_word' id='word_1_217' title='bbox 3523 1512 3589 1551; x_wconf 90' lang='lat' dir='ltr'><strong>eo</strong></span> <span class='ocrx_word' id='word_1_218' title='bbox 3618 1513 3829 1568; x_wconf 84' lang='lat' dir='ltr'><strong>quoque</strong></span> 
     </span>
    </p>
   </div>
   <div class='ocr_carea' id='block_1_30' title="bbox 2249 1587 3833 1659">
    <p class='ocr_par' dir='ltr' id='par_1_30' title="bbox 2249 1587 3833 1659">
     <span class='ocr_line' id='line_1_30' title="bbox 2249 1587 3833 1659; baseline 0.004 -20"><span class='ocrx_word' id='word_1_219' title='bbox 2249 1601 2508 1642; x_wconf 89' lang='lat' dir='ltr'><strong>concesso</strong></span> <span class='ocrx_word' id='word_1_220' title='bbox 2539 1589 2680 1656; x_wconf 89' lang='lat' dir='ltr'><strong>quod</strong></span> <span class='ocrx_word' id='word_1_221' title='bbox 2709 1587 2775 1642; x_wconf 88' lang='lat' dir='ltr'><strong>ad</strong></span> <span class='ocrx_word' id='word_1_222' title='bbox 2793 1587 3164 1643; x_wconf 78' lang='lat' dir='ltr'><strong>defensionem</strong></span> <span class='ocrx_word' id='word_1_223' title='bbox 3194 1588 3320 1643; x_wconf 89' lang='lat' dir='ltr'><strong>utile</strong></span> <span class='ocrx_word' id='word_1_224' title='bbox 3350 1588 3620 1659; x_wconf 85' lang='lat' dir='ltr'><strong>aliquibus</strong></span> <span class='ocrx_word' id='word_1_225' title='bbox 3659 1590 3833 1648; x_wconf 82' lang='lat' dir='ltr'><strong>videri</strong></span> 
     </span>
    </p>
   </div>
   <div class='ocr_carea' id='block_1_31' title="bbox 2252 1678 3834 1752">
    <p class='ocr_par' dir='ltr' id='par_1_31' title="bbox 2252 1678 3834 1752">
     <span class='ocr_line' id='line_1_31' title="bbox 2252 1678 3834 1752; baseline 0.004 -21"><span class='ocrx_word' id='word_1_226' title='bbox 2252 1678 2456 1746; x_wconf 85' lang='lat' dir='ltr'><strong>possit,</strong></span> <span class='ocrx_word' id='word_1_227' title='bbox 2487 1679 2961 1748; x_wconf 76' lang='lat' dir='ltr'><strong>argumentationis</strong></span> <span class='ocrx_word' id='word_1_228' title='bbox 3005 1680 3190 1736; x_wconf 80' lang='lat' dir='ltr'><strong>falsam</strong></span> <span class='ocrx_word' id='word_1_229' title='bbox 3245 1685 3567 1736; x_wconf 86' lang='lat' dir='ltr'><strong>sententiam</strong></span> <span class='ocrx_word' id='word_1_230' title='bbox 3604 1683 3834 1752; x_wconf 81' lang='lat' dir='ltr'><strong>fregeri-</strong></span> 
     </span>
    </p>
   </div>
   <div class='ocr_carea' id='block_1_32' title="bbox 2249 1771 3835 1841">
    <p class='ocr_par' dir='ltr' id='par_1_32' title="bbox 2249 1771 3835 1841">
     <span class='ocr_line' id='line_1_32' title="bbox 2249 1771 3835 1841; baseline 0.004 -16"><span class='ocrx_word' id='word_1_231' title='bbox 2249 1785 2368 1825; x_wconf 88' lang='lat' dir='ltr'><strong>mus</strong></span> <span class='ocrx_word' id='word_1_232' title='bbox 2387 1809 2402 1835; x_wconf 91' lang='lat'><strong>,</strong></span> <span class='ocrx_word' id='word_1_233' title='bbox 2445 1771 2657 1840; x_wconf 88' lang='lat' dir='ltr'><strong>penitus</strong></span> <span class='ocrx_word' id='word_1_234' title='bbox 2683 1782 2844 1841; x_wconf 91' lang='lat' dir='ltr'><strong>atque</strong></span> <span class='ocrx_word' id='word_1_235' title='bbox 2874 1771 3036 1827; x_wconf 88' lang='lat' dir='ltr'><strong>altius</strong></span> <span class='ocrx_word' id='word_1_236' title='bbox 3069 1771 3137 1826; x_wconf 80' lang='lat' dir='ltr'><strong>sit</strong></span> <span class='ocrx_word' id='word_1_237' title='bbox 3166 1772 3361 1828; x_wconf 83' lang='lat' dir='ltr'><strong>veritas</strong></span> <span class='ocrx_word' id='word_1_238' title='bbox 3405 1775 3718 1828; x_wconf 88' lang='lat' dir='ltr'><strong>constituta.</strong></span> <span class='ocrx_word' id='word_1_239' title='bbox 3749 1774 3835 1832; x_wconf 87' lang='lat' dir='ltr'><strong>Sit</strong></span> 
     </span>
    </p>
   </div>
   <div class='ocr_carea' id='block_1_33' title="bbox 563 1858 3834 1938">
    <p class='ocr_par' dir='ltr' id='par_1_33' title="bbox 563 1858 3834 1938">
     <span class='ocr_line' id='line_1_33' title="bbox 563 1858 3834 1938; baseline 0 -16"><span class='ocrx_word' id='word_1_240' title='bbox 563 1867 898 1938; x_wconf 71' lang='lat' dir='ltr'><strong>negationem</strong></span> <span class='ocrx_word' id='word_1_241' title='bbox 928 1882 988 1919; x_wconf 91' lang='lat' dir='ltr'><strong>ea</strong></span> <span class='ocrx_word' id='word_1_242' title='bbox 1019 1880 1138 1935; x_wconf 78' lang='lat' dir='ltr'><strong>qua:</strong></span> <span class='ocrx_word' id='word_1_243' title='bbox 1164 1865 1294 1919; x_wconf 87' lang='lat' dir='ltr'><strong>dicit</strong></span> <span class='ocrx_word' id='word_1_244' title='bbox 1315 1878 1534 1918; x_wconf 87' lang='lat' dir='ltr'><strong>necesse</strong></span> <span class='ocrx_word' id='word_1_245' title='bbox 1555 1876 1678 1917; x_wconf 88' lang='lat' dir='ltr'><strong>esse</strong></span> <span class='ocrx_word' id='word_1_246' title='bbox 1701 1876 1806 1914; x_wconf 92' lang='lat' dir='ltr'><strong>non</strong></span> <span class='ocrx_word' id='word_1_247' title='bbox 1828 1875 1969 1926; x_wconf 60' lang='grc' dir='ltr'><strong>διεδ,</strong></span> <span class='ocrx_word' id='word_1_248' title='bbox 1991 1858 2148 1928; x_wconf 85' lang='lat' dir='ltr'><strong>cujus</strong></span> <span class='ocrx_word' id='word_1_249' title='bbox 2176 1869 2224 1929; x_wconf 80' lang='grc' dir='ltr'><strong>Β</strong></span> <span class='ocrx_word' id='word_1_250' title='bbox 2251 1877 2380 1932; x_wconf 87' lang='lat' dir='ltr'><strong>ergo</strong></span> <span class='ocrx_word' id='word_1_251' title='bbox 2425 1865 2638 1932; x_wconf 67' lang='lat' dir='ltr'><strong>negatio</strong></span> <span class='ocrx_word' id='word_1_252' title='bbox 2669 1863 3038 1932; x_wconf 76' lang='lat' dir='ltr'><strong>possibilitatis</strong></span> <span class='ocrx_word' id='word_1_253' title='bbox 3067 1879 3221 1933; x_wconf 87' lang='lat' dir='ltr'><strong>quam</strong></span> <span class='ocrx_word' id='word_1_254' title='bbox 3268 1865 3371 1931; x_wconf 83' lang='lat' dir='ltr'><strong>ipsi</strong></span> <span class='ocrx_word' id='word_1_255' title='bbox 3403 1865 3620 1932; x_wconf 89' lang='lat' dir='ltr'><strong>volunt,</strong></span> <span class='ocrx_word' id='word_1_256' title='bbox 3669 1866 3721 1920; x_wconf 89' lang='lat' dir='ltr'><strong>id</strong></span> <span class='ocrx_word' id='word_1_257' title='bbox 3750 1876 3834 1922; x_wconf 85' lang='lat' dir='ltr'><strong>est</strong></span> 
     </span>
    </p>
   </div>
   <div class='ocr_carea' id='block_1_34' title="bbox 564 1956 2142 2024">
    <p class='ocr_par' dir='ltr' id='par_1_34' title="bbox 564 1956 2142 2024">
     <span class='ocr_line' id='line_1_34' title="bbox 564 1956 2142 2024; baseline -0.006 -8"><span class='ocrx_word' id='word_1_258' title='bbox 564 1970 643 2015; x_wconf 86' lang='lat' dir='ltr'><strong>est</strong></span> <span class='ocrx_word' id='word_1_259' title='bbox 663 1959 1007 2013; x_wconf 81' lang='lat' dir='ltr'><strong>contradictio</strong></span> <span class='ocrx_word' id='word_1_260' title='bbox 1025 1974 1086 2013; x_wconf 91' lang='lat' dir='ltr'><strong>ea</strong></span> <span class='ocrx_word' id='word_1_261' title='bbox 1110 1972 1230 2024; x_wconf 74' lang='lat' dir='ltr'><strong>qua:</strong></span> <span class='ocrx_word' id='word_1_262' title='bbox 1243 1956 1372 2011; x_wconf 90' lang='lat' dir='ltr'><strong>dicit</strong></span> <span class='ocrx_word' id='word_1_263' title='bbox 1395 1973 1498 2010; x_wconf 89' lang='lat' dir='ltr'><strong>non</strong></span> <span class='ocrx_word' id='word_1_264' title='bbox 1523 1970 1749 2010; x_wconf 88' lang='lat' dir='ltr'><strong>necesse</strong></span> <span class='ocrx_word' id='word_1_265' title='bbox 1768 1963 1854 2008; x_wconf 90' lang='lat' dir='ltr'><strong>est</strong></span> <span class='ocrx_word' id='word_1_266' title='bbox 1872 1967 1979 2006; x_wconf 92' lang='lat' dir='ltr'><strong>non</strong></span> <span class='ocrx_word' id='word_1_267' title='bbox 1999 1967 2142 2006; x_wconf 80' lang='lat' dir='ltr'><strong>eSse.</strong></span> 
     </span>
    </p>
   </div>
   <div class='ocr_carea' id='block_1_35' title="bbox 565 2043 2146 2120">
    <p class='ocr_par' dir='ltr' id='par_1_35' title="bbox 565 2043 2146 2120">
     <span class='ocr_line' id='line_1_35' title="bbox 565 2043 2146 2120; baseline -0.006 -14"><span class='ocrx_word' id='word_1_268' title='bbox 565 2049 649 2106; x_wconf 83' lang='lat' dir='ltr'><strong>Fit</strong></span> <span class='ocrx_word' id='word_1_269' title='bbox 675 2065 803 2120; x_wconf 86' lang='lat' dir='ltr'><strong>ergo</strong></span> <span class='ocrx_word' id='word_1_270' title='bbox 841 2049 894 2103; x_wconf 89' lang='lat' dir='ltr'><strong>id</strong></span> <span class='ocrx_word' id='word_1_271' title='bbox 937 2063 1148 2118; x_wconf 88' lang='lat' dir='ltr'><strong>quoque</strong></span> <span class='ocrx_word' id='word_1_272' title='bbox 1182 2057 1239 2102; x_wconf 88' lang='lat' dir='ltr'><strong>ttt</strong></span> <span class='ocrx_word' id='word_1_273' title='bbox 1284 2047 1642 2102; x_wconf 86' lang='lat' dir='ltr'><strong>contradictio</strong></span> <span class='ocrx_word' id='word_1_274' title='bbox 1669 2043 2146 2099; x_wconf 88' lang='lat' dir='ltr'><strong>contradictionem</strong></span> 
     </span>
    </p>
   </div>
   <div class='ocr_carea' id='block_1_36' title="bbox 565 2137 2146 2210">
    <p class='ocr_par' dir='ltr' id='par_1_36' title="bbox 565 2137 2146 2210">
     <span class='ocr_line' id='line_1_36' title="bbox 565 2137 2146 2210; baseline -0.005 -13"><span class='ocrx_word' id='word_1_275' title='bbox 565 2154 840 2210; x_wconf 87' lang='lat' dir='ltr'><strong>sequatur,</strong></span> <span class='ocrx_word' id='word_1_276' title='bbox 869 2141 963 2196; x_wconf 89' lang='lat' dir='ltr'><strong>sed</strong></span> <span class='ocrx_word' id='word_1_277' title='bbox 984 2140 1306 2196; x_wconf 88' lang='lat' dir='ltr'><strong>conversim.</strong></span> <span class='ocrx_word' id='word_1_278' title='bbox 1322 2139 1473 2208; x_wconf 83' lang='lat' dir='ltr'><strong>Quod</strong></span> <span class='ocrx_word' id='word_1_279' title='bbox 1491 2139 1565 2192; x_wconf 88' lang='lat' dir='ltr'><strong>ait</strong></span> <span class='ocrx_word' id='word_1_280' title='bbox 1591 2155 1685 2207; x_wconf 89' lang='lat' dir='ltr'><strong>per</strong></span> <span class='ocrx_word' id='word_1_281' title='bbox 1712 2140 1814 2192; x_wconf 87' lang='lat' dir='ltr'><strong>ltoc</strong></span> <span class='ocrx_word' id='word_1_282' title='bbox 1840 2153 1962 2192; x_wconf 91' lang='lat' dir='ltr'><strong>cum</strong></span> <span class='ocrx_word' id='word_1_283' title='bbox 1984 2137 2146 2204; x_wconf 78' lang='lat' dir='ltr'><strong>dixit,</strong></span> 
     </span>
    </p>
   </div>
   <div class='ocr_carea' id='block_1_37' title="bbox 565 2228 2148 2305">
    <p class='ocr_par' dir='ltr' id='par_1_37' title="bbox 565 2228 2148 2305">
     <span class='ocr_line' id='line_1_37' title="bbox 565 2228 2148 2305; baseline -0.006 -14"><span class='ocrx_word' id='word_1_284' title='bbox 565 2234 868 2305; x_wconf 80' lang='lat' dir='ltr'><strong>Sequuntur</strong></span> <span class='ocrx_word' id='word_1_285' title='bbox 913 2234 1071 2304; x_wconf 86' lang='lat' dir='ltr'><strong>igitur</strong></span> <span class='ocrx_word' id='word_1_286' title='bbox 1116 2242 1171 2288; x_wconf 91' lang='lat' dir='ltr'><strong>et</strong></span> <span class='ocrx_word' id='word_1_287' title='bbox 1223 2233 1306 2286; x_wconf 65' lang='lat' dir='ltr'><strong>ba:</strong></span> <span class='ocrx_word' id='word_1_288' title='bbox 1355 2231 1808 2286; x_wconf 81' lang='lat' dir='ltr'><strong>contradictiones</strong></span> <span class='ocrx_word' id='word_1_289' title='bbox 1855 2228 2148 2283; x_wconf 86' lang='lat' dir='ltr'><strong>secundum</strong></span> 
     </span>
    </p>
   </div>
   <div class='ocr_carea' id='block_1_38' title="bbox 564 2327 2152 2401">
    <p class='ocr_par' dir='ltr' id='par_1_38' title="bbox 564 2327 2152 2401">
     <span class='ocr_line' id='line_1_38' title="bbox 564 2327 2152 2401; baseline -0.004 -15"><span class='ocrx_word' id='word_1_290' title='bbox 564 2331 876 2401; x_wconf 71' lang='lat' dir='ltr'><strong>prmdictum</strong></span> <span class='ocrx_word' id='word_1_291' title='bbox 907 2331 1145 2396; x_wconf 86' lang='lat' dir='ltr'><strong>modotu,</strong></span> <span class='ocrx_word' id='word_1_292' title='bbox 1183 2346 1304 2384; x_wconf 90' lang='lat' dir='ltr'><strong>eum</strong></span> <span class='ocrx_word' id='word_1_293' title='bbox 1333 2331 1560 2393; x_wconf 87' lang='lat' dir='ltr'><strong>scilicet,</strong></span> <span class='ocrx_word' id='word_1_294' title='bbox 1588 2340 1642 2384; x_wconf 91' lang='lat' dir='ltr'><strong>ut</strong></span> <span class='ocrx_word' id='word_1_295' title='bbox 1681 2327 1970 2382; x_wconf 85' lang='lat' dir='ltr'><strong>affirmatio</strong></span> <span class='ocrx_word' id='word_1_296' title='bbox 1988 2341 2152 2395; x_wconf 85' lang='lat' dir='ltr'><strong>nega-</strong></span> 
     </span>
    </p>
   </div>
   <div class='ocr_carea' id='block_1_39' title="bbox 565 2419 2150 2494">
    <p class='ocr_par' dir='ltr' id='par_1_39' title="bbox 565 2419 2150 2494">
     <span class='ocr_line' id='line_1_39' title="bbox 565 2419 2150 2494; baseline -0.003 -16"><span class='ocrx_word' id='word_1_297' title='bbox 565 2424 785 2490; x_wconf 84' lang='lat' dir='ltr'><strong>tionem,</strong></span> <span class='ocrx_word' id='word_1_298' title='bbox 809 2425 1018 2494; x_wconf 83' lang='lat' dir='ltr'><strong>negatio</strong></span> <span class='ocrx_word' id='word_1_299' title='bbox 1051 2439 1175 2477; x_wconf 89' lang='lat' dir='ltr'><strong>vero</strong></span> <span class='ocrx_word' id='word_1_300' title='bbox 1199 2433 1452 2492; x_wconf 84' lang='lat' dir='ltr'><strong>sequatur</strong></span> <span class='ocrx_word' id='word_1_301' title='bbox 1475 2423 1533 2477; x_wconf 86' lang='lat' dir='ltr'><strong>af</strong></span> <span class='ocrx_word' id='word_1_302' title='bbox 1535 2423 1990 2486; x_wconf 87' lang='lat' dir='ltr'><strong>lirmationem,et</strong></span> <span class='ocrx_word' id='word_1_303' title='bbox 2018 2419 2150 2474; x_wconf 87' lang='lat' dir='ltr'><strong>nihil</strong></span> 
     </span>
    </p>
   </div>
   <div class='ocr_carea' id='block_1_40' title="bbox 567 2511 2152 2584">
    <p class='ocr_par' dir='ltr' id='par_1_40' title="bbox 567 2511 2152 2584">
     <span class='ocr_line' id='line_1_40' title="bbox 567 2511 2152 2584; baseline -0.005 -14"><span class='ocrx_word' id='word_1_304' title='bbox 567 2515 780 2584; x_wconf 87' lang='lat' dir='ltr'><strong>quidem</strong></span> <span class='ocrx_word' id='word_1_305' title='bbox 819 2525 925 2569; x_wconf 86' lang='lat' dir='ltr'><strong>erit</strong></span> <span class='ocrx_word' id='word_1_306' title='bbox 955 2514 1036 2566; x_wconf 87' lang='lat' dir='ltr'><strong>vel</strong></span> <span class='ocrx_word' id='word_1_307' title='bbox 1065 2514 1450 2567; x_wconf 83' lang='lat' dir='ltr'><strong>inconveniens</strong></span> <span class='ocrx_word' id='word_1_308' title='bbox 1489 2513 1572 2567; x_wconf 85' lang='lat' dir='ltr'><strong>vel</strong></span> <span class='ocrx_word' id='word_1_309' title='bbox 1599 2512 1927 2582; x_wconf 84' lang='lat' dir='ltr'><strong>impossibile</strong></span> <span class='ocrx_word' id='word_1_310' title='bbox 1955 2511 2024 2564; x_wconf 90' lang='lat' dir='ltr'><strong>ita</strong></span> <span class='ocrx_word' id='word_1_311' title='bbox 2056 2525 2152 2580; x_wconf 85' lang='lat' dir='ltr'><strong>po-</strong></span> 
     </span>
    </p>
   </div>
   <div class='ocr_carea' id='block_1_41' title="bbox 567 2603 2152 2673">
    <p class='ocr_par' dir='ltr' id='par_1_41' title="bbox 567 2603 2152 2673">
     <span class='ocr_line' id='line_1_41' title="bbox 567 2603 2152 2673; baseline -0.003 -12"><span class='ocrx_word' id='word_1_312' title='bbox 567 2605 683 2661; x_wconf 84' lang='lat' dir='ltr'><strong>sitis</strong></span> <span class='ocrx_word' id='word_1_313' title='bbox 712 2604 1114 2673; x_wconf 88' lang='lat' dir='ltr'><strong>consequentiis</strong></span> <span class='ocrx_word' id='word_1_314' title='bbox 1138 2643 1153 2668; x_wconf 92' lang='lat'><strong>,</strong></span> <span class='ocrx_word' id='word_1_315' title='bbox 1186 2613 1241 2658; x_wconf 91' lang='lat' dir='ltr'><strong>ut</strong></span> <span class='ocrx_word' id='word_1_316' title='bbox 1276 2603 1687 2658; x_wconf 85' lang='lat' dir='ltr'><strong>afftrtnationem</strong></span> <span class='ocrx_word' id='word_1_317' title='bbox 1735 2604 1950 2672; x_wconf 88' lang='lat' dir='ltr'><strong>quidem</strong></span> <span class='ocrx_word' id='word_1_318' title='bbox 1979 2603 2152 2672; x_wconf 87' lang='lat' dir='ltr'><strong>possi-</strong></span> 
     </span>
    </p>
   </div>
   <div class='ocr_carea' id='block_1_42' title="bbox 566 2700 2154 2773">
    <p class='ocr_par' dir='ltr' id='par_1_42' title="bbox 566 2700 2154 2773">
     <span class='ocr_line' id='line_1_42' title="bbox 566 2700 2154 2773; baseline 0.001 -18"><span class='ocrx_word' id='word_1_319' title='bbox 566 2700 730 2756; x_wconf 89' lang='lat' dir='ltr'><strong>bilem</strong></span> <span class='ocrx_word' id='word_1_320' title='bbox 761 2701 971 2770; x_wconf 82' lang='lat' dir='ltr'><strong>negatio</strong></span> <span class='ocrx_word' id='word_1_321' title='bbox 1001 2701 1288 2756; x_wconf 84' lang='lat' dir='ltr'><strong>necessarii</strong></span> <span class='ocrx_word' id='word_1_322' title='bbox 1321 2701 1616 2756; x_wconf 86' lang='lat' dir='ltr'><strong>secundum</strong></span> <span class='ocrx_word' id='word_1_323' title='bbox 1664 2717 1770 2756; x_wconf 92' lang='lat' dir='ltr'><strong>non</strong></span> <span class='ocrx_word' id='word_1_324' title='bbox 1799 2717 1920 2757; x_wconf 81' lang='lat' dir='ltr'><strong>esse</strong></span> <span class='ocrx_word' id='word_1_325' title='bbox 1960 2718 2154 2773; x_wconf 82' lang='lat' dir='ltr'><strong>sequa-</strong></span> 
     </span>
    </p>
   </div>
   <div class='ocr_carea' id='block_1_43' title="bbox 567 2792 2152 2863">
    <p class='ocr_par' dir='ltr' id='par_1_43' title="bbox 567 2792 2152 2863">
     <span class='ocr_line' id='line_1_43' title="bbox 567 2792 2152 2863; baseline 0.001 -14"><span class='ocrx_word' id='word_1_326' title='bbox 567 2799 692 2858; x_wconf 88' lang='lat' dir='ltr'><strong>tur,</strong></span> <span class='ocrx_word' id='word_1_327' title='bbox 740 2793 1008 2863; x_wconf 85' lang='lat' dir='ltr'><strong>negationi</strong></span> <span class='ocrx_word' id='word_1_328' title='bbox 1039 2807 1169 2848; x_wconf 88' lang='lat' dir='ltr'><strong>vero</strong></span> <span class='ocrx_word' id='word_1_329' title='bbox 1198 2792 1468 2862; x_wconf 87' lang='lat' dir='ltr'><strong>possibilis</strong></span> <span class='ocrx_word' id='word_1_330' title='bbox 1513 2793 1803 2848; x_wconf 70' lang='lat' dir='ltr'><strong>aflirn&#39;tatio</strong></span> <span class='ocrx_word' id='word_1_331' title='bbox 1845 2796 2152 2850; x_wconf 80' lang='lat' dir='ltr'><strong>necessaria</strong></span> 
     </span>
    </p>
   </div>
   <div class='ocr_carea' id='block_1_44' title="bbox 565 2884 2156 2956">
    <p class='ocr_par' dir='ltr' id='par_1_44' title="bbox 565 2884 2156 2956">
     <span class='ocr_line' id='line_1_44' title="bbox 565 2884 2156 2956; baseline 0.001 -15"><span class='ocrx_word' id='word_1_332' title='bbox 565 2884 856 2942; x_wconf 84' lang='lat' dir='ltr'><strong>secundum</strong></span> <span class='ocrx_word' id='word_1_333' title='bbox 882 2901 986 2940; x_wconf 88' lang='lat' dir='ltr'><strong>nou</strong></span> <span class='ocrx_word' id='word_1_334' title='bbox 1003 2900 1124 2940; x_wconf 87' lang='lat' dir='ltr'><strong>esse</strong></span> <span class='ocrx_word' id='word_1_335' title='bbox 1145 2887 1473 2952; x_wconf 87' lang='lat' dir='ltr'><strong>consentiat;</strong></span> <span class='ocrx_word' id='word_1_336' title='bbox 1505 2887 1700 2956; x_wconf 87' lang='lat' dir='ltr'><strong>quibus</strong></span> <span class='ocrx_word' id='word_1_337' title='bbox 1721 2887 2001 2956; x_wconf 77' lang='lat' dir='ltr'><strong>explicatis</strong></span> <span class='ocrx_word' id='word_1_338' title='bbox 2018 2887 2156 2942; x_wconf 84' lang='lat' dir='ltr'><strong>alias</strong></span> 
     </span>
    </p>
   </div>
   <div class='ocr_carea' id='block_1_45' title="bbox 566 2976 1332 3046">
    <p class='ocr_par' dir='ltr' id='par_1_45' title="bbox 566 2976 1332 3046">
     <span class='ocr_line' id='line_1_45' title="bbox 566 2976 1332 3046; baseline -0.003 -12"><span class='ocrx_word' id='word_1_339' title='bbox 566 2988 748 3034; x_wconf 81' lang='lat' dir='ltr'><strong>rursus</strong></span> <span class='ocrx_word' id='word_1_340' title='bbox 764 2976 946 3046; x_wconf 89' lang='lat' dir='ltr'><strong>adjicit</strong></span> <span class='ocrx_word' id='word_1_341' title='bbox 958 2978 1332 3034; x_wconf 85' lang='lat' dir='ltr'><strong>dubitationes.</strong></span> 
     </span>
    </p>
   </div>
   <div class='ocr_carea' id='block_1_46' title="bbox 635 3072 2153 3150">
    <p class='ocr_par' dir='ltr' id='par_1_46' title="bbox 635 3072 2153 3150">
     <span class='ocr_line' id='line_1_46' title="bbox 635 3072 2153 3150; baseline 0.001 -24"><span class='ocrx_word' id='word_1_342' title='bbox 635 3072 1096 3150; x_wconf 58' lang='lat' dir='ltr'><strong>Dubitabitputem</strong></span> <span class='ocrx_word' id='word_1_343' title='bbox 1122 3073 1312 3144; x_wconf 78' lang='lat' dir='ltr'><strong>aliquis</strong></span> <span class='ocrx_word' id='word_1_344' title='bbox 1331 3074 1374 3126; x_wconf 85' lang='lat' dir='ltr'><strong>si</strong></span> <span class='ocrx_word' id='word_1_345' title='bbox 1403 3073 1469 3127; x_wconf 83' lang='lat' dir='ltr'><strong>ad</strong></span> <span class='ocrx_word' id='word_1_346' title='bbox 1490 3073 1624 3128; x_wconf 82' lang='lat' dir='ltr'><strong>illud</strong></span> <span class='ocrx_word' id='word_1_347' title='bbox 1653 3075 1790 3145; x_wconf 82' lang='lat' dir='ltr'><strong>quod</strong></span> <span class='ocrx_word' id='word_1_348' title='bbox 1819 3084 1894 3130; x_wconf 82' lang='lat' dir='ltr'><strong>est</strong></span> <span class='ocrx_word' id='word_1_349' title='bbox 1919 3088 2153 3129; x_wconf 81' lang='lat' dir='ltr'><strong>necessa-</strong></span> 
     </span>
    </p>
   </div>
   <div class='ocr_carea' id='block_1_47' title="bbox 566 3167 2148 3238">
    <p class='ocr_par' dir='ltr' id='par_1_47' title="bbox 566 3167 2148 3238">
     <span class='ocr_line' id='line_1_47' title="bbox 566 3167 2148 3238; baseline -0.001 -16"><span class='ocrx_word' id='word_1_350' title='bbox 566 3168 697 3224; x_wconf 83' lang='lat' dir='ltr'><strong>rium</strong></span> <span class='ocrx_word' id='word_1_351' title='bbox 719 3183 849 3232; x_wconf 85' lang='lat' dir='ltr'><strong>esse,</strong></span> <span class='ocrx_word' id='word_1_352' title='bbox 867 3167 1107 3237; x_wconf 79' lang='lat' dir='ltr'><strong>possibile</strong></span> <span class='ocrx_word' id='word_1_353' title='bbox 1125 3184 1232 3223; x_wconf 83' lang='lat' dir='ltr'><strong>esse</strong></span> <span class='ocrx_word' id='word_1_354' title='bbox 1257 3178 1515 3238; x_wconf 83' lang='lat' dir='ltr'><strong>sequatur.</strong></span> <span class='ocrx_word' id='word_1_355' title='bbox 1544 3169 1682 3222; x_wconf 86' lang='lat' dir='ltr'><strong>Nam</strong></span> <span class='ocrx_word' id='word_1_356' title='bbox 1712 3171 1756 3222; x_wconf 90' lang='lat' dir='ltr'><strong>si</strong></span> <span class='ocrx_word' id='word_1_357' title='bbox 1774 3187 1875 3223; x_wconf 84' lang='lat' dir='ltr'><strong>non</strong></span> <span class='ocrx_word' id='word_1_358' title='bbox 1899 3169 2148 3238; x_wconf 81' lang='lat' dir='ltr'><strong>sequitur,</strong></span> 
     </span>
    </p>
   </div>
   <div class='ocr_carea' id='block_1_48' title="bbox 2251 1954 3830 2027">
    <p class='ocr_par' dir='ltr' id='par_1_48' title="bbox 2251 1954 3830 2027">
     <span class='ocr_line' id='line_1_48' title="bbox 2251 1954 3830 2027; baseline 0.004 -20"><span class='ocrx_word' id='word_1_359' title='bbox 2251 1968 2315 2007; x_wconf 91' lang='lat' dir='ltr'><strong>ea</strong></span> <span class='ocrx_word' id='word_1_360' title='bbox 2335 1968 2456 2022; x_wconf 69' lang='lat' dir='ltr'><strong>quae</strong></span> <span class='ocrx_word' id='word_1_361' title='bbox 2477 1954 2608 2008; x_wconf 91' lang='lat' dir='ltr'><strong>dicit</strong></span> <span class='ocrx_word' id='word_1_362' title='bbox 2631 1954 2886 2023; x_wconf 86' lang='lat' dir='ltr'><strong>possibile</strong></span> <span class='ocrx_word' id='word_1_363' title='bbox 2913 1969 3154 2009; x_wconf 87' lang='lat' dir='ltr'><strong>essenon</strong></span> <span class='ocrx_word' id='word_1_364' title='bbox 3181 1970 3329 2021; x_wconf 87' lang='lat' dir='ltr'><strong>esse;</strong></span> <span class='ocrx_word' id='word_1_365' title='bbox 3354 1957 3447 2010; x_wconf 86' lang='lat' dir='ltr'><strong>sed</strong></span> <span class='ocrx_word' id='word_1_366' title='bbox 3478 1961 3591 2011; x_wconf 69' lang='lat' dir='ltr'><strong>haec</strong></span> <span class='ocrx_word' id='word_1_367' title='bbox 3617 1972 3830 2027; x_wconf 89' lang='lat' dir='ltr'><strong>quoque</strong></span> 
     </span>
    </p>
   </div>
   <div class='ocr_carea' id='block_1_49' title="bbox 2258 2046 3836 2121">
    <p class='ocr_par' dir='ltr' id='par_1_49' title="bbox 2258 2046 3836 2121">
     <span class='ocr_line' id='line_1_49' title="bbox 2258 2046 3836 2121; baseline 0.006 -23"><span class='ocrx_word' id='word_1_368' title='bbox 2258 2046 2568 2100; x_wconf 81' lang='lat' dir='ltr'><strong>necessitati</strong></span> <span class='ocrx_word' id='word_1_369' title='bbox 2599 2063 2708 2100; x_wconf 90' lang='lat' dir='ltr'><strong>non</strong></span> <span class='ocrx_word' id='word_1_370' title='bbox 2733 2049 3001 2102; x_wconf 83' lang='lat' dir='ltr'><strong>convenit.</strong></span> <span class='ocrx_word' id='word_1_371' title='bbox 3035 2050 3091 2104; x_wconf 83' lang='lat' dir='ltr'><strong>Si</strong></span> <span class='ocrx_word' id='word_1_372' title='bbox 3111 2049 3230 2118; x_wconf 90' lang='lat' dir='ltr'><strong>quis</strong></span> <span class='ocrx_word' id='word_1_373' title='bbox 3249 2051 3393 2104; x_wconf 87' lang='lat' dir='ltr'><strong>enim</strong></span> <span class='ocrx_word' id='word_1_374' title='bbox 3415 2050 3560 2104; x_wconf 89' lang='lat' dir='ltr'><strong>dicat</strong></span> <span class='ocrx_word' id='word_1_375' title='bbox 3580 2052 3836 2121; x_wconf 84' lang='lat' dir='ltr'><strong>quoniam</strong></span> 
     </span>
    </p>
   </div>
   <div class='ocr_carea' id='block_1_50' title="bbox 2251 2139 3837 2212">
    <p class='ocr_par' dir='ltr' id='par_1_50' title="bbox 2251 2139 3837 2212">
     <span class='ocr_line' id='line_1_50' title="bbox 2251 2139 3837 2212; baseline 0.005 -20"><span class='ocrx_word' id='word_1_376' title='bbox 2251 2139 2509 2206; x_wconf 82' lang='lat' dir='ltr'><strong>possibile</strong></span> <span class='ocrx_word' id='word_1_377' title='bbox 2540 2155 2660 2193; x_wconf 83' lang='lat' dir='ltr'><strong>esse</strong></span> <span class='ocrx_word' id='word_1_378' title='bbox 2709 2142 3067 2194; x_wconf 85' lang='lat' dir='ltr'><strong>necessarium</strong></span> <span class='ocrx_word' id='word_1_379' title='bbox 3121 2155 3227 2196; x_wconf 90' lang='lat' dir='ltr'><strong>non</strong></span> <span class='ocrx_word' id='word_1_380' title='bbox 3276 2142 3554 2209; x_wconf 76' lang='lat' dir='ltr'><strong>sequitur,</strong></span> <span class='ocrx_word' id='word_1_381' title='bbox 3597 2144 3837 2212; x_wconf 74' lang='lat' dir='ltr'><strong>sequitur</strong></span> 
     </span>
    </p>
   </div>
   <div class='ocr_carea' id='block_1_51' title="bbox 2252 2221 3835 2304">
    <p class='ocr_par' dir='ltr' id='par_1_51' title="bbox 2252 2221 3835 2304">
     <span class='ocr_line' id='line_1_51' title="bbox 2252 2221 3835 2304; baseline 0.005 -19"><span class='ocrx_word' id='word_1_382' title='bbox 2252 2247 2375 2286; x_wconf 69' lang='lat' dir='ltr'><strong>mox</strong></span> <span class='ocrx_word' id='word_1_383' title='bbox 2431 2232 2702 2302; x_wconf 87' lang='lat' dir='ltr'><strong>possibilis</strong></span> <span class='ocrx_word' id='word_1_384' title='bbox 2752 2234 3107 2287; x_wconf 87' lang='lat' dir='ltr'><strong>contradictio</strong></span> <span class='ocrx_word' id='word_1_385' title='bbox 3156 2235 3562 2300; x_wconf 83' lang='lat' dir='ltr'><strong>necessitatem;</strong></span> <span class='ocrx_word' id='word_1_386' title='bbox 3601 2221 3748 2304; x_wconf 88' lang='lat' dir='ltr'><strong>quod</strong></span> <span class='ocrx_word' id='word_1_387' title='bbox 3787 2237 3835 2293; x_wconf 89' lang='lat' dir='ltr'><strong>si</strong></span> 
     </span>
    </p>
   </div>
   <div class='ocr_carea' id='block_1_52' title="bbox 2253 2322 3836 2397">
    <p class='ocr_par' dir='ltr' id='par_1_52' title="bbox 2253 2322 3836 2397">
     <span class='ocr_line' id='line_1_52' title="bbox 2253 2322 3836 2397; baseline 0.004 -20"><span class='ocrx_word' id='word_1_388' title='bbox 2253 2322 2374 2393; x_wconf 83' lang='lat' dir='ltr'><strong>quis</strong></span> <span class='ocrx_word' id='word_1_389' title='bbox 2402 2324 2877 2378; x_wconf 87' lang='lat' dir='ltr'><strong>contradictionem</strong></span> <span class='ocrx_word' id='word_1_390' title='bbox 2905 2324 3176 2393; x_wconf 80' lang='lat' dir='ltr'><strong>p05sibilis</strong></span> <span class='ocrx_word' id='word_1_391' title='bbox 3216 2339 3375 2396; x_wconf 89' lang='lat' dir='ltr'><strong>ponat</strong></span> <span class='ocrx_word' id='word_1_392' title='bbox 3396 2342 3515 2389; x_wconf 77' lang='lat' dir='ltr'><strong>eam</strong></span> <span class='ocrx_word' id='word_1_393' title='bbox 3550 2342 3670 2397; x_wconf 63' lang='lat' dir='ltr'><strong>qua</strong></span> <span class='ocrx_word' id='word_1_394' title='bbox 3701 2328 3836 2388; x_wconf 82' lang='lat' dir='ltr'><strong>dicit</strong></span> 
     </span>
    </p>
   </div>
   <div class='ocr_carea' id='block_1_53' title="bbox 2255 2419 3838 2496">
    <p class='ocr_par' dir='ltr' id='par_1_53' title="bbox 2255 2419 3838 2496">
     <span class='ocr_line' id='line_1_53' title="bbox 2255 2419 3838 2496; baseline 0.003 -25"><span class='ocrx_word' id='word_1_395' title='bbox 2255 2419 2507 2487; x_wconf 82' lang='lat' dir='ltr'><strong>possibile</strong></span> <span class='ocrx_word' id='word_1_396' title='bbox 2555 2433 2660 2472; x_wconf 89' lang='lat' dir='ltr'><strong>non</strong></span> <span class='ocrx_word' id='word_1_397' title='bbox 2708 2433 2865 2486; x_wconf 88' lang='lat' dir='ltr'><strong>esse,</strong></span> <span class='ocrx_word' id='word_1_398' title='bbox 2898 2435 3124 2490; x_wconf 87' lang='lat' dir='ltr'><strong>eamque</strong></span> <span class='ocrx_word' id='word_1_399' title='bbox 3174 2421 3484 2476; x_wconf 75' lang='lat' dir='ltr'><strong>necessitati</strong></span> <span class='ocrx_word' id='word_1_400' title='bbox 3531 2422 3838 2496; x_wconf 67' lang='lat' dir='ltr'><strong>consentire</strong></span> 
     </span>
    </p>
   </div>
   <div class='ocr_carea' id='block_1_54' title="bbox 2255 2512 3836 2586">
    <p class='ocr_par' dir='ltr' id='par_1_54' title="bbox 2255 2512 3836 2586">
     <span class='ocr_line' id='line_1_54' title="bbox 2255 2512 3836 2586; baseline 0.005 -22"><span class='ocrx_word' id='word_1_401' title='bbox 2255 2520 2424 2580; x_wconf 87' lang='lat' dir='ltr'><strong>putat,</strong></span> <span class='ocrx_word' id='word_1_402' title='bbox 2474 2512 2579 2565; x_wconf 89' lang='lat' dir='ltr'><strong>erit</strong></span> <span class='ocrx_word' id='word_1_403' title='bbox 2618 2512 2916 2567; x_wconf 83' lang='lat' dir='ltr'><strong>secundum</strong></span> <span class='ocrx_word' id='word_1_404' title='bbox 2962 2527 3086 2568; x_wconf 89' lang='lat' dir='ltr'><strong>eu</strong></span> <span class='ocrx_word' id='word_1_405' title='bbox 3133 2524 3277 2569; x_wconf 89' lang='lat' dir='ltr'><strong>recta</strong></span> <span class='ocrx_word' id='word_1_406' title='bbox 3326 2516 3754 2586; x_wconf 85' lang='lat' dir='ltr'><strong>consequentia,</strong></span> <span class='ocrx_word' id='word_1_407' title='bbox 3787 2515 3836 2572; x_wconf 77' lang='lat' dir='ltr'><strong>si</strong></span> 
     </span>
    </p>
   </div>
   <div class='ocr_carea' id='block_1_55' title="bbox 2256 2605 3836 2672">
    <p class='ocr_par' dir='ltr' id='par_1_55' title="bbox 2256 2605 3836 2672">
     <span class='ocr_line' id='line_1_55' title="bbox 2256 2605 3836 2672; baseline 0.005 -16"><span class='ocrx_word' id='word_1_408' title='bbox 2256 2617 2478 2658; x_wconf 86' lang='lat' dir='ltr'><strong>necesse</strong></span> <span class='ocrx_word' id='word_1_409' title='bbox 2507 2613 2590 2657; x_wconf 92' lang='lat' dir='ltr'><strong>est</strong></span> <span class='ocrx_word' id='word_1_410' title='bbox 2613 2618 2757 2669; x_wconf 89' lang='lat' dir='ltr'><strong>esse,</strong></span> <span class='ocrx_word' id='word_1_411' title='bbox 2790 2605 3050 2672; x_wconf 87' lang='lat' dir='ltr'><strong>possibile</strong></span> <span class='ocrx_word' id='word_1_412' title='bbox 3069 2614 3154 2661; x_wconf 91' lang='lat' dir='ltr'><strong>est</strong></span> <span class='ocrx_word' id='word_1_413' title='bbox 3181 2621 3287 2662; x_wconf 91' lang='lat' dir='ltr'><strong>non</strong></span> <span class='ocrx_word' id='word_1_414' title='bbox 3309 2622 3453 2671; x_wconf 88' lang='lat' dir='ltr'><strong>esse,</strong></span> <span class='ocrx_word' id='word_1_415' title='bbox 3477 2607 3570 2662; x_wconf 90' lang='lat' dir='ltr'><strong>sed</strong></span> <span class='ocrx_word' id='word_1_416' title='bbox 3601 2607 3702 2661; x_wconf 88' lang='lat' dir='ltr'><strong>hoc</strong></span> <span class='ocrx_word' id='word_1_417' title='bbox 3719 2607 3836 2665; x_wconf 83' lang='lat' dir='ltr'><strong>fieri</strong></span> 
     </span>
    </p>
   </div>
   <div class='ocr_carea' id='block_1_56' title="bbox 2256 2699 3838 2772">
    <p class='ocr_par' dir='ltr' id='par_1_56' title="bbox 2256 2699 3838 2772">
     <span class='ocr_line' id='line_1_56' title="bbox 2256 2699 3838 2772; baseline 0.006 -21"><span class='ocrx_word' id='word_1_418' title='bbox 2256 2711 2362 2751; x_wconf 91' lang='lat' dir='ltr'><strong>non</strong></span> <span class='ocrx_word' id='word_1_419' title='bbox 2415 2707 2609 2766; x_wconf 91' lang='lat' dir='ltr'><strong>potest.</strong></span> <span class='ocrx_word' id='word_1_420' title='bbox 2657 2699 2808 2766; x_wconf 86' lang='lat' dir='ltr'><strong>Quod</strong></span> <span class='ocrx_word' id='word_1_421' title='bbox 2841 2700 2982 2753; x_wconf 91' lang='lat' dir='ltr'><strong>enim</strong></span> <span class='ocrx_word' id='word_1_422' title='bbox 3030 2717 3251 2756; x_wconf 90' lang='lat' dir='ltr'><strong>necesse</strong></span> <span class='ocrx_word' id='word_1_423' title='bbox 3277 2713 3506 2758; x_wconf 89' lang='lat' dir='ltr'><strong>estesse</strong></span> <span class='ocrx_word' id='word_1_424' title='bbox 3533 2717 3638 2757; x_wconf 90' lang='lat' dir='ltr'><strong>non</strong></span> <span class='ocrx_word' id='word_1_425' title='bbox 3664 2709 3838 2772; x_wconf 79' lang='lat' dir='ltr'><strong>potest</strong></span> 
     </span>
    </p>
   </div>
   <div class='ocr_carea' id='block_1_57' title="bbox 2258 2790 3839 2864">
    <p class='ocr_par' dir='ltr' id='par_1_57' title="bbox 2258 2790 3839 2864">
     <span class='ocr_line' id='line_1_57' title="bbox 2258 2790 3839 2864; baseline 0.004 -20"><span class='ocrx_word' id='word_1_426' title='bbox 2258 2806 2362 2844; x_wconf 92' lang='lat' dir='ltr'><strong>non</strong></span> <span class='ocrx_word' id='word_1_427' title='bbox 2387 2805 2544 2854; x_wconf 87' lang='lat' dir='ltr'><strong>esse;</strong></span> <span class='ocrx_word' id='word_1_428' title='bbox 2575 2790 2622 2845; x_wconf 90' lang='lat' dir='ltr'><strong>si</strong></span> <span class='ocrx_word' id='word_1_429' title='bbox 2653 2790 2813 2860; x_wconf 84' lang='lat' dir='ltr'><strong>igitur</strong></span> <span class='ocrx_word' id='word_1_430' title='bbox 2839 2793 3166 2860; x_wconf 89' lang='lat' dir='ltr'><strong>possibilitas</strong></span> <span class='ocrx_word' id='word_1_431' title='bbox 3194 2809 3297 2847; x_wconf 90' lang='lat' dir='ltr'><strong>non</strong></span> <span class='ocrx_word' id='word_1_432' title='bbox 3329 2796 3573 2864; x_wconf 87' lang='lat' dir='ltr'><strong>sequitur</strong></span> <span class='ocrx_word' id='word_1_433' title='bbox 3596 2795 3839 2850; x_wconf 85' lang='lat' dir='ltr'><strong>necessi-</strong></span> 
     </span>
    </p>
   </div>
   <div class='ocr_carea' id='block_1_58' title="bbox 2259 2883 3910 2956">
    <p class='ocr_par' dir='ltr' id='par_1_58' title="bbox 2259 2883 3910 2956">
     <span class='ocr_line' id='line_1_58' title="bbox 2259 2883 3910 2956; baseline 0.003 -17"><span class='ocrx_word' id='word_1_434' title='bbox 2259 2894 2444 2951; x_wconf 84' lang='lat' dir='ltr'><strong>tatem,</strong></span> <span class='ocrx_word' id='word_1_435' title='bbox 2473 2883 2734 2939; x_wconf 90' lang='lat' dir='ltr'><strong>eritenim</strong></span> <span class='ocrx_word' id='word_1_436' title='bbox 2766 2885 2908 2955; x_wconf 90' lang='lat' dir='ltr'><strong>quod</strong></span> <span class='ocrx_word' id='word_1_437' title='bbox 2939 2900 3160 2941; x_wconf 88' lang='lat' dir='ltr'><strong>necesse</strong></span> <span class='ocrx_word' id='word_1_438' title='bbox 3181 2895 3266 2941; x_wconf 89' lang='lat' dir='ltr'><strong>est</strong></span> <span class='ocrx_word' id='word_1_439' title='bbox 3293 2888 3631 2956; x_wconf 86' lang='lat' dir='ltr'><strong>contingens.</strong></span> <span class='ocrx_word' id='word_1_440' title='bbox 3663 2887 3841 2944; x_wconf 86' lang='lat' dir='ltr'><strong>Possi-</strong></span> <span class='ocrx_word' id='word_1_441' title='bbox 3907 2954 3910 2955; x_wconf 20' lang='grc' dir='ltr'><em>ν</em></span> 
     </span>
    </p>
   </div>
   <div class='ocr_carea' id='block_1_59' title="bbox 2257 2977 3842 3051">
    <p class='ocr_par' dir='ltr' id='par_1_59' title="bbox 2257 2977 3842 3051">
     <span class='ocr_line' id='line_1_59' title="bbox 2257 2977 3842 3051; baseline 0.003 -18"><span class='ocrx_word' id='word_1_442' title='bbox 2257 2977 2364 3033; x_wconf 86' lang='lat' dir='ltr'><strong>bile</strong></span> <span class='ocrx_word' id='word_1_443' title='bbox 2407 2993 2636 3046; x_wconf 87' lang='lat' dir='ltr'><strong>namque</strong></span> <span class='ocrx_word' id='word_1_444' title='bbox 2666 2989 2720 3032; x_wconf 88' lang='lat' dir='ltr'><strong>et</strong></span> <span class='ocrx_word' id='word_1_445' title='bbox 2760 2979 3075 3048; x_wconf 87' lang='lat' dir='ltr'><strong>contingens</strong></span> <span class='ocrx_word' id='word_1_446' title='bbox 3116 2979 3258 3033; x_wconf 87' lang='lat' dir='ltr'><strong>idem</strong></span> <span class='ocrx_word' id='word_1_447' title='bbox 3291 2981 3494 3048; x_wconf 84' lang='lat' dir='ltr'><strong>valent,</strong></span> <span class='ocrx_word' id='word_1_448' title='bbox 3527 2983 3842 3051; x_wconf 77' lang='lat' dir='ltr'><strong>negationes</strong></span> 
     </span>
    </p>
   </div>
   <div class='ocr_carea' id='block_1_60' title="bbox 2256 3071 3840 3142">
    <p class='ocr_par' dir='ltr' id='par_1_60' title="bbox 2256 3071 3840 3142">
     <span class='ocr_line' id='line_1_60' title="bbox 2256 3071 3840 3142; baseline 0.002 -17"><span class='ocrx_word' id='word_1_449' title='bbox 2256 3071 2656 3140; x_wconf 67' lang='lat' dir='ltr'><strong>possitiimatis,</strong></span> <span class='ocrx_word' id='word_1_450' title='bbox 2701 3073 2816 3127; x_wconf 87' lang='lat' dir='ltr'><strong>sive</strong></span> <span class='ocrx_word' id='word_1_451' title='bbox 2855 3088 2917 3127; x_wconf 88' lang='lat' dir='ltr'><strong>ea</strong></span> <span class='ocrx_word' id='word_1_452' title='bbox 2952 3087 3071 3142; x_wconf 62' lang='lat' dir='ltr'><strong>quas</strong></span> <span class='ocrx_word' id='word_1_453' title='bbox 3099 3072 3230 3127; x_wconf 89' lang='lat' dir='ltr'><strong>dicit</strong></span> <span class='ocrx_word' id='word_1_454' title='bbox 3256 3088 3361 3127; x_wconf 92' lang='lat' dir='ltr'><strong>non</strong></span> <span class='ocrx_word' id='word_1_455' title='bbox 3396 3073 3652 3142; x_wconf 89' lang='lat' dir='ltr'><strong>possibile</strong></span> <span class='ocrx_word' id='word_1_456' title='bbox 3693 3088 3840 3141; x_wconf 87' lang='lat' dir='ltr'><strong>esse,</strong></span> 
     </span>
    </p>
   </div>
   <div class='ocr_carea' id='block_1_61' title="bbox 2255 3164 3844 3234">
    <p class='ocr_par' dir='ltr' id='par_1_61' title="bbox 2255 3164 3844 3234">
     <span class='ocr_line' id='line_1_61' title="bbox 2255 3164 3844 3234; baseline 0.001 -16"><span class='ocrx_word' id='word_1_457' title='bbox 2255 3164 2370 3218; x_wconf 87' lang='lat' dir='ltr'><strong>sive</strong></span> <span class='ocrx_word' id='word_1_458' title='bbox 2412 3180 2471 3220; x_wconf 88' lang='lat' dir='ltr'><strong>ea</strong></span> <span class='ocrx_word' id='word_1_459' title='bbox 2525 3164 2678 3234; x_wconf 89' lang='lat' dir='ltr'><strong>cujus</strong></span> <span class='ocrx_word' id='word_1_460' title='bbox 2731 3165 3001 3220; x_wconf 87' lang='lat' dir='ltr'><strong>sententia</strong></span> <span class='ocrx_word' id='word_1_461' title='bbox 3029 3173 3114 3218; x_wconf 89' lang='lat' dir='ltr'><strong>est</strong></span> <span class='ocrx_word' id='word_1_462' title='bbox 3143 3165 3398 3233; x_wconf 87' lang='lat' dir='ltr'><strong>possibile</strong></span> <span class='ocrx_word' id='word_1_463' title='bbox 3437 3174 3523 3220; x_wconf 90' lang='lat' dir='ltr'><strong>est</strong></span> <span class='ocrx_word' id='word_1_464' title='bbox 3547 3181 3653 3221; x_wconf 91' lang='lat' dir='ltr'><strong>non</strong></span> <span class='ocrx_word' id='word_1_465' title='bbox 3682 3180 3844 3233; x_wconf 83' lang='lat' dir='ltr'><strong>esse,</strong></span> 
     </span>
    </p>
   </div>
   <div class='ocr_carea' id='block_1_62' title="bbox 567 3247 3839 3330">
    <p class='ocr_par' dir='ltr' id='par_1_62' title="bbox 567 3247 3839 3330">
     <span class='ocr_line' id='line_1_62' title="bbox 567 3247 3839 3330; baseline 0.001 -18"><span class='ocrx_word' id='word_1_466' title='bbox 567 3259 900 3312; x_wconf 80' lang='lat' dir='ltr'><strong>contradictio</strong></span> <span class='ocrx_word' id='word_1_467' title='bbox 919 3268 1173 3328; x_wconf 71' lang='lat' dir='ltr'><strong>sequetur,</strong></span> <span class='ocrx_word' id='word_1_468' title='bbox 1198 3276 1298 3313; x_wconf 83' lang='lat' dir='ltr'><strong>non</strong></span> <span class='ocrx_word' id='word_1_469' title='bbox 1327 3260 1568 3330; x_wconf 76' lang='lat' dir='ltr'><strong>possibile</strong></span> <span class='ocrx_word' id='word_1_470' title='bbox 1587 3277 1712 3328; x_wconf 83' lang='lat' dir='ltr'><strong>esse,</strong></span> <span class='ocrx_word' id='word_1_471' title='bbox 1736 3273 1785 3315; x_wconf 85' lang='lat' dir='ltr'><strong>et</strong></span> <span class='ocrx_word' id='word_1_472' title='bbox 1814 3263 1858 3314; x_wconf 90' lang='lat' dir='ltr'><strong>si</strong></span> <span class='ocrx_word' id='word_1_473' title='bbox 1872 3261 1988 3330; x_wconf 81' lang='lat' dir='ltr'><strong>quis</strong></span> <span class='ocrx_word' id='word_1_474' title='bbox 2016 3260 2152 3314; x_wconf 84' lang='lat' dir='ltr'><strong>dicat</strong></span> <span class='ocrx_word' id='word_1_475' title='bbox 2181 3247 2226 3310; x_wconf 89' lang='lat' dir='ltr'>C</span> <span class='ocrx_word' id='word_1_476' title='bbox 2259 3259 2566 3313; x_wconf 86' lang='lat' dir='ltr'><strong>necessitati</strong></span> <span class='ocrx_word' id='word_1_477' title='bbox 2589 3260 2937 3323; x_wconf 85' lang='lat' dir='ltr'><strong>convenient;</strong></span> <span class='ocrx_word' id='word_1_478' title='bbox 2960 3258 3054 3313; x_wconf 90' lang='lat' dir='ltr'><strong>sed</strong></span> <span class='ocrx_word' id='word_1_479' title='bbox 3077 3268 3363 3330; x_wconf 88' lang='lat' dir='ltr'><strong>utrumque</strong></span> <span class='ocrx_word' id='word_1_480' title='bbox 3388 3259 3719 3329; x_wconf 84' lang='lat' dir='ltr'><strong>impossibile</strong></span> <span class='ocrx_word' id='word_1_481' title='bbox 3737 3269 3839 3314; x_wconf 91' lang='lat' dir='ltr'><strong>est.</strong></span> 
     </span>
    </p>
   </div>
   <div class='ocr_carea' id='block_1_63' title="bbox 565 3348 2153 3421">
    <p class='ocr_par' dir='ltr' id='par_1_63' title="bbox 565 3348 2153 3421">
     <span class='ocr_line' id='line_1_63' title="bbox 565 3348 2153 3421; baseline 0.003 -18"><span class='ocrx_word' id='word_1_482' title='bbox 565 3362 668 3403; x_wconf 83' lang='lat' dir='ltr'><strong>non</strong></span> <span class='ocrx_word' id='word_1_483' title='bbox 711 3348 844 3404; x_wconf 75' lang='lat' dir='ltr'><strong>hanc</strong></span> <span class='ocrx_word' id='word_1_484' title='bbox 867 3365 976 3404; x_wconf 79' lang='lat' dir='ltr'><strong>esse</strong></span> <span class='ocrx_word' id='word_1_485' title='bbox 1019 3352 1499 3414; x_wconf 79' lang='lat' dir='ltr'><strong>contradictionem,</strong></span> <span class='ocrx_word' id='word_1_486' title='bbox 1533 3369 1730 3406; x_wconf 72' lang='lat' dir='ltr'><strong>necesse</strong></span> <span class='ocrx_word' id='word_1_487' title='bbox 1759 3363 1832 3407; x_wconf 76' lang='lat' dir='ltr'><strong>est</strong></span> <span class='ocrx_word' id='word_1_488' title='bbox 1870 3353 2041 3421; x_wconf 74' lang='lat' dir='ltr'><strong>ipsum</strong></span> <span class='ocrx_word' id='word_1_489' title='bbox 2070 3354 2153 3407; x_wconf 45' lang='lat' dir='ltr'><strong>die</strong></span> 
     </span>
    </p>
   </div>
   <div class='ocr_carea' id='block_1_64' title="bbox 568 3443 2152 3514">
    <p class='ocr_par' dir='ltr' id='par_1_64' title="bbox 568 3443 2152 3514">
     <span class='ocr_line' id='line_1_64' title="bbox 568 3443 2152 3514; baseline 0.002 -18"><span class='ocrx_word' id='word_1_490' title='bbox 568 3456 678 3496; x_wconf 74' lang='lat' dir='ltr'><strong>me</strong></span> <span class='ocrx_word' id='word_1_491' title='bbox 721 3443 956 3513; x_wconf 78' lang='lat' dir='ltr'><strong>possibile</strong></span> <span class='ocrx_word' id='word_1_492' title='bbox 985 3459 1085 3497; x_wconf 88' lang='lat' dir='ltr'><strong>non</strong></span> <span class='ocrx_word' id='word_1_493' title='bbox 1113 3460 1249 3510; x_wconf 85' lang='lat' dir='ltr'><strong>esse,</strong></span> <span class='ocrx_word' id='word_1_494' title='bbox 1293 3446 1381 3499; x_wconf 83' lang='lat' dir='ltr'><strong>sed</strong></span> <span class='ocrx_word' id='word_1_495' title='bbox 1408 3454 1630 3514; x_wconf 71' lang='lat' dir='ltr'><strong>utrmque</strong></span> <span class='ocrx_word' id='word_1_496' title='bbox 1659 3446 1804 3512; x_wconf 68' lang='lat' dir='ltr'><strong>(also:</strong></span> <span class='ocrx_word' id='word_1_497' title='bbox 1829 3454 1945 3498; x_wconf 77' lang='lat' dir='ltr'><strong>sunt</strong></span> <span class='ocrx_word' id='word_1_498' title='bbox 1973 3446 2037 3499; x_wconf 83' lang='lat' dir='ltr'><strong>de</strong></span> <span class='ocrx_word' id='word_1_499' title='bbox 2063 3462 2152 3499; x_wconf 77' lang='lat' dir='ltr'><strong>ne-</strong></span> 
     </span>
    </p>
   </div>
   <div class='ocr_carea' id='block_1_65' title="bbox 567 3539 2152 3611">
    <p class='ocr_par' dir='ltr' id='par_1_65' title="bbox 567 3539 2152 3611">
     <span class='ocr_line' id='line_1_65' title="bbox 567 3539 2152 3611; baseline 0.003 -22"><span class='ocrx_word' id='word_1_500' title='bbox 567 3549 704 3592; x_wconf 75' lang='lat' dir='ltr'><strong>cesso</strong></span> <span class='ocrx_word' id='word_1_501' title='bbox 731 3552 858 3593; x_wconf 73' lang='lat' dir='ltr'><strong>esse.</strong></span> <span class='ocrx_word' id='word_1_502' title='bbox 902 3539 968 3592; x_wconf 79' lang='lat' dir='ltr'><strong>At</strong></span> <span class='ocrx_word' id='word_1_503' title='bbox 997 3543 1321 3593; x_wconf 72' lang='lat' dir='ltr'><strong>verorursus</strong></span> <span class='ocrx_word' id='word_1_504' title='bbox 1348 3540 1485 3594; x_wconf 77' lang='lat' dir='ltr'><strong>idem</strong></span> <span class='ocrx_word' id='word_1_505' title='bbox 1523 3541 1721 3593; x_wconf 78' lang='lat' dir='ltr'><strong>videtur</strong></span> <span class='ocrx_word' id='word_1_506' title='bbox 1762 3556 1866 3594; x_wconf 85' lang='lat' dir='ltr'><strong>esse</strong></span> <span class='ocrx_word' id='word_1_507' title='bbox 1910 3540 2152 3611; x_wconf 76' lang='lat' dir='ltr'><strong>possibile</strong></span> 
     </span>
    </p>
   </div>
   <div class='ocr_carea' id='block_1_66' title="bbox 565 3631 2149 3699">
    <p class='ocr_par' dir='ltr' id='par_1_66' title="bbox 565 3631 2149 3699">
     <span class='ocr_line' id='line_1_66' title="bbox 565 3631 2149 3699; baseline 0 -14"><span class='ocrx_word' id='word_1_508' title='bbox 565 3631 755 3696; x_wconf 76' lang='lat' dir='ltr'><strong>incidi,</strong></span> <span class='ocrx_word' id='word_1_509' title='bbox 786 3640 948 3687; x_wconf 76' lang='lat' dir='ltr'><strong>etnon</strong></span> <span class='ocrx_word' id='word_1_510' title='bbox 971 3633 1150 3697; x_wconf 81' lang='lat' dir='ltr'><strong>incidi,</strong></span> <span class='ocrx_word' id='word_1_511' title='bbox 1177 3645 1223 3686; x_wconf 85' lang='lat' dir='ltr'><strong>et</strong></span> <span class='ocrx_word' id='word_1_512' title='bbox 1268 3649 1406 3698; x_wconf 85' lang='lat' dir='ltr'><strong>esse,</strong></span> <span class='ocrx_word' id='word_1_513' title='bbox 1451 3643 1496 3686; x_wconf 81' lang='lat' dir='ltr'><strong>et</strong></span> <span class='ocrx_word' id='word_1_514' title='bbox 1533 3650 1645 3686; x_wconf 78' lang='lat' dir='ltr'><strong>&#39;non</strong></span> <span class='ocrx_word' id='word_1_515' title='bbox 1677 3649 1801 3686; x_wconf 82' lang='lat' dir='ltr'><strong>esse.</strong></span> <span class='ocrx_word' id='word_1_516' title='bbox 1854 3633 2022 3699; x_wconf 82' lang='lat' dir='ltr'><strong>Quare</strong></span> <span class='ocrx_word' id='word_1_517' title='bbox 2053 3633 2149 3686; x_wconf 82' lang='lat' dir='ltr'><strong>erit</strong></span> 
     </span>
    </p>
   </div>
   <div class='ocr_carea' id='block_1_67' title="bbox 567 3724 2146 3794">
    <p class='ocr_par' dir='ltr' id='par_1_67' title="bbox 567 3724 2146 3794">
     <span class='ocr_line' id='line_1_67' title="bbox 567 3724 2146 3794; baseline 0.003 -16"><span class='ocrx_word' id='word_1_518' title='bbox 567 3738 766 3778; x_wconf 81' lang='lat' dir='ltr'><strong>necesse</strong></span> <span class='ocrx_word' id='word_1_519' title='bbox 793 3740 920 3787; x_wconf 84' lang='lat' dir='ltr'><strong>esse,</strong></span> <span class='ocrx_word' id='word_1_520' title='bbox 937 3726 1230 3794; x_wconf 87' lang='lat' dir='ltr'><strong>contingens</strong></span> <span class='ocrx_word' id='word_1_521' title='bbox 1255 3742 1353 3779; x_wconf 84' lang='lat' dir='ltr'><strong>non</strong></span> <span class='ocrx_word' id='word_1_522' title='bbox 1370 3741 1496 3783; x_wconf 86' lang='lat' dir='ltr'><strong>esse.</strong></span> <span class='ocrx_word' id='word_1_523' title='bbox 1520 3726 1614 3777; x_wconf 81' lang='lat' dir='ltr'><strong>hoc</strong></span> <span class='ocrx_word' id='word_1_524' title='bbox 1643 3735 1812 3778; x_wconf 87' lang='lat' dir='ltr'><strong>autem</strong></span> <span class='ocrx_word' id='word_1_525' title='bbox 1837 3724 2026 3793; x_wconf 77' lang='lat' dir='ltr'><strong>falsum</strong></span> <span class='ocrx_word' id='word_1_526' title='bbox 2054 3734 2146 3782; x_wconf 84' lang='lat' dir='ltr'><strong>est.</strong></span> 
     </span>
    </p>
   </div>
   <div class='ocr_carea' id='block_1_68' title="bbox 643 3815 2151 3885">
    <p class='ocr_par' dir='ltr' id='par_1_68' title="bbox 643 3815 2151 3885">
     <span class='ocr_line' id='line_1_68' title="bbox 643 3815 2151 3885; baseline 0.003 -16"><span class='ocrx_word' id='word_1_527' title='bbox 643 3815 815 3883; x_wconf 85' lang='lat' dir='ltr'><strong>Supra</strong></span> <span class='ocrx_word' id='word_1_528' title='bbox 864 3817 1274 3883; x_wconf 88' lang='lat' dir='ltr'><strong>consequentias</strong></span> <span class='ocrx_word' id='word_1_529' title='bbox 1314 3817 1386 3870; x_wconf 88' lang='lat' dir='ltr'><strong>ita</strong></span> <span class='ocrx_word' id='word_1_530' title='bbox 1415 3815 1709 3885; x_wconf 86' lang='lat' dir='ltr'><strong>disposuit,</strong></span> <span class='ocrx_word' id='word_1_531' title='bbox 1741 3827 1798 3870; x_wconf 93' lang='lat' dir='ltr'><strong>ut</strong></span> <span class='ocrx_word' id='word_1_532' title='bbox 1841 3817 2151 3884; x_wconf 59' lang='lat' dir='ltr'><strong>praecedens</strong></span> 
     </span>
    </p>
   </div>
   <div class='ocr_carea' id='block_1_69' title="bbox 569 3906 2151 3977">
    <p class='ocr_par' dir='ltr' id='par_1_69' title="bbox 569 3906 2151 3977">
     <span class='ocr_line' id='line_1_69' title="bbox 569 3906 2151 3977; baseline 0.001 -17"><span class='ocrx_word' id='word_1_533' title='bbox 569 3906 926 3960; x_wconf 89' lang='lat' dir='ltr'><strong>necessarium</strong></span> <span class='ocrx_word' id='word_1_534' title='bbox 969 3907 1292 3974; x_wconf 85' lang='lat' dir='ltr'><strong>possibilitas</strong></span> <span class='ocrx_word' id='word_1_535' title='bbox 1321 3920 1654 3977; x_wconf 80' lang='lat' dir='ltr'><strong>sequeretur,</strong></span> <span class='ocrx_word' id='word_1_536' title='bbox 1696 3923 1836 3962; x_wconf 89' lang='lat' dir='ltr'><strong>nunc</strong></span> <span class='ocrx_word' id='word_1_537' title='bbox 1865 3909 1931 3962; x_wconf 88' lang='lat' dir='ltr'><strong>de</strong></span> <span class='ocrx_word' id='word_1_538' title='bbox 1960 3909 2151 3963; x_wconf 87' lang='lat' dir='ltr'><strong>eodem</strong></span> 
     </span>
    </p>
   </div>
   <div class='ocr_carea' id='block_1_70' title="bbox 567 3997 2149 4069">
    <p class='ocr_par' dir='ltr' id='par_1_70' title="bbox 567 3997 2149 4069">
     <span class='ocr_line' id='line_1_70' title="bbox 567 3997 2149 4069; baseline 0.002 -16"><span class='ocrx_word' id='word_1_539' title='bbox 567 3997 686 4069; x_wconf 88' lang='lat' dir='ltr'><strong>ipse</strong></span> <span class='ocrx_word' id='word_1_540' title='bbox 713 3999 950 4068; x_wconf 85' lang='lat' dir='ltr'><strong>ambigit.</strong></span> <span class='ocrx_word' id='word_1_541' title='bbox 985 4001 1104 4056; x_wconf 84' lang='lat' dir='ltr'><strong>Sive</strong></span> <span class='ocrx_word' id='word_1_542' title='bbox 1138 4002 1280 4055; x_wconf 89' lang='lat' dir='ltr'><strong>enim</strong></span> <span class='ocrx_word' id='word_1_543' title='bbox 1302 4001 1551 4068; x_wconf 88' lang='lat' dir='ltr'><strong>disponat</strong></span> <span class='ocrx_word' id='word_1_544' title='bbox 1569 4001 1875 4057; x_wconf 87' lang='lat' dir='ltr'><strong>consentire</strong></span> <span class='ocrx_word' id='word_1_545' title='bbox 1898 4017 2149 4057; x_wconf 81' lang='lat' dir='ltr'><strong>necessa-</strong></span> 
     </span>
    </p>
   </div>
   <div class='ocr_carea' id='block_1_71' title="bbox 567 4092 2151 4166">
    <p class='ocr_par' dir='ltr' id='par_1_71' title="bbox 567 4092 2151 4166">
     <span class='ocr_line' id='line_1_71' title="bbox 567 4092 2151 4166; baseline 0.003 -18"><span class='ocrx_word' id='word_1_546' title='bbox 567 4092 648 4148; x_wconf 88' lang='lat' dir='ltr'><strong>rio</strong></span> <span class='ocrx_word' id='word_1_547' title='bbox 677 4093 967 4162; x_wconf 87' lang='lat' dir='ltr'><strong>possibile,</strong></span> <span class='ocrx_word' id='word_1_548' title='bbox 1011 4096 1125 4150; x_wconf 86' lang='lat' dir='ltr'><strong>sive</strong></span> <span class='ocrx_word' id='word_1_549' title='bbox 1154 4096 1272 4164; x_wconf 86' lang='lat' dir='ltr'><strong>quis</strong></span> <span class='ocrx_word' id='word_1_550' title='bbox 1307 4106 1481 4164; x_wconf 84' lang='lat' dir='ltr'><strong>neget,</strong></span> <span class='ocrx_word' id='word_1_551' title='bbox 1515 4105 1798 4166; x_wconf 87' lang='lat' dir='ltr'><strong>utrumque</strong></span> <span class='ocrx_word' id='word_1_552' title='bbox 1821 4097 2039 4152; x_wconf 88' lang='lat' dir='ltr'><strong>videtur</strong></span> <span class='ocrx_word' id='word_1_553' title='bbox 2070 4099 2151 4152; x_wconf 90' lang='lat' dir='ltr'><strong>in-</strong></span> 
     </span>
    </p>
   </div>
   <div class='ocr_carea' id='block_1_72' title="bbox 567 4187 2146 4259">
    <p class='ocr_par' dir='ltr' id='par_1_72' title="bbox 567 4187 2146 4259">
     <span class='ocr_line' id='line_1_72' title="bbox 567 4187 2146 4259; baseline 0.004 -18"><span class='ocrx_word' id='word_1_554' title='bbox 567 4201 880 4256; x_wconf 85' lang='lat' dir='ltr'><strong>congruum.</strong></span> <span class='ocrx_word' id='word_1_555' title='bbox 914 4187 1046 4242; x_wconf 86' lang='lat' dir='ltr'><strong>Nam</strong></span> <span class='ocrx_word' id='word_1_556' title='bbox 1073 4189 1118 4241; x_wconf 90' lang='lat' dir='ltr'><strong>si</strong></span> <span class='ocrx_word' id='word_1_557' title='bbox 1145 4189 1264 4256; x_wconf 91' lang='lat' dir='ltr'><strong>quis</strong></span> <span class='ocrx_word' id='word_1_558' title='bbox 1309 4197 1472 4257; x_wconf 83' lang='lat' dir='ltr'><strong>neget</strong></span> <span class='ocrx_word' id='word_1_559' title='bbox 1519 4192 1928 4259; x_wconf 88' lang='lat' dir='ltr'><strong>possibilitatem</strong></span> <span class='ocrx_word' id='word_1_560' title='bbox 1959 4205 2146 4246; x_wconf 88' lang='lat' dir='ltr'><strong>neces-</strong></span> 
     </span>
    </p>
   </div>
   <div class='ocr_carea' id='block_1_73' title="bbox 565 4277 2145 4350">
    <p class='ocr_par' dir='ltr' id='par_1_73' title="bbox 565 4277 2145 4350">
     <span class='ocr_line' id='line_1_73' title="bbox 565 4277 2145 4350; baseline 0 -17"><span class='ocrx_word' id='word_1_561' title='bbox 565 4280 706 4334; x_wconf 84' lang='lat' dir='ltr'><strong>sitati</strong></span> <span class='ocrx_word' id='word_1_562' title='bbox 727 4294 1043 4350; x_wconf 86' lang='lat' dir='ltr'><strong>congruere,</strong></span> <span class='ocrx_word' id='word_1_563' title='bbox 1075 4277 1124 4332; x_wconf 90' lang='lat' dir='ltr'><strong>id</strong></span> <span class='ocrx_word' id='word_1_564' title='bbox 1147 4277 1275 4331; x_wconf 88' lang='lat' dir='ltr'><strong>dicit</strong></span> <span class='ocrx_word' id='word_1_565' title='bbox 1305 4278 1556 4346; x_wconf 88' lang='lat' dir='ltr'><strong>quoniam</strong></span> <span class='ocrx_word' id='word_1_566' title='bbox 1593 4280 1958 4346; x_wconf 87' lang='lat' dir='ltr'><strong>possibilitatis</strong></span> <span class='ocrx_word' id='word_1_567' title='bbox 1984 4295 2145 4350; x_wconf 82' lang='lat' dir='ltr'><strong>nega-</strong></span> 
     </span>
    </p>
   </div>
   <div class='ocr_carea' id='block_1_74' title="bbox 567 4370 2151 4444">
    <p class='ocr_par' dir='ltr' id='par_1_74' title="bbox 567 4370 2151 4444">
     <span class='ocr_line' id='line_1_74' title="bbox 567 4370 2151 4444; baseline 0.001 -18"><span class='ocrx_word' id='word_1_568' title='bbox 567 4370 642 4426; x_wconf 90' lang='lat' dir='ltr'><strong>tio</strong></span> <span class='ocrx_word' id='word_1_569' title='bbox 668 4374 984 4429; x_wconf 70' lang='lat' dir='ltr'><strong>necessariae</strong></span> <span class='ocrx_word' id='word_1_570' title='bbox 1017 4371 1369 4441; x_wconf 83' lang='lat' dir='ltr'><strong>propositioni</strong></span> <span class='ocrx_word' id='word_1_571' title='bbox 1401 4373 1708 4427; x_wconf 80' lang='lat' dir='ltr'><strong>conveniet.</strong></span> <span class='ocrx_word' id='word_1_572' title='bbox 1753 4375 1806 4428; x_wconf 89' lang='lat' dir='ltr'><strong>Si</strong></span> <span class='ocrx_word' id='word_1_573' title='bbox 1852 4375 1971 4444; x_wconf 88' lang='lat' dir='ltr'><strong>quis</strong></span> <span class='ocrx_word' id='word_1_574' title='bbox 2001 4377 2151 4429; x_wconf 91' lang='lat' dir='ltr'><strong>enim</strong></span> 
     </span>
    </p>
   </div>
   <div class='ocr_carea' id='block_1_75' title="bbox 566 4462 2152 4534">
    <p class='ocr_par' dir='ltr' id='par_1_75' title="bbox 566 4462 2152 4534">
     <span class='ocr_line' id='line_1_75' title="bbox 566 4462 2152 4534; baseline 0.003 -17"><span class='ocrx_word' id='word_1_575' title='bbox 566 4462 762 4518; x_wconf 83' lang='lat' dir='ltr'><strong>abnuat</strong></span> <span class='ocrx_word' id='word_1_576' title='bbox 809 4463 1155 4534; x_wconf 88' lang='lat' dir='ltr'><strong>propositioni</strong></span> <span class='ocrx_word' id='word_1_577' title='bbox 1205 4478 1324 4534; x_wconf 68' lang='lat' dir='ltr'><strong>qua:</strong></span> <span class='ocrx_word' id='word_1_578' title='bbox 1353 4463 1482 4518; x_wconf 87' lang='lat' dir='ltr'><strong>dicit</strong></span> <span class='ocrx_word' id='word_1_579' title='bbox 1509 4464 1706 4534; x_wconf 78' lang='lat' dir='ltr'><strong>aliquid</strong></span> <span class='ocrx_word' id='word_1_580' title='bbox 1756 4480 1978 4521; x_wconf 87' lang='lat' dir='ltr'><strong>necesse</strong></span> <span class='ocrx_word' id='word_1_581' title='bbox 2021 4479 2152 4522; x_wconf 84' lang='lat' dir='ltr'><strong>esse</strong></span> 
     </span>
    </p>
   </div>
   <div class='ocr_carea' id='block_1_76' title="bbox 567 4554 2142 4626">
    <p class='ocr_par' dir='ltr' id='par_1_76' title="bbox 567 4554 2142 4626">
     <span class='ocr_line' id='line_1_76' title="bbox 567 4554 2142 4626; baseline 0.003 -19"><span class='ocrx_word' id='word_1_582' title='bbox 567 4554 869 4609; x_wconf 81' lang='lat' dir='ltr'><strong>consentire</strong></span> <span class='ocrx_word' id='word_1_583' title='bbox 896 4571 1013 4610; x_wconf 88' lang='lat' dir='ltr'><strong>eam</strong></span> <span class='ocrx_word' id='word_1_584' title='bbox 1043 4573 1159 4626; x_wconf 75' lang='lat' dir='ltr'><strong>quae</strong></span> <span class='ocrx_word' id='word_1_585' title='bbox 1193 4558 1440 4625; x_wconf 89' lang='lat' dir='ltr'><strong>proponit</strong></span> <span class='ocrx_word' id='word_1_586' title='bbox 1473 4557 1727 4626; x_wconf 89' lang='lat' dir='ltr'><strong>possibile</strong></span> <span class='ocrx_word' id='word_1_587' title='bbox 1765 4571 1906 4623; x_wconf 90' lang='lat' dir='ltr'><strong>esse,</strong></span> <span class='ocrx_word' id='word_1_588' title='bbox 1938 4557 1982 4612; x_wconf 89' lang='lat' dir='ltr'><strong>is</strong></span> <span class='ocrx_word' id='word_1_589' title='bbox 2013 4557 2142 4612; x_wconf 88' lang='lat' dir='ltr'><strong>illud</strong></span> 
     </span>
    </p>
   </div>
   <div class='ocr_carea' id='block_1_77' title="bbox 2255 3349 3840 3420">
    <p class='ocr_par' dir='ltr' id='par_1_77' title="bbox 2255 3349 3840 3420">
     <span class='ocr_line' id='line_1_77' title="bbox 2255 3349 3840 3420; baseline -0.001 -16"><span class='ocrx_word' id='word_1_590' title='bbox 2255 3350 2408 3416; x_wconf 88' lang='lat' dir='ltr'><strong>Quod</strong></span> <span class='ocrx_word' id='word_1_591' title='bbox 2450 3350 2494 3404; x_wconf 93' lang='lat' dir='ltr'><strong>si</strong></span> <span class='ocrx_word' id='word_1_592' title='bbox 2541 3349 2656 3404; x_wconf 74' lang='lat' dir='ltr'><strong>lucc</strong></span> <span class='ocrx_word' id='word_1_593' title='bbox 2685 3366 2791 3404; x_wconf 90' lang='lat' dir='ltr'><strong>non</strong></span> <span class='ocrx_word' id='word_1_594' title='bbox 2840 3360 3177 3419; x_wconf 89' lang='lat' dir='ltr'><strong>sequuntur,</strong></span> <span class='ocrx_word' id='word_1_595' title='bbox 3225 3352 3467 3420; x_wconf 87' lang='lat' dir='ltr'><strong>sequitur</strong></span> <span class='ocrx_word' id='word_1_596' title='bbox 3505 3366 3566 3406; x_wconf 84' lang='lat' dir='ltr'><strong>ea</strong></span> <span class='ocrx_word' id='word_1_597' title='bbox 3598 3365 3716 3419; x_wconf 74' lang='lat' dir='ltr'><strong>qua:</strong></span> <span class='ocrx_word' id='word_1_598' title='bbox 3758 3357 3840 3411; x_wconf 87' lang='lat' dir='ltr'><strong>est</strong></span> 
     </span>
    </p>
   </div>
   <div class='ocr_carea' id='block_1_78' title="bbox 2254 3443 3840 3515">
    <p class='ocr_par' dir='ltr' id='par_1_78' title="bbox 2254 3443 3840 3515">
     <span class='ocr_line' id='line_1_78' title="bbox 2254 3443 3840 3515; baseline 0.001 -18"><span class='ocrx_word' id='word_1_599' title='bbox 2254 3458 2434 3497; x_wconf 88' lang='lat' dir='ltr'><strong>earum</strong></span> <span class='ocrx_word' id='word_1_600' title='bbox 2458 3443 2743 3497; x_wconf 85' lang='lat' dir='ltr'><strong>affirmatio</strong></span> <span class='ocrx_word' id='word_1_601' title='bbox 2763 3484 2777 3507; x_wconf 94' lang='lat'><strong>,</strong></span> <span class='ocrx_word' id='word_1_602' title='bbox 2805 3443 2856 3497; x_wconf 92' lang='lat' dir='ltr'><strong>id</strong></span> <span class='ocrx_word' id='word_1_603' title='bbox 2885 3453 2968 3500; x_wconf 90' lang='lat' dir='ltr'><strong>est</strong></span> <span class='ocrx_word' id='word_1_604' title='bbox 3004 3444 3412 3515; x_wconf 85' lang='lat' dir='ltr'><strong>possibilitatis;</strong></span> <span class='ocrx_word' id='word_1_605' title='bbox 3443 3444 3538 3498; x_wconf 88' lang='lat' dir='ltr'><strong>sed</strong></span> <span class='ocrx_word' id='word_1_606' title='bbox 3567 3444 3670 3498; x_wconf 85' lang='lat' dir='ltr'><strong>hoc</strong></span> <span class='ocrx_word' id='word_1_607' title='bbox 3698 3457 3840 3514; x_wconf 88' lang='lat' dir='ltr'><strong>quo-</strong></span> 
     </span>
    </p>
   </div>
   <div class='ocr_carea' id='block_1_79' title="bbox 2255 3534 3840 3607">
    <p class='ocr_par' dir='ltr' id='par_1_79' title="bbox 2255 3534 3840 3607">
     <span class='ocr_line' id='line_1_79' title="bbox 2255 3534 3840 3607; baseline 0.003 -19"><span class='ocrx_word' id='word_1_608' title='bbox 2255 3550 2358 3604; x_wconf 91' lang='lat' dir='ltr'><strong>que</strong></span> <span class='ocrx_word' id='word_1_609' title='bbox 2391 3534 2504 3589; x_wconf 87' lang='lat' dir='ltr'><strong>fieri</strong></span> <span class='ocrx_word' id='word_1_610' title='bbox 2537 3550 2640 3589; x_wconf 92' lang='lat' dir='ltr'><strong>non</strong></span> <span class='ocrx_word' id='word_1_611' title='bbox 2668 3544 2843 3605; x_wconf 87' lang='lat' dir='ltr'><strong>potest</strong></span> <span class='ocrx_word' id='word_1_612' title='bbox 2865 3575 2884 3603; x_wconf 86' lang='lat'><strong>,</strong></span> <span class='ocrx_word' id='word_1_613' title='bbox 2918 3543 2977 3592; x_wconf 95' lang='lat' dir='ltr'><strong>ut</strong></span> <span class='ocrx_word' id='word_1_614' title='bbox 3002 3539 3200 3607; x_wconf 69' lang='lat' dir='ltr'><strong>saepius</strong></span> <span class='ocrx_word' id='word_1_615' title='bbox 3222 3553 3378 3604; x_wconf 89' lang='lat' dir='ltr'><strong>supra</strong></span> <span class='ocrx_word' id='word_1_616' title='bbox 3401 3536 3840 3595; x_wconf 80' lang='lat' dir='ltr'><strong>monstravimus.</strong></span> 
     </span>
    </p>
   </div>
   <div class='ocr_carea' id='block_1_80' title="bbox 2254 3625 3842 3698">
    <p class='ocr_par' dir='ltr' id='par_1_80' title="bbox 2254 3625 3842 3698">
     <span class='ocr_line' id='line_1_80' title="bbox 2254 3625 3842 3698; baseline 0.003 -18"><span class='ocrx_word' id='word_1_617' title='bbox 2254 3625 2379 3681; x_wconf 63' lang='lat' dir='ltr'><strong>ﬂare</strong></span> <span class='ocrx_word' id='word_1_618' title='bbox 2404 3643 2531 3697; x_wconf 87' lang='lat' dir='ltr'><strong>ergo</strong></span> <span class='ocrx_word' id='word_1_619' title='bbox 2575 3627 2883 3696; x_wconf 85' lang='lat' dir='ltr'><strong>bujusmodi</strong></span> <span class='ocrx_word' id='word_1_620' title='bbox 2931 3629 3158 3697; x_wconf 72' lang='lat' dir='ltr'><strong>quiestio</strong></span> <span class='ocrx_word' id='word_1_621' title='bbox 3184 3631 3237 3684; x_wconf 90' lang='lat' dir='ltr'><strong>in</strong></span> <span class='ocrx_word' id='word_1_622' title='bbox 3269 3629 3509 3698; x_wconf 89' lang='lat' dir='ltr'><strong>sequenti</strong></span> <span class='ocrx_word' id='word_1_623' title='bbox 3540 3628 3730 3684; x_wconf 86' lang='lat' dir='ltr'><strong>ordine</strong></span> <span class='ocrx_word' id='word_1_624' title='bbox 3771 3627 3842 3686; x_wconf 78' lang='lat' dir='ltr'><strong>ab</strong></span> 
     </span>
    </p>
   </div>
   <div class='ocr_carea' id='block_1_81' title="bbox 2253 3720 3840 3795">
    <p class='ocr_par' dir='ltr' id='par_1_81' title="bbox 2253 3720 3840 3795">
     <span class='ocr_line' id='line_1_81' title="bbox 2253 3720 3840 3795; baseline 0.002 -22"><span class='ocrx_word' id='word_1_625' title='bbox 2253 3720 2369 3790; x_wconf 88' lang='lat' dir='ltr'><strong>ipso</strong></span> <span class='ocrx_word' id='word_1_626' title='bbox 2427 3721 2730 3776; x_wconf 86' lang='lat' dir='ltr'><strong>resolvitur.</strong></span> <span class='ocrx_word' id='word_1_627' title='bbox 2789 3721 2938 3775; x_wconf 80' lang='lat' dir='ltr'><strong>Nunc</strong></span> <span class='ocrx_word' id='word_1_628' title='bbox 2993 3732 3172 3777; x_wconf 89' lang='lat' dir='ltr'><strong>autem</strong></span> <span class='ocrx_word' id='word_1_629' title='bbox 3222 3722 3470 3795; x_wconf 77' lang='lat' dir='ltr'><strong>quoniam</strong></span> <span class='ocrx_word' id='word_1_630' title='bbox 3526 3721 3840 3791; x_wconf 64' lang='lat' dir='ltr'><strong>quastionis</strong></span> 
     </span>
    </p>
   </div>
   <div class='ocr_carea' id='block_1_82' title="bbox 2253 3814 3843 3884">
    <p class='ocr_par' dir='ltr' id='par_1_82' title="bbox 2253 3814 3843 3884">
     <span class='ocr_line' id='line_1_82' title="bbox 2253 3814 3843 3884; baseline -0.001 -15"><span class='ocrx_word' id='word_1_631' title='bbox 2253 3829 2414 3884; x_wconf 89' lang='lat' dir='ltr'><strong>supra</strong></span> <span class='ocrx_word' id='word_1_632' title='bbox 2457 3815 2612 3868; x_wconf 69' lang='lat' dir='ltr'><strong>dictae</strong></span> <span class='ocrx_word' id='word_1_633' title='bbox 2643 3814 2762 3868; x_wconf 84' lang='lat' dir='ltr'><strong>talis</strong></span> <span class='ocrx_word' id='word_1_634' title='bbox 2792 3828 2984 3869; x_wconf 91' lang='lat' dir='ltr'><strong>sensus</strong></span> <span class='ocrx_word' id='word_1_635' title='bbox 3012 3824 3116 3882; x_wconf 90' lang='lat' dir='ltr'><strong>est,</strong></span> <span class='ocrx_word' id='word_1_636' title='bbox 3153 3814 3315 3869; x_wconf 86' lang='lat' dir='ltr'><strong>verba</strong></span> <span class='ocrx_word' id='word_1_637' title='bbox 3347 3815 3460 3884; x_wconf 89' lang='lat' dir='ltr'><strong>ipsa</strong></span> <span class='ocrx_word' id='word_1_638' title='bbox 3507 3827 3843 3868; x_wconf 82' lang='lat' dir='ltr'><strong>sermonum-</strong></span> 
     </span>
    </p>
   </div>
   <div class='ocr_carea' id='block_1_83' title="bbox 2253 3905 3842 3976">
    <p class='ocr_par' dir='ltr' id='par_1_83' title="bbox 2253 3905 3842 3976">
     <span class='ocr_line' id='line_1_83' title="bbox 2253 3905 3842 3976; baseline 0 -16"><span class='ocrx_word' id='word_1_639' title='bbox 2253 3921 2356 3976; x_wconf 89' lang='lat' dir='ltr'><strong>que</strong></span> <span class='ocrx_word' id='word_1_640' title='bbox 2395 3905 2529 3967; x_wconf 83' lang='lat' dir='ltr'><strong>OldQ</strong></span> <span class='ocrx_word' id='word_1_641' title='bbox 2577 3905 2840 3960; x_wconf 89' lang='lat' dir='ltr'><strong>videatur.</strong></span> <span class='ocrx_word' id='word_1_642' title='bbox 2887 3906 2978 3960; x_wconf 85' lang='lat' dir='ltr'><strong>Ait</strong></span> <span class='ocrx_word' id='word_1_643' title='bbox 3005 3921 3272 3976; x_wconf 89' lang='lat' dir='ltr'><strong>namque:</strong></span> <span class='ocrx_word' id='word_1_644' title='bbox 3309 3906 3584 3960; x_wconf 90' lang='lat' dir='ltr'><strong>Dubitabit</strong></span> <span class='ocrx_word' id='word_1_645' title='bbox 3619 3915 3796 3962; x_wconf 87' lang='lat' dir='ltr'><strong>autem</strong></span> <span class='ocrx_word' id='word_1_646' title='bbox 3834 3930 3842 3950; x_wconf 77' lang='grc' dir='ltr'>ι</span> 
     </span>
    </p>
   </div>
   <div class='ocr_carea' id='block_1_84' title="bbox 2251 3997 3840 4068">
    <p class='ocr_par' dir='ltr' id='par_1_84' title="bbox 2251 3997 3840 4068">
     <span class='ocr_line' id='line_1_84' title="bbox 2251 3997 3840 4068; baseline -0.001 -14"><span class='ocrx_word' id='word_1_647' title='bbox 2251 3998 2453 4068; x_wconf 91' lang='lat' dir='ltr'><strong>inquit,</strong></span> <span class='ocrx_word' id='word_1_648' title='bbox 2487 3999 2682 4068; x_wconf 90' lang='lat' dir='ltr'><strong>aliquis</strong></span> <span class='ocrx_word' id='word_1_649' title='bbox 2737 3999 2783 4052; x_wconf 93' lang='lat' dir='ltr'><strong>si</strong></span> <span class='ocrx_word' id='word_1_650' title='bbox 2829 3997 2962 4052; x_wconf 90' lang='lat' dir='ltr'><strong>illud</strong></span> <span class='ocrx_word' id='word_1_651' title='bbox 2989 3999 3133 4067; x_wconf 89' lang='lat' dir='ltr'><strong>quod</strong></span> <span class='ocrx_word' id='word_1_652' title='bbox 3159 4007 3245 4053; x_wconf 88' lang='lat' dir='ltr'><strong>est</strong></span> <span class='ocrx_word' id='word_1_653' title='bbox 3285 3999 3650 4054; x_wconf 88' lang='lat' dir='ltr'><strong>necessarium</strong></span> <span class='ocrx_word' id='word_1_654' title='bbox 3679 4011 3802 4052; x_wconf 89' lang='lat' dir='ltr'><strong>esse</strong></span> <span class='ocrx_word' id='word_1_655' title='bbox 3823 4035 3840 4065; x_wconf 85' lang='lat'><strong>,</strong></span> 
     </span>
    </p>
   </div>
   <div class='ocr_carea' id='block_1_85' title="bbox 2255 4086 3840 4159">
    <p class='ocr_par' dir='ltr' id='par_1_85' title="bbox 2255 4086 3840 4159">
     <span class='ocr_line' id='line_1_85' title="bbox 2255 4086 3840 4159; baseline -0.003 -16"><span class='ocrx_word' id='word_1_656' title='bbox 2255 4089 2512 4159; x_wconf 88' lang='lat' dir='ltr'><strong>possibile</strong></span> <span class='ocrx_word' id='word_1_657' title='bbox 2536 4105 2658 4144; x_wconf 88' lang='lat' dir='ltr'><strong>esse</strong></span> <span class='ocrx_word' id='word_1_658' title='bbox 2683 4091 2947 4159; x_wconf 88' lang='lat' dir='ltr'><strong>sequitur,</strong></span> <span class='ocrx_word' id='word_1_659' title='bbox 2977 4088 3029 4144; x_wconf 88' lang='lat' dir='ltr'><strong>id</strong></span> <span class='ocrx_word' id='word_1_660' title='bbox 3059 4098 3145 4144; x_wconf 87' lang='lat' dir='ltr'><strong>est</strong></span> <span class='ocrx_word' id='word_1_661' title='bbox 3168 4091 3214 4144; x_wconf 91' lang='lat' dir='ltr'><strong>si</strong></span> <span class='ocrx_word' id='word_1_662' title='bbox 3256 4089 3565 4144; x_wconf 87' lang='lat' dir='ltr'><strong>necessitati</strong></span> <span class='ocrx_word' id='word_1_663' title='bbox 3609 4086 3840 4155; x_wconf 87' lang='lat' dir='ltr'><strong>possibi-</strong></span> 
     </span>
    </p>
   </div>
   <div class='ocr_carea' id='block_1_86' title="bbox 2254 4180 3842 4252">
    <p class='ocr_par' dir='ltr' id='par_1_86' title="bbox 2254 4180 3842 4252">
     <span class='ocr_line' id='line_1_86' title="bbox 2254 4180 3842 4252; baseline 0.001 -15"><span class='ocrx_word' id='word_1_664' title='bbox 2254 4183 2378 4239; x_wconf 90' lang='lat' dir='ltr'><strong>litas</strong></span> <span class='ocrx_word' id='word_1_665' title='bbox 2407 4185 2699 4239; x_wconf 89' lang='lat' dir='ltr'><strong>consentit.</strong></span> <span class='ocrx_word' id='word_1_666' title='bbox 2731 4182 2862 4238; x_wconf 83' lang='lat' dir='ltr'><strong>Nam</strong></span> <span class='ocrx_word' id='word_1_667' title='bbox 2891 4183 2936 4238; x_wconf 91' lang='lat' dir='ltr'><strong>si</strong></span> <span class='ocrx_word' id='word_1_668' title='bbox 2975 4197 3078 4237; x_wconf 92' lang='lat' dir='ltr'><strong>non</strong></span> <span class='ocrx_word' id='word_1_669' title='bbox 3103 4182 3377 4252; x_wconf 86' lang='lat' dir='ltr'><strong>sequitur,</strong></span> <span class='ocrx_word' id='word_1_670' title='bbox 3426 4181 3474 4235; x_wconf 92' lang='lat' dir='ltr'><strong>id</strong></span> <span class='ocrx_word' id='word_1_671' title='bbox 3501 4191 3582 4234; x_wconf 92' lang='lat' dir='ltr'><strong>est</strong></span> <span class='ocrx_word' id='word_1_672' title='bbox 3604 4180 3651 4234; x_wconf 87' lang='lat' dir='ltr'><strong>si</strong></span> <span class='ocrx_word' id='word_1_673' title='bbox 3682 4185 3842 4249; x_wconf 83' lang='lat' dir='ltr'><strong>negat</strong></span> 
     </span>
    </p>
   </div>
   <div class='ocr_carea' id='block_1_87' title="bbox 2255 4277 3840 4346">
    <p class='ocr_par' dir='ltr' id='par_1_87' title="bbox 2255 4277 3840 4346">
     <span class='ocr_line' id='line_1_87' title="bbox 2255 4277 3840 4346; baseline -0.003 -16"><span class='ocrx_word' id='word_1_674' title='bbox 2255 4277 2450 4346; x_wconf 90' lang='lat' dir='ltr'><strong>aliquis</strong></span> <span class='ocrx_word' id='word_1_675' title='bbox 2478 4287 2536 4330; x_wconf 93' lang='lat' dir='ltr'><strong>ut</strong></span> <span class='ocrx_word' id='word_1_676' title='bbox 2561 4277 2889 4346; x_wconf 85' lang='lat' dir='ltr'><strong>possibilitas</strong></span> <span class='ocrx_word' id='word_1_677' title='bbox 2918 4277 3290 4332; x_wconf 87' lang='lat' dir='ltr'><strong>necessitatem</strong></span> <span class='ocrx_word' id='word_1_678' title='bbox 3316 4281 3592 4344; x_wconf 86' lang='lat' dir='ltr'><strong>sequatur,</strong></span> <span class='ocrx_word' id='word_1_679' title='bbox 3623 4282 3840 4326; x_wconf 84' lang='lat' dir='ltr'><strong>contra-</strong></span> 
     </span>
    </p>
   </div>
   <div class='ocr_carea' id='block_1_88' title="bbox 2255 4365 3844 4439">
    <p class='ocr_par' dir='ltr' id='par_1_88' title="bbox 2255 4365 3844 4439">
     <span class='ocr_line' id='line_1_88' title="bbox 2255 4365 3844 4439; baseline -0.001 -17"><span class='ocrx_word' id='word_1_680' title='bbox 2255 4368 2418 4423; x_wconf 90' lang='lat' dir='ltr'><strong>dictio</strong></span> <span class='ocrx_word' id='word_1_681' title='bbox 2446 4370 2795 4439; x_wconf 89' lang='lat' dir='ltr'><strong>consequitur</strong></span> <span class='ocrx_word' id='word_1_682' title='bbox 2825 4368 3212 4439; x_wconf 88' lang='lat' dir='ltr'><strong>possibilitatis.</strong></span> <span class='ocrx_word' id='word_1_683' title='bbox 3263 4365 3394 4422; x_wconf 86' lang='lat' dir='ltr'><strong>Nam</strong></span> <span class='ocrx_word' id='word_1_684' title='bbox 3436 4365 3581 4437; x_wconf 90' lang='lat' dir='ltr'><strong>quod</strong></span> <span class='ocrx_word' id='word_1_685' title='bbox 3611 4365 3844 4435; x_wconf 80' lang='lat' dir='ltr'><strong>possibi-</strong></span> 
     </span>
    </p>
   </div>
   <div class='ocr_carea' id='block_1_89' title="bbox 2258 4460 3844 4534">
    <p class='ocr_par' dir='ltr' id='par_1_89' title="bbox 2258 4460 3844 4534">
     <span class='ocr_line' id='line_1_89' title="bbox 2258 4460 3844 4534; baseline -0.002 -18"><span class='ocrx_word' id='word_1_686' title='bbox 2258 4463 2382 4518; x_wconf 88' lang='lat' dir='ltr'><strong>litas</strong></span> <span class='ocrx_word' id='word_1_687' title='bbox 2412 4479 2517 4518; x_wconf 87' lang='lat' dir='ltr'><strong>non</strong></span> <span class='ocrx_word' id='word_1_688' title='bbox 2564 4468 2841 4534; x_wconf 89' lang='lat' dir='ltr'><strong>sequitur,</strong></span> <span class='ocrx_word' id='word_1_689' title='bbox 2872 4462 3224 4519; x_wconf 86' lang='lat' dir='ltr'><strong>contradictio</strong></span> <span class='ocrx_word' id='word_1_690' title='bbox 3253 4460 3630 4531; x_wconf 86' lang='lat' dir='ltr'><strong>possibilitatis</strong></span> <span class='ocrx_word' id='word_1_691' title='bbox 3661 4460 3844 4529; x_wconf 81' lang='lat' dir='ltr'><strong>sequi-</strong></span> 
     </span>
    </p>
   </div>
   <div class='ocr_carea' id='block_1_90' title="bbox 2227 4555 3852 4630">
    <p class='ocr_par' dir='ltr' id='par_1_90' title="bbox 2227 4555 3852 4630">
     <span class='ocr_line' id='line_1_90' title="bbox 2227 4555 3852 4630; baseline -0.002 -18"><span class='ocrx_word' id='word_1_692' title='bbox 2227 4568 2364 4627; x_wconf 69' lang='lat' dir='ltr'><strong>.tur,</strong></span> <span class='ocrx_word' id='word_1_693' title='bbox 2396 4575 2461 4614; x_wconf 89' lang='lat' dir='ltr'><strong>ea</strong></span> <span class='ocrx_word' id='word_1_694' title='bbox 2487 4559 2694 4614; x_wconf 86' lang='lat' dir='ltr'><strong>scilicet</strong></span> <span class='ocrx_word' id='word_1_695' title='bbox 2719 4575 2836 4630; x_wconf 81' lang='lat' dir='ltr'><strong>quae</strong></span> <span class='ocrx_word' id='word_1_696' title='bbox 2869 4559 2993 4613; x_wconf 89' lang='lat' dir='ltr'><strong>dicit</strong></span> <span class='ocrx_word' id='word_1_697' title='bbox 3028 4573 3132 4613; x_wconf 91' lang='lat' dir='ltr'><strong>non</strong></span> <span class='ocrx_word' id='word_1_698' title='bbox 3166 4555 3418 4626; x_wconf 86' lang='lat' dir='ltr'><strong>possibile</strong></span> <span class='ocrx_word' id='word_1_699' title='bbox 3447 4567 3599 4620; x_wconf 86' lang='lat' dir='ltr'><strong>esse,</strong></span> <span class='ocrx_word' id='word_1_700' title='bbox 3625 4562 3682 4608; x_wconf 88' lang='lat' dir='ltr'><strong>et</strong></span> <span class='ocrx_word' id='word_1_701' title='bbox 3708 4566 3852 4622; x_wconf 72' lang='lat' dir='ltr'><strong>pra-</strong></span> 
     </span>
    </p>
   </div>
   <div class='ocr_carea' id='block_1_91' title="bbox 566 4627 3848 4721">
    <p class='ocr_par' dir='ltr' id='par_1_91' title="bbox 566 4627 3848 4721">
     <span class='ocr_line' id='line_1_91' title="bbox 566 4627 3848 4721; baseline -0.001 -21"><span class='ocrx_word' id='word_1_702' title='bbox 566 4648 802 4703; x_wconf 89' lang='lat' dir='ltr'><strong>abnuere</strong></span> <span class='ocrx_word' id='word_1_703' title='bbox 831 4665 934 4704; x_wconf 90' lang='lat' dir='ltr'><strong>non</strong></span> <span class='ocrx_word' id='word_1_704' title='bbox 968 4660 1143 4717; x_wconf 89' lang='lat' dir='ltr'><strong>potest</strong></span> <span class='ocrx_word' id='word_1_705' title='bbox 1177 4651 1300 4721; x_wconf 88' lang='lat' dir='ltr'><strong>quin</strong></span> <span class='ocrx_word' id='word_1_706' title='bbox 1327 4651 1540 4720; x_wconf 82' lang='lat' dir='ltr'><strong>negatio</strong></span> <span class='ocrx_word' id='word_1_707' title='bbox 1563 4651 1934 4721; x_wconf 83' lang='lat' dir='ltr'><strong>possibilitatis</strong></span> <span class='ocrx_word' id='word_1_708' title='bbox 1961 4665 2149 4707; x_wconf 66' lang='lat' dir='ltr'><strong>necesd</strong></span> <span class='ocrx_word' id='word_1_709' title='bbox 2176 4627 2232 4690; x_wconf 80' lang='lat' dir='ltr'><strong><em>D</em></strong></span> <span class='ocrx_word' id='word_1_710' title='bbox 2261 4651 2491 4707; x_wconf 86' lang='lat' dir='ltr'><strong>tertnisit</strong></span> <span class='ocrx_word' id='word_1_711' title='bbox 2536 4652 2679 4720; x_wconf 93' lang='lat' dir='ltr'><strong>quod</strong></span> <span class='ocrx_word' id='word_1_712' title='bbox 2711 4627 2777 4705; x_wconf 81' lang='lat' dir='ltr'><strong>ex</strong></span> <span class='ocrx_word' id='word_1_713' title='bbox 2819 4649 2901 4704; x_wconf 87' lang='lat' dir='ltr'><strong>bis</strong></span> <span class='ocrx_word' id='word_1_714' title='bbox 2937 4657 3084 4705; x_wconf 69' lang='lat' dir='ltr'><strong>esset</strong></span> <span class='ocrx_word' id='word_1_715' title='bbox 3120 4646 3476 4716; x_wconf 83' lang='lat' dir='ltr'><strong>impossibile.</strong></span> <span class='ocrx_word' id='word_1_716' title='bbox 3525 4644 3639 4699; x_wconf 80' lang='lat' dir='ltr'><strong>Hoc</strong></span> <span class='ocrx_word' id='word_1_717' title='bbox 3667 4651 3848 4698; x_wconf 81' lang='lat' dir='ltr'><strong>autem</strong></span> 
     </span>
    </p>
   </div>
   <div class='ocr_carea' id='block_1_92' title="bbox 567 4739 2146 4813">
    <p class='ocr_par' dir='ltr' id='par_1_92' title="bbox 567 4739 2146 4813">
     <span class='ocr_line' id='line_1_92' title="bbox 567 4739 2146 4813; baseline 0.003 -20"><span class='ocrx_word' id='word_1_718' title='bbox 567 4739 708 4793; x_wconf 85' lang='lat' dir='ltr'><strong>sitati</strong></span> <span class='ocrx_word' id='word_1_719' title='bbox 736 4739 1051 4810; x_wconf 77' lang='lat' dir='ltr'><strong>consentiat,</strong></span> <span class='ocrx_word' id='word_1_720' title='bbox 1081 4743 1291 4812; x_wconf 87' lang='lat' dir='ltr'><strong>eritque</strong></span> <span class='ocrx_word' id='word_1_721' title='bbox 1335 4744 1540 4812; x_wconf 87' lang='lat' dir='ltr'><strong>integra</strong></span> <span class='ocrx_word' id='word_1_722' title='bbox 1587 4745 1996 4813; x_wconf 84' lang='lat' dir='ltr'><strong>consequentia,</strong></span> <span class='ocrx_word' id='word_1_723' title='bbox 2029 4758 2146 4811; x_wconf 71' lang='lat' dir='ltr'><strong>qua)</strong></span> 
     </span>
    </p>
   </div>
   <div class='ocr_carea' id='block_1_93' title="bbox 568 4829 2150 4903">
    <p class='ocr_par' dir='ltr' id='par_1_93' title="bbox 568 4829 2150 4903">
     <span class='ocr_line' id='line_1_93' title="bbox 568 4829 2150 4903; baseline 0.003 -19"><span class='ocrx_word' id='word_1_724' title='bbox 568 4829 690 4885; x_wconf 86' lang='lat' dir='ltr'><strong>dicit</strong></span> <span class='ocrx_word' id='word_1_725' title='bbox 717 4831 760 4884; x_wconf 92' lang='lat' dir='ltr'><strong>si</strong></span> <span class='ocrx_word' id='word_1_726' title='bbox 789 4847 1006 4888; x_wconf 87' lang='lat' dir='ltr'><strong>necesse</strong></span> <span class='ocrx_word' id='word_1_727' title='bbox 1032 4844 1112 4888; x_wconf 85' lang='lat' dir='ltr'><strong>est</strong></span> <span class='ocrx_word' id='word_1_728' title='bbox 1137 4849 1258 4888; x_wconf 83' lang='lat' dir='ltr'><strong>esse</strong></span> <span class='ocrx_word' id='word_1_729' title='bbox 1287 4850 1391 4887; x_wconf 90' lang='lat' dir='ltr'><strong>non</strong></span> <span class='ocrx_word' id='word_1_730' title='bbox 1423 4835 1676 4903; x_wconf 81' lang='lat' dir='ltr'><strong>possibile</strong></span> <span class='ocrx_word' id='word_1_731' title='bbox 1699 4843 1783 4888; x_wconf 89' lang='lat' dir='ltr'><strong>est</strong></span> <span class='ocrx_word' id='word_1_732' title='bbox 1805 4850 1950 4900; x_wconf 87' lang='lat' dir='ltr'><strong>esse,</strong></span> <span class='ocrx_word' id='word_1_733' title='bbox 1981 4849 2150 4898; x_wconf 86' lang='lat' dir='ltr'><strong>quan-</strong></span> 
     </span>
    </p>
   </div>
   <div class='ocr_carea' id='block_1_94' title="bbox 568 4921 2154 4996">
    <p class='ocr_par' dir='ltr' id='par_1_94' title="bbox 568 4921 2154 4996">
     <span class='ocr_line' id='line_1_94' title="bbox 568 4921 2154 4996; baseline 0.003 -19"><span class='ocrx_word' id='word_1_734' title='bbox 568 4921 851 4993; x_wconf 90' lang='lat' dir='ltr'><strong>doquidem</strong></span> <span class='ocrx_word' id='word_1_735' title='bbox 902 4925 992 4981; x_wconf 91' lang='lat' dir='ltr'><strong>illa</strong></span> <span class='ocrx_word' id='word_1_736' title='bbox 1038 4925 1162 4982; x_wconf 82' lang='lat' dir='ltr'><strong>falsa</strong></span> <span class='ocrx_word' id='word_1_737' title='bbox 1209 4934 1295 4981; x_wconf 88' lang='lat' dir='ltr'><strong>est</strong></span> <span class='ocrx_word' id='word_1_738' title='bbox 1320 4928 1717 4996; x_wconf 86' lang='lat' dir='ltr'><strong>consequentia</strong></span> <span class='ocrx_word' id='word_1_739' title='bbox 1764 4943 1885 4996; x_wconf 74' lang='lat' dir='ltr'><strong>qua:</strong></span> <span class='ocrx_word' id='word_1_740' title='bbox 1927 4927 2075 4992; x_wconf 89' lang='lat' dir='ltr'><strong>dicit,</strong></span> <span class='ocrx_word' id='word_1_741' title='bbox 2107 4927 2154 4982; x_wconf 86' lang='lat' dir='ltr'><strong>si</strong></span> 
     </span>
    </p>
   </div>
   <div class='ocr_carea' id='block_1_95' title="bbox 568 5016 2152 5086">
    <p class='ocr_par' dir='ltr' id='par_1_95' title="bbox 568 5016 2152 5086">
     <span class='ocr_line' id='line_1_95' title="bbox 568 5016 2152 5086; baseline 0.001 -16"><span class='ocrx_word' id='word_1_742' title='bbox 568 5031 789 5072; x_wconf 87' lang='lat' dir='ltr'><strong>necesse</strong></span> <span class='ocrx_word' id='word_1_743' title='bbox 839 5027 920 5072; x_wconf 90' lang='lat' dir='ltr'><strong>est</strong></span> <span class='ocrx_word' id='word_1_744' title='bbox 968 5033 1124 5081; x_wconf 85' lang='lat' dir='ltr'><strong>esse,</strong></span> <span class='ocrx_word' id='word_1_745' title='bbox 1181 5016 1435 5086; x_wconf 89' lang='lat' dir='ltr'><strong>possibile</strong></span> <span class='ocrx_word' id='word_1_746' title='bbox 1464 5028 1548 5073; x_wconf 85' lang='lat' dir='ltr'><strong>est</strong></span> <span class='ocrx_word' id='word_1_747' title='bbox 1577 5032 1720 5073; x_wconf 83' lang='lat' dir='ltr'><strong>esse.</strong></span> <span class='ocrx_word' id='word_1_748' title='bbox 1769 5016 1923 5083; x_wconf 82' lang='lat' dir='ltr'><strong>Quod</strong></span> <span class='ocrx_word' id='word_1_749' title='bbox 1959 5016 2003 5069; x_wconf 90' lang='lat' dir='ltr'><strong>si</strong></span> <span class='ocrx_word' id='word_1_750' title='bbox 2049 5016 2152 5072; x_wconf 86' lang='lat' dir='ltr'><strong>hoc</strong></span> 
     </span>
    </p>
   </div>
   <div class='ocr_carea' id='block_1_96' title="bbox 567 5107 2151 5178">
    <p class='ocr_par' dir='ltr' id='par_1_96' title="bbox 567 5107 2151 5178">
     <span class='ocr_line' id='line_1_96' title="bbox 567 5107 2151 5178; baseline 0 -16"><span class='ocrx_word' id='word_1_751' title='bbox 567 5108 684 5162; x_wconf 82' lang='lat' dir='ltr'><strong>fieri</strong></span> <span class='ocrx_word' id='word_1_752' title='bbox 728 5124 830 5164; x_wconf 89' lang='lat' dir='ltr'><strong>non</strong></span> <span class='ocrx_word' id='word_1_753' title='bbox 878 5116 1070 5177; x_wconf 86' lang='lat' dir='ltr'><strong>potest,</strong></span> <span class='ocrx_word' id='word_1_754' title='bbox 1099 5117 1151 5161; x_wconf 91' lang='lat' dir='ltr'><strong>ut</strong></span> <span class='ocrx_word' id='word_1_755' title='bbox 1179 5107 1544 5176; x_wconf 88' lang='lat' dir='ltr'><strong>possibilitatis</strong></span> <span class='ocrx_word' id='word_1_756' title='bbox 1575 5110 1786 5178; x_wconf 87' lang='lat' dir='ltr'><strong>negatio</strong></span> <span class='ocrx_word' id='word_1_757' title='bbox 1826 5107 2151 5162; x_wconf 70' lang='lat' dir='ltr'><strong>necessaria:</strong></span> 
     </span>
    </p>
   </div>
   <div class='ocr_carea' id='block_1_97' title="bbox 567 5199 2150 5268">
    <p class='ocr_par' dir='ltr' id='par_1_97' title="bbox 567 5199 2150 5268">
     <span class='ocr_line' id='line_1_97' title="bbox 567 5199 2150 5268; baseline 0.002 -13"><span class='ocrx_word' id='word_1_758' title='bbox 567 5199 866 5255; x_wconf 84' lang='lat' dir='ltr'><strong>consentiat</strong></span> <span class='ocrx_word' id='word_1_759' title='bbox 908 5199 1274 5268; x_wconf 84' lang='lat' dir='ltr'><strong>al‘t‘trtnationi,</strong></span> <span class='ocrx_word' id='word_1_760' title='bbox 1310 5199 1436 5254; x_wconf 92' lang='lat' dir='ltr'><strong>illud</strong></span> <span class='ocrx_word' id='word_1_761' title='bbox 1467 5215 1656 5256; x_wconf 89' lang='lat' dir='ltr'><strong>verum</strong></span> <span class='ocrx_word' id='word_1_762' title='bbox 1706 5209 1790 5257; x_wconf 90' lang='lat' dir='ltr'><strong>est</strong></span> <span class='ocrx_word' id='word_1_763' title='bbox 1834 5200 2150 5258; x_wconf 77' lang='lat' dir='ltr'><strong>affirmatio-</strong></span> 
     </span>
    </p>
   </div>
   <div class='ocr_carea' id='block_1_98' title="bbox 565 5289 2144 5359">
    <p class='ocr_par' dir='ltr' id='par_1_98' title="bbox 565 5289 2144 5359">
     <span class='ocr_line' id='line_1_98' title="bbox 565 5289 2144 5359; baseline 0.003 -13"><span class='ocrx_word' id='word_1_764' title='bbox 565 5308 684 5347; x_wconf 88' lang='lat' dir='ltr'><strong>netu</strong></span> <span class='ocrx_word' id='word_1_765' title='bbox 719 5292 1024 5359; x_wconf 88' lang='lat' dir='ltr'><strong>possibiletn</strong></span> <span class='ocrx_word' id='word_1_766' title='bbox 1070 5289 1388 5354; x_wconf 70' lang='lat' dir='ltr'><strong>necessariae</strong></span> <span class='ocrx_word' id='word_1_767' title='bbox 1425 5297 1736 5349; x_wconf 88' lang='lat' dir='ltr'><strong>convenire.</strong></span> <span class='ocrx_word' id='word_1_768' title='bbox 1779 5293 1887 5350; x_wconf 88' lang='lat' dir='ltr'><strong>Sed</strong></span> <span class='ocrx_word' id='word_1_769' title='bbox 1942 5295 1993 5348; x_wconf 93' lang='lat' dir='ltr'><strong>in</strong></span> <span class='ocrx_word' id='word_1_770' title='bbox 2041 5294 2144 5350; x_wconf 86' lang='lat' dir='ltr'><strong>hoc</strong></span> 
     </span>
    </p>
   </div>
   <div class='ocr_carea' id='block_1_99' title="bbox 566 5383 2142 5457">
    <p class='ocr_par' dir='ltr' id='par_1_99' title="bbox 566 5383 2142 5457">
     <span class='ocr_line' id='line_1_99' title="bbox 566 5383 2142 5457; baseline 0.004 -21"><span class='ocrx_word' id='word_1_771' title='bbox 566 5397 777 5452; x_wconf 88' lang='lat' dir='ltr'><strong>quoque</strong></span> <span class='ocrx_word' id='word_1_772' title='bbox 803 5385 972 5454; x_wconf 83' lang='lat' dir='ltr'><strong>major</strong></span> <span class='ocrx_word' id='word_1_773' title='bbox 996 5385 1154 5440; x_wconf 89' lang='lat' dir='ltr'><strong>inerit</strong></span> <span class='ocrx_word' id='word_1_774' title='bbox 1189 5384 1496 5445; x_wconf 83' lang='lat' dir='ltr'><strong>difficultas.</strong></span> <span class='ocrx_word' id='word_1_775' title='bbox 1524 5383 1697 5441; x_wconf 90' lang='lat' dir='ltr'><strong>Omne</strong></span> <span class='ocrx_word' id='word_1_776' title='bbox 1738 5401 1971 5457; x_wconf 87' lang='lat' dir='ltr'><strong>namque</strong></span> <span class='ocrx_word' id='word_1_777' title='bbox 1997 5385 2142 5456; x_wconf 85' lang='lat' dir='ltr'><strong>quod</strong></span> 
     </span>
    </p>
   </div>
   <div class='ocr_carea' id='block_1_100' title="bbox 565 5487 2143 5560">
    <p class='ocr_par' dir='ltr' id='par_1_100' title="bbox 565 5487 2143 5560">
     <span class='ocr_line' id='line_1_100' title="bbox 565 5487 2143 5560; baseline 0.006 -23"><span class='ocrx_word' id='word_1_778' title='bbox 565 5487 817 5553; x_wconf 86' lang='lat' dir='ltr'><strong>possibile</strong></span> <span class='ocrx_word' id='word_1_779' title='bbox 846 5500 927 5545; x_wconf 87' lang='lat' dir='ltr'><strong>est</strong></span> <span class='ocrx_word' id='word_1_780' title='bbox 957 5505 1076 5546; x_wconf 86' lang='lat' dir='ltr'><strong>esse</strong></span> <span class='ocrx_word' id='word_1_781' title='bbox 1101 5529 1116 5556; x_wconf 93' lang='lat'><strong>,</strong></span> <span class='ocrx_word' id='word_1_782' title='bbox 1164 5490 1415 5560; x_wconf 86' lang='lat' dir='ltr'><strong>possibile</strong></span> <span class='ocrx_word' id='word_1_783' title='bbox 1439 5498 1524 5546; x_wconf 85' lang='lat' dir='ltr'><strong>est</strong></span> <span class='ocrx_word' id='word_1_784' title='bbox 1548 5497 1602 5545; x_wconf 92' lang='lat' dir='ltr'><strong>et</strong></span> <span class='ocrx_word' id='word_1_785' title='bbox 1645 5504 1751 5545; x_wconf 89' lang='lat' dir='ltr'><strong>non</strong></span> <span class='ocrx_word' id='word_1_786' title='bbox 1785 5505 1928 5545; x_wconf 87' lang='lat' dir='ltr'><strong>esse.</strong></span> <span class='ocrx_word' id='word_1_787' title='bbox 1959 5490 2064 5546; x_wconf 83' lang='lat' dir='ltr'><strong>Sed</strong></span> <span class='ocrx_word' id='word_1_788' title='bbox 2095 5491 2143 5546; x_wconf 87' lang='lat' dir='ltr'><strong>si</strong></span> 
     </span>
    </p>
   </div>
   <div class='ocr_carea' id='block_1_101' title="bbox 565 5577 2145 5655">
    <p class='ocr_par' dir='ltr' id='par_1_101' title="bbox 565 5577 2145 5655">
     <span class='ocr_line' id='line_1_101' title="bbox 565 5577 2145 5655; baseline 0.006 -27"><span class='ocrx_word' id='word_1_789' title='bbox 565 5577 889 5642; x_wconf 59' lang='lat' dir='ltr'><strong>possibilitas</strong></span> <span class='ocrx_word' id='word_1_790' title='bbox 921 5582 1290 5638; x_wconf 87' lang='lat' dir='ltr'><strong>necessitatem</strong></span> <span class='ocrx_word' id='word_1_791' title='bbox 1338 5584 1609 5652; x_wconf 82' lang='lat' dir='ltr'><strong>sequitur,</strong></span> <span class='ocrx_word' id='word_1_792' title='bbox 1657 5584 1762 5639; x_wconf 89' lang='lat' dir='ltr'><strong>erit</strong></span> <span class='ocrx_word' id='word_1_793' title='bbox 1789 5583 1839 5639; x_wconf 90' lang='lat' dir='ltr'><strong>id</strong></span> <span class='ocrx_word' id='word_1_794' title='bbox 1868 5585 2010 5655; x_wconf 91' lang='lat' dir='ltr'><strong>quod</strong></span> <span class='ocrx_word' id='word_1_795' title='bbox 2049 5599 2145 5638; x_wconf 84' lang='lat' dir='ltr'><strong>ne-</strong></span> 
     </span>
    </p>
   </div>
   <div class='ocr_carea' id='block_1_102' title="bbox 565 5676 2138 5745">
    <p class='ocr_par' dir='ltr' id='par_1_102' title="bbox 565 5676 2138 5745">
     <span class='ocr_line' id='line_1_102' title="bbox 565 5676 2138 5745; baseline 0.004 -21"><span class='ocrx_word' id='word_1_796' title='bbox 565 5679 713 5722; x_wconf 70' lang='lat' dir='ltr'><strong>cesse</strong></span> <span class='ocrx_word' id='word_1_797' title='bbox 744 5681 848 5737; x_wconf 88' lang='lat' dir='ltr'><strong>est,</strong></span> <span class='ocrx_word' id='word_1_798' title='bbox 878 5687 927 5727; x_wconf 90' lang='lat' dir='ltr'><strong>ut</strong></span> <span class='ocrx_word' id='word_1_799' title='bbox 958 5676 1258 5744; x_wconf 81' lang='lat' dir='ltr'><strong>possitesse</strong></span> <span class='ocrx_word' id='word_1_800' title='bbox 1287 5684 1340 5729; x_wconf 87' lang='lat' dir='ltr'><strong>et</strong></span> <span class='ocrx_word' id='word_1_801' title='bbox 1370 5679 1534 5745; x_wconf 88' lang='lat' dir='ltr'><strong>possit</strong></span> <span class='ocrx_word' id='word_1_802' title='bbox 1564 5693 1667 5732; x_wconf 91' lang='lat' dir='ltr'><strong>non</strong></span> <span class='ocrx_word' id='word_1_803' title='bbox 1697 5691 1820 5732; x_wconf 88' lang='lat' dir='ltr'><strong>esse</strong></span> <span class='ocrx_word' id='word_1_804' title='bbox 1845 5676 2138 5732; x_wconf 88' lang='lat' dir='ltr'><strong>secundum</strong></span> 
     </span>
    </p>
   </div>
   <div class='ocr_carea' id='block_1_103' title="bbox 564 5768 2142 5852">
    <p class='ocr_par' dir='ltr' id='par_1_103' title="bbox 564 5768 2142 5852">
     <span class='ocr_line' id='line_1_103' title="bbox 564 5768 2142 5852; baseline 0.008 -39"><span class='ocrx_word' id='word_1_805' title='bbox 564 5769 808 5820; x_wconf 80' lang='lat' dir='ltr'><strong>naturam</strong></span> <span class='ocrx_word' id='word_1_806' title='bbox 859 5769 1065 5820; x_wconf 89' lang='lat' dir='ltr'><strong>scilicet</strong></span> <span class='ocrx_word' id='word_1_807' title='bbox 1112 5768 1518 5836; x_wconf 83' lang='lat' dir='ltr'><strong>possibilitatis,</strong></span> <span class='ocrx_word' id='word_1_808' title='bbox 1570 5786 1689 5852; x_wconf 64' lang='lat' dir='ltr'><strong>quae</strong></span> <span class='ocrx_word' id='word_1_809' title='bbox 1737 5771 1834 5839; x_wconf 87' lang='lat' dir='ltr'><strong>ipsi</strong></span> <span class='ocrx_word' id='word_1_810' title='bbox 1887 5769 2142 5825; x_wconf 81' lang='lat' dir='ltr'><strong>convenit</strong></span> 
     </span>
    </p>
   </div>
   <div class='ocr_carea' id='block_1_104' title="bbox 561 5853 2140 5926">
    <p class='ocr_par' dir='ltr' id='par_1_104' title="bbox 561 5853 2140 5926">
     <span class='ocr_line' id='line_1_104' title="bbox 561 5853 2140 5926; baseline 0.001 -7"><span class='ocrx_word' id='word_1_811' title='bbox 561 5853 901 5919; x_wconf 79' lang='lat' dir='ltr'><strong>necessitati;</strong></span> <span class='ocrx_word' id='word_1_812' title='bbox 929 5860 1020 5913; x_wconf 84' lang='lat' dir='ltr'><strong>sed</strong></span> <span class='ocrx_word' id='word_1_813' title='bbox 1050 5857 1150 5914; x_wconf 86' lang='lat' dir='ltr'><strong>boc</strong></span> <span class='ocrx_word' id='word_1_814' title='bbox 1181 5858 1510 5919; x_wconf 73' lang='lat' dir='ltr'><strong>impossibile</strong></span> <span class='ocrx_word' id='word_1_815' title='bbox 1535 5871 1634 5917; x_wconf 90' lang='lat' dir='ltr'><strong>est.</strong></span> <span class='ocrx_word' id='word_1_816' title='bbox 1668 5861 1783 5918; x_wconf 85' lang='lat' dir='ltr'><strong>Non</strong></span> <span class='ocrx_word' id='word_1_817' title='bbox 1810 5862 1973 5926; x_wconf 74' lang='lat' dir='ltr'><strong>igitur</strong></span> <span class='ocrx_word' id='word_1_818' title='bbox 2013 5877 2140 5924; x_wconf 84' lang='lat' dir='ltr'><strong>uos-</strong></span> 
     </span>
    </p>
   </div>
   <div class='ocr_carea' id='block_1_105' title="bbox 2257 4741 3848 4810">
    <p class='ocr_par' dir='ltr' id='par_1_105' title="bbox 2257 4741 3848 4810">
     <span class='ocr_line' id='line_1_105' title="bbox 2257 4741 3848 4810; baseline -0.004 -8"><span class='ocrx_word' id='word_1_819' title='bbox 2257 4756 2340 4802; x_wconf 90' lang='lat' dir='ltr'><strong>est</strong></span> <span class='ocrx_word' id='word_1_820' title='bbox 2371 4754 2427 4800; x_wconf 93' lang='lat' dir='ltr'><strong>ut</strong></span> <span class='ocrx_word' id='word_1_821' title='bbox 2453 4746 2498 4801; x_wconf 90' lang='lat' dir='ltr'><strong>si</strong></span> <span class='ocrx_word' id='word_1_822' title='bbox 2538 4747 2916 4800; x_wconf 87' lang='lat' dir='ltr'><strong>necessitatem</strong></span> <span class='ocrx_word' id='word_1_823' title='bbox 2961 4743 3288 4810; x_wconf 79' lang='lat' dir='ltr'><strong>possibilitas</strong></span> <span class='ocrx_word' id='word_1_824' title='bbox 3325 4757 3431 4795; x_wconf 89' lang='lat' dir='ltr'><strong>non</strong></span> <span class='ocrx_word' id='word_1_825' title='bbox 3469 4748 3754 4807; x_wconf 85' lang='lat' dir='ltr'><strong>sequatur,</strong></span> <span class='ocrx_word' id='word_1_826' title='bbox 3789 4741 3848 4795; x_wconf 72' lang='lat' dir='ltr'><strong>et</strong></span> 
     </span>
    </p>
   </div>
   <div class='ocr_carea' id='block_1_106' title="bbox 2258 4833 3846 4908">
    <p class='ocr_par' dir='ltr' id='par_1_106' title="bbox 2258 4833 3846 4908">
     <span class='ocr_line' id='line_1_106' title="bbox 2258 4833 3846 4908; baseline -0.006 -16"><span class='ocrx_word' id='word_1_827' title='bbox 2258 4838 2611 4893; x_wconf 91' lang='lat' dir='ltr'><strong>contradictio</strong></span> <span class='ocrx_word' id='word_1_828' title='bbox 2639 4836 3010 4908; x_wconf 88' lang='lat' dir='ltr'><strong>possibilitatis</strong></span> <span class='ocrx_word' id='word_1_829' title='bbox 3033 4835 3352 4898; x_wconf 84' lang='lat' dir='ltr'><strong>consentiat,</strong></span> <span class='ocrx_word' id='word_1_830' title='bbox 3385 4833 3456 4886; x_wconf 90' lang='lat' dir='ltr'><strong>sit</strong></span> <span class='ocrx_word' id='word_1_831' title='bbox 3493 4839 3636 4885; x_wconf 84' lang='lat' dir='ltr'><strong>recta</strong></span> <span class='ocrx_word' id='word_1_832' title='bbox 3656 4841 3846 4884; x_wconf 89' lang='lat' dir='ltr'><strong>conse-</strong></span> 
     </span>
    </p>
   </div>
   <div class='ocr_carea' id='block_1_107' title="bbox 2259 4923 3848 5002">
    <p class='ocr_par' dir='ltr' id='par_1_107' title="bbox 2259 4923 3848 5002">
     <span class='ocr_line' id='line_1_107' title="bbox 2259 4923 3848 5002; baseline -0.007 -16"><span class='ocrx_word' id='word_1_833' title='bbox 2259 4931 2477 5002; x_wconf 83' lang='lat' dir='ltr'><strong>quentia</strong></span> <span class='ocrx_word' id='word_1_834' title='bbox 2518 4933 2562 4986; x_wconf 89' lang='lat' dir='ltr'><strong>si</strong></span> <span class='ocrx_word' id='word_1_835' title='bbox 2609 4932 2969 4987; x_wconf 83' lang='lat' dir='ltr'><strong>necessarium</strong></span> <span class='ocrx_word' id='word_1_836' title='bbox 3021 4938 3104 4986; x_wconf 91' lang='lat' dir='ltr'><strong>est</strong></span> <span class='ocrx_word' id='word_1_837' title='bbox 3130 4943 3252 4984; x_wconf 88' lang='lat' dir='ltr'><strong>esse</strong></span> <span class='ocrx_word' id='word_1_838' title='bbox 3275 4971 3290 4996; x_wconf 91' lang='lat'><strong>,</strong></span> <span class='ocrx_word' id='word_1_839' title='bbox 3342 4942 3447 4980; x_wconf 90' lang='lat' dir='ltr'><strong>non</strong></span> <span class='ocrx_word' id='word_1_840' title='bbox 3481 4923 3735 4994; x_wconf 84' lang='lat' dir='ltr'><strong>possibile</strong></span> <span class='ocrx_word' id='word_1_841' title='bbox 3763 4928 3848 4976; x_wconf 87' lang='lat' dir='ltr'><strong>est</strong></span> 
     </span>
    </p>
   </div>
   <div class='ocr_carea' id='block_1_108' title="bbox 2262 5014 3847 5093">
    <p class='ocr_par' dir='ltr' id='par_1_108' title="bbox 2262 5014 3847 5093">
     <span class='ocr_line' id='line_1_108' title="bbox 2262 5014 3847 5093; baseline -0.006 -13"><span class='ocrx_word' id='word_1_842' title='bbox 2262 5039 2412 5091; x_wconf 87' lang='lat' dir='ltr'><strong>esse,</strong></span> <span class='ocrx_word' id='word_1_843' title='bbox 2461 5024 2605 5093; x_wconf 88' lang='lat' dir='ltr'><strong>quod</strong></span> <span class='ocrx_word' id='word_1_844' title='bbox 2634 5033 2716 5079; x_wconf 90' lang='lat' dir='ltr'><strong>est</strong></span> <span class='ocrx_word' id='word_1_845' title='bbox 2759 5022 3171 5087; x_wconf 89' lang='lat' dir='ltr'><strong>inconveniens;</strong></span> <span class='ocrx_word' id='word_1_846' title='bbox 3207 5028 3265 5077; x_wconf 85' lang='lat' dir='ltr'><strong>et</strong></span> <span class='ocrx_word' id='word_1_847' title='bbox 3288 5019 3342 5073; x_wconf 84' lang='lat' dir='ltr'><strong>si-</strong></span> <span class='ocrx_word' id='word_1_848' title='bbox 3385 5019 3503 5088; x_wconf 86' lang='lat' dir='ltr'><strong>quis</strong></span> <span class='ocrx_word' id='word_1_849' title='bbox 3548 5032 3656 5072; x_wconf 88' lang='lat' dir='ltr'><strong>non</strong></span> <span class='ocrx_word' id='word_1_850' title='bbox 3710 5014 3847 5070; x_wconf 82' lang='lat' dir='ltr'><strong>hanc</strong></span> 
     </span>
    </p>
   </div>
   <div class='ocr_carea' id='block_1_109' title="bbox 2257 5111 3847 5181">
    <p class='ocr_par' dir='ltr' id='par_1_109' title="bbox 2257 5111 3847 5181">
     <span class='ocr_line' id='line_1_109' title="bbox 2257 5111 3847 5181; baseline -0.007 -8"><span class='ocrx_word' id='word_1_851' title='bbox 2257 5117 2400 5173; x_wconf 88' lang='lat' dir='ltr'><strong>dicat</strong></span> <span class='ocrx_word' id='word_1_852' title='bbox 2429 5131 2551 5172; x_wconf 68' lang='lat' dir='ltr'><strong>eSse</strong></span> <span class='ocrx_word' id='word_1_853' title='bbox 2573 5115 3078 5181; x_wconf 88' lang='lat' dir='ltr'><strong>contradictionem,</strong></span> <span class='ocrx_word' id='word_1_854' title='bbox 3108 5115 3160 5170; x_wconf 90' lang='lat' dir='ltr'><strong>id</strong></span> <span class='ocrx_word' id='word_1_855' title='bbox 3186 5119 3272 5168; x_wconf 88' lang='lat' dir='ltr'><strong>est</strong></span> <span class='ocrx_word' id='word_1_856' title='bbox 3300 5111 3346 5165; x_wconf 90' lang='lat' dir='ltr'><strong>si</strong></span> <span class='ocrx_word' id='word_1_857' title='bbox 3377 5111 3499 5180; x_wconf 84' lang='lat' dir='ltr'><strong>quis</strong></span> <span class='ocrx_word' id='word_1_858' title='bbox 3533 5119 3689 5179; x_wconf 84' lang='lat' dir='ltr'><strong>neget</strong></span> <span class='ocrx_word' id='word_1_859' title='bbox 3715 5121 3847 5178; x_wconf 83' lang='lat' dir='ltr'><strong>pos-</strong></span> 
     </span>
    </p>
   </div>
   <div class='ocr_carea' id='block_1_110' title="bbox 2258 5201 3843 5275">
    <p class='ocr_par' dir='ltr' id='par_1_110' title="bbox 2258 5201 3843 5275">
     <span class='ocr_line' id='line_1_110' title="bbox 2258 5201 3843 5275; baseline -0.008 -11"><span class='ocrx_word' id='word_1_860' title='bbox 2258 5211 2529 5264; x_wconf 89' lang='lat' dir='ltr'><strong>sibilitatis</strong></span> <span class='ocrx_word' id='word_1_861' title='bbox 2556 5207 3034 5265; x_wconf 88' lang='lat' dir='ltr'><strong>contradictionem</strong></span> <span class='ocrx_word' id='word_1_862' title='bbox 3074 5220 3198 5261; x_wconf 88' lang='lat' dir='ltr'><strong>esse</strong></span> <span class='ocrx_word' id='word_1_863' title='bbox 3215 5218 3334 5275; x_wconf 86' lang='lat' dir='ltr'><strong>qute</strong></span> <span class='ocrx_word' id='word_1_864' title='bbox 3369 5203 3499 5257; x_wconf 88' lang='lat' dir='ltr'><strong>dicit</strong></span> <span class='ocrx_word' id='word_1_865' title='bbox 3527 5217 3634 5255; x_wconf 90' lang='lat' dir='ltr'><strong>non</strong></span> <span class='ocrx_word' id='word_1_866' title='bbox 3667 5201 3843 5268; x_wconf 86' lang='lat' dir='ltr'><strong>possi-</strong></span> 
     </span>
    </p>
   </div>
   <div class='ocr_carea' id='block_1_111' title="bbox 2255 5291 3850 5375">
    <p class='ocr_par' dir='ltr' id='par_1_111' title="bbox 2255 5291 3850 5375">
     <span class='ocr_line' id='line_1_111' title="bbox 2255 5291 3850 5375; baseline -0.009 -16"><span class='ocrx_word' id='word_1_867' title='bbox 2255 5303 2365 5359; x_wconf 88' lang='lat' dir='ltr'><strong>bile</strong></span> <span class='ocrx_word' id='word_1_868' title='bbox 2392 5318 2540 5375; x_wconf 86' lang='lat' dir='ltr'><strong>esse,</strong></span> <span class='ocrx_word' id='word_1_869' title='bbox 2576 5301 2706 5357; x_wconf 87' lang='lat' dir='ltr'><strong>illud</strong></span> <span class='ocrx_word' id='word_1_870' title='bbox 2735 5311 2882 5356; x_wconf 90' lang='lat' dir='ltr'><strong>certe</strong></span> <span class='ocrx_word' id='word_1_871' title='bbox 2911 5315 3136 5357; x_wconf 87' lang='lat' dir='ltr'><strong>necesse</strong></span> <span class='ocrx_word' id='word_1_872' title='bbox 3167 5308 3250 5354; x_wconf 90' lang='lat' dir='ltr'><strong>est</strong></span> <span class='ocrx_word' id='word_1_873' title='bbox 3278 5298 3327 5352; x_wconf 91' lang='lat' dir='ltr'><strong>ei</strong></span> <span class='ocrx_word' id='word_1_874' title='bbox 3350 5296 3530 5351; x_wconf 84' lang='lat' dir='ltr'><strong>dicere</strong></span> <span class='ocrx_word' id='word_1_875' title='bbox 3556 5291 3698 5364; x_wconf 90' lang='lat' dir='ltr'><strong>quod</strong></span> <span class='ocrx_word' id='word_1_876' title='bbox 3725 5306 3850 5361; x_wconf 88' lang='lat' dir='ltr'><strong>pos-</strong></span> 
     </span>
    </p>
   </div>
   <div class='ocr_carea' id='block_1_112' title="bbox 2256 5385 3852 5463">
    <p class='ocr_par' dir='ltr' id='par_1_112' title="bbox 2256 5385 3852 5463">
     <span class='ocr_line' id='line_1_112' title="bbox 2256 5385 3852 5463; baseline -0.008 -11"><span class='ocrx_word' id='word_1_877' title='bbox 2256 5397 2530 5453; x_wconf 88' lang='lat' dir='ltr'><strong>sibilitatis</strong></span> <span class='ocrx_word' id='word_1_878' title='bbox 2557 5394 2913 5452; x_wconf 87' lang='lat' dir='ltr'><strong>contradictio</strong></span> <span class='ocrx_word' id='word_1_879' title='bbox 2941 5409 3004 5450; x_wconf 90' lang='lat' dir='ltr'><strong>ea</strong></span> <span class='ocrx_word' id='word_1_880' title='bbox 3035 5394 3104 5448; x_wconf 89' lang='lat' dir='ltr'><strong>sit</strong></span> <span class='ocrx_word' id='word_1_881' title='bbox 3130 5407 3249 5463; x_wconf 78' lang='lat' dir='ltr'><strong>quae</strong></span> <span class='ocrx_word' id='word_1_882' title='bbox 3278 5389 3410 5444; x_wconf 90' lang='lat' dir='ltr'><strong>dicit</strong></span> <span class='ocrx_word' id='word_1_883' title='bbox 3440 5385 3696 5458; x_wconf 84' lang='lat' dir='ltr'><strong>possibile</strong></span> <span class='ocrx_word' id='word_1_884' title='bbox 3727 5396 3852 5440; x_wconf 82' lang='lat' dir='ltr'><strong>esse</strong></span> 
     </span>
    </p>
   </div>
   <div class='ocr_carea' id='block_1_113' title="bbox 2257 5484 3846 5561">
    <p class='ocr_par' dir='ltr' id='par_1_113' title="bbox 2257 5484 3846 5561">
     <span class='ocr_line' id='line_1_113' title="bbox 2257 5484 3846 5561; baseline -0.009 -14"><span class='ocrx_word' id='word_1_885' title='bbox 2257 5507 2366 5548; x_wconf 88' lang='lat' dir='ltr'><strong>non</strong></span> <span class='ocrx_word' id='word_1_886' title='bbox 2391 5507 2513 5550; x_wconf 87' lang='lat' dir='ltr'><strong>esse</strong></span> <span class='ocrx_word' id='word_1_887' title='bbox 2538 5533 2553 5557; x_wconf 87' lang='lat'><strong>.</strong></span> <span class='ocrx_word' id='word_1_888' title='bbox 2604 5491 2698 5548; x_wconf 84' lang='lat' dir='ltr'><strong>sed</strong></span> <span class='ocrx_word' id='word_1_889' title='bbox 2742 5499 2984 5561; x_wconf 69' lang='lat' dir='ltr'><strong>utraeque</strong></span> <span class='ocrx_word' id='word_1_890' title='bbox 3031 5488 3184 5542; x_wconf 65' lang='lat' dir='ltr'><strong>falsae</strong></span> <span class='ocrx_word' id='word_1_891' title='bbox 3205 5497 3330 5542; x_wconf 87' lang='lat' dir='ltr'><strong>sunt</strong></span> <span class='ocrx_word' id='word_1_892' title='bbox 3355 5484 3427 5540; x_wconf 88' lang='lat' dir='ltr'><strong>de</strong></span> <span class='ocrx_word' id='word_1_893' title='bbox 3454 5493 3676 5537; x_wconf 87' lang='lat' dir='ltr'><strong>necesse</strong></span> <span class='ocrx_word' id='word_1_894' title='bbox 3705 5491 3846 5534; x_wconf 85' lang='lat' dir='ltr'><strong>esse.</strong></span> 
     </span>
    </p>
   </div>
   <div class='ocr_carea' id='block_1_114' title="bbox 2254 5570 3848 5656">
    <p class='ocr_par' dir='ltr' id='par_1_114' title="bbox 2254 5570 3848 5656">
     <span class='ocr_line' id='line_1_114' title="bbox 2254 5570 3848 5656; baseline -0.011 -16"><span class='ocrx_word' id='word_1_895' title='bbox 2254 5585 2385 5640; x_wconf 81' lang='lat' dir='ltr'><strong>Nam</strong></span> <span class='ocrx_word' id='word_1_896' title='bbox 2411 5587 2553 5656; x_wconf 88' lang='lat' dir='ltr'><strong>quod</strong></span> <span class='ocrx_word' id='word_1_897' title='bbox 2582 5599 2807 5641; x_wconf 89' lang='lat' dir='ltr'><strong>necesse</strong></span> <span class='ocrx_word' id='word_1_898' title='bbox 2827 5593 2930 5649; x_wconf 89' lang='lat' dir='ltr'><strong>est,</strong></span> <span class='ocrx_word' id='word_1_899' title='bbox 2959 5582 3075 5636; x_wconf 86' lang='lat' dir='ltr'><strong>fieri</strong></span> <span class='ocrx_word' id='word_1_900' title='bbox 3100 5595 3207 5636; x_wconf 91' lang='lat' dir='ltr'><strong>non</strong></span> <span class='ocrx_word' id='word_1_901' title='bbox 3237 5587 3414 5648; x_wconf 85' lang='lat' dir='ltr'><strong>potest</strong></span> <span class='ocrx_word' id='word_1_902' title='bbox 3443 5586 3500 5632; x_wconf 91' lang='lat' dir='ltr'><strong>ut</strong></span> <span class='ocrx_word' id='word_1_903' title='bbox 3530 5589 3638 5631; x_wconf 88' lang='lat' dir='ltr'><strong>non</strong></span> <span class='ocrx_word' id='word_1_904' title='bbox 3669 5570 3848 5641; x_wconf 89' lang='lat' dir='ltr'><strong>possi-</strong></span> 
     </span>
    </p>
   </div>
   <div class='ocr_carea' id='block_1_115' title="bbox 2252 5669 3849 5748">
    <p class='ocr_par' dir='ltr' id='par_1_115' title="bbox 2252 5669 3849 5748">
     <span class='ocr_line' id='line_1_115' title="bbox 2252 5669 3849 5748; baseline -0.011 -12"><span class='ocrx_word' id='word_1_905' title='bbox 2252 5681 2360 5736; x_wconf 89' lang='lat' dir='ltr'><strong>bile</strong></span> <span class='ocrx_word' id='word_1_906' title='bbox 2389 5682 2484 5735; x_wconf 86' lang='lat' dir='ltr'><strong>sit.</strong></span> <span class='ocrx_word' id='word_1_907' title='bbox 2521 5683 2586 5735; x_wconf 72' lang='grc' dir='ltr'><strong>ιςι</strong></span> <span class='ocrx_word' id='word_1_908' title='bbox 2627 5692 2813 5735; x_wconf 87' lang='lat' dir='ltr'><strong>rursus</strong></span> <span class='ocrx_word' id='word_1_909' title='bbox 2837 5676 2982 5748; x_wconf 91' lang='lat' dir='ltr'><strong>quod</strong></span> <span class='ocrx_word' id='word_1_910' title='bbox 3006 5689 3230 5732; x_wconf 82' lang='lat' dir='ltr'><strong>necesse</strong></span> <span class='ocrx_word' id='word_1_911' title='bbox 3249 5682 3353 5737; x_wconf 87' lang='lat' dir='ltr'><strong>est.</strong></span> <span class='ocrx_word' id='word_1_912' title='bbox 3389 5674 3504 5728; x_wconf 81' lang='lat' dir='ltr'><strong>ﬁeri</strong></span> <span class='ocrx_word' id='word_1_913' title='bbox 3533 5684 3641 5724; x_wconf 86' lang='lat' dir='ltr'><strong>non</strong></span> <span class='ocrx_word' id='word_1_914' title='bbox 3670 5669 3849 5737; x_wconf 88' lang='lat' dir='ltr'><strong>potest</strong></span> 
     </span>
    </p>
   </div>
   <div class='ocr_carea' id='block_1_116' title="bbox 2251 5749 3849 5840">
    <p class='ocr_par' dir='ltr' id='par_1_116' title="bbox 2251 5749 3849 5840">
     <span class='ocr_line' id='line_1_116' title="bbox 2251 5749 3849 5840; baseline -0.014 -10"><span class='ocrx_word' id='word_1_915' title='bbox 2251 5787 2309 5830; x_wconf 86' lang='lat' dir='ltr'><strong>ut</strong></span> <span class='ocrx_word' id='word_1_916' title='bbox 2352 5773 2611 5840; x_wconf 84' lang='lat' dir='ltr'><strong>possibile</strong></span> <span class='ocrx_word' id='word_1_917' title='bbox 2652 5773 2729 5826; x_wconf 89' lang='lat' dir='ltr'><strong>sit</strong></span> <span class='ocrx_word' id='word_1_918' title='bbox 2759 5749 2866 5825; x_wconf 83' lang='lat' dir='ltr'><strong>non</strong></span> <span class='ocrx_word' id='word_1_919' title='bbox 2895 5755 3039 5825; x_wconf 80' lang='lat' dir='ltr'><strong>esse.</strong></span> <span class='ocrx_word' id='word_1_920' title='bbox 3081 5768 3292 5823; x_wconf 76' lang='lat' dir='ltr'><strong>Rursus</strong></span> <span class='ocrx_word' id='word_1_921' title='bbox 3319 5766 3531 5819; x_wconf 85' lang='lat' dir='ltr'><strong>videtur</strong></span> <span class='ocrx_word' id='word_1_922' title='bbox 3556 5763 3698 5817; x_wconf 90' lang='lat' dir='ltr'><strong>idem</strong></span> <span class='ocrx_word' id='word_1_923' title='bbox 3730 5769 3849 5811; x_wconf 88' lang='lat' dir='ltr'><strong>esse</strong></span> 
     </span>
    </p>
   </div>
   <div class='ocr_carea' id='block_1_117' title="bbox 2251 5850 3848 5925">
    <p class='ocr_par' dir='ltr' id='par_1_117' title="bbox 2251 5850 3848 5925">
     <span class='ocr_line' id='line_1_117' title="bbox 2251 5850 3848 5925; baseline -0.014 0"><span class='ocrx_word' id='word_1_924' title='bbox 2251 5864 2506 5925; x_wconf 72' lang='lat' dir='ltr'><strong>possibile</strong></span> <span class='ocrx_word' id='word_1_925' title='bbox 2527 5863 2690 5922; x_wconf 86' lang='lat' dir='ltr'><strong>incidi</strong></span> <span class='ocrx_word' id='word_1_926' title='bbox 2717 5871 2775 5922; x_wconf 88' lang='lat' dir='ltr'><strong>et</strong></span> <span class='ocrx_word' id='word_1_927' title='bbox 2802 5877 2913 5921; x_wconf 87' lang='lat' dir='ltr'><strong>non</strong></span> <span class='ocrx_word' id='word_1_928' title='bbox 2936 5859 3123 5920; x_wconf 90' lang='lat' dir='ltr'><strong>incidi.</strong></span> <span class='ocrx_word' id='word_1_929' title='bbox 3154 5857 3494 5918; x_wconf 81' lang='lat' dir='ltr'><strong>Possibilitas</strong></span> <span class='ocrx_word' id='word_1_930' title='bbox 3527 5850 3848 5914; x_wconf 71' lang='lat' dir='ltr'><strong>euictaftir~</strong></span> 
     </span>
    </p>
   </div>
  </div>
