4296 6266
627 369 731 425 615

1868 369 1981 427 AN.
2020 370 2229 429 MANL.
2269 371 2424 428 δεῖν.
2464 373 2688 428 BOETII

3794 368 3900 425 616

625 480 753 551 quid
785 482 952 552 ipsius
982 487 1159 534 textus
1189 478 1348 533 verba
1378 476 1729 543 denuntient,
1754 494 1878 535 cum
1909 491 2068 537 etlam
2115 482 2213 537 ad-
2239 485 2292 543 Δ
2319 485 2511 541 nabilia
2539 495 2679 550 sunt,
2711 500 2812 539 una
2842 486 2912 540 sit
2935 485 3165 555 species,
3199 495 3376 541 tamen
3404 500 3473 542 ne
3497 484 3551 541 in
3577 485 3659 541 nis
3680 485 3896 557 quidem

627 573 929 629 miniculari
977 570 1099 640 quis
1130 570 1322 626 debeat
1366 570 1612 625 obscuris
1648 573 1902 627 sensibus
1958 575 2212 643 patientia

626 673 785 734 atque
810 675 1097 726 consensu,
1136 659 1279 730 quod
1302 661 1371 715 ad
1402 662 1728 717 sententiam
1774 662 1952 732 potius
1981 663 2213 719 dicentis

628 762 872 825 spectet,
923 753 1028 807 etsi
1068 767 1378 807 sermonum
1420 752 1559 807 ratio
1588 753 1657 806 ita
1704 768 1811 807 non
1857 752 2069 808 habeat.
2104 753 2214 809 Hoc

625 862 756 916 ergo
779 847 849 899 ita
890 846 1186 901 constituto
1213 846 1554 900 manifestutn
1584 854 1686 911 est,
1716 844 1923 901 scilicet
1946 860 2051 900 nou
2096 859 2214 899 om-

627 954 724 995 nes
746 949 1041 1009 potestates
1061 940 1304 1010 opposita
1344 940 1544 1006 valere,
1578 939 1673 993 sed
1717 955 1838 994 esse
1869 939 2127 1009 quasdam
2157 938 2214 993 in

628 1033 823 1102 quibus
850 1048 957 1088 non
993 1033 1062 1087 sit
1106 1048 1294 1088 verum
1322 1032 1503 1086 dicere
1548 1031 1801 1101 quoniam
1847 1031 2088 1101 opposita
2114 1045 2212 1083 va-

629 1125 760 1186 lent,
792 1132 845 1177 et
879 1122 1037 1178 datur
1065 1124 1371 1191 exemplum
1404 1124 1458 1176 in
1489 1122 1572 1176 his
1594 1122 1806 1192 quidem
1835 1138 1954 1191 quae
1998 1121 2212 1176 irratio-

626 1220 875 1275 nabiliter
897 1227 1140 1287 possunt,
1174 1216 1229 1271 id
1274 1228 1357 1271 est
1401 1231 1505 1270 ιιοιι
1535 1216 1835 1271 secundum
1860 1215 2091 1284 aliquam
2128 1229 2211 1269 ra-

628 1312 852 1373 tionem,
878 1323 1104 1378 quarum
1150 1306 1359 1362 scilicet
1400 1314 1725 1375 potestatum
1752 1304 1905 1360 reddi
1936 1304 2076 1357 ratio
2107 1317 2213 1358 non

626 1414 836 1476 p0test,
868 1401 1009 1472 quod
1058 1401 1289 1471 ipsarum
1338 1398 1408 1452 sit
1437 1408 1657 1464 natura,
1695 1407 1754 1451 ut
1780 1396 2033 1467 quoniam
2077 1394 2213 1464 ignis

628 1494 997 1554 calcfactibilis
1017 1503 1120 1557 est,
1144 1492 1346 1547 idcirco
1366 1491 1433 1546 de
1457 1505 1522 1546 eo
1552 1491 1687 1546 ratio
1706 1489 1854 1544 reddi
1881 1503 1988 1544 non
2014 1494 2209 1557 potest.

626 1589 741 1646 Hoc
784 1600 1014 1655 namque
1058 1585 1135 1639 illi
1185 1583 1499 1639 naturaliter
1524 1582 1697 1647 adest,
1745 1589 1802 1635 ut
1850 1579 1965 1634 hate
1995 1577 2211 1647 quidem

628 1680 767 1750 ignis
796 1686 1037 1748 potestas
1062 1690 1167 1730 non
1198 1674 1374 1729 valeat
1405 1672 1670 1743 opposita,
1722 1671 1850 1725 licet
1876 1670 1947 1724 sit
1996 1669 2211 1723 irratio-

631 1771 842 1828 nabilis.
876 1769 1006 1835 Qua:
1035 1782 1162 1822 vero
1189 1764 1534 1820 rationabiles
1555 1770 1701 1827 sunt,
1730 1769 1787 1816 ct
1816 1759 2108 1815 secundum
2136 1773 2215 1812 ra-

2314 574 2538 631 inveuiri
2573 585 2748 646 potest
2772 586 2831 631 ut
2856 576 2908 631 in
2930 577 3178 632 omnibus
3199 578 3385 632 eadem
3416 577 3489 632 sit
3508 580 3897 633 contrariorum

2315 678 2570 738 potestas,
2600 679 2657 723 ut
2678 671 2747 725 de
2777 670 2897 740 igne
2925 671 3065 739 quod
3089 684 3250 738 supra
3277 669 3475 724 dictum
3504 679 3606 725 est.
3631 669 3763 725 Nam
3780 684 3900 726 cum

2314 760 2431 830 ejus
2462 760 2843 815 irrationabilis
2879 763 2949 815 sit
2994 769 3261 829 potestas,
3298 776 3404 815 non
3459 771 3636 815 tamen
3671 760 3791 815 talis
3818 769 3905 816 est

2314 860 2373 907 ut
2392 853 2457 906 ad
2488 854 2753 908 contraria
2780 855 3152 909 transferatur.
3182 853 3349 908 Recte
3381 854 3543 921 igitur
3572 854 3771 909 dictum
3796 864 3899 922 est,

2315 944 2566 1012 quoniam
2597 958 2770 1013 neque
2798 959 2915 1014 qua:
2938 944 3039 999 sub
3067 944 3253 999 eadem
3284 946 3464 1013 specie
3494 954 3618 999 sunt
3648 953 3902 1016 poterunt

2314 1033 2494 1087 omnia
2542 1034 2931 1088 contrariorum
2964 1049 3084 1089 esse
3121 1035 3381 1103 potentia.
3413 1035 3546 1089 Nam
3593 1050 3714 1089 cum
3763 1035 3904 1107 ignis

2314 1132 2552 1193 potestas
2588 1139 2711 1179 cum
2742 1126 2860 1180 aliis
2884 1126 3132 1179 omnibus
3160 1125 3513 1195 potestatibus
3552 1125 3903 1181 irrationabi—

2316 1218 2459 1273 libus
2484 1219 2583 1273 sub
2602 1234 2666 1273 ea
2688 1219 2759 1272 sit
2784 1218 2960 1286 specie
2981 1233 3101 1287 qua:
3130 1218 3506 1272 irrationabilis
3529 1228 3612 1272 est
3637 1227 3899 1286 potestas,

2315 1318 2493 1364 tamen
2544 1327 2651 1364 non
2683 1309 2827 1363 valet
2869 1311 3132 1379 opposita.
3164 1314 3335 1379 Atque
3379 1310 3481 1364 hoc
3510 1309 3721 1379 quidem
3754 1310 3900 1380 quod

2315 1410 2579 1456 attentare
2609 1403 2776 1471 possit
2797 1410 2961 1455 totam
2989 1402 3340 1471 quaestionem
3361 1441 3376 1466 ,
3404 1416 3512 1455 non
3551 1412 3729 1455 tamen
3763 1400 3901 1454 vali-

2315 1493 2541 1548 dissime
2584 1492 2885 1548 dissolvere
2931 1493 3303 1561 praediximus.
3331 1491 3484 1558 Quod
3515 1505 3642 1546 vero
3671 1492 3903 1546 maxime

2315 1583 2511 1653 dirigat
2528 1583 2912 1637 dubitationem
2934 1582 3442 1650 ambiguitatemque
3460 1580 3771 1647 constituat,
3791 1580 3903 1644 ipse

2316 1675 2628 1729 continuata
2658 1674 2901 1728 oratione
2931 1672 3136 1727 addidit
3163 1673 3349 1726 dicens
3382 1691 3394 1724 :

2388 1770 2638 1835 Quadam
2684 1786 2799 1825 vero
2842 1778 3111 1840 potestates
3152 1769 3422 1838 mquivoca:
3458 1773 3595 1819 sunt.
3650 1761 3901 1817 Possibile

628 1862 935 1919 tlonabilcm
993 1866 1310 1929 potestatem
1365 1856 1570 1911 easdem
1627 1854 1982 1924 plurimorum
2045 1852 2210 1906 etiam
2240 1858 2291 1917 B
2314 1863 2450 1915 enim
2480 1878 2580 1916 ηοη
2608 1861 2907 1932 simpliciter
2936 1861 3149 1926 dicitur,
3193 1858 3283 1912 sed
3309 1860 3402 1910 hoc
3429 1857 3631 1925 quidam
3659 1854 3900 1922 quoniam

626 1956 1016 2015 contrariorum
1048 1961 1190 2007 sunt.
1234 1950 1366 2005 Nam
1394 1940 1587 2019 quibu's
1618 1947 1755 2001 ratio
1784 1946 2111 2011 dominatur,
2143 1943 2212 1997 ad

626 2058 853 2119 utraque
877 2047 1122 2116 opposita
1154 2052 1342 2098 natura
1370 2043 1607 2111 ipsorum
1639 2050 1759 2106 apta
1788 2046 1892 2102 est,
1921 2046 1976 2091 ut
2004 2036 2211 2092 eaedem

626 2148 919 2212 potestates
947 2139 1056 2193 sint
1082 2136 1435 2207 plurimorum
1460 2148 1579 2202 quae
1609 2142 1734 2185 sunt
1762 2129 2054 2196 contraria,
2088 2138 2144 2182 ut
2164 2127 2210 2182 si

595 2252 709 2295 -eSt
737 2238 867 2293 mihi
894 2234 1146 2307 possibile
1166 2232 1463 2297 ambulare,
1494 2228 1748 2299 quoniam
1778 2226 1881 2280 hoc
1906 2240 1974 2280 ex
2005 2224 2212 2279 ratione

586 2370 589 2375 ›
627 2340 684 2389 et
710 2330 987 2386 voluntate
1031 2325 1123 2393 fit,
1158 2327 1227 2380 sit
1255 2322 1510 2395 possibile
1558 2335 1663 2375 non
1695 2318 1971 2373 ambulare
1994 2361 2008 2385 ,
2037 2326 2091 2371 et
2131 2325 2214 2370 est

625 2424 730 2481 hoc
753 2419 1033 2492 potestatis
1062 2433 1170 2473 non
1192 2416 1370 2484 unius,
1399 2414 1493 2469 sed
1520 2413 1897 2482 plurimorum,
1917 2422 2213 2477 eorumque

626 2516 1016 2573 contrariorum
1044 2529 1059 2566 :
1090 2512 1216 2566 licet
1266 2509 1411 2565 enim
1457 2506 1745 2561 affirmatio
1790 2512 1845 2560 et
1891 2502 2105 2572 negatio
2144 2501 2215 2555 sit

625 2603 1021 2678 quodammodo
1049 2601 1327 2657 ambulare
1345 2608 1401 2655 et
1421 2614 1528 2655 non
1546 2598 1843 2662 ambulare,
1870 2605 2046 2650 tamen
2072 2609 2214 2648 nunc.

625 2703 695 2756 ab
746 2696 1038 2755 Aristotele
1078 2695 1133 2749 in
1183 2692 1441 2749 contrarii
1484 2693 1604 2746 vice
1646 2689 1969 2759 disponitur,
2014 2697 2069 2743 et
2113 2687 2216 2741 hoc

626 2791 843 2865 quidem
874 2790 928 2843 in
954 2786 1205 2845 omnibus
1256 2782 1667 2839 rationabilibus
1696 2780 2056 2850 potestatibus
2104 2778 2215 2844 pla-

628 2896 757 2938 num
785 2888 887 2945 est,
915 2893 1007 2933 eas
1033 2876 1383 2947 plurimorum
1414 2887 1536 2928 esse
1559 2870 1952 2927 contrariorum
1977 2881 2217 2940 etoppo-

624 2975 727 3030 sita
756 2974 956 3028 valere.
986 2968 1118 3037 Quae.
1148 2982 1277 3022 vero
1306 2964 1601 3021 secundum
1626 2964 1893 3019 rationem
1921 2977 2030 3017 nou
2063 2970 2213 3028 sunt,

630 3067 758 3121 licet
783 3065 895 3121 sint
917 3059 1163 3131 quaedam
1189 3072 1309 3128 qua:
1348 3057 1593 3125 opposita
1620 3054 1865 3122 valeant,
1895 3069 2004 3108 non
2036 3063 2213 3107 tamen

626 3157 827 3214 omnia.
863 3153 994 3209 Nam
1029 3166 1150 3208 cum
1181 3162 1317 3219 aqua
1346 3145 1712 3218 frigefaciendi
1740 3146 1934 3202 habeat
1972 3153 2214 3215 potesta-

2314 1970 2487 2007 verum
2511 1964 2583 2008 est
2612 1964 2668 2007 ut
2690 1954 2745 2007 in
2772 1962 2912 2016 actu,
2933 1962 2987 2005 ut
3016 1950 3253 2021 possibile
3276 1959 3348 2003 est
3371 1948 3633 2001 ambulare
3659 1945 3900 2013 quoniam

2315 2048 2572 2111 ambulat,
2615 2057 2663 2100 et
2694 2047 2905 2099 omnino
2930 2043 3166 2115 possibile
3204 2053 3278 2098 est
3311 2058 3417 2097 esse
3443 2040 3685 2111 quoniam
3701 2043 3901 2111 jamest

2315 2147 2431 2191 actu
2455 2138 2591 2208 quod
2617 2137 2803 2191 dicitur
2830 2134 3085 2207 possibile.
3116 2132 3261 2188 Illud
3289 2149 3403 2187 vero
3424 2135 3663 2203 quoniam
3689 2131 3901 2200 forsitan

2315 2238 2449 2300 aget,
2477 2238 2530 2281 ut
2559 2227 2799 2300 possibile
2824 2237 2897 2282 est
2924 2228 3186 2281 ambulare
3205 2225 3444 2296 quoniam
3465 2225 3642 2294 forsan
3670 2222 3901 2277 ambula-

2318 2321 2407 2387 bit,
2438 2332 2485 2374 et
2516 2325 2622 2374 luet:
2650 2321 2853 2391 quidem
2887 2320 2941 2371 in
2975 2317 3241 2372 mobilibus
3271 2316 3391 2370 solis
3420 2324 3492 2369 est
3526 2325 3776 2387 potestas,
3808 2313 3901 2369 illa

2316 2429 2468 2482 vero,
2492 2422 2542 2467 et
2569 2414 2624 2466 in
2653 2411 3014 2465 immobilibus.
3056 2410 3123 2463 In
3164 2409 3388 2480 utrisque
3425 2420 3590 2463 autem
3627 2422 3797 2461 verum
3826 2418 3900 2461 est

2317 2504 2483 2557 dicere
2509 2519 2610 2557 non
2640 2504 2949 2571 impossibile
2978 2518 3084 2556 esse
3109 2500 3390 2564 ambulare,
3419 2500 3496 2554 vel
3528 2516 3656 2565 esse,
3686 2509 3734 2551 et
3764 2499 3900 2567 quod

2317 2597 2659 2665 ambulantia,
2683 2606 2731 2650 et
2759 2598 2864 2666 agit
2885 2605 2932 2649 et
2954 2593 3262 2649 ambulabile
3278 2592 3385 2647 ‘est.
3412 2591 3501 2648 Sic
3526 2607 3643 2662 ergo
3664 2588 3902 2660 possibile

2318 2710 2421 2747 non
2446 2703 2518 2746 est
2545 2708 2718 2746 cetum
2742 2692 2807 2745 de
2835 2691 3118 2745 necessario
3142 2690 3441 2757 simpliciter
3461 2686 3648 2751 dicere,
3682 2687 3901 2738 alterum

2318 2797 2486 2841 autem
2509 2786 2675 2839 dicere
2694 2799 2868 2838 verum
2888 2791 2985 2837 est.
3022 2783 3191 2850 Quare
3217 2780 3456 2852 quoniam
3482 2786 3675 2847 partem
3696 2778 3900 2831 univer-

2317 2880 2425 2931 sale
2467 2878 2714 2946 sequitur,
2761 2874 2893 2928 illud
2933 2875 3067 2943 quod
3108 2890 3172 2928 ea;
3210 2873 3507 2926 necessitate
3549 2879 3641 2937 est,
3682 2870 3902 2941 sequitur

2319 2986 2464 3040 posse
2493 2985 2621 3034 esse,
2646 2969 2736 3023 sed
2766 2984 2866 3022 non
2896 2968 3120 3020 omnino.

2392 3062 2528 3128 Quid
2570 3062 2685 3116 haec
2713 3061 2981 3116 sententia
3010 3060 3310 3114 contineret
3334 3072 3496 3128 quam
3526 3072 3667 3112 nunc
3697 3056 3897 3111 Aristo~

2320 3153 2457 3209 teles
2490 3152 2807 3224 proposuit,
2845 3153 3031 3223 quinto
3074 3150 3290 3220 quidem
3324 3150 3459 3205 libro
3492 3151 3775 3220 diligenter
3802 3162 3873 3203 ex

629 3258 736 3307 ιειῐὶ
767 3246 911 3318 (ιυοά
942 3242 1313 3300 ίηδιίοηδδίιθ
1340 3249 1453 3307 εει.
1482 3249 1536 3295 ει
1563 3239 1611 3295 εί
1638 3252 1824 3293 rursus
1845 3238 1952 3292 alia
1981 3246 2219 3307 POlBSlaS
2243 3232 2297 3299 (ἶ
2325 3248 2620 3318 pressimus
2647 3255 2704 3301 et
2730 3260 2873 3300 nunc
2898 3260 3017 3299 eam
3054 3244 3287 3298 breviter
3314 3257 3694 3312 exsequamur.
3729 3244 3898 3311 Expo~

626 3338 1005 3406 calefaciendi,
1031 3352 1153 3392 cum
1187 3335 1303 3407 ipsa
1333 3335 1404 3389 sit
1446 3333 1729 3399 calefacta,
1754 3330 1850 3387 sed
1877 3344 1985 3385 non
2016 3330 2072 3384 in
2099 3344 2216 3383 om-

629 3439 791 3493 nibus
822 3432 1182 3504 potestatibus
1225 3426 1681 3500 irrationabilibus
1712 3427 1815 3478 hoc
1844 3421 2074 3477 inveniri
2120 3435 2208 3492 po-

628 3538 757 3587 test.
796 3526 936 3598 Ignis
977 3524 1120 3581 enim
1161 3524 1255 3593 (ut
1283 3521 1484 3576 dictum
1521 3520 1643 3588 est)
1673 3531 1833 3572 unam
1863 3512 2216 3571 calefaciendi

628 3628 835 3677 tantum
888 3614 1099 3670 videtur
1140 3611 1337 3667 habere
1390 3616 1748 3680 potestatem,
1783 3606 1883 3660 hoc
1940 3605 2080 3661 enim
2131 3611 2217 3658 est

628 3707 773 3780 quod
800 3706 875 3762 ait
900 3721 914 3758 :
948 3702 1347 3760 irrationabiles
1375 3714 1506 3755 vero
1534 3714 1637 3753 non
1668 3711 1876 3761 omnes,
1910 3695 1964 3750 id
1993 3703 2075 3749 est
2118 3708 2215 3764 0p-

629 3800 801 3872 posita
831 3796 1032 3862 valent,
1060 3794 1155 3849 sed
1199 3790 1647 3864 quemadmodum
1677 3789 1877 3843 dictum
1909 3795 2013 3849 est,
2038 3788 2215 3854 ignem

628 3906 737 3948 non
768 3899 852 3948 est
873 3888 1128 3959 possibile
1154 3885 1451 3943 calefacere
1476 3891 1531 3939 et
1548 3898 1655 3938 non
1679 3880 1993 3944 calefacere,
2025 3880 2213 3933 datur-

629 4001 735 4057 que
764 3985 818 4040 in
859 3982 1107 4038 omnibus
1134 3980 1317 4051 regula
1347 3994 1468 4049 qua:
1500 3992 1605 4032 non
1636 3975 1744 4032 sint
1780 3973 2057 4044 possibilia
2087 3987 2217 4028 con-

628 4083 937 4144 trariorum,
970 4093 1032 4133 ea
1079 4077 1285 4133 scilicet
1334 4090 1453 4144 qua;
1505 4088 1718 4143 semper
1743 4088 1904 4128 unam
1936 4086 2051 4128 rem
2092 4078 2215 4125 actu

625 4173 940 4237 continent,
979 4178 1036 4223 ut
1085 4169 1223 4239 ignis
1261 4181 1478 4235 semper
1523 4168 1697 4230 calet,
1732 4165 1811 4220 sol
1848 4179 2061 4235 semper
2104 4176 2217 4217 mo-

626 4272 782 4320 vetur
803 4303 817 4326 ,
843 4272 899 4317 et
925 4269 1117 4315 caetera
1162 4257 1463 4326 huiusmodi
1486 4298 1500 4321 ,
1532 4258 1671 4324 quod
1707 4273 1802 4327 per
1830 4257 1933 4312 hoc
1957 4258 2033 4311 ait
2073 4255 2216 4324 quod

625 4359 799 4413 dixit:
822 4354 1002 4422 Neque
1030 4364 1359 4419 quaecunque
1381 4349 1485 4401 alia
1507 4363 1722 4418 semper
1746 4359 1931 4416 agunt,
1956 4348 2058 4402 alia
2085 4362 2215 4402 vero

631 4456 854 4520 possunt
883 4444 1125 4516 quaedam
1155 4442 1424 4511 opposita,
1469 4442 1633 4496 etiam
1664 4440 1957 4496 secundum
1998 4441 2217 4497 irratio-

628 4536 835 4595 nabiles
880 4542 1193 4604 potestates,
1227 4541 1285 4587 ut
1331 4531 1531 4587 dictum
1576 4540 1661 4587 est
1690 4531 1758 4587 de
1787 4548 1943 4602 aqua.
1978 4534 2081 4588 Sed
2114 4531 2218 4588 hoc

630 4635 830 4690 ideirco
860 4632 1061 4687 dictum
1098 4646 1217 4687 esse
1249 4637 1494 4694 testatur,
1523 4640 1574 4683 ut
1605 4644 2053 4699 cognosceremus
2081 4630 2214 4686 nihil

628 4727 846 4785 evenire
874 4724 1299 4788 contrariorum,
1330 4724 1377 4776 si
1422 4722 1543 4793 quis
1569 4722 1775 4777 diceret
1806 4722 2211 4792 possibilitatem

627 4818 931 4875 necessario
962 4816 1285 4871 consentire.
1315 4814 1447 4869 Cum
1479 4812 1621 4868 enim
1646 4827 1751 4867 non
1776 4813 1951 4868 omnis
1982 4813 2216 4882 possibi-

630 4910 753 4963 litas
781 4906 1047 4961 contraria
1079 4905 1302 4971 valeret,
1334 4919 1396 4958 ea
1425 4904 1629 4959 scilicet
1650 4904 1953 4958 necessitati
1984 4918 2216 4959 consen-

631 5002 715 5069 tit,
748 5015 867 5072 qua:
895 4998 1165 5053 contraria
1195 5011 1300 5049 non
1328 4995 1489 5060 valet,
1518 4996 1610 5049 sed
1655 5010 1812 5048 uuam
1862 5010 1974 5048 rem
2005 5010 2219 5064 semper

628 5095 757 5164 agit,
792 5092 895 5145 hoc
920 5100 1001 5144 est
1022 5088 1166 5142 enim
1196 5086 1339 5155 quod
1366 5086 1443 5140 ait
1469 5104 1483 5141 :
1505 5087 1613 5143 Sed
1638 5087 1738 5141 hoc
1769 5086 1986 5156 quidem
2016 5087 2215 5143 idcirco

627 5186 832 5241 dictum
851 5193 951 5249 est,
985 5182 1235 5251 quoniam
1262 5194 1368 5233 non
1394 5179 1570 5234 omnis
1589 5188 1822 5249 potestas
1846 5180 2215 5249 oppositorum

628 5286 733 5343 est,
762 5291 862 5331 nec
887 5287 1221 5345 quaecunque
1250 5271 1542 5328 secundum
1587 5272 1830 5326 eamdem
1870 5270 2105 5342 speciem
2137 5273 2222 5327 di-

628 5379 822 5423 cuntur
842 5368 983 5436 quod
1008 5366 1082 5420 ait
1105 5385 1119 5420 :
1142 5364 1253 5421 Nec
1278 5379 1611 5435 quiscunque
1638 5365 1931 5420 secundum
1964 5366 2213 5422 eamdem

628 5460 866 5528 speciem
892 5459 1143 5514 dicuntur
1173 5460 1279 5513 tale
1304 5468 1407 5512 est.
1436 5457 1551 5512 Non
1582 5456 1744 5512 modo
1772 5471 1933 5514 omne
1961 5460 2101 5529 quod
2134 5460 2217 5515 di-

627 5554 768 5609 citur
820 5552 1077 5622 possibile
1131 5551 1523 5609 contrariorum
1563 5566 1684 5608 esse
1730 5567 1838 5607 non
1889 5562 2087 5622 potest,
2121 5552 2216 5611 sed

628 5644 791 5698 etiam
817 5660 878 5701 ea
909 5659 1027 5716 quae
1055 5645 1156 5701 sub
1182 5644 1369 5701 eadem
1402 5645 1583 5716 specie
1626 5655 1775 5713 sunt,
1807 5648 2052 5719 quaedam
2078 5666 2212 5706 con-

627 5735 792 5787 traria
822 5750 930 5789 nou
954 5746 1196 5804 possunt.
1230 5749 1368 5794 utea
1407 5754 1525 5809 qua:
1569 5755 1697 5796 sunt
1741 5742 2212 5801 irrationabilium.

598 5851 611 5857 ’
628 5819 765 5882 illam
785 5837 908 5882 cum
934 5829 1172 5885 omnium
1197 5830 1641 5889 irrationabilium
1670 5834 1726 5890 in
1749 5849 1816 5891 eo
1834 5836 1980 5902 quod
2001 5836 2216 5895 irratio-

2321 3338 2532 3393 sitionis
2556 3337 2696 3393 enim
2724 3351 2886 3392 causa
2911 3334 3276 3403 doctrinaeque
3315 3334 3459 3389 hunc
3489 3333 3778 3389 Secundum
3807 3346 3901 3388 nos

2319 3431 2668 3501 expositionis
2685 3429 2947 3483 sumimus
2964 3428 3222 3493 laborem,
3241 3443 3344 3482 non
3356 3427 3581 3497 augendi
3606 3424 3903 3495 prolixitate

2317 3524 2541 3579 fastidii.
2570 3523 2714 3578 Talis
2742 3536 2872 3593 ergo
2901 3532 2984 3577 est
3013 3522 3280 3577 sententia
3312 3522 3438 3575 tota.
3471 3520 3730 3574 Possibile
3758 3516 3904 3587 quod

2318 3617 2626 3686 frequenter
2667 3614 2721 3668 in
2752 3614 2910 3669 rebus
2936 3612 3165 3669 dicimus
3203 3628 3307 3667 non
3345 3611 3657 3680 simpliciter
3684 3609 3897 3664 dicitur.

2319 3712 2496 3777 Atque
2527 3706 2649 3762 ideo
2682 3705 2933 3775 quoniam
2968 3705 3222 3775 possibile
3248 3718 3276 3756 a
3312 3709 3577 3773 potestate
3607 3701 3904 3759 traductum

2321 3815 2422 3865 est,
2447 3810 2504 3856 ut
2527 3802 2636 3871 ipsa
2659 3790 2868 3870 quoque
2895 3808 3129 3868 potestas
3157 3798 3484 3869 aequivocutn
3514 3804 3617 3851 est.
3648 3794 3757 3848 Hoc
3781 3794 3902 3847 hinc

2321 3893 2661 3950 manifestum
2690 3902 2793 3959 est,
2823 3891 2966 3962 quod
2993 3887 3238 3961 quaedam
3277 3889 3656 3960 possibilitates
3708 3886 3775 3942 ad
3803 3885 3904 3942 hoc

2320 3988 2568 4042 dicuntur
2590 4002 2697 4041 non
2717 3986 2968 4055 quoniam
2988 3992 3238 4054 aguntur,
3262 3983 3356 4038 sed
3385 3982 3639 4053 quoniam
3670 3990 3728 4036 ιιι
3745 3993 3906 4048 agan~

2322 4091 2408 4136 tur
2437 4080 2568 4134 nihil
2599 4078 2841 4149 impedit,
2873 4088 2929 4132 ut
2955 4080 2998 4131 si
3030 4076 3097 4131 de
3124 4078 3306 4145 aliquo
3353 4091 3488 4131 sano
3515 4090 3741 4145 corpore
3793 4087 3906 4127 om-

2322 4172 2585 4243 nibusque
2603 4172 2722 4226 aliis
2741 4185 2859 4240 quas
2888 4169 3147 4239 impedire
3158 4178 3403 4239 poterant
3426 4168 3645 4223 remotis
3661 4165 3902 4228 sedente,

2322 4265 2530 4319 dicatur
2568 4263 2820 4333 possibile
2847 4276 2966 4317 esse
2993 4261 3264 4315 ambulare
3293 4275 3438 4324 eum,
3495 4272 3599 4311 non
3649 4255 3900 4325 quoniam

2323 4356 2579 4423 ambulat,
2603 4356 2697 4412 sed
2724 4356 2974 4428 quoniam
3005 4365 3060 4408 ut
3084 4352 3318 4407 ambulet
3348 4350 3478 4405 nihil
3526 4348 3747 4403 omnino
3774 4362 3900 4416 pro-

2326 4450 2492 4504 hibet.
2522 4447 2779 4515 Quaedam
2805 4462 2934 4503 vero
2954 4444 3332 4517 possibilitates
3360 4442 3427 4495 ita
3472 4440 3721 4495 dicuntur
3766 4451 3900 4507 quo-

2326 4544 2467 4598 niam
2494 4543 2604 4613 jam
2641 4552 2765 4598 actu
2795 4550 2920 4597 sunt
2942 4549 3102 4609 atque
3124 4546 3373 4607 aguntur,
3401 4545 3461 4590 ut
3485 4535 3529 4589 si
3555 4533 3675 4604 quis
3700 4533 3767 4586 de
3793 4547 3901 4585 am-

2325 4637 2538 4692 bulante
2564 4633 2779 4690 homine
2808 4633 2969 4699 dicat,
3002 4629 3254 4701 possibile
3279 4642 3400 4683 esse
3427 4641 3546 4681 eum
3600 4622 3903 4685 ambulare,

2324 4736 2485 4797 atque
2508 4725 2630 4781 ideo
2658 4740 2718 4780 ea
2746 4724 3070 4795 possibilitas
3096 4737 3216 4792 qua:
3247 4735 3352 4775 non
3391 4714 3682 4773 secundum
3730 4726 3903 4768 actum

2326 4820 2556 4889 aliquem
2586 4818 2802 4883 dicitur,
2828 4816 2923 4872 sed
2954 4815 3245 4871 secundum
3274 4812 3326 4867 id
3354 4811 3493 4880 quod
3515 4817 3697 4878 posset
3722 4820 3903 4875 agere,

2327 4911 2522 4967 dicitur
2548 4926 2614 4967 eo
2641 4910 2781 4980 quod
2817 4910 2977 4977 agere
3033 4923 3139 4962 non
3197 4904 3512 4975 prohibetur
3560 4916 3590 4953 a
3648 4908 3906 4969 potestate

2330 5003 2654 5074 possibilitas
2717 5000 3039 5057 nominatur.
3088 4998 3212 5052 Haec
3285 5009 3414 5050 vero
3465 5008 3583 5065 quae
3632 4991 3743 5061 jam
3801 4988 3908 5058 agit

2323 5106 2483 5167 atque
2528 5095 2583 5150 in
2637 5104 2758 5150 actu
2824 5102 2954 5159 est,
3017 5099 3169 5146 actus
3224 5088 3339 5157 ipse
3407 5084 3737 5156 possibilitas
3818 5095 3909 5149 ap-

2327 5187 2570 5257 pellatur.
2629 5186 2757 5240 Dua:
2804 5200 2932 5240 vero
2985 5192 3110 5238 sunt
3134 5180 3549 5249 significationes
3589 5173 3909 5245 possibilita-

2322 5259 2417 5348 tis,
2444 5295 2547 5333 una
2572 5295 2691 5349 qua:
2721 5294 2839 5334 eam
2871 5275 3281 5347 possibilitatem
3335 5273 3600 5341 designat,
3654 5281 3777 5339 qua:
3830 5274 3911 5322 est

2326 5385 2612 5449 potestate,
2644 5389 2765 5447 qua:
2790 5372 3083 5429 secundum
3113 5378 3288 5425 actum
3316 5383 3420 5422 non
3464 5368 3551 5421 sit.
3587 5364 3766 5420 Altera
3792 5375 3912 5433 quia

2329 5483 2447 5524 eam
2476 5467 2879 5538 possibilitatem
2906 5461 3173 5533 significat
3197 5474 3317 5530 quae
3344 5468 3461 5512 actu
3507 5455 3596 5511 sit.
3648 5453 3774 5508 Haec
3822 5466 3913 5504 au-

2332 5572 2437 5618 tem
2466 5560 2791 5632 possibilitas
2811 5572 2931 5629 quas
2957 5557 3067 5626 jam
3091 5563 3213 5609 actu
3236 5561 3339 5619 est,
3364 5557 3455 5605 aut
3475 5562 3539 5603 ex
3565 5552 3828 5616 potestate
3848 5540 3912 5597 ad

2331 5667 2505 5713 actum
2539 5656 2748 5723 transit,
2780 5662 2870 5707 aut
2899 5663 3115 5720 semper
3170 5647 3224 5701 in
3278 5654 3398 5699 actu
3425 5641 3739 5698 naturaliter
3796 5637 3911 5701 fuit,

2331 5759 2391 5805 ut
2411 5766 2530 5805 cum
2561 5749 2719 5803 homo
2748 5762 2813 5801 ex
2842 5759 2909 5801 eo
2935 5742 3077 5814 quod
3104 5742 3256 5795 sedet
3312 5753 3415 5794 non
3457 5735 3712 5798 ambulat,
3744 5737 3915 5801 potest

2333 5840 2628 5904 ambulare,
2660 5850 2817 5905 atque
2844 5836 2967 5893 ideo
2991 5850 3056 5891 ex
3086 5840 3354 5903 potestate
3381 5831 3432 5885 in
3465 5839 3639 5883 actum
3669 5824 3916 5884 vertitur.
