4296 6266
355 298 460 364 Gl?

1076 298 1145 357 IN
1183 297 1439 358 LIBRUM
1478 296 1568 356 ns
1606 279 2258 356 INTERPRETATIONE
2298 299 2526 360 EDlTlO
2563 273 2902 361 saeuam.

3519 305 3631 369 618

357 421 446 476 Sol
472 430 600 474 vero
627 429 751 474 cum
804 422 1069 482 movetur,
1123 432 1394 488 nunquam
1448 431 1513 471 ex
1567 423 1828 484 potestate
1879 415 1934 470 in
1963 417 2016 477 Α
2040 431 2104 470 eo
2135 415 2273 485 quod
2306 416 2370 471 ad
2396 425 2569 472 actum
2600 435 2662 472 ex
2693 426 2957 488 potestate
2982 433 3088 474 non
3133 421 3358 476 venerit.
3410 422 3632 493 Species

357 526 529 568 aetum
557 511 804 567 vertitur.
833 509 1016 580 Neque
1043 512 1183 566 enim
1213 509 1496 580 aliquando
1550 509 1686 563 hunc
1738 519 1940 566 motum

357 620 461 660 non
491 605 618 674 egit.
650 603 830 675 Neque
855 603 989 673 ignis
1016 615 1072 658 ut
1097 619 1234 659 nunc
1260 619 1364 658 non
1406 603 1624 669 caleret,
1655 602 1943 673 aliquando

358 714 463 755 non
487 699 668 754 caluit.
695 699 834 770 Ergo
863 714 926 755 ea
954 715 1139 755 rursus
1165 699 1488 770 possibilitas
1511 714 1629 769 quae
1650 699 1944 754 secundum

359 804 532 850 actum
560 794 788 859 aliquem
813 793 1008 847 dicitur
1033 793 1166 848 duas
1197 794 1334 848 intra
1383 807 1439 846 se
1493 792 1704 862 species
1762 791 1937 846 conti-

358 894 468 953 net,
505 900 661 939 unam
688 898 803 952 quae
832 882 987 938 talem
1019 891 1193 937 actum
1248 881 1614 952 possibilitatis
1670 882 1938 952 designet,

361 994 625 1049 quemque
652 992 755 1033 non
787 991 905 1032 esse
934 993 1040 1031 non
1065 978 1238 1044 liceat,
1268 985 1322 1031 et
1347 977 1461 1031 hmc
1506 976 1705 1031 dicitur
1750 990 1939 1031 neces-

362 1073 496 1126 saria
535 1087 650 1141 qua:
675 1086 941 1139 nunquam
973 1085 1036 1125 ex
1077 1080 1341 1140 patestate
1394 1072 1446 1124 in
1476 1078 1653 1125 actum
1691 1073 1941 1136 vertitur,

361 1163 450 1216 sed
479 1163 528 1216 in
552 1170 670 1217 actu
701 1164 1011 1219 naturaliter
1062 1167 1286 1228 mansit;
1349 1165 1568 1220 alteram
1613 1181 1743 1220 vero
1781 1181 1943 1234 quam

361 1255 512 1307 liceat
540 1263 593 1308 et
621 1269 724 1308 non
750 1269 889 1320 esse,
920 1270 1039 1323 qua:
1069 1255 1272 1309 scilicet
1297 1270 1364 1310 ex
1396 1251 1659 1325 potestate
1685 1257 1738 1310 in
1763 1264 1944 1313 actum

361 1346 624 1416 migravit,
649 1356 701 1400 et
730 1345 831 1400 hoc
863 1362 967 1402 non
995 1349 1356 1402 necessarium
1407 1363 1526 1403 cum
1577 1350 1648 1404 sit
1695 1359 1837 1417 actu,
1893 1361 1948 1406 et

364 1439 477 1494 haec
502 1439 620 1494 talis
653 1439 975 1508 possibilitas
999 1454 1117 1509 quae
1144 1455 1209 1494 ex
1243 1449 1506 1508 potestate
1533 1441 1587 1495 in
1621 1451 1798 1496 actum
1828 1457 1948 1498 ver-

366 1531 511 1599 titur,
547 1531 598 1585 in
630 1532 760 1586 solis
814 1531 1098 1586 mobilibus
1156 1541 1258 1597 est,
1293 1533 1395 1588 hoc
1443 1543 1524 1588 est
1580 1550 1700 1606 quae
1746 1537 1949 1592 moveri

367 1632 615 1691 possunt,
649 1624 762 1678 bare
812 1634 988 1679 autem
1047 1633 1170 1678 sunt
1226 1626 1549 1696 corporalia;
1595 1627 1949 1697 incorporalia

368 1727 495 1768 vero
523 1731 627 1769 non
657 1717 880 1781 moveri,
912 1717 1101 1785 quibus
1141 1719 1437 1775 rationibus
1494 1731 1761 1777 astruatur
1791 1722 1950 1790 paulo

2047 510 2208 578 igitur
2229 510 2472 577 qumdam
2526 511 2626 564 erit
2685 515 2976 568 necessitas
3025 513 3406 582 possibilitatis,
3467 516 3633 588 siqui-

2047 601 2167 655 dem
2196 601 2305 655 illic
2335 601 2547 669 ponitur
2579 603 2664 656 ubi
2717 613 2800 658 est
2848 620 2910 658 ea
2964 606 3288 674 possibilitas
3346 624 3462 678 qua:
3508 619 3633 680 actu

2047 705 2259 760 semper
2287 702 2390 746 est.
2429 691 2581 756 Quod
2613 694 2658 746 si
2689 695 2924 761 speciem
2956 699 3194 766 sequitur
3221 714 3418 768 genus,
3450 709 3504 755 et
3538 702 3630 755 ubi

2047 793 2130 839 est
2160 784 2385 854 species,
2411 801 2577 856 genus
2610 786 2796 842 deesse
2824 802 2929 842 non
2979 798 3174 857 potest,
3226 794 3464 862 sequitur
3513 809 3636 864 spe-

2049 876 2184 930 ciem
2214 892 2388 942 suam,
2423 877 2475 931 id
2505 886 2584 932 est
2611 879 2984 933 necessitatem
3038 897 3202 948 genus
3253 887 3549 953 prOprium,
3579 887 3637 942 id

2048 975 2131 1020 est
2160 967 2506 1035 pOSsibilitas,
2535 969 2628 1024 sed
2659 985 2764 1025 non
2797 985 2976 1025 omne.
3009 971 3086 1024 Ea
3123 987 3250 1026 vero
3310 979 3638 1044 possibilitas

2051 1060 2422 1115 necessitatem
2456 1076 2560 1117 non
2591 1050 2834 1133 Sequitur
2854 1079 2972 1133 qua:
3006 1074 3274 1132 petestate
3305 1075 3506 1123 tantum
3532 1081 3636 1137 est,

2052 1167 2158 1206 non
2190 1156 2349 1207 etiam
2376 1165 2519 1221 actu,
2553 1170 2728 1226 neque
2759 1171 2819 1210 ea
2847 1172 2967 1226 qua:
3006 1171 3126 1212 cum
3185 1160 3254 1213 sit
3307 1163 3428 1214 actu
3482 1164 3640 1217 relin-

2052 1261 2215 1314 quere
2246 1247 2540 1316 subjectum
2576 1259 2773 1326 potest,
2829 1250 2922 1304 sed
2966 1267 3026 1306 ea
3083 1260 3285 1306 tantum
3345 1270 3463 1322 qua:
3519 1269 3642 1309 cum

2052 1353 2176 1396 actu
2202 1344 2268 1396 sit
2293 1359 2564 1414 nunquam
2597 1345 2792 1414 poterit
2840 1361 2868 1399 a
2926 1347 3170 1416 subjecto
3214 1347 3510 1402 discedere.
3545 1348 3644 1403 Sea

2052 1436 2234 1505 quitur
2262 1451 2389 1506 ergo
2419 1438 2746 1506 possibilitas
2794 1442 3191 1507 necessitatem,
3248 1441 3482 1510 nihilque
3513 1457 3642 1496 eve-

2055 1531 2131 1583 nit
2163 1529 2514 1598 impossibilv,
2547 1531 2640 1585 sed
2664 1548 2750 1596 ea,
2783 1544 2839 1586 ut
2870 1532 3070 1586 dictum
3102 1543 3201 1600 est,
3259 1550 3376 1601 qua:
3435 1534 3485 1587 in
3517 1545 3640 1589 actu

2053 1620 2141 1685 sit,
2179 1629 2231 1674 et
2261 1637 2528 1690 nunquam
2576 1624 2628 1676 in
2686 1622 2927 1691 subjecto
2981 1633 3167 1677 natura
3225 1638 3344 1678 esse
3395 1625 3638 1680 desistat.

2056 1709 2222 1764 Totus
2253 1711 2466 1780 quidem
2495 1726 2686 1766 sensus
2713 1712 3011 1781 liujusmoili
3039 1724 3140 1778 est,
3176 1715 3314 1768 ratio
3339 1730 3465 1768 vero
3519 1731 3643 1769 ver-

369 1813 489 1873 ροει
512 1804 767 1859 dicemus.
801 1806 910 1883 ιηςε
937 1822 1064 1862 νει-ο
1093 1824 1211 1877 qua,
1237 1824 1451 1879 semper
1477 1813 1527 1865 in
1554 1823 1676 1866 ac!“
1723 1787 1952 1883 Nam,”
1982 1787 2031 1850 Β
2059 1802 2246 1855 borum
2280 1803 2350 1854 ita
2379 1803 2664 1858 constabit.
2700 1804 2952 1871 Quadam
2995 1821 3144 1868 vero,
3197 1806 3386 1876 inquit,
3419 1817 3642 1876 potesta-

368 1909 569 1952 naturzn
594 1897 852 1968 qualitate
877 1911 1210 1965 manserunt,
1255 1911 1309 1956 et
1358 1903 1411 1956 in
1467 1905 1750 1959 mobilibus
1804 1906 1954 1961 inve-

371 1987 608 2056 niuntur,
640 1997 698 2042 ut
725 1988 832 2059 igni
862 1990 1008 2044 calor
1037 1991 1127 2060 qui
1156 2006 1368 2059 semper
1409 2005 1529 2048 actu
1575 2003 1630 2049 et
1684 2012 1954 2065 nunquam

377 2077 540 2134 fuerit
566 2090 850 2149 poteSIate,
879 2093 928 2136 et
960 2083 1011 2137 in
1045 2082 1128 2138 his
1158 2098 1276 2153 quae
1306 2093 1430 2140 sunt
1474 2086 1787 2153 immobilia,
1842 2088 1956 2146 haec

372 2181 547 2242 autem
579 2181 704 2227 sunt
730 2173 1078 2241 incorporalia
1109 2185 1163 2230 et
1203 2177 1402 2232 divina.
1459 2179 1634 2246 Quare
1689 2182 1957 2252 possibili-

373 2271 455 2317 tas
481 2279 541 2318 ea
573 2280 689 2333 quas
719 2280 781 2319 ex
811 2276 1071 2334 pmestate
1099 2268 1150 2321 in
1179 2277 1356 2324 actum
1387 2270 1664 2340 migravit,
1717 2273 1956 2328 solorum

371 2364 453 2409 est
473 2357 894 2424 corruptibilium
921 2367 974 2411 et
993 2361 1372 2428 corporalium.
1403 2362 1476 2416 Ea
1503 2379 1629 2417 vero
1657 2379 1776 2434 quae
1812 2378 1957 2418 sem-

373 2459 466 2523 per
485 2456 603 2500 actu
634 2448 749 2512 fuit,
784 2447 979 2502 divinis
1011 2453 1482 2522 corporalibusque
1505 2456 1802 2510 communis
1833 2465 1950 2521 est;

374 2547 434 2590 ut
459 2538 616 2606 igitur
642 2545 750 2593 tota
782 2541 915 2595 ratio
947 2541 1180 2598 breviter
1210 2543 1520 2615 attingatur,
1554 2547 1624 2601 ita
1669 2547 1957 2603 dicendum

374 2639 459 2685 est
489 2647 503 2685 :
539 2631 860 2700 possibilitas
885 2638 1151 2703 aequivoca
1185 2645 1265 2691 est
1321 2647 1374 2692 et
1427 2640 1589 2693 multa
1623 2641 1954 2710 signiﬁcans.

376 2720 468 2774 Est
494 2721 634 2776 enim
662 2737 762 2776 una
790 2723 1134 2794 possibilitas,
1170 2742 1286 2795 quae
1315 2728 1428 2796 ipsa
1458 2729 1669 2798 quidem
1700 2746 1819 2785 cum
1851 2748 1958 2786 non

376 2811 446 2866 sit
474 2812 528 2865 in
556 2821 675 2869 actu
705 2828 824 2869 esse
853 2816 1040 2884 possit.
1072 2817 1248 2885 Atque
1275 2818 1396 2872 ideo
1421 2817 1488 2874 de
1517 2834 1581 2874 ea
1633 2821 1962 2889 possibilitas

377 2900 713 2970 praedicatur.
739 2901 833 2956 Est
860 2913 1034 2958 autem
1067 2905 1171 2958 alia
1199 2921 1320 2975 qua:
1366 2907 1476 2977 jam
1507 2917 1588 2962 est
1642 2918 1782 2974 actu,
1847 2911 1963 2966 haac

376 3001 554 3046 autem
581 3008 698 3062 quae
722 2991 833 3062 jam
861 3003 986 3047 actu
1016 3003 1118 3059 est,
1153 3009 1258 3049 non
1287 2998 1556 3067 mquivoca
1585 3009 1687 3064 est,
1718 3000 1812 3055 sed
1867 3017 1963 3071 ge-

377 3100 496 3138 nus.
529 3086 698 3140 Habet
726 3087 865 3141 enim
906 3087 1006 3142 sub
1033 3103 1092 3142 se
1121 3090 1325 3158 species
1378 3105 1495 3144 eam
1547 3091 1958 3160 possibilitatem

2063 1903 2140 1949 tes
2166 1895 2454 1962 aequivocae
2478 1906 2628 1960 sunt,
2661 1896 2755 1950 sed
2786 1897 2886 1950 hoc
2915 1897 3112 1951 idcirco
3153 1898 3352 1953 dictum
3383 1909 3464 1953 est
3513 1916 3645 1968 quo-

2061 1990 2200 2039 niam
2232 2003 2332 2040 non
2361 1989 2537 2042 omnis
2560 1997 2794 2056 potestas
2825 1990 3098 2058 aequivoca
3121 2001 3220 2046 est.
3261 1994 3350 2045 list
3379 1993 3518 2047 enim
3551 2009 3645 2061 po-

2060 2086 2225 2132 testas
2252 2096 2369 2148 qua:
2399 2089 2454 2133 ut
2481 2097 2648 2149 genus
2675 2084 2762 2148 sit,
2818 2097 2880 2136 ea
2931 2083 3135 2138 scilicet
3182 2099 3301 2153 qua:
3353 2083 3646 2140 secundum

2059 2179 2237 2225 actum
2269 2172 2606 2241 praedicatur.
2659 2173 3117 2239 Quemadmodum
3173 2184 3347 2229 autem
3399 2176 3648 2245 quaedam

2060 2273 2352 2334 potestates
2380 2267 2665 2335 mquivoca:
2693 2267 2798 2318 sint
2825 2267 3132 2335 exsequitur
3153 2266 3355 2321 dicens.
3385 2267 3660 2331 Possibila,

2060 2357 2202 2409 enim
2236 2371 2340 2409 non
2370 2357 2680 2424 simpliciter
2703 2356 2920 2421 dicitur,
2953 2365 3008 2410 et
3035 2358 3135 2412 hoc
3164 2359 3520 2428 partitur,sed
3542 2359 3644 2414 hoc

2061 2450 2278 2519 quidem
2309 2451 2558 2519 quoniam
2593 2466 2775 2504 verum
2807 2460 2887 2504 est
2915 2461 2974 2504 ut
3002 2451 3054 2504 in
3087 2461 3229 2517 actu,
3285 2461 3343 2505 ut
3393 2452 3649 2521 possibile

2062 2551 2146 2598 est
2174 2543 2470 2609 ambulare,
2497 2542 2745 2611 quoniam
2770 2541 2880 2610 jam
2913 2542 3172 2609 ambulat,
3205 2550 3258 2596 et
3284 2543 3501 2596 omnino
3531 2557 3660 2616 pose

2064 2635 2218 2689 sibile
2244 2646 2324 2689 est
2351 2651 2492 2700 esse,
2526 2635 2775 2704 quoniam
2805 2634 2916 2704 jam
2940 2642 3024 2689 est
3077 2643 3200 2688 actu
3258 2634 3398 2704 quod
3451 2634 3649 2689 dicitur

2066 2727 2337 2795 possibile.
2373 2727 2484 2780 lloc
2530 2727 2739 2796 planius
2795 2726 2928 2779 nihil
2987 2726 3215 2794 potuerit
3271 2725 3646 2795 demonstrari,

2065 2832 2223 2886 quam
2270 2818 2312 2870 si
2369 2817 2498 2872 illud
2556 2816 2811 2886 possibile
2837 2817 3080 2880 dicatur,
3112 2817 3250 2886 quod
3280 2818 3392 2885 jam
3448 2819 3645 2887 agitur.

2066 2906 2217 2977 Quod
2244 2907 2287 2959 si
2315 2906 2430 2975 quis
2462 2907 2714 2976 possibile
2739 2921 2858 2961 esse
2886 2917 3065 2976 neget,
3092 2910 3194 2960 hoc
3222 2907 3296 2961 ait
3322 2917 3377 2962 et
3407 2907 3524 2962 fieri
3569 2917 3663 2975 at-l

2066 3014 2170 3069 que
2199 3014 2318 3054 esse
2347 3000 2475 3054 dicit
2506 3001 2645 3069 quod
2673 3000 3005 3068 impossibile
3041 3009 3140 3060 est,
3173 2999 3268 3054 sed
3299 2999 3400 3054 hoc
3431 3015 3649 3055 omnem

2069 3091 2286 3145 modum
2317 3091 2745 3145 rationabilitatis
2773 3091 3006 3146 excedit.
3038 3092 3207 3145 Aliam
3257 3106 3384 3146 vero
3441 3101 3650 3161 partem

377 3190 498 3243 quae
526 3185 646 3229 actu
672 3175 883 3245 quidem
906 3187 1008 3244 est,
1039 3180 1132 3234 sed
1160 3194 1224 3235 ex
1253 3189 1518 3249 potestate
1539 3184 1807 3252 migravit.
1837 3184 1958 3241 Alia
1985 3164 2035 3232 C
2063 3164 2466 3253 significationis
2521 3182 2885 3251 possibilitatis
2942 3183 3078 3237 hanc
3128 3182 3276 3237 dicit.
3327 3183 3460 3237 Illud
3519 3199 3651 3241 vero

379 3280 509 3320 vero
560 3281 676 3337 quae
705 3277 822 3323 actu
860 3279 960 3338 est,
992 3272 1088 3327 sed
1115 3287 1180 3326 ex
1234 3282 1497 3341 potestate
1550 3289 1657 3328 non
1690 3276 1957 3344 migravit.

380 3357 448 3413 Et
472 3359 561 3413 illa
587 3361 797 3430 quidem
829 3378 946 3432 quae
983 3379 1048 3417 ex
1079 3373 1340 3433 potestate
1394 3380 1501 3420 non
1549 3365 1815 3436 migravit,
1847 3367 1964 3436 ipsa
1999 3401 2002 3406 -

380 3450 576 3507 dicitur
594 3455 920 3524 necessaria,
947 3471 1066 3525 qua:
1083 3473 1354 3526 nunquam
1373 3460 1625 3529 relinquit
1639 3461 1961 3528 subjectum.

381 3542 469 3600 Illa
495 3562 621 3603 vero
646 3564 766 3620 qua:
795 3565 862 3604 ex
917 3561 1180 3621 potestate
1235 3553 1300 3606 ad
1352 3563 1531 3608 actum
1585 3557 1794 3621 transit,
1847 3559 1966 3614 sine

381 3637 484 3692 ulla
513 3639 844 3696 dubitatione
872 3642 1065 3698 dicitur
1094 3662 1201 3700 non
1229 3650 1552 3704 necessaria.
1588 3648 1793 3705 Idcirco
1822 3650 1967 3720 quod

382 3736 569 3803 poterit
592 3737 898 3808 relinquere
923 3740 1211 3810 aliquando
1239 3742 1563 3811 subjectum,
1611 3744 1706 3798 sed
1760 3744 1827 3801 de
1881 3745 1966 3799 his

383 3829 635 3898 utrisque,
682 3831 892 3885 scilicet
941 3847 1060 3902 quae
1113 3835 1197 3888 vel
1227 3835 1280 3888 in
1306 3843 1572 3904 potestate
1621 3836 1705 3891 vel
1741 3837 1796 3892 in
1844 3846 1965 3893 actu

383 3919 762 3986 possibilitates
786 3921 1057 3990 dicuntur,
1087 3928 1382 3982 communis
1411 3941 1532 3983 esse
1582 3929 1776 3996 poterit
1824 3945 1965 4001 prte-

385 4009 603 4075 dicatio,
631 4014 675 4065 si
706 4012 945 4069 dicamus
974 4024 1225 4086 utrasque
1255 4033 1373 4074 esse
1423 4035 1529 4073 non
1583 4021 1962 4088 impossibiles.

384 4099 518 4156 Nam
547 4111 600 4156 et
621 4105 708 4173 qui
739 4113 914 4174 potest
943 4108 1213 4164 ambulare
1243 4127 1360 4166 cum
1389 4128 1492 4168 non
1515 4115 1770 4177 ambulet,
1796 4123 1850 4170 et
1875 4116 1967 4185 qui

384 4193 491 4265 jam
522 4199 779 4264 ambulat,
820 4215 1003 4256 verum
1026 4211 1105 4256 est
1134 4204 1200 4258 de
1223 4205 1305 4260 liis
1349 4206 1526 4262 dicere
1555 4208 1803 4278 quoniam
1859 4223 1965 4263 non

387 4296 468 4343 est
496 4288 824 4357 impossibile
851 4307 943 4347 eos
972 4293 1025 4348 id
1053 4309 1211 4365 agere
1237 4298 1376 4367 quod
1405 4308 1628 4369 possunt
1675 4314 1831 4370 agere
1881 4301 1968 4356 vel

390 4389 572 4447 agunt.
605 4380 736 4436 Cum
766 4399 893 4439 vero
922 4386 1022 4441 sub
1051 4389 1438 4457 signiﬁcatione
1465 4393 1836 4460 possibilitatis
1863 4392 1984 4448 duo.

388 4471 516 4538 sint,
539 4488 644 4526 una
669 4476 986 4543 possibilitas
1015 4494 1132 4548 quae
1159 4491 1278 4536 actu
1310 4495 1417 4536 non
1445 4492 1548 4549 est,
1575 4483 1677 4538 alia
1703 4496 1828 4539 vero
1847 4497 1968 4553 quae

2065 3278 2206 3349 quod
2240 3278 2462 3334 forsitan
2489 3284 2630 3347 aget,
2658 3285 2713 3331 et
2743 3276 2834 3330 dat
2862 3276 3021 3345 hujus
3055 3277 3356 3346 exemplum
3389 3286 3448 3331 ut
3477 3279 3625 3348 possi
3644 3307 3657 3323 ι

2065 3371 2176 3428 bile
2231 3382 2312 3427 est
2338 3371 2632 3436 ambulare,
2680 3370 2930 3439 quoniam
2984 3368 3294 3426 ambulabit;
3356 3369 3470 3426 lNon
3521 3384 3651 3440 ergo

2067 3465 2206 3536 quod
2227 3466 2338 3535 jam
2369 3466 2496 3535 agit,
2525 3464 2622 3520 sed
2651 3464 2792 3534 quod
2823 3463 3047 3519 forsitan
3077 3474 3215 3534 aget,
3267 3466 3320 3522 id
3371 3476 3454 3521 est
3507 3467 3652 3537 quod

2067 3568 2126 3614 ut
2155 3567 2274 3628 agat
2307 3556 2535 3612 fortasse
2581 3555 2713 3610 nihil
2744 3554 3012 3625 prohibet.
3045 3555 3113 3609 Et
3137 3555 3240 3611 hoc
3293 3556 3532 3626 quidem,
3563 3555 3651 3611 in-

2069 3653 2205 3722 quit,
2230 3652 2282 3706 in
2326 3650 2611 3706 mobilibus
2660 3648 2792 3704 solis
2846 3656 2928 3705 est
2980 3657 3235 3719 potestas,
3281 3648 3398 3704 haec
3447 3649 3652 3706 scilicet

2070 3753 2305 3814 potestas
2333 3758 2453 3813 quae
2482 3749 2745 3812 potestate
2766 3739 2964 3795 dicitur
2993 3756 3098 3797 non
3129 3740 3422 3796 secundum
3450 3749 3652 3796 actum.

2067 3837 2284 3893 Mobilia
2312 3852 2463 3906 vero,
2495 3846 2554 3891 ut
2583 3835 2783 3889 dictum
2809 3841 2913 3898 est,
2938 3832 3050 3887 sola
3076 3847 3301 3902 corpora
3357 3833 3507 3888 dicit.
3560 3833 3653 3888 illa

2069 3945 2221 3993 vero,
2255 3928 2306 3982 id
2330 3938 2430 3991 est,
2459 3942 2578 3996 qua:
2607 3934 2727 3980 actu
2752 3933 2857 3990 est,
2888 3931 2943 3979 et
2964 3924 3018 3978 in
3059 3923 3440 3989 immobilibus,
3491 3933 3654 3995 atque

2071 4021 2195 4077 ideo
2225 4019 2426 4074 addidit
2452 4018 2554 4073 hoc
2574 4031 2695 4072 cum
2736 4015 2884 4079 dicit,
2942 4022 2993 4068 et
3050 4013 3106 4067 in
3159 4013 3542 4078 immobilibus,
3593 4021 3655 4068 ut

2070 4127 2178 4166 non
2209 4112 2542 4180 suspicemur
2568 4109 2622 4161 in
2657 4105 2785 4162 solis
2809 4118 2932 4166 esse
2954 4101 3150 4158 divinis
3187 4111 3338 4158 actus
3384 4103 3654 4170 possibili-

2072 4210 2259 4268 tatem,
2292 4200 2385 4256 sed
2411 4199 2571 4254 etiam
2597 4197 2653 4251 in
2693 4195 3008 4251 mortalibus
3061 4202 3220 4266 atque
3269 4195 3560 4263 corporeis.
3592 4193 3655 4248 in

2075 4295 2312 4364 utrisque
2337 4305 2469 4348 vero
2522 4302 2708 4345 verum
2761 4296 2842 4342 est
2895 4285 3095 4352 dicere,
3153 4300 3263 4342 non
3318 4283 3654 4356 impossibile

2073 4402 2193 4443 esse
2217 4386 2514 4450 ambulare,
2542 4383 2626 4439 vel
2656 4396 2776 4438 esse
2805 4385 2944 4452 quod
2973 4381 3212 4438 ambulat
3251 4381 3361 4450 jam
3410 4389 3463 4435 et
3508 4377 3652 4449 quod

2074 4480 2180 4550 agit
2208 4489 2261 4534 et
2289 4476 2629 4533 ambulabile.
2664 4475 2721 4530 in
2753 4474 3012 4544 utrisque,
3043 4474 3234 4543 inquit,
3258 4469 3654 4542 significationi-

388 4574 511 4619 actu
542 4575 642 4631 est,
670 4567 756 4620 illa
782 4569 1104 4637 possibilitas
1134 4588 1250 4642 quae
1300 4548 1595 4630 secundum
1647 4548 1964 4645 potestatem
1991 4548 2047 4611 D
2077 4548 2176 4632 bus
2190 4590 2295 4630 una
2322 4571 2628 4645 praedicatio
2645 4572 2842 4640 poterit
2862 4568 3172 4635 convenire,
3201 4577 3260 4622 ut
3284 4567 3520 4624 dicamus
3545 4581 3658 4622 non

391 4656 584 4712 dicitur
595 4663 907 4718 necessariae
919 4678 1024 4719 non
1039 4667 1668 4739 accommodatur,neque
1680 4669 1963 4740 aliquando

388 4752 687 4807 necessitati
717 4755 911 4823 poterit
934 4758 1256 4814 consentire.
1287 4759 1474 4815 Restat
1503 4762 1660 4832 igitur
1691 4769 1750 4815 ut
1774 4762 1873 4818 sub
1901 4775 1964 4817 ea

388 4839 692 4910 pluralitate
719 4847 1013 4905 necessitas
1044 4857 1272 4918 ponatur
1301 4867 1421 4921 quas
1447 4861 1568 4908 actu
1596 4861 1699 4919 est,
1748 4852 1842 4908 sed
1899 4867 1964 4908 ea

389 4949 600 5004 quoque
626 4937 786 4994 habet
815 4954 971 4995 unam
1000 4944 1231 5011 speciem
1269 4959 1365 5014 per
1396 4961 1554 5014 quam
1591 4961 1654 5000 ex
1703 4952 1966 5014 potestate

387 5026 440 5080 in
470 5036 642 5083 actum
673 5030 1020 5103 migrat,qu;e
1049 5044 1132 5090 est
1177 5050 1286 5090 non
1320 5039 1639 5093 necessaria.
1697 5038 1872 5104 Quare
1898 5051 1970 5093 ne

387 5115 442 5170 in
475 5117 572 5172 hac
597 5120 808 5190 quidem
838 5124 962 5192 poni
993 5134 1169 5194 potest
1200 5128 1513 5183 necessitas.
1563 5129 1750 5183 Restat
1805 5129 1970 5198 igitur

388 5217 448 5262 ut
476 5213 723 5279 quoniam
754 5215 808 5270 id
835 5217 976 5286 quod
1007 5234 1232 5277 necesse
1260 5233 1342 5277 est
1394 5238 1534 5290 esse,
1587 5225 1761 5280 nullus
1811 5231 1971 5294 negat

387 5303 508 5355 esse
535 5307 808 5373 possibile.
838 5308 950 5366 Sub
976 5315 1216 5380 possibili
1245 5325 1425 5371 autem
1453 5325 1536 5372 est
1563 5325 1617 5371 et
1644 5333 1703 5372 ea
1727 5333 1846 5387 quae
1873 5333 1973 5387 po-

385 5400 578 5451 testate
602 5413 723 5454 esse
751 5399 968 5460 dicitur.
997 5404 1106 5461 Sed
1129 5408 1424 5464 necessitas
1450 5423 1556 5463 non
1607 5409 1844 5477 ponitur,
1873 5424 1966 5463 ne-

383 5498 490 5555 que
517 5490 616 5541 sub
646 5505 707 5542 ea
736 5500 998 5558 poteState
1023 5513 1141 5567 quae
1171 5507 1295 5554 actu
1325 5508 1409 5556 est
1435 5508 1488 5554 et
1524 5499 1818 5567 subjectum
1871 5515 1968 5569 po-

382 5577 513 5632 terit
543 5579 867 5650 relinquere,
891 5587 984 5640 sed
1015 5601 1247 5656 ponatur
1282 5592 1381 5647 sub
1431 5607 1497 5647 eo
1522 5602 1644 5646 actu
1671 5596 1757 5663 qui
1789 5592 1968 5659 subje-

382 5677 534 5724 ctum
556 5669 862 5741 relinquere
892 5691 995 5730 non
1026 5691 1219 5748 potest,
1254 5694 1309 5737 ut
1339 5684 1408 5738 sit
1451 5687 1740 5739 necessitas
1795 5689 1970 5755 possi-

382 5760 562 5821 bilitas
591 5781 714 5838 quas
741 5780 916 5826 aetum
946 5787 993 5828 et
1025 5777 1320 5845 subjectum
1354 5795 1620 5851 nunquam
1674 5783 1966 5853 relinquat,

825 5877 1099 5944 Panos.
1137 5883 1356 5956 LXIV.

2074 4685 2196 4727 esse
2224 4664 2553 4737 impossibile
2582 4663 2665 4718 vel
2691 4662 2965 4717 ambulare
2987 4662 3128 4731 quod
3149 4662 3262 4731 jam
3286 4664 3542 4729 ambulat,
3567 4666 3655 4722 vel

2075 4760 2348 4819 ambulare
2371 4756 2513 4827 quod
2563 4761 2739 4824 potest
2794 4752 3070 4808 ambulare
3125 4761 3178 4807 et
3232 4769 3338 4810 non
3394 4755 3653 4822 ambulat,

2076 4852 2218 4925 quod
2248 4866 2342 4921 per
2368 4850 2470 4904 hoc
2496 4847 2567 4903 ait
2597 4845 2740 4917 quod
2767 4845 2996 4899 diximus
3023 4843 3366 4900 ambulabile.
3399 4848 3656 4903 Ambula-

2077 4946 2186 5001 bile
2217 4944 2357 5000 enim
2385 4942 2474 4995 ἐει
2537 4938 2678 5009 quod
2734 4952 2840 4992 non
2893 4927 3111 5006 quidem
3157 4937 3432 5004 ambulat,
3490 4939 3658 5007 possit

2078 5049 2257 5094 tamen
2286 5032 2578 5094 ambulare.
2601 5030 2696 5085 His
2724 5028 2870 5084 addit
2903 5045 2915 5081 :
2945 5027 3035 5083 Sic
3064 5029 3224 5098 igitur
3247 5029 3502 5098 possibile
3545 5043 3656 5084 non

2077 5143 2160 5187 est
2186 5145 2371 5186 verum
2403 5127 2468 5183 de
2498 5123 2802 5181 necessario
2829 5121 3140 5192 simpliciter
3185 5122 3387 5189 dicere,
3441 5121 3496 5177 id
3548 5128 3656 5192 est,

2077 5225 2157 5280 sic
2193 5221 2452 5294 possibile
2498 5216 2949 5289 quemadmodum
3006 5214 3280 5283 aequivoce
3331 5213 3658 5284 possibilitas

2078 5316 2422 5390 praedicatur,
2453 5327 2562 5367 non
2587 5317 2670 5366 est
2694 5323 2877 5364 verum
2911 5305 2979 5360 de
3009 5305 3314 5361 necessario
3341 5305 3658 5374 simpliciter

2078 5418 2134 5464 et
2155 5405 2528 5463 universaliter
2567 5412 2726 5471 atque
2775 5397 2994 5454 omnino
3047 5395 3358 5466 praedicare,
3415 5396 3516 5451 hoc
3572 5401 3659 5452 est

2078 5518 2186 5559 non
2211 5516 2371 5557 omne
2406 5494 2661 5569 possibile
2710 5489 3012 5547 necessario
3070 5488 3354 5543 consentit.
3410 5489 3652 5543 Alterum

2080 5604 2283 5660 autem,
2317 5592 2370 5646 id
2391 5599 2473 5646 cst
2503 5585 2756 5657 possibile
2784 5597 2966 5636 verum
2990 5587 3091 5647 est,
3121 5580 3223 5635 hoc
3255 5586 3337 5633 est
3358 5578 3425 5635 de
3468 5595 3656 5635 neces-

2081 5691 2222 5744 sario
2253 5684 2566 5752 praedicare.
2602 5676 2732 5732 lllud
2764 5675 2969 5729 scilicet
2997 5671 3138 5742 quod
3161 5671 3451 5726 secundum
3475 5681 3655 5726 actum

2080 5783 2275 5840 dicitur
2326 5771 2674 5832 immutabile.
2726 5768 2902 5835 Quare
2931 5767 3176 5839 quoniam
3219 5773 3428 5833 partem
3481 5777 3658 5832 suam,

3143 5857 3222 5919 20
