4296 6266
596 286 707 350 ΰ⁴19

1832 265 1943 323 AN.
1986 256 2193 321 MANL.
2232 258 2387 320 SEV.
2427 258 2648 317 BOETH

3758 264 3866 330 620

599 414 652 469 id
684 418 768 468 est
786 400 1040 480 speciem,
1068 396 1124 455 id
1149 400 1236 453 est
1261 396 1315 450 io
1338 388 1483 464 quod
1511 395 1595 446 est
1641 388 1961 453 universale,
2008 385 2059 441 id
2098 392 2182 481 est
2210 384 2263 445 Δ
2286 407 2433 465 sunt,
2464 413 2694 453 neces=e
2715 406 2795 481 est
2821 406 2875 453 ut
2904 397 2953 455 td
2986 396 3124 471 quod
3157 402 3519 459 necessarium
3548 413 3629 459 est
3654 409 3867 465 caeteris

601 518 768 577 genus
791 475 1026 567 sequitur
1052 488 1182 545 illud
1212 485 1354 559 quod
1405 500 1475 540 ex
1527 483 1847 540 necessitate
1888 487 1994 546 est,
2039 475 2179 546 quod

602 600 804 658 scilicet
851 589 1060 661 species
1080 596 1161 641 est
1186 580 1575 655 possibilitatis,
1597 579 1836 650 sequitur
1859 591 2015 647 posse
2034 589 2179 639 esse,

600 694 652 749 id
683 696 763 743 est
787 681 1126 754 possibilitas,
1186 676 1281 733 sed
1313 689 1437 737 non,
1484 670 1674 739 inquit,
1705 682 1885 721 omne.
1936 665 2066 719 Nam
2090 664 2182 754 illa

598 780 924 857 possibilitas
944 788 1063 844 quae
1084 773 1139 826 in
1165 780 1285 824 actu
1312 763 1630 836 praedicatur
1651 772 1702 815 et
1734 758 2034 857 relinquere
2063 753 2184 809 sub.

600 849 795 946 iecwm
817 876 1008 938 potest,
1046 880 1151 919 non
1171 862 1412 931 sequitur
1436 854 1826 914 necessitatem,
1856 849 1949 952 sed
1980 863 2041 901 ea
2066 856 2185 900 tan.

602 980 713 1024 tum
736 978 855 1035 quae
885 974 1003 1016 cum
1027 960 1079 1011 in
1109 964 1228 1008 actu
1259 954 1326 1006 sit
1356 963 1527 1018 neque
1548 961 1611 1000 ex
1640 952 1902 1013 potestate
1930 948 1983 994 in
2005 948 2179 993 actum

603 1063 850 1123 vertitur,
884 1070 1055 1126 neque
1077 1048 1272 1121 poterit
1298 1044 1594 1112 subjectum
1635 1039 1955 1106 relinquere.
2006 1037 2182 1103 Atque

604 1156 719 1212 lucc
747 1153 963 1221 quidem
1002 1159 1118 1215 quae
1142 1138 1460 1195 Aristoteles
1509 1132 1641 1187 dixit
1690 1126 1992 1226 huiusmodi
2039 1133 2182 1226 sunt.

606 1250 735 1315 Quae
759 1215 884 1297 vero
913 1253 1011 1293 nos
1049 1233 1372 1292 distulimus,
1423 1234 1481 1279 ut
1532 1224 1847 1285 duceremus
1896 1215 2187 1318 immobilia

606 1307 725 1394 esse
746 1335 944 1389 divina.
988 1325 1197 1382 Mobilia
1230 1336 1355 1375 vero
1378 1317 1489 1372 sola
1511 1328 1736 1382 corpora
1773 1312 1946 1365 vocari
1980 1307 2187 1361 brevis-

607 1435 743 1490 sime
781 1421 1255 1483 demonstrandum
1283 1424 1383 1469 est.
1429 1414 1538 1467 Sex
1585 1412 1761 1462 motus
1810 1404 2018 1473 species
2066 1414 2189 1454 esse

607 1523 952 1580 manifestum
1008 1523 1118 1576 est,
1174 1509 1310 1563 sicut
1349 1509 1399 1559 in
1462 1500 2007 1555 Praedicamentorum
2053 1493 2190 1546 libro

599 1593 923 1671 'Aristoteles
951 1602 1189 1684 digessit,
1216 1608 1518 1668 quanquam
1559 1592 1659 1645 hoc
1687 1591 1740 1643 in
1793 1586 2034 1684 Physicis
2069 1598 2189 1684 per-

609 1702 914 1765 mutaverit,
944 1676 1209 1752 seditione
1237 1692 1309 1745 ita
1339 1698 1595 1757 ponamus
1620 1690 1869 1748 tanquam
1897 1679 1941 1731 si
1968 1676 2191 1731 omnino

2288 488 2533 544 omnibus
2565 490 2710 558 prius
2747 504 2867 544 esse
2894 490 3164 558 videatur;
3198 509 3325 565 ergo
3356 498 3753 565 consequentiae
3777 514 3868 555 eo-

2288 577 2410 635 dem
2438 578 2596 634 modo
2621 579 2877 637 facienda:
2909 590 3067 649 sunt,
3101 593 3155 636 ut
3182 584 3409 653 primum
3438 585 3653 655 quidem
3686 603 3869 644 neces-

2288 672 2452 736 sitas,
2483 682 2603 741 post
2647 688 2776 728 vero
2818 674 3145 743 possubilitas
3175 683 3230 729 et
3260 689 3452 732 caetera
3484 694 3869 749 proponantur,

2288 762 2502 831 simque
2532 764 2898 832 consqnemize
2929 764 3030 819 hoc
3060 765 3218 819 modo
3252 784 3264 819 :

2359 851 2590 907 Necesse
2618 867 2758 909 esse.
3133 855 3246 909 Non
3281 872 3501 913 necesse
3529 876 3668 915 esse.

2362 941 2475 996 Non
2509 942 2763 1012 possibile
2791 958 2894 997 non
2925 957 3063 1000 esse.
3144 946 3402 1002 Possibile
3433 964 3537 1002 non
3569 965 3711 1005 esse.

2290 1033 2521 1090 Videsne
2564 1035 2723 1104 igitur
2750 1045 2809 1091 ut
2841 1037 3012 1105 primo
3042 1038 3256 1108 quidem
3291 1055 3510 1094 necesse
3536 1056 3656 1095 esse
3682 1050 3736 1095 et
3768 1055 3874 1096 non

2289 1140 2508 1181 necesse
2536 1139 2655 1180 esse
2682 1126 3013 1196 propositum
3048 1118 3154 1181 sit?
3185 1130 3418 1184 secundo
3462 1148 3586 1185 vero
3639 1132 3757 1186 loco
3805 1132 3876 1186 ad

2290 1216 2628 1272 necessitatis
2651 1222 2845 1271 caetera
2870 1230 3189 1271 c‘onsensmn
3221 1226 3763 1292 consequentintnque
3788 1238 3876 1276 rc-

2291 1304 2399 1360 lata
2429 1307 2552 1361 sint.
2580 1306 2693 1361 Hoc
2712 1310 2795 1362 est
2821 1322 2950 1376 ergo
2976 1309 3117 1376 quod
3142 1309 3274 1362 dixit
3302 1311 3525 1365 fortasse
3558 1312 3877 1380 principium

2292 1398 2559 1466 quoddam
2582 1410 2704 1451 esse
2723 1398 2960 1451 omnium
2984 1401 3067 1451 vel
3090 1412 3212 1452 esse
3234 1396 3318 1453 vel
3348 1416 3451 1454 non
3479 1416 3597 1455 esse
3616 1443 3630 1466 ,
3660 1402 3711 1454 id
3737 1401 3879 1471 quod

2294 1496 2440 1543 esset
2485 1488 2876 1555 necessarium,
2907 1496 2968 1542 ut
3006 1504 3036 1540 a
3082 1490 3386 1543 necessario
3431 1492 3878 1560 speculandarutn

2294 1584 2718 1651 propositionum
2749 1586 3067 1656 principium
3100 1598 3420 1652 sumeretur,
3445 1589 3583 1659 quod
3610 1604 3729 1644 esse
3756 1590 3881 1644 alia-

2294 1684 2414 1725 rum
2458 1677 2883 1745 propositionum
2929 1681 3009 1733 vel
3058 1694 3163 1732 non
3196 1695 3316 1735 eSse
3356 1683 3649 1736 secundum
3694 1699 3881 1739 conse-

610 1754 871 1853 seinsint.
896 1754 954 1846 ὲὶ
977 1786 1266 1844 secundum
1291 1754 1487 1836 nullam
1517 1783 1694 1831 motus
1714 1772 1950 1842 speciem
1984 1766 2189 1823 moveri
2219 1754 2270 1827 Β
2296 1765 2568 1829 quentiam
2597 1778 2920 1822 consensum
2952 1769 3334 1835 constitueret;
3365 1781 3419 1824 et
3447 1772 3698 1840 quoniam
3731 1774 3882 1842 prius

613 1891 793 1947 divina
816 1896 973 1955 atque
1001 1876 1349 1947 incorporalia
1388 1872 1524 1927 ratio
1576 1864 1947 1928 deelaraverit,
2006 1860 2195 1915 ordine

613 1979 948 2039 convincitur
975 1990 1081 2028 non
1103 1969 1304 2026 moveri
1325 1964 1524 2020 divina.
1560 1960 1700 2029 Ergo
1724 1968 1843 2041 qum
1886 1967 2059 2023 neque
2101 1965 2195 2021 ge-

613 2081 889 2133 nerantur,
946 2079 1116 2135 neque
1168 2055 2197 2126 corrumpuntur,nequecrescunt,ne-

614 2178 719 2238 que
748 2166 1078 2225 minuuntur,
1114 2169 1285 2223 neque
1335 2151 1401 2206 de
1442 2149 1561 2203 loco
1614 2144 1672 2199 in
1698 2144 1872 2197 locum
1896 2143 2195 2238 transeunt,

616 2236 811 2329 quippe
827 2267 948 2324 qua:
972 2248 1299 2322 plenitudine
1328 2253 1532 2298 natura;
1557 2253 1667 2294 sum
1698 2236 1890 2305 ubique
1917 2240 2021 2287 tota
2044 2236 2194 2335 sunt,

617 2324 727 2407 nec:
745 2324 813 2403 de
835 2348 943 2401 Deo
969 2341 1166 2412 aliquid
1184 2336 1403 2406 intelligi
1429 2334 1507 2387 fas
1535 2341 1636 2393 est,
1668 2343 1767 2384 nec
1805 2338 1989 2380 rursus
2012 2324 2200 2393 aliqui-

616 2442 718 2498 bus
742 2438 1078 2510 passionibus
1111 2437 1495 2502 permutantur.
1520 2423 1671 2492 Quod
1695 2422 1739 2477 si
1765 2419 2053 2515 secundum

618 2508 949 2591 lumﬁhorum
974 2536 1212 2580 motuum
1257 2522 1555 2576 divinarum
1602 2508 1780 2571 rerum
1834 2508 2201 2584 permutabilis

619 2634 706 2683 est
735 2632 944 2685 natura,
978 2617 1313 2674 manifestum
1335 2620 1500 2667 estea
1540 2610 1760 2665 omnino
1791 2620 1895 2660 non
1942 2618 2062 2659 esse
2090 2616 2202 2656 mo-

620 2718 748 2776 bilia
774 2723 933 2785 atque
961 2727 1057 2767 sex
1083 2718 1260 2764 tnotus
1288 2707 1386 2761 hos
1428 2705 1555 2759 solis
1602 2701 1917 2770 corporibus
1963 2698 2199 2753 evenire.

622 2818 797 2880 Atque
823 2807 939 2861 haec
968 2801 1182 2874 quidem
1210 2799 1278 2853 de
1307 2795 1549 2866 plurimis
1572 2808 1687 2861 quze
1715 2791 1781 2846 de
1803 2806 1866 2845 ea
1898 2805 1957 2844 re
1981 2793 2205 2859 pos:unt

624 2901 728 2958 dici
746 2894 1041 2954 rationibus
1057 2900 1213 2960 atque
1228 2888 1555 2959 argumentis
1573 2885 1766 2940 libasse
1787 2882 2032 2936 suﬂiciat.
2056 2882 2205 2934 Nunc

625 2991 875 3062 quoniam
893 2984 1206 3040 Aristoteles
1228 2980 1533 3037 consentire
1554 2976 1860 3032 necessario
1880 2973 2204 3043 possibilita-

2299 1853 2534 1922 positum
2564 1866 2649 1910 est
2678 1872 2896 1914 necesse
2927 1873 3077 1925 esse,
3122 1861 3243 1915 huic
3268 1862 3536 1917 consentit
3560 1878 3623 1918 ea
3651 1880 3770 1933 quae
3799 1864 3881 1919 di-

2299 1950 2404 2013 cit,
2437 1963 2544 2005 non
2593 1953 2850 2021 possibile
2893 1969 2995 2008 non
3039 1969 3175 2009 esse.
3212 1954 3370 2009 Istius
3396 1971 3523 2027 ergo
3562 1959 3883 2028 propositio-

2300 2042 2385 2096 nis
2430 2052 2548 2111 quae
2590 2042 2753 2112 dicit,
2786 2058 2897 2099 non
2939 2058 3057 2101 esse
3109 2046 3364 2115 possibile
3405 2056 3464 2100 ut
3503 2062 3609 2102 non
3640 2048 3743 2115 sit,
3769 2064 3887 2119 qua

2299 2132 2503 2190 scilicet
2550 2149 2655 2189 non
2703 2150 2823 2190 esse
2904 2135 3179 2190 denuntiat
3227 2135 3392 2206 (tollit
3444 2138 3585 2192 enim
3634 2138 3887 2208 possibile

2300 2224 2441 2294 quod
2504 2226 2739 2280 nondum
2789 2234 2904 2296 est)
2948 2227 3270 2298 principium
3316 2235 3398 2283 est
3434 2230 3752 2296 necessitas,
3800 2230 3886 2285 cui

2301 2318 2421 2373 sine
2467 2320 2569 2373 ulla
2616 2320 2950 2376 dubitatione
3000 2322 3299 2390 consentit;
3330 2333 3384 2379 et
3411 2339 3595 2379 rursus
3634 2327 3886 2395 quoniam

2303 2413 2351 2467 ei
2397 2428 2511 2482 qua:
2540 2413 2703 2479 dicit,
2749 2429 2856 2469 non
2902 2430 3124 2473 necesse
3173 2431 3328 2484 esse,
3372 2417 3641 2474 consentit
3675 2434 3739 2474 ea
3769 2436 3890 2490 quas

2305 2502 2463 2569 dicit,
2509 2505 2762 2574 possibile
2788 2520 2908 2563 esse
2955 2522 3062 2563 non
3111 2522 3261 2577 esse,
3304 2508 3461 2580 hujus
3511 2512 3893 2581 prapositionis

2306 2609 2426 2665 qua:
2455 2596 2654 2666 aliquid
2692 2612 2813 2653 esse
2837 2599 3147 2667 consuluit,
3180 2596 3232 2655 id
3262 2612 3345 2656 est
3372 2602 3627 2672 possibile
3652 2644 3667 2669 ,
3699 2605 3893 2674 princi-

2307 2687 2455 2758 pium
2485 2698 2567 2743 est
2593 2704 2654 2744 ea
2686 2692 2977 2762 propositio
3006 2706 3123 2763 quae
3150 2693 3312 2761 dicit,
3345 2709 3452 2749 non
3492 2710 3711 2751 necesse
3751 2710 3891 2754 esse.

2309 2778 2450 2851 Ergo
2475 2782 2590 2838 sive
2620 2782 2941 2840 at‘tirtnative
2973 2788 3266 2842 necessitas
3300 2798 3629 2859 proponatur
3657 2791 3770 2846 sive
3802 2806 3888 2846 ne-

2309 2873 2482 2942 gative
2502 2914 2517 2940 ,
2548 2874 2763 2929 videtur
2784 2874 3050 2945 quoddam
3077 2876 3391 2948 principium
3418 2893 3539 2935 esse
3560 2889 3897 2947 ceterorum.

2309 2975 2365 3019 et
2401 2972 2595 3020 caetera
2636 2967 2783 3022 velut
2812 2968 2893 3023 his
2912 3010 2927 3037 ,
2962 2968 3017 3023 id
3044 2978 3128 3024 est
3158 2971 3479 3043 necessariis
3507 2973 3897 3028 consentientia

625 3054 732 3139 tem
754 3097 856 3137 non
876 3093 1089 3135 omnem
1109 3074 1311 3141 docuit,
1332 3079 1512 3141 etquae
1528 3071 1574 3125 ei
1591 3063 2199 3135 conveniretexpressit,
2238 3116 2278 3141 Δ
2306 3054 2538 3127 iudicari
2563 3068 2835 3126 oportere.
2863 3058 2932 3113 Et
2955 3059 3056 3115 hoc
3079 3070 3161 3116 est
3184 3058 3326 3131 quod
3352 3063 3427 3117 ait
3457 3079 3471 3116 :
3497 3062 3564 3117 Et
3588 3063 3692 3117 alia
3721 3076 3777 3118 ut
3805 3063 3897 3119 ho-

969 3171 1206 3239 ipsorum
1262 3122 1641 3233 consequentia
1681 3170 1734 3216 et
1761 3158 1884 3230 quid
1933 3157 2107 3227 primo
2147 3164 2203 3210 et
2230 3122 2279 3194 ο
2311 3162 2427 3239 rum
2450 3151 2830 3220 consequentia
2851 3152 3199 3209 considerare
3228 3165 3459 3224 oportet.
3490 3155 3596 3211 Cur
3627 3167 3807 3212 autem
3840 3156 3899 3211 il-

627 3265 751 3334 quid
772 3261 1036 3333 posterius
1054 3257 1178 3326 poni
1195 3254 1411 3321 debeat,
1433 3252 1739 3307 memoriter
1753 3249 1962 3319 subiicit
1985 3247 2168 3301 dicens
2188 3262 2201 3297 :

701 3355 763 3407 Et
788 3362 858 3407 est
885 3351 1085 3421 quidem
1118 3353 1332 3421 fortasse
1360 3344 1668 3417 principium
1707 3340 1843 3412 quod
1874 3339 2206 3393 necessarium

628 3454 732 3513 est,
762 3455 807 3499 et
838 3444 975 3515 quod
1006 3458 1105 3496 non
1156 3438 1499 3493 necessarium
1542 3443 1651 3499 est,
1685 3433 1945 3495 omnium,
1992 3430 2069 3483 vel
2098 3445 2209 3483 esse

628 3543 705 3597 ret
730 3555 833 3594 non
864 3553 991 3592 esse.
1027 3536 1091 3588 Et
1114 3535 1218 3587 alia
1250 3543 1306 3586 ut
1352 3532 1531 3584 horum
1575 3526 1935 3592 consequen'ia
1972 3524 2207 3577 conside-

628 3646 744 3686 rare
773 3638 986 3702 oportet.
1039 3626 1370 3702 Manifestum
1411 3630 1484 3677 est
1508 3627 1677 3674 autem
1717 3634 1779 3673 es
1816 3619 1893 3671 his
1913 3630 2025 3688 quae
2072 3616 2210 3668 dicta

630 3734 779 3788 sunt,
807 3700 1070 3791 quoniam
1128 3700 1265 3788 qu'od
1322 3731 1384 3768 ex
1438 3716 1734 3768 necessitate
1776 3721 1884 3776 est,
1933 3709 2208 3764 secundum

634 3821 809 3867 actum
852 3822 945 3865 est.
1000 3810 1166 3877 Quare
1206 3809 1248 3860 si
1285 3807 1461 3878 priora
1496 3812 1615 3860 sunt
1645 3805 1977 3873 sempiterna,
2018 3810 2064 3855 et
2098 3815 2213 3870 qua

630 3912 745 3958 actu
775 3910 889 3955 sunt
909 3940 924 3967 ,
956 3906 1200 3969 patestate
1224 3900 1398 3965 priora
1435 3903 1581 3961 sunt,
1612 3904 1659 3949 et
1697 3896 1807 3949 time
1835 3909 1952 3965 quis
1979 3894 2090 3949 sine
2118 3908 2210 3961 po-

631 4002 811 4049 testate
853 4003 997 4056 sunt,
1047 4000 1165 4044 actu
1209 3996 1365 4056 sunt,
1414 3997 1468 4042 ut
1518 3989 1698 4059 prima:
1746 3986 2061 4041 substantia.
2094 3985 2212 4037 Alia

630 4100 744 4141 vero
775 4092 892 4137 sunt
933 4091 1048 4135 actu
1084 4096 1201 4135 cum
1241 4079 1603 4149 possibilitate,
1636 4094 1750 4149 qua:
1793 4087 1979 4132 natura
2008 4076 2211 4147 quidem

629 4176 806 4246 priora
842 4184 998 4239 sunt,
1039 4180 1260 4240 tempore
1298 4184 1414 4223 vero
1441 4172 1743 4238 posteriora.
1787 4171 1903 4224 Atia
1929 4184 2047 4224 vero
2075 4185 2211 4223 nun-

631 4285 784 4339 qttam
811 4278 927 4321 sunt
959 4274 1115 4329 actu,
1141 4264 1226 4315 sed
1259 4266 1501 4331 potestate
1526 4263 1712 4313 solum.

702 4361 991 4427 Postquam
1037 4354 1104 4409 de
1147 4349 1417 4423 possibilis
1463 4361 1519 4407 et
1544 4353 1841 4421 necessarii
1882 4366 2216 4423 consequen-

630 4452 703 4507 tia
735 4450 862 4519 quid
910 4448 1180 4501 videretur
1208 4442 1486 4512 exposuit,
1534 4444 1648 4497 haec
1673 4442 1737 4496 ad
1781 4443 2212 4501 emendationem

631 4539 1028 4614 quodammodo
1052 4536 1343 4608 superioris
1373 4535 1577 4591 ordinis
1606 4535 1843 4604 apponit.
1871 4537 1936 4590 Et
1958 4537 2212 4606 quoniam

631 4634 877 4705 superius
915 4648 945 4691 a
986 4630 1234 4702 possibili
1281 4630 1567 4694 inchoatis,
1602 4636 1825 4684 caeteras
1866 4643 2052 4684 omnes
2086 4638 2212 4696 pro-

634 4727 927 4795 positiones
975 4723 1039 4776 ad
1072 4720 1325 4790 possibile
1370 4728 1425 4775 et
1452 4719 1800 4789 contingens,
1833 4729 1887 4775 et
1930 4721 1995 4773 ad
2026 4734 2213 4776 eorum

633 4832 953 4875 consensum
981 4815 1222 4878 reduxit,
1270 4827 1411 4867 nunc
1450 4812 1552 4866 hoc
1589 4812 1978 4868 rationabiliter
2009 4823 2211 4877 mutat,

631 4920 694 4967 ut
731 4925 839 4965 non
883 4908 1057 4977 pctius
1087 4920 1114 4959 a
1150 4902 1499 4973 possibilitate
1527 4901 1887 4957 inchoandum
1925 4903 2028 4970 sit,
2062 4903 2154 4957 sed
2182 4912 2214 4957 a

632 5002 973 5057 necessitate.
1027 4994 1155 5049 Nam
1198 4994 1242 5046 si
1273 4993 1389 5061 quis
1429 4991 1670 5045 advertat
1711 4991 2020 5061 diligentius
2056 5007 2216 5060 snpe-

632 5092 829 5147 riorem
859 5084 1303 5154 descriptionem,
1356 5081 1526 5151 primo
1572 5082 1803 5151 positum
1844 5090 1928 5137 est
1958 5084 2212 5152 possibile

634 5194 689 5238 et
713 5182 1061 5250 contingens,
1086 5185 1140 5231 et
1165 5174 1229 5229 ad
1265 5173 1509 5229 eamdem
1538 5178 1851 5229 cunctorum
1893 5174 2083 5229 senatus
2130 5190 2215 5230 re-

632 5277 771 5332 latus
815 5262 919 5330 est.
968 5272 1118 5327 Nunc
1169 5269 1273 5325 boc
1322 5268 1731 5339 permutandum
1780 5268 2014 5324 videtur.
2076 5268 2215 5325 Dicit

632 5370 775 5426 enim
802 5369 1029 5423 fortasse
1058 5366 1159 5420 hoc
1191 5378 1311 5419 esse
1352 5363 1550 5415 rectius
1595 5370 1653 5415 ut
1682 5361 1851 5432 magis
1891 5362 2213 5432 propositio-

631 5476 761 5520 num
790 5457 1168 5528 consequentia
1190 5471 1223 5511 a
1244 5454 1564 5511 necessariis
1586 5454 1883 5509 inchoetur.
1908 5455 2003 5510 Est
2031 5468 2210 5511 autem

635 5560 779 5606 tctus
805 5564 995 5606 sensus
1023 5549 1344 5617 hujusmodi.
1373 5549 1657 5613 Quoniam,
1691 5548 1882 5618 inquit,
1908 5548 2212 5602 necessaria

637 5644 959 5709 sempiterna
989 5650 1140 5705 sunt,
1172 5655 1291 5709 quae
1319 5649 1499 5694 autem
1537 5642 1860 5709 sempiterna
1898 5652 2053 5707 sunt,
2087 5656 2205 5694 om-

638 5728 784 5786 nium
812 5734 1033 5793 aliorum
1064 5747 1183 5803 qua:
1232 5731 1554 5801 sempiterna
1584 5748 1689 5790 non
1714 5744 1840 5790 sunt
1886 5736 2205 5807 principium

2310 3238 2399 3294 lud
2428 3240 2669 3307 eveniat,
2698 3252 3089 3311 consequenter
3114 3245 3344 3299 ostendit
3377 3244 3562 3301 dicens
3595 3266 3609 3300 :
3643 3247 3898 3313 Quoniam

2298 3346 2375 3388 ea
2398 3346 2514 3401 qua:
2536 3335 2836 3387 necessaria
2861 3344 2983 3388 sunt
3009 3340 3131 3389 actu
3153 3345 3308 3403 sunt,
3330 3346 3388 3392 ut
3411 3338 3716 3408 frequenter
3737 3353 3898 3407 supra

2312 3431 2664 3478 monstratum
2688 3434 2771 3478 est
2789 3463 2805 3489 ,
2829 3440 2892 3480 ea
2914 3440 3043 3481 vero
3066 3443 3183 3497 qua:
3207 3430 3505 3484 necessaria
3528 3441 3669 3493 sunt,
3698 3432 3899 3500 sempi-

2312 3525 2462 3572 terna
2487 3525 2640 3584 sunt,
2665 3533 2782 3587 qua:
2802 3533 2931 3573 vero
2952 3523 3278 3591 sempiterna
3306 3535 3451 3590 sunt,
3470 3526 3643 3594 priora
3667 3534 3793 3579 sunt
3816 3524 3900 3581 his

2314 3623 2536 3679 quorum
2554 3620 2675 3664 sunt
2696 3609 2997 3682 huiusmodi
3020 3621 3309 3682 potestates
3321 3632 3435 3683 qua:
3454 3617 3505 3671 in
3523 3626 3641 3671 acto
3659 3617 3897 3672 nondum

2315 3711 2462 3767 sunt;
2485 3703 2826 3758 manifestum
2852 3714 2934 3759 est
2959 3707 3210 3774 quoniam
3234 3718 3422 3778 etquae
3444 3717 3561 3763 actu
3586 3721 3729 3774 sunt,
3759 3719 3811 3763 et
3831 3725 3900 3765 ex

2313 3797 2658 3865 potestath
2678 3807 2854 3853 actum
2876 3804 2982 3852 non
3003 3797 3240 3864 veniunt,
3261 3801 3436 3869 priora
3460 3810 3604 3857 sunt.
3629 3800 3733 3856 Sed
3753 3799 3817 3856 de
3834 3816 3900 3857 eo

2315 3897 2435 3942 actu
2469 3889 2731 3958 loquimur
2756 3890 2845 3959 qui
2876 3903 2942 3944 es
2973 3898 3236 3959 potestate
3265 3893 3331 3944 ad
3359 3902 3537 3947 actum
3580 3908 3687 3947 non
3716 3894 3897 3959 venit,

2316 3979 2409 4034 sed
2451 3995 2665 4051 semper
2704 3990 2823 4036 actu
2856 3983 3081 4051 propriae
3112 3991 3316 4038 naturae
3358 3986 3745 4040 constitutione
3777 4000 3897 4054 per-

2318 4081 2543 4143 mansit,
2571 4084 2626 4127 ut
2648 4088 2769 4151 cum
2798 4074 2933 4143 ignis
2961 4075 3099 4129 calet
3130 4076 3212 4129 vel
3244 4070 3322 4130 sol
3353 4085 3602 4130 movetur
3625 4087 3679 4130 et
3707 4088 3899 4130 caetera

2319 4166 2657 4236 huiusmodi,
2690 4168 2759 4220 ita
2792 4176 2916 4221 sunt
2953 4176 3008 4221 ut
3036 4178 3211 4222 actum
3244 4183 3515 4236 nunquam
3546 4168 3895 4236 reliquerint,

2320 4272 2492 4326 neque
2522 4259 2587 4311 ab
2618 4256 2702 4311 bis
2732 4269 2879 4313 actus
2908 4256 3131 4311 abfuerit
3158 4257 3475 4325 altquando,
3512 4272 3685 4325 neque
3712 4272 3775 4311 ex
3810 4274 3899 4327 ρος

2325 4358 2514 4404 testate
2536 4349 2601 4403 ad
2625 4351 2765 4405 hunc
2787 4350 3027 4405 venerint
3047 4357 3246 4404 actum.
3271 4348 3534 4417 Quoniam
3559 4364 3686 4419 ergo
3711 4347 3899 4419 hujus-

2323 4441 2467 4496 modi
2496 4442 2710 4496 fuerunt
2738 4454 2792 4496 ιιι
2830 4457 3041 4512 semper
3072 4450 3289 4508 essent,
3321 4456 3440 4510 quae
3468 4449 3649 4496 autem
3682 4457 3898 4513 semper

2326 4542 2478 4598 sunt,
2505 4548 2566 4587 ea
2598 4534 2845 4586 omnibus
2874 4542 2995 4588 sunt
3027 4537 3233 4604 priora,
3266 4541 3423 4589 erunt
3447 4535 3606 4589 etiam
3638 4544 3902 4603 potestate

2325 4626 2614 4682 secundum
2642 4628 2907 4695 propriam
2935 4638 3178 4681 naturam
3209 4628 3419 4696 priora;
3450 4624 3542 4681 sed
3573 4644 3692 4699 qua:
3724 4628 3900 4697 priora

2324 4725 2479 4781 sunt,
2509 4732 2721 4784 semper
2746 4716 3070 4785 sempiterna
3101 4725 3253 4782 sunt,
3282 4722 3336 4773 et
3365 4720 3548 4772 rursus
3577 4708 3763 4773 eadem
3807 4734 3897 4774 ne-

2324 4810 2556 4863 cessaria
2605 4819 2728 4863 sunt
2772 4818 2923 4877 actu,
2973 4820 3026 4864 et
3072 4820 3294 4866 necesse
3341 4820 3422 4866 est
3462 4820 3602 4865 utea
3633 4828 3749 4883 quae
3777 4822 3899 4868 actu

2324 4911 2447 4955 sunt
2478 4902 2559 4956 his
2588 4917 2705 4971 quae
2734 4912 2857 4957 sunt
2887 4912 3147 4971 potestate
3180 4903 3355 4973 priora
3386 4902 3513 4958 sint.
3544 4894 3672 4959 Post
3701 4906 3815 4961 haec
3842 4904 3903 4961 ﬁt

2319 5015 2499 5055 rerum
2529 5002 2718 5057 divisio
2745 5004 2812 5057 ab
2847 5004 3130 5060 Aristotele
3163 5007 3260 5061 hoc
3290 5004 3448 5061 modo
3495 5023 3509 5061 :
3553 4998 3751 5062 Rerum
3781 5007 3901 5064 alite

2320 5100 2444 5144 sunt
2472 5100 2590 5146 actu
2621 5107 2832 5162 semper
2860 5112 2979 5165 qum
3006 5112 3070 5151 ex
3112 5094 3376 5166 potestate
3414 5113 3519 5153 non
3548 5100 3815 5166 venerint,
3845 5109 3903 5157 et

2320 5180 2438 5235 ista:
2466 5188 2587 5235 sunt
2617 5198 2840 5253 quarum
2872 5186 3032 5242 nullae
3059 5196 3181 5241 sunt
3212 5190 3498 5255 potestates
3520 5229 3535 5255 ,
3564 5176 3658 5245 sed
3687 5206 3901 5261 semper

2318 5281 2374 5336 in
2402 5292 2520 5337 actu
2551 5293 2692 5339 sunt.
2734 5286 2865 5341 Alia:
2895 5302 3023 5342 vero
3065 5303 3183 5358 quae
3224 5304 3288 5343 ex
3330 5298 3591 5359 potestate
3642 5293 3691 5344 in
3721 5299 3902 5346 actum

2324 5376 2709 5447 remigraruot,
2743 5394 2966 5448 quarum
2995 5380 3209 5449 quidem
3238 5376 3529 5437 substantia
3561 5392 3615 5436 et
3639 5393 3790 5437 actus
3814 5398 3902 5439 se-

2323 5471 2551 5525 cundum
2596 5484 2798 5541 tempus
2826 5475 3088 5542 posterior
3115 5482 3197 5529 est
3228 5483 3520 5542 potestate,
3554 5482 3740 5528 natura
3770 5490 3903 5531 vero

2324 5562 2488 5629 prior.
2524 5561 2579 5616 In
2610 5563 2857 5619 omnibus
2888 5564 3029 5620 enim
3064 5564 3191 5617 illud
3219 5564 3359 5635 quod
3389 5574 3472 5620 est
3497 5577 3615 5619 actu
3652 5567 3799 5634 prius
3819 5572 3903 5621 est

2321 5662 2376 5708 et
2428 5655 2657 5710 nobilius
2695 5670 2852 5726 quam
2887 5658 2935 5711 id
2969 5656 3111 5724 quod
3158 5668 3418 5725 potestate
3457 5668 3558 5713 cst.
3594 5657 3728 5713 Illud
3756 5658 3900 5713 enim

2319 5743 2460 5811 quod
2489 5754 2753 5813 potestate
2782 5748 2865 5803 est
2905 5744 3081 5803 adhuc
3108 5744 3177 5802 ad
3202 5757 3378 5802 actum
3412 5747 3658 5814 festinat,
3690 5757 3743 5803 et
3773 5747 3897 5805 ideo
