4288 6262
393 380 485 435 Gil
590 456 593 457 γ
798 398 812 419 ι
862 456 866 461 θ
1105 382 1171 439 IN
1208 381 1463 438 LIBRUM
1500 382 1591 438 ns
1631 364 2278 438 lNTERPH’ETATiUNE
2320 380 2547 444 EDITIO
2585 389 2921 453 sscuuns.

3554 399 3660 452 6'22

390 516 650 586 κηραίῑο
694 515 941 588 quadam
984 526 1132 574 actus
1181 530 1293 587 est;
1344 529 1577 590 poles,“
1628 534 1761 575 vero
1790 519 1967 576 adhuc
1994 508 2051 568 Α
2074 496 2915 575 ponit,onmisliomojustusest,
2949 509 3225 579 perimitur
3249 514 3662 582 etanegatione

389 608 643 678 quiddam
670 619 752 663 est
782 608 1178 677 imperfectum,
1221 611 1360 680 quod
1389 621 1513 665 tunc
1545 608 1818 678 perﬁcitur
1847 625 1967 673 cum

390 703 458 757 ad
498 714 672 758 actum
719 703 1004 773 aliquando
1034 704 1355 772 pervenitur.
1398 704 1552 771 Quod
1582 715 1759 760 autem
1792 706 1969 774 perie-

390 805 534 850 ctum
555 803 637 850 est
656 810 718 849 eo
740 796 878 865 quod
900 805 980 850 est
1004 794 1368 865 imperfectum
1408 800 1720 865 generosius
1743 811 1797 854 et
1821 800 1970 869 prius

390 900 509 941 esse
538 886 870 939 manifestum
902 896 1002 941 est.
1035 886 1164 940 Nam
1196 888 1238 941 si
1266 904 1351 943 res
1372 905 1490 959 qua:
1517 890 1583 943 ad
1609 901 1784 947 actum
1811 906 1966 947 suum

390 991 455 1030 ex
490 984 749 1045 potestate
777 985 1065 1045 venerunt,
1099 980 1244 1045 prius
1269 977 1482 1034 fuerunt
1524 991 1817 1049 potestate,
1849 991 1969 1052 post

389 1083 514 1121 vero
537 1077 656 1121 actu
675 1108 690 1132 ,
718 1082 845 1136 ergo
871 1079 1023 1123 actus
1051 1084 1235 1124 earum
1260 1084 1439 1127 rerum
1473 1074 1738 1141 pcaterior
1766 1082 1850 1128 est
1871 1089 1964 1142 po-

388 1166 576 1213 testate
619 1158 664 1212 si
710 1158 775 1213 ad
822 1170 1027 1229 tempus
1067 1160 1398 1229 referamus,
1442 1165 1585 1232 prior
1612 1180 1741 1221 vero
1769 1165 1955 1219 eadem

384 1258 643 1318 potestate
667 1250 710 1305 si
736 1252 801 1304 ad
824 1262 1090 1319 naturam,
1112 1262 1167 1306 et
1189 1253 1290 1309 hoc
1309 1262 1391 1309 est
1410 1255 1551 1325 quod
1569 1256 1643 1310 ait
1666 1274 1679 1309 ε
1702 1257 1847 1312 Alias
1873 1271 1963 1312 res

384 1357 501 1395 esse
547 1358 663 1411 quae
711 1358 831 1397 cum
880 1344 1231 1412 possibilitate
1277 1355 1400 1400 sunt
1440 1356 1491 1401 et
1523 1356 1645 1402 actu
1670 1356 1825 1412 sunt,
1866 1349 1961 1404 sed

384 1443 560 1487 actum
610 1414 873 1503 potestate
922 1445 1162 1504 tempore
1209 1436 1423 1504 quidem
1471 1440 1820 1506 posteriorem
1868 1438 1965 1495 ha-

254 1570 269 1579 ,
364 1523 543 1590 bent,
578 1535 766 1582 natura
796 1540 922 1581 vero
944 1528 1206 1595 priorem;
1235 1528 1492 1597 quasdam
1524 1537 1706 1584 autem
1734 1546 1819 1586 res
1845 1546 1963 1587 esse

386 1616 440 1669 in
483 1615 677 1685 quibus
718 1618 828 1671 sola
862 1626 1098 1683 potestas
1128 1619 1231 1685 sit,
1269 1635 1537 1691 nunquam
1568 1631 1747 1686 actus,
1777 1632 1835 1676 ut
1860 1639 1961 1677 nu-

382 1722 562 1761 merus
584 1707 821 1761 inﬁnitus
868 1708 1121 1763 Crescere
1142 1710 1282 1763 enim
1308 1726 1558 1765 numerus
1576 1722 1750 1781 pctest
1771 1714 1823 1766 in
1849 1714 1963 1768 inli-

384 1802 514 1875 uita.
544 1790 857 1869 Quicunque
883 1816 1006 1854 vero
1034 1816 1289 1856 numerus
1318 1803 1491 1857 dictus
1516 1805 1584 1858 sit
1604 1806 1688 1860 vel
1717 1815 1957 1876 centum,

2077 592 2293 662 propria
2321 597 2743 671 universaliqtne
2774 603 2924 671 dicit,
2956 607 3129 662 nullus
3161 615 3321 663 homo
3357 606 3532 678 justus
3552 618 3660 677 est,

2075 690 2130 738 et
2167 684 2235 739 ab
2273 686 2631 743 affirmatione
2666 693 2951 759 privatoria
2992 712 3111 765 quae
3162 699 3429 768 proponit,
3483 702 3660 763 ontnis

2075 775 2238 831 homo
2262 777 2492 847 injustus
2512 792 2616 836 est.
2641 782 2772 837 Cum
2798 785 2955 855 igitur
2977 788 3044 840 ab
3073 789 3312 858 utrisque
3345 793 3659 863 perimatur,

2072 884 2192 937 qua:
2232 879 2408 923 autem
2442 874 2743 939 perimitur,
2793 876 2841 949 ei
2895 892 3012 946 quae
3037 893 3153 932 eam
3188 883 3400 949 perimit
3446 885 3659 942 videtur

2072 976 2192 1016 esse
2220 947 2919 1037 contraria;quoniamque,
2954 968 3064 1022 utd
3085 980 3227 1024 ctum
3258 983 3361 1039 est,
3394 990 3423 1026 a
3453 975 3661 1034 duabus

2070 1055 2374 1123 perimitur,
2419 1067 2473 1110 et
2494 1057 2613 1113 dum
2640 1060 2797 1115 unius
2826 1065 3108 1118 contraria:
3136 1079 3255 1120 esse
3284 1083 3388 1122 non
3414 1085 3637 1137 possunt

2069 1163 2187 1216 qua:
2216 1147 2444 1204 duarum
2488 1153 2915 1221 propositionum
2967 1171 3099 1224 quas
3138 1171 3296 1226 supra
3339 1166 3661 1220 memoravi-

2068 1257 2212 1306 mus,
2250 1244 2299 1297 id
2332 1252 2413 1297 est
2442 1246 2739 1315 negationis
2772 1249 3089 1304 universalis
3108 1260 3161 1305 et
3188 1253 3659 1325 privatoriaaafﬁr-

2067 1334 2305 1401 mativat,
2336 1342 2604 1392 contraria
2623 1338 2693 1392 sit
2716 1340 3011 1395 universali
3043 1343 3386 1399 affirmationi
3410 1348 3658 1416 superius

2067 1426 2468 1493 comprehensae
2512 1430 2856 1499 quaerendum
2917 1442 3018 1486 est.
3064 1434 3117 1487 In
3158 1450 3264 1503 qua
3292 1451 3349 1490 re
3381 1453 3538 1506 quam
3586 1440 3657 1495 sit

2067 1513 2210 1569 utilis
2231 1518 2456 1585 quaestio
2507 1518 2683 1571 nullus
2715 1519 2941 1590 ignorat,
2977 1521 3067 1591 qui
3116 1526 3335 1593 cogitat,
3379 1530 3515 1597 quia-
3552 1532 3651 1585 nisi

2064 1607 2168 1663 hoc
2192 1608 2259 1663 ab
2277 1610 2564 1666 Aristotele
2608 1616 2886 1684 quazsitum
2914 1617 3309 1690 enodatumque
3341 1635 3506 1688 esset,
3541 1642 3652 1680 ma-

2061 1712 2164 1768 gna
2198 1699 2334 1754 foret
2357 1700 2619 1756 dubitatio
2646 1720 2711 1757 an
2744 1705 2875 1759 illud
2911 1708 3263 1775 reciperetur,
3288 1721 3341 1764 ut
3365 1713 3471 1767 duo
3494 1717 3649 1771 unius

2065 1802 2286 1860 possent
2326 1807 2444 1847 esse
2480 1798 2770 1860 contraria,
2801 1798 2944 1868 quod
2977 1800 3256 1857 manifeste
3287 1802 3399 1859 ﬁeri
3426 1822 3528 1860 non
3560 1823 3651 1876 p0-

385 1891 463 1945 vel
493 1872 662 1957 mille,
692 1892 775 1947 vel
799 1891 981 1946 decem
1027 1893 1221 1959 millia,
1270 1902 1325 1949 et
1366 1896 1569 1963 caeteri,
1613 1897 1793 1952 ﬁnitus
1837 1914 1959 1957 esse
1989 1872 2041 1939 Β
2071 1891 2192 1937 “33‘-
2224 1884 2357 1937 Nam
2404 1900 2523 1939 Cum
2561 1886 2667 1942 duo
2696 1904 2857 1943 “nam
2889 1904 3002 1945 rem
3031 1892 3317 1962 Ρθτίιηδηιν
3349 1898 3468 1965 (illis
3510 1907 3651 1954 0958‘

382 1998 599 2038 necesse
627 1994 739 2051 est,
772 1999 898 2054 ergo
932 1992 1051 2039 actu
1079 2000 1335 2041 numerus
1365 2003 1633 2058 nunquam
1665 1999 1749 2045 est
1782 1990 1960 2047 inﬁni-

385 2084 489 2127 tus.
535 2074 792 2141 Quoniam
837 2090 966 2131 vero
1012 2087 1185 2146 potest
1230 2079 1283 2134 in
1324 2080 1531 2135 inﬁnita
1572 2096 1957 2152 concrescere,

362 2154 581 2220 ῖιιοτεο
614 2168 786 2221 solum
827 2178 1084 2237 potestate
1111 2182 1191 2225 est
1221 2170 1480 2226 inﬁnitus.
1510 2173 1715 2229 Eodem
1746 2191 1959 2245 quoque

381 2257 539 2312 modo
560 2268 612 2311 et
635 2267 864 2327 tempus.
899 2260 1373 2333 Quantumcunque
1396 2266 1540 2319 enim
1570 2276 1778 2336 tempus
1805 2267 1961 2323 dixe—

378 2357 449 2410 ris
497 2357 703 2411 ﬁnitum
760 2367 871 2425 est,
923 2360 1019 2416 sed
1047 2365 1297 2430 quoniam
1328 2375 1537 2436 tempus
1566 2378 1740 2437 potest
1768 2370 1820 2425 in
1874 2371 1961 2425 in-

379 2448 523 2501 ﬁnita
567 2463 947 2519 concrescere,
980 2451 1182 2508 idcirco
1220 2454 1447 2512 dicimus
1488 2468 1700 2530 tempus
1728 2476 1848 2518 esse
1877 2462 1962 2517 in-

380 2545 605 2618 ﬁnitum,
635 2550 775 2620 quod
808 2562 1066 2619 potestate
1098 2560 1170 2609 sit
1190 2555 1479 2627 inﬁnitum,
1508 2577 1612 2617 non
1640 2571 1785 2619 actu.
1816 2563 1956 2620 Nihil

380 2640 518 2694 enim
548 2650 669 2697 actu
700 2646 893 2711 poterit
919 2662 1041 2703 esse
1068 2648 1355 2708 inﬁnitum.
1397 2653 1550 2722 Quod
1580 2669 1758 2712 autem
1796 2674 1959 2729 supra

377 2735 608 2794 diximus
647 2755 766 2808 quae
812 2756 1027 2812 semper
1071 2756 1191 2801 actu
1232 2759 1415 2806 essent
1454 2752 1652 2823 primas
1684 2769 1806 2810 esse
1833 2755 1958 2811 sub-

377 2829 624 2897 stantias,
650 2844 757 2885 non
780 2832 855 2885 ita
879 2835 1165 2902 putandum
1191 2849 1295 2910 est,
1324 2844 1522 2911 primas
1548 2860 1670 2899 eum
1698 2845 1950 2901 substan-

380 2919 481 2977 tias
512 2918 691 2975 dicere
719 2926 1165 2991 quemadmodum
1199 2933 1251 2987 in
1296 2934 1594 3006 Categoriis
1638 2938 1727 2993 ubi
1758 2939 1958 3009 primas

378 3010 710 3067 subStantias
747 3014 1040 3073 individuas
1064 3020 1230 3098 dicit:
1263 3024 1350 3079 hic
1387 3036 1563 3081 autem
1594 3030 1792 3098 primas
1825 3030 1957 3085 sub-

377 3104 606 3159 stantias
630 3107 745 3176 τιυὲ
771 3112 987 3182 semper
1002 3097 1121 3169 adu
1144 3126 1287 3184 sunt,
1314 3118 1511 3175 idcirco
1538 3097 1778 3178 nominat
1796 3125 1918 3194 quia
1938 3166 1954 3193 ,

383 3202 442 3249 ut
488 3194 691 3251 dictum
750 3209 861 3268 est,
911 3217 1026 3272 qua:
1092 3221 1304 3278 semper
1348 3218 1469 3266 actu
1528 3220 1656 3267 sunt
1702 3215 1960 3283 principia
1989 3217 2036 3284 C

377 3295 689 3342 exterarum
710 3305 885 3345 rerum
911 3304 1058 3365 sunt,
1082 3307 1240 3369 atque
1266 3300 1385 3358 ideo
1408 3306 1605 3373 primas
1629 3304 1951 3364 substantias

375 3390 463 3433 088
493 3392 615 3436 8850
641 3397 861 3439 necesse
884 3395 984 3440 εει.

373 3482 484 3533 θυι
511 3486 665 3528 IAGIS
706 3488 861 3531 ΑΡΤΒ
888 3493 1307 3541 ENUNTIATIONES
1331 3501 1639 3545 CONTRARLE
1664 3506 1945 3550 DICANTUR.

446 3561 629 3618 Utrum
667 3577 842 3622 autem
886 3574 1148 3628 contraria
1168 3576 1233 3629 sit
1262 3579 1543 3649 afﬁrmatio
1574 3586 1851 3656 negationi,
1884 3602 1952 3641 an

372 3656 648 3726 afﬁrmatio
676 3663 1037 3735 afﬁrmationi,
1068 3675 1116 3720 et
1132 3671 1296 3724 oratio
1324 3673 1566 3738 orationi,
1586 3682 1642 3728 ut
1662 3692 1776 3743 qua:
1801 3676 1947 3745 dicit,

371 3752 609 3817 quoniam
656 3758 820 3810 omnis
867 3759 1018 3812 homo
1048 3764 1224 3833 justus
1269 3771 1364 3831 est,
1408 3766 1457 3820 ei
1493 3783 1608 3837 quae
1646 3780 1741 3837 est,
1779 3769 1952 3825 nullus

372 3838 519 3895 homo
537 3847 710 3915 justus
733 3857 826 3913 est,
856 3863 924 3903 an
952 3854 1118 3907 omnis
1143 3854 1295 3909 homo
1315 3859 1494 3928 justus
1516 3868 1615 3925 est,
1638 3862 1685 3914 ei
1711 3877 1826 3931 qua:
1852 3870 1949 3930 est,

374 3934 540 4023 omnis
560 3933 709 3990 homo
738 3938 957 4009 injustas
987 3955 1079 4011 est,
1110 3955 1165 4000 ut
1195 3946 1388 4003 Callias
1406 3953 1583 4023 justus
1629 3963 1721 4019 est,
1757 3953 1951 4009 Callias

375 4018 546 4089 iustus
591 4039 694 4078 non
741 4038 834 4097 est,
876 4029 1067 4089 Callias
1108 4036 1331 4109 injustas
1361 4018 1455 4109 est,
1496 4018 1731 4113 quanam
1768 4043 1950 4100 harum

373 4116 635 4169 contraria
661 4127 737 4171 est
753 4121 780 4173 ἵ

444 4203 1015 4279 Postpropositionum
1055 4223 1465 4293 consequentias
1513 4210 1859 4295 pertractatas
1894 4239 1951 4287 et

371 4297 663 4355 eas-subtili
703 4302 1047 4374 inquisitione
1083 4312 1393 4385 dispositas,
1434 4318 1565 4375 illud
1604 4322 1843 4377 exoritur
1866 4324 1947 4379 in-

373 4389 714 4459 quirendum,
746 4400 889 4466 quod
927 4415 1173 4474 magnam
1214 4408 1492 4466 utilitatem
1532 4413 1600 4467 ita
1635 4416 1865 4482 praefert,
1892 4425 1951 4471 ut

374 4489 630 4575 quantum
657 4486 709 4539 in
736 4502 802 4544 eo
825 4492 1063 4549 utilitatis
1083 4499 1175 4568 sit,
1210 4499 1380 4569 prima
1419 4519 1629 4575 quoque
1658 4507 1831 4563 fronte
1868 4509 1947 4565 le-

370 4569 606 4635 gentium
636 4578 899 4637 mentibus
921 4583 1213 4654 ingeratur.
1242 4589 1373 4645 Nam
1394 4569 1515 4647 cum
1531 4569 1947 4654 sitmaniiestum
1974 4592 2033 4655 1)

371 4661 620 4727 quoniam
648 4666 1058 4730 afﬁrmatisnem
1087 4683 1331 4749 opposita
1364 4687 1573 4755 negatio
1600 4703 1813 4757 semper
1843 4705 1945 4762 op-

369 4763 589 4821 pugnet,
615 4761 951 4834 maximeque
975 4770 1205 4836 perimat
1244 4776 1604 4833 universalem
1636 4761 1947 4837 afﬁrmatio-

368 4856 493 4897 nem
525 4848 837 4907 universalis
867 4860 1102 4927 negatio,
1136 4866 1496 4936 quoniamque
1535 4884 1642 4923 non
1673 4870 1947 4939 ignoratur

366 4936 509 5028 quod
542 4940 827 5000 afﬁrmatio
868 4950 1153 5017 privatoria
1196 4973 1315 5028 qua:
1350 4961 1675 5018 contrarium
1695 4936 1947 5025 vafﬁrmat

364 5027 535 5095 ipsius
548 5046 759 5105 quoque
770 5044 1022 5098 contrarii
1037 5027 1267 5115 perimat
1297 5055 1734 5127 propositionem,
1754 5060 1949 5130 quatri-

366 5125 450 5219 tur
482 5136 600 5190 quae
637 5129 809 5198 magis
841 5135 1064 5200 perimat
1093 5142 1376 5211 magisque
1411 5158 1681 5219 oppugnet
1714 5125 1950 5207 afﬁrma-

365 5210 551 5278 tivam,
580 5227 828 5279 utrumne
858 5241 919 5281 ea
948 5245 1066 5298 quae
1097 5236 1418 5293 universalis
1440 5244 1651 5311 negatio
1666 5253 1772 5311 est,
1788 5260 1857 5300 an
1888 5259 1951 5301 ea

364 5316 491 5394 qua:
544 5316 817 5381 contrarii,
863 5320 945 5376 vel
987 5326 1303 5392 privationis
1351 5331 1655 5391 afﬁrmatio.
1690 5338 1770 5391 Sit
1806 5338 1950 5394 enim

366 5393 602 5498 positum
624 5401 759 5461 hanc
778 5422 897 5467 esse
926 5414 1359 5489 afﬁrmationem,
1390 5440 1509 5494 quae
1534 5428 1780 5498 proponit
1798 5393 1950 5485 rom-

362 5488 451 5593 nis
471 5487 636 5549 homo
651 5499 825 5566 justus
854 5516 954 5560 est.
994 5510 1140 5567 Hanc
1161 5528 1288 5585 ergo
1330 5487 1449 5573 dua:
1473 5487 1738 5589 perimunt
1760 5538 1956 5593 pr0poo

362 5582 606 5686 sitiones,
632 5602 687 5648 et
716 5598 1029 5657 universalis
1052 5605 1255 5664 scilicet
1278 5614 1487 5683 negatio
1504 5630 1621 5687 quae
1646 5616 1792 5682 dicit,
1823 5633 1955 5685 quo-

361 5675 710 5776 ttiatunullus
736 5691 896 5747 homo
924 5694 1096 5764 justus
1125 5711 1226 5767 est,
1262 5714 1317 5758 et
1345 5720 1407 5759 ea
1437 5723 1558 5769 «tua:
1598 5708 1953 5776 privationem

356 5764 583 5871 iustitia:
622 5781 875 5845 pradicet
903 5764 1243 5861 afﬁrmando,
1288 5812 1349 5851 ea
1392 5764 1615 5854 scilicet.
1632 5816 1752 5871 quae
1796 5764 1951 5858 dicit;

359 5864 539 5921 omnis
559 5870 719 5929 homo
741 5878 971 5947 injustas
997 5895 1099 5943 est.
1134 5888 1432 5951 Atﬁrmatio
1471 5894 1631 5964 igitur
1648 5864 1787 5964 ante
1816 5909 1955 5970 Pro:

2064 1976 2156 2046 qui
2179 1977 2448 2032 dubitaret
2471 1988 2563 2034 aut
2592 1996 2749 2034 unam
2765 1997 2876 2037 rem
2903 1983 3111 2040 duabus
3142 1988 3360 2056 Opponi,
3379 1998 3492 2054 aut,
3514 1990 3649 2044 dua-

2063 2069 2164 2124 bus
2178 2084 2332 2124 unam
2348 2085 2460 2125 rem
2478 2072 2884 2139 perimentibus,
2904 2077 3068 2144 quaeri
3082 2088 3331 2146 oportere
3348 2095 3465 2148 qum
3481 2081 3649 2149 magis

2065 2175 2251 2216 earum
2266 2160 2544 2216 videretur
2563 2163 2857 2217 contraria?
2874 2163 3181 2220 Contrarias
3198 2177 3373 2222 autem
3393 2170 3644 2239 dicimus,

2064 2268 2174 2308 non
2189 2254 2479 2310 secundum
2494 2271 2613 2311 eum
2630 2256 2846 2310 modum
2866 2272 3023 2327 quem
3038 2258 3352 2316 Aristoteles
3376 2264 3426 2317 in
3442 2264 3647 2320 Prtedi-

2064 2348 2325 2403 camentis
2351 2349 2628 2423 explicuit,
2666 2349 2760 2404 sed
2794 2359 2994 2404 tantum
3026 2352 3091 2405 ad
3125 2350 3176 2405 id
3227 2353 3368 2421 quod
3419 2369 3504 2410 res
3532 2373 3645 2413 rem

2064 2439 2150 2492 vel
2182 2439 2473 2509 propositio
2518 2440 2732 2508 perimit
2780 2441 3219 2509 propositionem,
3266 2456 3321 2499 ut
3351 2450 3499 2515 quasi
3549 2448 3647 2503 hoc

2066 2530 2229 2584 modo
2275 2539 2569 2600 quieratur.
2643 2532 2951 2593 Afﬁrmatio
2985 2534 3300 2591 universalis
3353 2541 3647 2596 secundum

2065 2634 2223 2689 quam
2251 2622 2418 2692 magis
2442 2623 2742 2691 perimitur,
2776 2633 3025 2678 utrumne
3055 2628 3351 2682 secundum
3383 2645 3500 2685 eam
3529 2646 3647 2701 qua:

2066 2710 2389 2766 universalis
2426 2722 2508 2767 est
2547 2716 2780 2782 negatio,
2824 2726 2915 2769 aut
2942 2716 3234 2777 secundum
3266 2734 3382 2773 eam
3412 2737 3531 2790 qua:
3561 2724 3648 2783 vel

2067 2801 2419 2869 privationem
2455 2803 2710 2871 pradicat
2750 2804 2838 2860 vel
2865 2805 3141 2873 quodlibet
3192 2809 3355 2877 aliud,
3400 2812 3541 2881 quod
3580 2829 3647 2870 ex

2068 2890 2182 2959 ipsa
2226 2894 2562 2961 oppositione
2619 2894 2727 2949 vim
2797 2896 3051 2953 contrarii
3076 2902 3646 2967 repraesentet?Unde

2046 2985 2226 3043 etiam
2240 2984 2365 3039 illud
2382 2988 2545 3042 latere
2567 3002 2674 3043 non
2696 2996 2931 3057 oportet,
2961 2989 3262 3046 universale
3278 3006 3401 3047 esse
3426 2994 3645 3053 dubium

2063 3072 2205 3129 inter
2261 3076 2623 3149 universalem
2684 3078 3094 3137 alﬁrmationem
3163 3082 3537 3153 privatoriam,
3593 3096 3647 3144 et

2066 3165 2423 3223 ttniversalem
2453 3168 2812 3237 negationem,
2844 3185 2961 3240 qua:
2988 3180 3131 3227 esset
3169 3173 3409 3242 opposita
3441 3186 3647 3234 contra-

2066 3260 2182 3313 rite.
2216 3259 2388 3327 Supra
2438 3262 2583 3317 enim
2637 3260 2741 3335 iam
2786 3262 2988 3319 dictum
3033 3274 3117 3320 est
3158 3264 3493 3324 afﬁrmationi
3525 3272 3647 3327 uni-

2058 3351 2256 3406 versali
2286 3354 2625 3423 negationem
2649 3354 2999 3410 universalem
3024 3368 3146 3412 esse
3164 3360 3507 3414 contrariam.
3537 3361 3646 3417 Sed

2057 3443 2166 3510 hic,
2198 3454 2257 3500 ut
2284 3444 2483 3500 dictum
2510 3454 2615 3514 est,
2647 3462 2753 3503 non
2780 3449 2884 3505 hoc
2907 3447 3121 3514 dicitur,
3153 3449 3248 3505 sed
3292 3450 3422 3506 illud
3466 3454 3643 3522 potius

2048 3551 2178 3607 quae
2200 3537 2369 3607 magis
2398 3538 2622 3607 perimat
2652 3555 2787 3596 rem.
2817 3540 2952 3595 Nam
2979 3554 3098 3609 quae
3124 3543 3294 3612 magis
3334 3544 3551 3614 perimit
3581 3562 3644 3603 ea

2056 3627 2442 3696 pr0pemodum
2482 3629 2743 3685 videbitur
2771 3645 2893 3688 esse
2930 3632 3098 3703 magis
3134 3636 3422 3694 contraria.
3467 3640 3644 3709 Atque

2057 3716 2180 3771 ideo
2215 3733 2320 3772 non
2359 3718 2533 3773 solum
2562 3719 2628 3774 de
2673 3722 3062 3777 universalibus
3115 3727 3408 3794 proposuit,
3447 3727 3543 3783 sed
3575 3744 3643 3785 ne

2056 3809 2420 3878 suspicaretur
2460 3811 2578 3881 quis
2608 3813 2748 3881 quod
2793 3812 2938 3867 illam
2972 3820 3405 3874 contrarietatem
3438 3821 3643 3878 diceret

2056 3916 2216 3969 quam
2247 3902 2330 3956 vel
2361 3903 2415 3956 in
2462 3901 2896 3959 Prtedicamentis
2936 3904 3145 3961 locutus
3187 3916 3289 3973 est,
3330 3911 3417 3965 vel
3457 3928 3642 3969 rursus

2057 4005 2221 4061 supra
2269 4007 2391 4047 cum
2460 3992 2529 4047 de
2597 3993 2887 4048 universali
2949 3993 3307 4052 afﬁrmatione
3372 4010 3426 4054 et
3477 4018 3641 4071 nega-

2058 4086 2206 4140 tione
2261 4085 2597 4155 loqueretur,
2655 4084 2725 4140 de
2781 4084 3187 4153 particularibus
3248 4086 3471 4158 adjecit,
3524 4093 3642 4160 qui-

2056 4176 2159 4232 bus
2230 4188 2338 4229 non
2404 4182 2561 4229 erant
2637 4175 2923 4239 contrariae
2988 4175 3273 4233 afﬁrmatio
3337 4189 3395 4235 et
3476 4198 3640 4252 nega.

2056 4266 2153 4320 tio.
2209 4264 2341 4320 Nam
2378 4265 2425 4320 si
2461 4275 2610 4322 recte
2654 4266 2905 4337 superius
2948 4270 3345 4340 comprehensa
3390 4276 3639 4331 memini-

2055 4357 2497 4426 mus,afﬁrmatio
2523 4358 2843 4421 universalis
2868 4367 2924 4419 et
2949 4362 3161 4431 negatio
3176 4364 3495 4420 universalis
3512 4381 3639 4422 con-

2057 4448 2239 4503 trariae
2267 4463 2387 4505 esse
2413 4448 2747 4511 dicebantur.
2774 4450 3068 4507 Necsolum
3085 4452 3209 4520 hoc,
3240 4455 3332 4511 sed
3357 4457 3515 4511 etiam
3546 4471 3632 4514 se-

2055 4540 2287 4594 cundum
2314 4540 2515 4609 jusmm
2555 4551 2609 4596 et
2644 4541 2901 4611 injustam
2940 4542 3214 4599 constituit
3253 4548 3632 4616 qumstionem,

2054 4628 2197 4699 quod
2224 4628 2432 4683 habitus
2452 4639 2507 4683 et
2527 4632 2753 4699 privatio
2780 4632 2955 4699 potius
2993 4641 3077 4687 est
3097 4648 3255 4703 quam
3288 4635 3393 4693 ulla
3423 4651 3637 4696 contra-

2053 4721 2241 4779 rietas.
2290 4720 2492 4787 Quare,
2536 4731 2594 4775 ut
2629 4722 2903 4789 diximus,
2946 4722 3351 4795 intelligendum
3399 4739 3481 4785 est
3520 4747 3641 4789 esse

2055 4825 2198 4866 nunc
2224 4811 2276 4865 in
2307 4811 2619 4879 quaestione,
2652 4825 2771 4881 quae
2800 4812 3095 4882 propositio
3124 4831 3282 4885 quam
3316 4823 3637 4889 propositio-

2056 4916 2181 4958 nem
2212 4902 2454 4972 proxime
2480 4903 2854 4974 efﬁcaciusque
2881 4904 3121 4963 destruat
3149 4921 3212 4963 ac
3242 4908 3498 4978 perimat;
3538 4914 3636 4968 ltu-

2052 4992 2142 5065 jus
2169 4994 2498 5062 inquirendae
2528 4995 2604 5049 rei
2633 4995 2770 5050 ratio
2795 4997 2991 5053 existet
3019 4997 3121 5055 huc
3150 5001 3326 5056 modo.

2129 5085 2270 5151 Nam
2298 5088 2341 5141 si
2364 5104 2425 5141 ea
2449 5103 2563 5159 qua:
2600 5098 2719 5142 sunt
2746 5090 2799 5143 in
2835 5106 2951 5143 voce
2979 5105 3257 5161 sequuntur
3288 5112 3349 5150 ea
3381 5112 3493 5164 qua:
3520 5109 3638 5152 sunt

2053 5176 2110 5232 in
2140 5182 2331 5245 anima,
2362 5179 2470 5234 illic
2498 5192 2669 5234 autem
2706 5184 2966 5240 contraria
2993 5196 3063 5239 est
3090 5188 3263 5256 Opinio
3292 5190 3554 5257 contrarii,
3586 5202 3638 5245 ut

2058 5274 2223 5325 omnis
2250 5274 2400 5326 homo
2417 5275 2590 5344 justus
2614 5284 2709 5340 est,
2742 5277 2785 5329 ei
2808 5293 2921 5344 qua:
2933 5286 3024 5338 est.
3044 5280 3204 5332 omnis
3224 5280 3371 5332 homo
3392 5283 3635 5351 injustas,

2056 5364 2208 5418 etiam
2231 5364 2284 5416 in
2314 5363 2393 5417 his
2413 5380 2527 5435 qua:
2560 5375 2677 5419 sunt
2716 5368 2768 5419 in
2806 5382 2923 5421 voce
2948 5367 3398 5436 afﬁrmationibus,
3440 5389 3640 5427 necesse

2056 5462 2127 5507 est
2146 5451 2379 5506 similiter
2427 5467 2538 5506 sese
2566 5454 2766 5508 habere.
2815 5455 2963 5521 Quod
2991 5457 3035 5510 si
3078 5474 3236 5527 neque
3265 5460 3369 5513 illic
3395 5464 3640 5516 contrarii

2057 5542 2285 5611 Opinatio
2324 5543 2579 5595 contraria
2615 5550 2707 5609 est,
2733 5559 2823 5597 nec
2850 5547 3128 5615 afﬁrmatio
3156 5549 3490 5617 afﬁrmationi
3516 5568 3640 5605 COtt-

2058 5630 2221 5684 traria
2243 5631 2358 5696 erit,
2389 5634 2476 5684 sed
2500 5648 2557 5685 ea
2582 5646 2696 5700 qua:
2719 5642 2792 5687 est
2808 5635 2943 5688 dicta
2964 5637 3181 5706 negatio.
3212 5639 3381 5706 Quare
3409 5642 3639 5694 conside-

2057 5720 2275 5775 randum
2303 5728 2374 5773 est
2415 5737 2526 5789 qua:
2571 5723 2797 5790 Opinatia
2847 5738 2995 5790 uera,
3044 5727 3187 5796 falsae
3214 5731 3639 5796 Opinationicon-

2059 5810 2221 5864 traria
2247 5812 2335 5876 sit,
2359 5823 2525 5865 utrum
2552 5814 2858 5881 negationis,
2884 5830 2949 5867 an
2970 5824 3105 5870 certe
3128 5834 3186 5872 ea
3214 5835 3329 5889 qua:
3355 5823 3640 5876 contrario-

2059 5918 2175 5957 rum
2204 5921 2309 5960 esse
2335 5905 2589 5965 oainatur.
2624 5904 2750 5962 Dico
2779 5915 2948 5962 autem
2976 5906 3071 5963 hoc
3095 5912 3276 5967 modo:
3300 5911 3635 5980 Estquwdam
