4296 6266
601 316 710 378 623

602 434 831 506 Opinatio
854 449 970 487 vera
996 426 1133 495 boni,
1161 429 1399 497 quoniam
1420 420 1604 483 bonum
1624 435 1728 494 est;
1750 430 1853 485 alia
1880 447 1995 485 vero
2021 430 2177 499 (atra,

602 528 845 598 quoniam
858 523 1047 603 (bonum
1071 534 1171 573 non
1193 528 1299 583 est;
1320 518 1425 573 alia
1446 520 1578 585 quod
1606 520 1798 575 malum
1825 532 1897 577 est
1915 538 2183 592 :quaznam

601 634 719 687 ergo
747 617 930 667 Icarum
952 612 1208 667 contraria
1237 621 1309 667 est
1344 628 1473 668 verte
1496 613 1520 665 ?
1547 611 1615 665 Et
1656 614 1701 667 si
1725 623 1796 669 est
1830 631 1935 669 una
1997 633 2184 671 secun-

601 706 723 759 dum
749 720 903 775 quam
930 703 1229 757 contraria?

674 793 798 848 Haec
828 803 908 848 est
932 784 1316 863 investigatio?
1353 808 1473 863 qua:
1500 793 1668 864 magis
1700 793 1771 849 sit
1790 793 2079 850 universali
2108 794 2189 849 af-

601 885 893 940 ﬁrmationi
933 886 1220 950 contraria,
1269 894 1519 943 utrumne
1558 888 1844 956 privatoria
1869 887 2186 944 universalis

577 967 921 1045 afﬁrmatio,
988 993 1055 1033 an
1136 978 1453 1035 universalis
1519 979 1777 1059 negatio.
1831 978 1966 1035 Hinc
2016 979 2185 1035 sumi-

603 1076 689 1123 tur
729 1071 870 1140 quod
909 1071 1084 1125 omnis
1132 1071 1240 1125 fere
1290 1072 1608 1140 proprietas,
1651 1085 1810 1141 quam
1863 1073 1915 1127 in
1968 1072 2189 1130 vocibus

604 1176 826 1218 necesse
846 1163 1060 1219 evenire
1082 1171 1182 1230 est,
1214 1177 1282 1217 ex
1316 1161 1654 1231 opinionibus
1675 1164 1828 1219 venit
1864 1177 2189 1238 quas.voccs

603 1251 734 1319 ipsae
764 1252 1082 1322 signiﬁcant.
1115 1251 1269 1318 Quod
1319 1252 1477 1321 igitur
1506 1253 1854 1323 quaerendum
1883 1255 1937 1309 in
1967 1256 2189 1312 vocibus

604 1355 707 1413 esr,
751 1344 851 1399 hoc
904 1345 1055 1413 prius
1107 1351 1188 1398 est
1227 1343 1279 1396 in
1330 1342 1670 1410 Opinionibus
1702 1346 1705 1347 ⁷
1734 1346 2185 1415 perspiciendum.

604 1434 787 1503 Neque
847 1432 990 1488 enim
1050 1432 1164 1487 ﬁeri
1234 1444 1411 1502 potest
1466 1443 1523 1488 ut
1592 1449 1713 1490 cum
1780 1450 1970 1490 vocum
2025 1436 2192 1507 signi-

607 1527 880 1580 ﬁcationes
935 1542 999 1580 ex
1064 1514 1406 1595 opinionibus
1474 1528 1711 1597 veniant,
1781 1545 1912 1598 quas
1984 1529 2193 1585 scilicet

607 1630 767 1671 voces
796 1619 922 1686 ipsae
949 1616 1268 1686 signiﬁcant,
1303 1633 1407 1672 non
1439 1617 1589 1687 prius
1618 1619 1975 1688 proprietates
1998 1633 2189 1674 vocum

607 1708 662 1763 lu
684 1707 1023 1777 opinionibus
1067 1709 1422 1777 reperiantur.
1472 1708 1871 1778 Requirendum
1922 1708 2082 1778 igitur
2111 1719 2194 1764 est

1824 311 1933 371 AN.
1977 306 2187 371 MANL.
2225 303 2375 369 θεν.
2417 305 2637 367 ΒΘΕΤΙΙ

3767 310 3877 371 624

2288 423 2357 477 tis
2386 423 2597 479 animus
2629 420 2911 492 suspicari.
2947 418 3079 479 Cum
3107 434 3238 477 vero
3266 414 3464 476 malum
3496 420 3732 491 ponitur,
3759 432 3871 480 tota

2290 516 2553 570 audientis
2583 514 2875 583 suspicatio
2904 514 2955 567 in
2984 513 3313 568 contrarium
3344 508 3549 582 reiecta
3578 522 3679 568 est.
3701 518 3874 585 Atque

2288 605 2410 660 ideo
2438 619 2545 661 non
2578 603 2721 659 idem
2745 604 3071 675 signiﬁcant,
3103 604 3196 659 sed
3226 605 3350 674 quia
3389 618 3536 673 smpe
3569 605 3649 676 (ut
3678 605 3874 662 dictum

2288 696 2391 768 est)
2437 696 2666 766 privatio
2709 697 2795 751 vel
2847 696 3199 752 contrarietas
3264 698 3538 767 negationi
3584 698 3873 769 consentit,

2270 786 2502 857 quoties
2534 787 2668 843 tales
2691 789 2937 857 quaedam
2986 788 3383 858 prapositiones
3431 790 3795 859 reperiuntur,
3827 792 3881 847 in

2288 878 2481 948 quibus
2505 876 2637 933 nihil
2681 878 2971 948 negatione
3006 877 3276 948 diserepet
3315 879 3607 950 privatoria
3648 882 3883 937 afﬁrma-

2290 970 2390 1035 tio,
2420 968 2763 1041 quazrendum
2786 977 2889 1038 est,
2918 977 2976 1025 ut
3003 968 3279 1026 Aristoteli
3322 970 3556 1040 videtur,
3586 973 3883 1029 secundum

2292 1075 2452 1131 quam
2497 1061 2675 1130 potius
2704 1061 3057 1131 prolationem
3100 1060 3183 1117 vel
3211 1062 3521 1131 opinionem
3552 1078 3693 1119 verae
3735 1064 3883 1118 afﬁr-

2290 1152 2513 1207 mationi
2535 1152 2620 1208 vel
2654 1153 2897 1223 opinioni
2924 1153 3193 1209 contraria
3240 1140 3536 1224 propositio
3582 1156 3665 1211 vel
3696 1158 3883 1226 opinio

2291 1245 2402 1299 ﬁat.
2434 1244 2747 1315 Quanquam
2774 1246 2919 1301 enim
2949 1246 3215 1303 interdum
3248 1248 3389 1303 idem
3418 1249 3745 1321 signiﬁcent,
3775 1252 3887 1306 alio

2294 1346 2474 1393 tamen
2494 1337 2656 1394 modo
2678 1339 2808 1409 ipsis
2849 1339 3306 1409 propositionibus
3351 1342 3575 1397 utimur.
3614 1342 3747 1398 Nam
3792 1343 3887 1413 qui

2295 1430 2633 1501 negationem
2670 1435 2838 1501 ponit,
2866 1432 2918 1487 id
2947 1433 3089 1502 quod
3117 1442 3202 1489 est
3253 1434 3381 1489 dicit
3430 1449 3586 1500 esse;
3617 1436 3709 1505 qui
3757 1451 3890 1493 vero

2296 1520 2669 1590 privationem,
2697 1522 2751 1576 id
2782 1522 2925 1592 quod
2956 1538 3063 1579 non
3090 1532 3173 1579 est
3200 1522 3330 1579 dicit
3358 1538 3499 1580 esse.
3548 1524 3684 1580 Cum
3727 1526 3889 1597 igitur
3962 1534 3981 1553 θ

2295 1611 2567 1668 diversum
2601 1612 2812 1668 initium
2862 1622 2919 1669 et
2959 1613 3169 1671 diversa
3218 1615 3449 1671 intentio
3494 1617 3888 1686 quodammodo

2296 1702 2365 1756 sit
2413 1702 2837 1772 propositionum
2863 1704 2964 1759 sub
2990 1706 3175 1759 eadem
3206 1705 3619 1777 signiﬁcatione,
3669 1720 3723 1766 et
3772 1727 3888 1783 quas

608 1800 1053 1872 quemadmodum
1075 1816 1133 1855 se
1164 1802 1261 1855 ista
1284 1801 1337 1855 in
1368 1801 1711 1870 opinionibus
1742 1801 1911 1871 posita
1954 1802 2190 1857 habean-

2264 1808 2483 1888 iearum
2513 1795 2682 1865 magis
2720 1811 2859 1851 verte
2890 1797 3238 1867 propositioni
3265 1800 3531 1854 contraria
3576 1802 3665 1867 sit,
3714 1812 3768 1857 et
3795 1819 3887 1860 se-

609 1902 713 1955 tur,
740 1891 878 1961 quod
906 1891 957 1944 in
988 1891 1071 1944 his
1098 1891 1256 1945 fuerit
1284 1901 1576 1961 repertum,
1606 1892 1671 1946 ad
1699 1906 1860 1947 voces
1904 1894 2195 1949 rationabi-

610 1984 735 2038 liter
762 1981 1131 2037 transferatur.
1156 1982 1442 2049 Quteratnr
1466 1981 1625 2052 igitur
1655 1983 1806 2051 prius
1838 1982 1889 2037 in
1926 1984 2197 2052 opinioni-

612 2078 713 2133 bus
742 2078 843 2133 hoc
873 2076 1033 2132 modo
1067 2095 1077 2127 :
1114 2075 1170 2130 Si
1216 2076 1398 2145 opinio
1443 2073 1730 2143 privatoria
1772 2075 2091 2129 universalis
2124 2078 2200 2131 af-

613 2170 931 2226 ﬁrmationis
972 2170 1140 2238 magis
1194 2178 1277 2222 est
1327 2167 1593 2221 contraria
1646 2165 1884 2236 opinioni
1939 2168 2201 2236 simplicis

615 2263 935 2319 universalis
1006 2261 1379 2315 aiﬁrmationis
1439 2274 1597 2329 quam
1647 2258 1831 2328 Opinio
1882 2260 2201 2316 universalis

616 2356 940 2426 negationis,
967 2352 1308 2407 manifestum
1336 2358 1418 2405 est
1458 2352 1711 2413 quoniam
1759 2338 2048 2420 priva'toria
2081 2353 2204 2407 uni-

616 2446 837 2502 versalis
886 2443 1172 2498 afﬁrmatio
1206 2442 1373 2512 magis
1422 2440 1640 2509 perimit
1670 2441 2028 2495 universalem
2075 2444 2205 2495 sim-

618 2537 812 2605 plicem
875 2534 1304 2597 aiﬁrmatinnem,
1358 2546 1517 2601 quam
1589 2531 1908 2586 universalis
1963 2532 2201 2602 negatio.

622 2624 778 2691 Quod
807 2626 849 2675 si
878 2622 1003 2676 illud
1032 2623 1199 2690 magis
1223 2638 1328 2676 non
1353 2624 1643 2689 repererit,
1690 2623 1782 2676 sed
1831 2624 1975 2692 quod
2018 2624 2204 2691 opinio

608 2711 941 2769 iuniversalis
963 2712 1259 2780 negationis
1287 2712 1593 2780 opinionem
1623 2713 1941 2768 universalis
1968 2715 2207 2769 afﬁrma-

621 2805 783 2860 tionis
823 2800 999 2872 magis
1027 2801 1253 2872 perimat
1276 2804 1452 2871 potius
1490 2817 1648 2871 quam
1688 2803 1867 2871 opinio
1907 2805 2206 2872 privatoriae

606 2896 1011 2963 afﬁrmationis,
1038 2904 1249 2950 constat
1277 2888 1418 2965 quod
1448 2896 1769 2950 universalis
1795 2900 2008 2967 negatio
2040 2899 2208 2967 magis

625 2988 891 3045 contraria
914 3002 994 3041 es:
1018 2987 1306 3041 universali
1332 2988 1669 3041 aiﬁrmationi
1701 2990 1877 3056 potius
1908 3006 2066 3059 quam
2098 2990 2210 3060 pri-

626 3083 831 3138 vatoria
854 3076 1154 3136 afﬁrmatio.
1184 3082 1295 3136 Hoc
1325 3074 1590 3136 autemut
1634 3081 1957 3148 inveniatur,
2008 3086 2081 3136 ita
2127 3084 2208 3136 ia-

605 3176 873 3234 rciendum
906 3184 989 3231 est
1021 3192 1036 3229 :
1070 3185 1299 3243 ponatur
1337 3174 1521 3244 opinio
1560 3175 1803 3243 quaedam
1836 3190 1991 3239 vera;
2024 3186 2206 3230 contra

607 3283 747 3327 eam
776 3268 895 3323 duae
912 3267 1080 3333 falsae,
1106 3282 1327 3337 quarum
1352 3281 1454 3320 una
1484 3265 1767 3319 afﬁrmatio
1798 3267 1868 3320 sit
1891 3267 2204 3334 privatoria,

629 3360 797 3416 altera
840 3358 1157 3413 universalis
1206 3359 1436 3427 negatio.
1484 3356 1557 3412 De
1599 3357 1805 3411 duabus
1855 3358 2016 3426 igitur
2060 3356 2211 3421 falsis

631 3464 788 3521 quam
818 3444 1209 3504 mendaCiorem
1248 3450 1386 3504 ratio
1411 3450 1634 3517 invenit,
1672 3462 1789 3505 eam
1816 3448 2041 3503 dicimus
2072 3462 2212 3504 veras

633 3539 869 3609 opinioni
894 3538 1061 3609 magis
1086 3552 1209 3592 esse
1242 3539 1592 3594 contrariam.
1626 3539 1747 3595 Sint
1774 3539 1935 3610 igitur
1964 3548 2076 3594 tres
2098 3540 2214 3609 opi-

632 3630 841 3695 niones,
874 3642 979 3683 una
998 3642 1147 3695 vera,
1171 3628 1287 3682 dua:
1310 3627 1495 3683 falsze:
1524 3639 1578 3685 et
1598 3630 1668 3685 sit
1696 3630 1914 3701 quidem
1938 3646 2062 3687 vera
2095 3631 2211 3686 haec

617 3733 761 3791 “quae
789 3720 841 3775 id
871 3720 1011 3790 quod
1048 3718 1246 3774 bonum
1275 3729 1377 3787 est,
1407 3721 1602 3777 bonum
1652 3737 1772 3779 esse
1801 3725 2111 3789 arbitratur,
2150 3741 2211 3780 ea

634 3811 843 3867 scilicet
866 3825 1025 3881 quam
1066 3810 1198 3867 dicit
1241 3814 1554 3869 Aristoteles
1602 3815 1909 3884 opinionem
1939 3832 2058 3872 esse
2088 3818 2213 3872 boni

633 3904 884 3976 quoniam
927 3906 1124 3961 bonum
1154 3915 1263 3971 est;
1306 3907 1432 3962 falsa
1472 3922 1601 3963 vero
1648 3924 1755 3964 una
1803 3923 1922 3979 qua:
1951 3906 2092 3979 quod
2118 3910 2215 3964 bo-

633 4012 761 4053 num
803 4006 906 4063 est,
940 3990 1135 4052 bonum
1178 4013 1283 4052 non
1324 4013 1445 4054 esse
1480 3998 1630 4069 dicit,
1663 4015 1727 4055 ea
1766 4010 1848 4056 est
1888 4015 2049 4070 quam
2082 4000 2213 4056 dicit

618 4089 947 4146 Aristoteles
969 4088 1099 4146 falsa
1129 4090 1275 4160 boni,
1298 4094 1548 4160 quoniam
1578 4105 1685 4146 non
1726 4092 1947 4146 bonum.
1989 4090 2213 4160 Reliqua

634 4197 752 4251 quae
779 4181 831 4237 id
859 4178 1001 4251 quod
1029 4181 1227 4237 bonum
1258 4191 1361 4247 est,
1398 4183 1595 4237 malum
1646 4197 1764 4238 esse
1802 4181 2114 4248 arbitratur,
2150 4195 2211 4236 ea

633 4283 715 4329 est
745 4272 954 4342 qua’ab
976 4270 1261 4325 Aristotele
1296 4270 1435 4325 dicta
1467 4280 1550 4325 est
1591 4271 1773 4338 opinio
1808 4270 1934 4325 boni
1964 4271 2213 4339 quoniam

634 4364 832 4419 malum
862 4369 960 4415 est.
1008 4359 1087 4414 Ex
1118 4359 1200 4413 his
1238 4359 1397 4427 igitur
1441 4359 1635 4425 tribus,
1680 4374 1784 4413 una
1814 4374 1961 4427 vera,
2006 4359 2214 4414 duabus

634 4455 805 4520 talsis,
829 4450 1176 4523 quzerendum
1204 4459 1287 4506 est
1307 4466 1427 4521 quas
1456 4452 1625 4521 magis
1651 4451 1722 4505 sit
1748 4451 2018 4507 contraria
2046 4466 2209 4517 verae;

634 4545 729 4600 sed
759 4543 882 4614 quia
909 4544 1166 4613 contingit
1206 4557 1349 4612 saepe
1390 4549 1448 4599 et
1490 4542 1828 4615 negationem
1859 4550 1915 4600 et
1961 4545 2214 4613 privatio-

634 4650 756 4692 nem
787 4650 947 4689 unum
978 4634 1280 4705 signiﬁcare
1320 4634 1376 4690 in
1406 4634 1491 4691 his
1522 4636 1820 4705 praesertim
1852 4637 2133 4692 contrariis
2161 4636 2214 4691 in

634 4726 828 4797 quibus
873 4725 1017 4780 nulla
1047 4725 1306 4781 medietas
1351 4726 1644 4793 invenitur,
1701 4727 1849 4783 addit
1887 4744 1901 4781 :
1937 4728 2002 4782 Et
2046 4730 2090 4783 si
2132 4737 2216 4785 est

638 4832 765 4882 una,
794 4816 1085 4871 secundum
1140 4831 1296 4886 quam
1326 4818 1764 4874 contrariaYIioc
1809 4828 1988 4874 autem
2030 4819 2216 4889 hujus-

633 4906 779 4962 modi
807 4916 888 4962 est
920 4924 932 4958 :
967 4904 1022 4960 in
1052 4904 1136 4960 his
1164 4907 1449 4962 contrariis
1477 4908 1532 4962 in
1560 4908 1754 4977 quibus
1780 4908 1925 4963 nulla
1953 4911 2212 4965 medietas

633 5008 734 5069 est,
763 4997 902 5053 idem
933 4997 1142 5066 negatio
1168 4996 1309 5051 valet
1346 4997 1487 5067 quod
1536 5000 1695 5054 etiam
1726 5000 1973 5069 privatio.
2026 5002 2084 5057 In
2130 5003 2212 5059 his

629 5106 760 5147 vero
788 5092 843 5146 in
873 5088 1063 5160 quibus
1090 5096 1173 5145 est
1197 5088 1440 5158 quaedam
1471 5089 1750 5158 medietas,
1779 5090 2066 5146 afﬁrmatio
2112 5095 2214 5160 pri-

629 5183 835 5241 vatoria
864 5191 918 5238 et
945 5180 1157 5252 negatio
1207 5195 1312 5235 non
1358 5180 1601 5251 ejusdem
1638 5183 2043 5252 signiﬁcationis
2064 5194 2206 5240 sunt.

630 5278 746 5351 Age
770 5277 915 5334 enim
942 5276 1047 5333 sint
1072 5273 1375 5344 hujusmodi
1403 5276 1673 5331 contraria
1702 5291 1821 5346 quae
1870 5276 1979 5333 sint
2022 5278 2211 5334 imme-

554 5388 559 5395 δ
631 5368 796 5438 diata,
820 5370 1058 5440 genitum
1088 5382 1207 5424 esse
1235 5376 1289 5423 et
1316 5366 1607 5438 ingenitum
1647 5383 1787 5425 esse.
1828 5369 1887 5425 in
1926 5373 2211 5430 contrariis

629 5461 794 5531 igitur
831 5458 1166 5516 immedietas
1207 5459 1345 5516 idem
1405 5459 2022 5529 privatoriaoaiﬁrmatio
2068 5464 2210 5534 quod

633 5554 849 5625 negatio
876 5552 1038 5609 valet.
1073 5552 1130 5608 ln
1162 5551 1246 5608 liis
1274 5558 1450 5608 autem
1488 5566 1607 5622 quae
1636 5554 1978 5612 medietatem
2016 5554 2213 5611 habent

631 5662 741 5701 non
764 5647 929 5703 idem.
960 5646 1143 5716 Neque
1172 5647 1315 5701 enim
1343 5658 1555 5713 aequum
1583 5656 1665 5702 est
1699 5648 1880 5706 dicere
1919 5648 2215 5718 quemlibet

632 5736 779 5790 illum
811 5750 931 5790 esse
983 5735 1201 5801 malum,
1233 5746 1287 5793 et
1314 5752 1503 5792 rursus
1545 5754 1649 5793 non
1680 5754 1798 5795 esse
1826 5741 2044 5795 bonum.
2077 5738 2213 5795 Nam

636 5836 756 5877 eum
801 5823 997 5879 bonum
1022 5832 1263 5887 negatur,
1299 5835 1476 5885 potest
1501 5828 1702 5892 aliquid
1733 5830 1963 5888 medium
1992 5828 2214 5887 audien-

2302 1886 2533 1963 cundum
2585 1903 2741 1956 quem
2783 1897 2982 1943 motum
3022 1889 3191 1944 animi
3221 1892 3391 1961 magis
3424 1906 3551 1947 vera
3592 1897 3888 1965 propositio

2302 1975 2620 2043 perimatur,
2649 1978 2994 2046 quaerendum
3041 1991 3143 2034 est.
3174 1980 3286 2035 lloc
3315 1990 3399 2035 est
3425 1984 3566 2037 enim
3605 1986 3742 2054 quod
3770 1987 3886 2044 ait:

2303 2063 2369 2141 Et
2390 2064 2434 2117 si
2462 2074 2543 2119 est
2586 2081 2709 2135 una,
2736 2066 3028 2121 secundum
3067 2084 3223 2137 quam
3251 2071 3552 2125 contraria?
3592 2073 3708 2129 Non
3745 2080 3888 2137 enim

2304 2155 2436 2209 dicit
2464 2156 2603 2226 quod
2634 2159 2852 2211 omnino
2907 2158 3117 2227 negatio
3163 2168 3219 2213 et
3272 2161 3501 2229 privatio
3552 2178 3715 2219 unum
3748 2184 3885 2228 5n.-..,

2306 2249 2401 2304 sed
2432 2250 2484 2303 in
2517 2250 2601 2304 his
2633 2249 2686 2304 in
2711 2251 2903 2320 quibus
2930 2251 3069 2307 idem
3102 2261 3244 2319 sunt,
3280 2252 3380 2308 hoc
3409 2246 3506 2309 est
3533 2255 3584 2309 in
3608 2256 3886 2316 immedia-

2307 2343 2373 2398 tis
2402 2343 2721 2407 contrariis;
2746 2352 2801 2397 et
2832 2343 3046 2412 quando
3077 2343 3220 2399 idem
3265 2345 3587 2415 signiﬁcant,
3632 2359 3881 2418 ψιουῐηνη

2308 2452 2413 2490 non
2437 2436 2729 2491 secundum
2776 2453 2941 2492 unum
2990 2447 3195 2494 motum
3242 2440 3402 2495 animi
3429 2458 3586 2497 unam
3615 2443 3885 2513 signiﬁca—

2294 2526 2507 2591 tionem
2534 2527 2736 2595 dicunt,
2786 2529 2876 2597 qui
2922 2529 3246 2583 contrarium
3290 2531 3377 2586 vel
3406 2533 3751 2600 privationem
3793 2557 3884 2591 nn-

2293 2626 2465 2689 rnunt,
2495 2627 2550 2672 et
2571 2617 2663 2687 qui
2718 2620 3055 2688 negationem
3085 2619 3377 2674 secundum
3421 2637 3578 2691 quam
3625 2635 3887 2679 CUllll’itttu

2310 2711 2481 2779 magis
2506 2719 2586 2764 est
2628 2711 2944 2779 propositio,
2996 2722 3245 2766 utrumne
3291 2714 3585 2770 secundum
3613 2729 3730 2772 eam
3772 2734 3889 2788 quac

2309 2800 2659 2869 privationem
2702 2803 2881 2870 ponit,
2912 2817 2981 2854 an
3019 2802 3321 2865 secundum,
3339 2818 3457 2859 eam
3505 2820 3624 2876 qua:
3658 2811 3892 2880 negatio‘

2296 2905 2454 2965 gnem.
2485 2888 2613 2944 Post
2655 2892 2769 2945 hazc
2798 2891 3247 2961 quemadmodum
3279 2894 3349 2948 sit
3380 2896 3774 2954 eontrarietatis
3800 2911 3892 2955 na-

2315 2991 2430 3035 tura
2461 2981 2725 3050 designat.
3424 2996 3425 2999 ‘

2385 3072 2526 3126 Nam
2575 3074 2814 3128 arbitrari
2859 3077 3140 3132 contrarias
3174 3075 3447 3147 'opim'ones
3489 3081 3695 3147 deﬁniri
3737 3084 3791 3137 in
3832 3099 3891 3138 eo

2304 3152 2448 3237 quod
2464 3169 2838 3221 contrariorum
2854 3176 2988 3233 sunt,
3017 3170 3204 3238 falsum
3227 3179 3319 3225 est.
3338 3170 3475 3226 Boni
3494 3173 3628 3227 enim
3653 3177 3893 3243 quoniam

2315 3262 2499 3313 bonum
2524 3269 2617 3324 est,
2645 3268 2689 3312 et
2719 3259 2842 3312 ntali
2870 3260 3107 3329 quoniam
3146 3262 3338 3315 malum
3368 3273 3459 3327 est,
3488 3265 3666 3319 eadem
3686 3277 3761 3319 est
3780 3271 3893 3336 for-

2315 3365 2449 3408 tasse
2473 3352 2646 3420 Opinio
2676 3360 2721 3405 et
2752 3367 2890 3419 vera,
2920 3353 3021 3406 sive
3050 3352 3242 3423 plures,
3273 3354 3377 3406 sit-e
3400 3370 3504 3407 una
3528 3356 3611 3409 sit.
3638 3354 3773 3409 Simt
3792 3372 3894 3410 au-

2315 3455 2413 3500 tem
2461 3446 2720 3499 contraria
2751 3445 2869 3510 ista,
2912 3446 3003 3498 sed
3041 3460 3143 3498 non
3176 3447 3229 3499 in
3265 3461 3322 3498 eo
3351 3447 3487 3513 quod
3522 3448 3894 3503 contrariorum

2312 3547 2431 3593 sunt
2463 3539 2742 3603 contraria,
2766 3538 2854 3591 sed
2882 3538 3041 3607 inagis
3069 3542 3121 3590 in
3150 3554 3206 3591 eo
3234 3538 3370 3607 quod
3395 3540 3666 3592 contrarie.

2389 3629 2591 3686 Sensus
2612 3629 2827 3699 quidem
2850 3628 3083 3684 breviter
3114 3627 3420 3697 expeditus,
3450 3630 3542 3684 sed
3568 3644 3775 3686 summa
3811 3647 3897 3687 ras

2310 3721 2486 3793 tionis
2515 3722 2743 3775 veritate
2769 3728 3049 3775 contextus
3077 3727 3176 3775 est.
3200 3719 3332 3773 Cum
3363 3720 3506 3775 enim
3527 3720 3592 3776 de
3616 3724 3898 3782 contrariis

2315 3812 2576 3882 disputat,
2630 3810 3080 3880 quemadmodum
3131 3810 3413 3866 contrariae
3455 3811 3732 3881 opiniones
3774 3829 3897 3871 esse

2315 3905 2520 3975 possint
2568 3904 2738 3974 prima
2786 3904 2963 3957 fronte
3010 3902 3268 3971 disponit.
3314 3903 3720 3963 Arbitrabantur
3749 3909 3894 3963 enim

2315 3996 2527 4073 quidam
2560 3995 2857 4051 contrarias
2885 4008 3002 4050 esse
3033 3996 3336 4065 opiniones,
3368 4013 3487 4067 quae
3516 3998 3584 4055 de
3610 4000 3894 4055 contrariis

2314 4086 2516 4157 aliquid
2542 4087 2950 4153 arbitrarentur,
2993 4086 3092 4142 sed
3118 4088 3219 4143 hoc
3247 4088 3439 4143 falsum
3468 4103 3588 4143 esse
3621 4090 3898 4146 convinci-

2319 4191 2421 4235 tur.
2445 4179 2627 4251 Neque
2656 4182 2797 4236 cnim
2822 4181 2866 4235 si
2888 4180 3087 4236 bonum
3124 4190 3178 4235 et
3201 4181 3396 4236 malum
3425 4183 3753 4237 contrarium
3794 4193 3897 4250 est,

2318 4279 2372 4327 et
2393 4271 2594 4341 aliquid
2621 4272 2687 4326 de
2712 4273 2853 4327 bono
2880 4281 2934 4327 et
2954 4273 3091 4328 malo
3119 4272 3385 4341 opinetur,
3414 4286 3537 4325 mox
3562 4287 3780 4327 necesse
3815 4283 3898 4332 est

2314 4374 2374 4418 ut
2414 4365 2766 4419 contrarietas
2809 4365 3187 4434 subsequatur.
3231 4365 3342 4433 Age
3390 4365 3531 4417 enim
3562 4364 3787 4433 quilibet
3826 4364 3896 4420 de

2317 4458 2459 4512 bono
2487 4457 2734 4527 opinetur
2777 4459 3027 4527 quoniam
3067 4459 3263 4512 bonum
3305 4464 3413 4521 est,
3443 4471 3631 4511 rursus
3657 4456 3726 4510 de
3759 4456 3900 4511 malo

2238 4584 2294 4643 υ
2317 4551 2564 4617 opinetur
2607 4549 2859 4618 quoniam
2917 4549 3117 4605 malum
3145 4557 3242 4604 est.
3294 4547 3425 4602 Cum
3456 4547 3619 4616 igitur
3667 4547 3807 4603 idem
3834 4547 3901 4604 de

2254 4641 2270 4697 Ϊ
2318 4642 2461 4697 bono
2505 4648 2559 4699 et
2597 4642 2738 4695 malo
2778 4641 3045 4710 opinetur,
3089 4641 3219 4696 illud
3257 4642 3507 4710 quoniam
3555 4641 3751 4695 bonum
3788 4650 3891 4707 est,

2320 4734 2420 4789 hoc
2446 4736 2693 4804 quoniam
2726 4734 2947 4799 malum,
2978 4742 3156 4788 tamen
3186 4732 3466 4787 contrariae
3490 4732 3765 4800 opiniones
3793 4746 3899 4786 non

2320 4835 2464 4882 sunt.
2514 4828 2697 4897 Neque
2741 4828 2885 4882 enim
2917 4826 3245 4881 contrarium
3289 4834 3371 4880 est
3410 4825 3617 4895 opinari
3663 4825 3714 4880 id
3758 4824 3901 4895 quod

2316 4918 2514 4975 bonum
2542 4928 2647 4984 est,
2679 4920 2874 4973 bonum
2901 4932 3040 4983 esse,
3072 4925 3127 4972 et
3163 4917 3214 4971 id
3244 4917 3387 4987 quod
3417 4917 3614 4971 malum
3652 4923 3754 4983 est,
3789 4932 3904 4971 ma-

2319 5008 2428 5079 lum
2456 5023 2574 5067 esse
2603 5028 2616 5076 ;
2651 5021 2891 5080 utraeque
2919 5011 3062 5065 enim
3109 5024 3247 5064 vera:
3278 5017 3421 5063 sunt.
3454 5009 3774 5079 Opinionum
3802 5026 3902 5065 au-

2319 5107 2428 5153 tem
2463 5102 2816 5157 contrarietas
2835 5103 3060 5163 veritate
3080 5110 3137 5176 et
3166 5100 3399 5155 falsitate
3426 5101 3755 5170 agnoscitur.
3789 5100 3903 5155 Hoc

2318 5200 2495 5245 autem
2551 5192 3063 5264 modo-huiusmodi
3110 5193 3390 5263 opiniones
3445 5194 3733 5247 contraria:
3784 5206 3903 5247 esse

2317 5291 2563 5356 possunt,
2589 5300 2707 5355 qua:
2733 5285 2800 5340 de
2829 5286 3016 5340 eadem
3050 5282 3760 5355 quodammodoaﬁ‘ectione
3790 5281 3905 5335 ani.

2318 5375 2392 5430 mi
2434 5374 2863 5446 proﬁciscuntur,
2886 5377 2938 5430 id
2961 5374 3340 5443 estopiniones
3353 5380 3741 5443 cognoscentes
3757 5370 3906 5441 quid~

2317 5482 2477 5538 quam
2507 5468 2648 5539 quod
2678 5483 2861 5526 verum
2891 5478 2995 5525 est.
3046 5468 3161 5523 Non
3206 5468 3364 5537 igitur
3388 5468 3432 5520 si
3462 5466 3580 5536 quis
3608 5465 3905 5519 contrario-

2316 5573 2435 5613 rum
2455 5557 2684 5630 aliquam
2711 5561 3017 5630 opinionem
3048 5558 3260 5625 habeat,
3284 5566 3339 5611 et
3364 5555 3651 5626 quidquam
3680 5556 3748 5610 de
3773 5569 3904 5609 con-

2317 5650 2498 5706 trariis
2528 5651 2839 5716 arbitretur,
2870 5651 3047 5706 statim
3081 5662 3301 5703 necesse
3322 5655 3407 5703 est
3432 5646 3683 5714 subsequi
3711 5645 3764 5697 in
3789 5644 3907 5711 opio

2317 5743 2567 5797 nionibus
2614 5746 3075 5800 contrarietatem.
3111 5744 3249 5812 Ergo
3283 5757 3386 5797 non
3424 5748 3507 5793 est
3553 5737 3907 5792 contrarietas

2318 5835 2624 5902 opinionum
2658 5835 2707 5893 in
2734 5850 2798 5891 ea
2823 5834 3173 5893 arbitratione
3222 5848 3343 5904 quae
3377 5828 3768 5888 contrariorum
3792 5830 3909 5890 est.-
