4296 6266
411 392 516 447 625

1117 378 1183 435 IN
1220 375 1470 459 LIBRUM
1510 374 1596 431 DE
1636 364 2283 435 INTERPRETATIONE
2324 372 2552 433 EDITIO
2590 374 2924 437 SECUNDA.

3556 379 3659 431 6‘26

412 507 498 563 vel
526 517 647 575 quae
676 501 743 557 de
761 508 1042 555 contrariis
1063 494 1304 575 habetur.
1329 492 1431 549 Sed
1453 492 1626 562 potius
1647 489 1995 548 contrarietas
2021 499 2077 563 Α
2100 491 2272 548 solum
2325 493 2623 562 exspectari
2672 480 2881 561 opertet
2931 494 2985 553 in
3040 462 3505 564 propositionibus
3533 490 3676 560 quod

413 598 467 653 in
495 573 836 665 opinionibus
866 600 990 643 tunc
1020 573 1096 650 ﬁt,
1137 584 1345 655 quoties
1382 583 1446 637 de
1474 596 1574 636 una
1606 580 1899 650 eademque
1940 595 1999 635 re

415 686 685 743 contrarie
714 683 832 754 quis
859 680 1124 749 opinatur,
1149 686 1205 731 ut
1232 676 1481 747 quaelibet
1508 689 1595 730 res
1625 673 1695 728 sit
1725 674 1995 743 proposita

416 778 581 843 bona,
598 776 665 832 de
693 789 755 829 ea
781 771 958 841 siquis
984 767 1251 823 contrario
1273 764 1433 821 modo
1452 763 1723 833 opinetur,
1748 763 1995 833 quoniam

417 870 618 925 bonum
653 874 756 930 est,
806 863 872 918 de
901 860 1090 916 eadem
1139 872 1321 912 rursus
1364 855 1615 926 quoniam
1644 855 1842 911 malum
1893 865 1994 920 εει,

416 961 599 1029 opinio
618 971 734 1027 quae
764 952 815 1008 id
836 951 977 1022 quod
1002 960 1085 1006 est
1104 949 1302 1003 bonum
1330 947 1524 1002 bonum
1554 960 1673 1003 esse
1697 952 1844 1015 putat
1871 961 1999 1001 vera

423 1060 531 1116 est,
564 1048 728 1101 altera
754 1057 880 1099 vero
902 1056 1022 1112 quae
1048 1039 1103 1094 id
1129 1037 1268 1108 quod
1296 1046 1382 1094 est
1406 1037 1606 1093 bonum
1637 1037 1836 1100 malum
1879 1051 1999 1093 esse

417 1139 722 1201 arbitratur,
749 1132 878 1188 falsa
922 1136 1025 1186 est.
1068 1127 1208 1184 Vera
1252 1135 1429 1183 autem
1459 1135 1513 1182 et
1558 1126 1687 1182 falsa
1714 1127 2002 1183 contrariae

414 1239 558 1287 sunt.
590 1228 755 1283 Recte
794 1224 950 1295 igitur
978 1222 1074 1277 has
1123 1220 1422 1289 opiniones,
1456 1233 1587 1289 quas
1617 1219 1811 1275 veritas
1850 1219 2000 1275 falsi-

417 1337 603 1395 t-asque
653 1318 909 1391 disiungit
959 1314 1254 1372 contrarias
1300 1327 1421 1369 esse
1466 1311 1712 1380 dicimus,
1740 1320 1796 1369 et
1821 1311 1867 1368 si
1891 1326 2001 1368 non

415 1415 807 1474 contrariorum
830 1416 975 1475 sunt,
1007 1406 1102 1463 sed
1125 1405 1188 1461 de
1218 1420 1322 1460 una
1344 1404 1637 1474 eademque
1665 1419 1727 1459 re
1757 1418 1851 1473 per
1876 1420 2003 1461 con.

418 1505 749 1563 trarietatem
778 1500 953 1556 dictae.
987 1497 1150 1552 Recte
1176 1494 1335 1565 igitur
1364 1493 1562 1549 dictum
1592 1503 1675 1549 est
1708 1508 1815 1549 non
1837 1508 2002 1563 opor-

423 1607 539 1655 tere
568 1596 795 1653 deﬁnire
823 1590 1120 1648 contrarias
1142 1588 1423 1659 opiniones
1447 1587 1500 1642 in
1530 1599 1596 1641 eo
1623 1587 1763 1657 quod
1792 1598 2006 1642 contra-

419 1690 621 1745 riorum
653 1688 780 1753 sint,
814 1684 908 1739 sed
932 1683 1106 1753 potius
1141 1683 1191 1735 in
1218 1695 1284 1735 eo
1312 1680 1450 1750 quod
1479 1678 1549 1735 de
1568 1678 1753 1735 eadem
1782 1694 1842 1735 re
1878 1694 2007 1735 con-

419 1783 583 1838 trarie
629 1779 999 1848 suspicentur;
1040 1773 1173 1829 ordo
1200 1788 1331 1828 vero
1384 1788 1689 1828 sermonum
1736 1774 1854 1829 talis
1900 1784 2036 1830 est.-

2102 584 2229 640 falsa
2258 598 2401 639 vera:
2432 583 2500 640 sit
2528 584 2815 651 contraria,
2845 584 2937 641 sed
2966 586 3104 655 quod
3137 570 3275 640 inter
3303 578 3488 639 omnes
3518 569 3701 640 falsaa'

2102 676 2189 732 illa
2222 676 2353 731 falsa
2384 676 2453 733 sit
2476 690 2617 731 vera:
2660 676 2950 743 contraria,
2982 693 3099 746 qua:
3129 693 3232 747 una
3262 683 3346 734 est
3372 685 3426 731 et
3454 688 3559 730 non
3596 671 3700 729 in?

2101 768 2271 823 ﬁnita.
2324 768 2555 824 Possunt
2584 777 2761 823 autem
2803 783 2921 825 esse
2949 769 3167 825 inﬁnitae
3208 750 3597 839 propositiones
3626 774 3682 822 et

2102 856 2267 925 falsae,
2288 868 2463 929 potest
2488 874 2592 914 una
2617 859 2760 914 ﬁnita
2783 862 2969 915 eadem
2994 876 3203 930 quoque
3228 860 3381 928 falsa,
3400 875 3518 930 qua:
3537 873 3682 914 verte

2102 952 2368 1010 contraria
2393 968 2512 1009 esse
2539 951 2930 1009 rationabiliter
2948 952 3190 1024 ponenda
3211 960 3313 1008 est.
3334 951 3527 1007 Volens
3554 964 3686 1021 ergo

2103 1046 2712 1117 constituere‘quoniam
2766 1046 2978 1117 negatio
3006 1045 3182 1115 potius
3217 1044 3483 1099 contraria
3511 1045 3580 1099 sit
3604 1040 3685 1097 af-

2104 1137 2414 1208 ﬁrmationi,
2443 1152 2601 1208 quam
2618 1153 2680 1194 ea
2708 1137 2995 1193 afﬁrmatio
3021 1151 3140 1208 quat
3161 1134 3484 1191 contrarium
3512 1122 3685 1202 ponit,

2104 1228 2208 1284 hoc
2233 1228 2383 1284 dicit.
2414 1228 2620 1295 Potest,
2652 1228 2845 1299 inquit,
2875 1242 2996 1285 esse
3024 1227 3261 1298 opinatio
3296 1213 3689 1296 quadamqua’

2104 1317 2159 1373 id
2213 1317 2357 1388 quod
2407 1326 2492 1374 est
2538 1319 2606 1374 de
2644 1332 2956 1390 unaquaque
3015 1332 3235 1395 regesse
3273 1315 3543 1389 opinetur.
3592 1312 3691 1369 Est

2106 1411 2266 1465 etiam
2297 1410 2396 1465 alia
2423 1425 2541 1481 quae
2581 1411 2633 1466 id
2665 1412 2802 1481 quod
2831 1427 2936 1467 non
2967 1421 3048 1467 est
3078 1426 3190 1467 rem
3217 1411 3363 1466 illam
3394 1424 3512 1465 esse
3544 1404 3689 1462 arbi-

2108 1509 2301 1556 tretur.
2333 1499 2427 1556 Est
2457 1511 2635 1558 autem
2666 1504 2767 1557 alia
2796 1503 2998 1577 quaiid
3026 1502 3163 1571 quod
3195 1517 3376 1559 secum
3405 1500 3565 1556 habet
3600 1505 3689 1555 rea

2108 1593 2196 1648 illa
2218 1595 2492 1664 proposita
2532 1610 2636 1649 non
2676 1610 2794 1651 eam
2826 1595 3025 1650 habere
3059 1604 3225 1662 putet.
3259 1580 3354 1649 Est
3376 1608 3558 1648 rursus
3582 1590 3688 1647 alia

2108 1702 2229 1756 qua:
2259 1686 2309 1741 id
2338 1687 2478 1757 quod
2506 1698 2587 1743 est
2619 1704 2705 1743 res
2724 1688 2860 1757 ipsa,
2894 1702 2998 1742 non
3021 1702 3137 1742 eam
3165 1686 3216 1741 id
3238 1700 3357 1742 esse
3380 1686 3686 1739 arbitretur.

2114 1780 2179 1835 Ut
2205 1791 2383 1835 autem
2413 1781 2515 1837 hoc
2534 1798 2626 1850 per
2647 1791 2891 1851 vagatum
2920 1781 3113 1845 luceat,
3142 1780 3446 1855 exemplum
3468 1778 3693 1848 sumpsit

418 1873 549 1930 Nam
576 1869 843 1935 arbitrari,
875 1866 1064 1937 inquit,
1090 1865 1387 1920 contrarias
1416 1866 1695 1934 opiniones
1718 1866 1928 1923 deﬁniri
1954 1870 2005 1923 in
2035 1882 2086 1944 Β
2114 1874 2443 1943 propositum
2472 1873 2559 1941 de
2597 1888 2702 1943 quo
2731 1874 3037 1941 Opinaretnr
3082 1872 3293 1939 aliquis,
3320 1870 3391 1949 id
3426 1869 3564 1939 quod
3610 1876 3694 1951 est

419 1982 484 2025 eo
510 1964 652 2036 quod
692 1961 1082 2018 contrariorum
1125 1960 1253 2023 sint,
1283 1958 1334 2012 id
1370 1967 1472 2024 est,
1504 1957 1559 2013 in
1600 1972 1664 2013 eo
1691 1958 1832 2029 quod
1863 1975 2009 2028 quae-

418 2059 540 2114 dam
572 2057 639 2113 de
686 2053 966 2112 contrariis
1014 2052 1319 2121 epinentur,
1351 2050 1539 2105 falsum
1573 2058 1675 2106 est.
1728 2050 2008 2119 Quomodo

420 2157 598 2205 autem
630 2147 819 2202 falsum
864 2144 935 2199 sit
978 2143 1095 2212 ipse
1122 2140 1380 2197 declarat.
1414 2139 1547 2195 Boni
1577 2142 1719 2195 enim
1758 2143 2007 2211 quoniam

420 2240 617 2295 bonum
644 2246 746 2301 est,
789 2243 843 2291 ει
862 2233 987 2289 mali
1010 2232 1260 2303 quoniam
1300 2229 1502 2286 malum
1534 2240 1637 2299 est,
1670 2230 1856 2289 eadem
1899 2232 2010 2291 for-

418 2343 561 2388 tasse
585 2340 687 2397 est,
727 2327 779 2383 id
805 2335 889 2383 est
936 2340 1044 2380 non
1071 2323 1175 2379 sibi
1221 2330 1347 2378 sunt
1390 2322 1674 2378 contraria:
1703 2324 2006 2393 opiniones,

419 2423 513 2479 sed
544 2431 782 2490 utraeque
812 2417 951 2473 idem
973 2424 1115 2471 sunt.
1147 2412 1604 2481 Quemadmodum
1644 2420 1822 2469 autem
1865 2414 2005 2470 idem

419 2514 547 2577 sint,
574 2513 686 2581 ipse
707 2508 975 2580 subiungit
1001 2507 1183 2562 dicens
1208 2514 1258 2560 et
1278 2521 1419 2559 vero.
1452 2504 1654 2560 Idcirco
1690 2504 1832 2561 enim
1863 2505 2005 2561 idem

420 2612 566 2668 sunt,
600 2603 722 2673 quia
750 2615 890 2655 verae
918 2607 1061 2654 sunt.
1090 2597 1450 2653 Contrarietas
1472 2608 1650 2651 autem
1675 2598 1727 2651 in
1751 2598 2004 2665 veritate,

418 2706 476 2752 ut
519 2695 719 2751 dictum
749 2701 852 2759 est,
902 2702 955 2745 et
984 2690 1210 2744 falsitate
1238 2696 1320 2746 est
1356 2689 1547 2759 posita.
1580 2687 1757 2754 Quare
1801 2689 1844 2744 si
1876 2702 2006 2743 con-

418 2792 657 2847 sentiunt
683 2788 822 2843 idem
863 2788 916 2841 in
938 2787 1163 2841 veritate
1192 2793 1244 2839 ει
1271 2784 1323 2838 in
1352 2783 1582 2838 falsitate
1609 2796 1730 2839 esse
1749 2783 2008 2839 videbun-

419 2891 521 2938 tur.
551 2880 659 2936 Nec
685 2878 771 2933 hic
800 2877 1156 2933 numerositas
1186 2874 1456 2944 impediet.
1487 2873 1611 2931 Sive
1638 2875 1782 2931 enim
1817 2879 1998 2946 plures

416 2975 534 3030 sive
558 2988 661 3027 una
692 2971 784 3039 sit,
822 2971 875 3025 iu
910 2984 977 3025 eo
1012 2966 1155 3039 quod
1186 2983 1325 3022 verae
1364 2975 1489 3022 sunt
1516 2967 1656 3021 idem
1692 2975 1835 3023 sunt.
1867 2967 2007 3023 Sunt

417 3076 620 3132 autem,
649 3062 841 3134 inquit,
869 3062 968 3117 ista
987 3060 1275 3128 contraria,
1301 3058 1353 3114 id
1390 3067 1474 3114 est
1498 3074 1619 3129 qure
1645 3059 1699 3114 in
1725 3060 1996 3129 opinioni-

419 3158 522 3215 bus
547 3164 846 3222 versantur,
878 3153 971 3209 sed
998 3168 1105 3208 non
1135 3152 1189 3206 in
1231 3165 1297 3207 eo
1323 3151 1463 3220 quod
1489 3150 1573 3205 vel
1603 3152 2000 3210 contrariorum

2108 1961 2331 2017 bonum.
2365 1963 2419 2017 Si
2452 1963 2568 2032 quis
2600 1962 2760 2031 igitur
2790 1962 2894 2017 hoc
2922 1961 3337 2018 bonumbonum
3368 1974 3487 2015 esse
3507 1960 3693 2028 opine-

2100 2061 2219 2121 tur,
2253 2068 2381 2107 vcre
2408 2053 2734 2122 opinabitur.
2771 2054 2975 2108 Rursus
3001 2054 3043 2108 si
3075 2055 3193 2123 quis
3217 2054 3319 2107 hoc
3343 2067 3463 2107 esse
3494 2054 3693 2109 bonum

2110 2143 2251 2214 quod
2277 2160 2384 2197 non
2407 2153 2489 2199 est
2510 2144 2706 2201 bonum
2731 2153 2899 2215 putet,
2925 2144 3059 2199 false
3081 2144 3405 2215 opinabitur.
3427 2153 3486 2196 ut
3506 2142 3550 2198 si
3573 2142 3693 2211 quis

2093 2234 2403 2300 arbitretur
2432 2237 2690 2304 quoniam
2721 2237 2890 2302 lmdit,
2924 2238 3173 2307 quoniam
3208 2235 3393 2290 inutile
3420 2244 3523 2300 est,
3555 2248 3692 2304 quo-

2109 2327 2257 2382 niam
2288 2329 2484 2383 bonum
2515 2328 2771 2398 injustum
2796 2340 2900 2396 εει,
2947 2329 2991 2382 is
3019 2342 3080 2383 ea
3108 2328 3175 2383 de
3200 2327 3341 2381 bono
3384 2316 3707 2396 epinabitur'

2109 2434 2230 2488 qua:
2257 2433 2363 2474 non
2395 2429 2539 2485 sunt,
2570 2431 2623 2475 et
2646 2420 2747 2475 hoc
2771 2420 2958 2476 falsum
2989 2428 3089 2474 est.
3121 2418 3324 2474 Rursus
3353 2418 3441 2487 qui
3470 2417 3520 2471 id
3552 2416 3694 2486 quod

2109 2514 2165 2569 in
2194 2529 2253 2569 se
2274 2514 2656 2591 habetbonum
2714 2528 2817 2568 non
2860 2513 3057 2569 habere
3096 2513 3400 2577 arbitratur,
3432 2511 3476 2565 is
3504 2509 3693 2579 opina-

2109 2602 2256 2658 bitur
2278 2602 2381 2658 boc
2410 2604 2591 2669 modo,
2622 2604 2821 2659 bonum
2854 2618 2957 2657 non
2986 2611 3069 2659 est
3092 2603 3240 2668 utile,
3264 2602 3461 2655 bonum
3486 2616 3590 2654 non
3613 2607 3697 2655 est

2106 2694 2333 2763 justum,
2384 2696 2581 2751 bonum
2612 2712 2717 2751 non
2763 2707 2846 2752 est
2875 2696 3250 2767 expetendum,
3294 2703 3350 2751 et
3394 2696 3439 2750 is
3482 2708 3696 2765 quoque

2108 2786 2328 2843 fallitur.
2361 2790 2510 2858 Quod
2538 2791 2582 2846 si
2613 2791 2731 2858 quis
2768 2791 2835 2845 sit
2861 2791 2951 2860 qui
2982 2791 3083 2845 hoc
3109 2792 3280 2860 ipsum
3308 2776 3450 2859 quod
3479 2796 3564 2844 est
3602 2788 3696 2843 bo-
3743 2824 3753 2833 ι

2088 2896 2255 2945 num,
2289 2899 2393 2938 non
2413 2899 2533 2940 esse
2555 2885 2751 2939 bonum
2774 2884 3085 2951 arbitretur,
3113 2891 3172 2938 ut
3200 2899 3305 2939 non
3326 2892 3475 2953 putet
3493 2884 3695 2938 bonum

2111 2988 2287 3043 neque
2327 2976 2524 3030 malum
2555 2989 2675 3030 esse
2706 2975 2757 3029 id
2783 2973 2921 3043 quod
2955 2988 3057 3027 non
3089 2981 3191 3042 est,
3224 2986 3396 3041 neque
3433 2981 3694 3041 expeten-

2087 3032 2237 3117 dum
2260 3076 2383 3118 esse
2408 3064 2459 3118 id
2489 3064 2630 3132 quod
2663 3065 2715 3118 in
2745 3032 2811 3119 εε¹
2832 3062 3013 3129 habet,
3040 3062 3133 3117 sed
3157 3032 3209 3117 id
3241 3032 3383 3133 quod
3409 3068 3490 3116 est
3506 3032 3695 3129 ipsum

2108 3155 2326 3223 bonum,
2378 3154 2430 3210 id
2460 3164 2541 3211 εει
2569 3154 2737 3224 ipsam
2783 3153 2907 3210 boni
2947 3154 3264 3221 essentiam,
3299 3153 3374 3207 ita
3404 3152 3695 3207 arbitretur

420 3260 564 3322 sunt,
598 3252 683 3305 vel
701 3251 767 3307 de
795 3253 1078 3307 contrariis
1103 3252 1456 3317 arbitrantur,
1487 3251 1770 3305 contraria:
1799 3248 2008 3318 opinio-
2034 3255 2081 3320 ί]
2111 3247 2312 3304 bonum
2351 3263 2456 3303 non
2498 3262 2617 3304 esse
2657 3245 3127 3303 bonum.€aeterae
3157 3246 3316 3316 igitur
3358 3258 3544 3300 omnes
3571 3242 3693 3313 opi-

418 3360 517 3400 ncs
544 3344 921 3409 inveniuntur;
949 3344 1043 3400 sed
1077 3345 1311 3413 ipsarum
1343 3340 1694 3398 contrarietas
1728 3338 1853 3395 inde
1882 3354 2008 3395 nas-

418 3441 579 3505 citur,
608 3440 751 3509 quod
773 3438 840 3494 de
870 3453 971 3492 una
996 3451 1054 3493 re
1083 3435 1355 3492 contrario
1376 3432 1535 3488 modo
1565 3431 1875 3501 opinantur,
1903 3431 2007 3486 hoc

417 3542 496 3589 est
523 3531 664 3603 quod
696 3531 786 3597 ait,
814 3529 907 3585 sed
937 3529 1105 3599 magis
1126 3528 1179 3583 in
1205 3539 1271 3581 eo
1290 3523 1431 3595 quod
1460 3521 1745 3578 contrarie.
1777 3518 1877 3576 Hic
1910 3534 2006 3575 au-

418 3634 523 3681 tem
553 3622 822 3680 contrarie
864 3620 1101 3676 adverbii
1142 3619 1264 3673 loco
1291 3616 1520 3686 positum
1551 3620 1633 3669 est
1668 3620 1921 3683 tanquam
1957 3613 2004 3667 si

415 3714 647 3769 diceret:
678 3712 773 3768 sed
803 3710 970 3780 magis
999 3724 1061 3764 ea
1090 3722 1148 3764 re
1170 3705 1454 3764 contraria:
1477 3712 1603 3758 sunt
1631 3702 1773 3773 quod
1794 3709 2003 3758 contra-

417 3806 496 3861 rie
520 3804 832 3872 opinantur,
863 3808 917 3857 et
936 3799 1383 3871 subintelligimus
1407 3795 1474 3852 de
1489 3811 1592 3852 una
1615 3795 1819 3852 scilicet
1843 3810 1923 3851 re.
1943 3793 2002 3850 Si

415 3897 561 3951 enim
588 3907 694 3949 non
710 3892 778 3948 de
801 3906 905 3946 una
928 3904 989 3947 re
1007 3891 1269 3947 contrarie
1290 3889 1595 3960 opinentur,
1624 3886 1720 3943 sed
1740 3886 1807 3943 de
1830 3886 2001 3956 pluri-

419 3984 520 4038 bus
542 3990 789 4051 poterunt
809 3995 915 4037 non
942 3995 1060 4037 esse
1081 3979 1377 4035 contrarias.
1402 3978 1553 4046 Quod
1578 3977 1733 4034 facile
1745 3985 2001 4047 cauteque

419 4075 753 4146 perspiciens
779 4073 1139 4143 unusquisque
1160 4072 1406 4141 reperiet.

488 4164 551 4220 Si
571 4180 688 4235 ergo
709 4173 781 4219 est
799 4164 914 4219 boni
928 4163 1168 4234 quoniam
1187 4171 1259 4215 est
1281 4161 1465 4215 bonum
1488 4159 1739 4232 Opinatio,
1761 4157 1863 4212 alia
1885 4173 2001 4212 vero

415 4258 655 4329 quoniam
673 4273 776 4312 non
801 4266 877 4312 est
906 4256 1110 4321 bonum,
1144 4262 1222 4310 est
1247 4268 1363 4309 vero
1397 4264 1445 4308 et
1470 4251 1578 4307 alia
1620 4250 1858 4324 quoniam
1901 4249 2001 4303 ali-

415 4350 538 4419 quid
573 4348 717 4403 aliud
740 4357 833 4416 est,
864 4347 1006 4420 quod
1032 4363 1135 4401 non
1162 4354 1258 4415 est,
1291 4362 1451 4416 neque
1482 4351 1647 4413 potest
1688 4358 1815 4398 esse.
1849 4341 1997 4395 Alia-

417 4456 528 4497 rum
556 4441 761 4511 quidem
784 4440 927 4495 nulla
954 4439 1191 4508 ponenda
1220 4448 1315 4506 est,
1348 4453 1507 4506 neque
1543 4450 1854 4506 quazcunqtte
1891 4450 1997 4489 esse

416 4529 554 4602 quod
599 4546 700 4584 non
745 4538 816 4584 est
861 4530 1158 4600 opinantur,
1197 4543 1358 4598 neque
1398 4541 1711 4596 quwcunque
1747 4540 1851 4580 non
1890 4539 1997 4580 esse

2110 3341 2301 3395 niones
2330 3339 2547 3395 inﬁnita:
2577 3347 2716 3395 sunt.
2748 3339 3038 3395 Possumus
3064 3337 3206 3393 enim
3238 3350 3331 3408 per
3359 3337 3525 3391 multa
3544 3324 3694 3393 coni-

2109 3448 2237 3505 gere
2284 3433 2414 3489 falsa
2440 3449 2558 3504 qua:
2612 3449 2731 3490 cum
2763 3448 2869 3488 non
2914 3433 3024 3488 sint
3064 3432 3130 3487 de
3161 3444 3475 3502 unaquaque
3518 3446 3598 3500 re,
3630 3444 3693 3489 ea

2108 3532 2286 3582 tamen
2311 3540 2429 3581 esse
2460 3526 2717 3593 dicamus,
2749 3534 2809 3585 ut
2834 3527 2888 3581 in
2908 3540 2974 3581 eo
3002 3526 3118 3594 ipso
3147 3523 3288 3581 bono
3305 3538 3519 3594 possum
3548 3523 3693 3578 dice-

2108 3632 2187 3683 re,
2223 3618 2470 3687 quoniam
2502 3619 2700 3674 malum
2723 3625 2825 3687 est,
2856 3629 3073 3687 possum
3106 3615 3228 3686 quia
3264 3624 3439 3684 turpe,
3466 3615 3587 3685 quia
3611 3614 3692 3670 iu-

2102 3710 2326 3781 justlm,
2355 3713 2475 3783 quia
2500 3713 2739 3782 vitabile,
2770 3712 2890 3784 quia
2920 3710 3280 3784 periculosum
3302 3720 3402 3779 est,
3428 3720 3480 3767 et
3496 3721 3690 3767 caetera

2108 3817 2440 3874 quaecunque
2464 3804 2519 3860 in
2550 3806 2691 3860 bono
2718 3804 2897 3860 nullus
2923 3804 3180 3872 inveniet,
3211 3811 3261 3857 et
3284 3799 3398 3858 haec
3424 3809 3546 3859 sunt
3572 3801 3691 3857 inﬁ~

2107 3894 2240 3957 uita.
2266 3894 2471 3950 Rursus
2503 3908 2718 3963 possum
2744 3894 2920 3951 dicere
2948 3910 3008 3949 ea
3031 3909 3151 3964 qua:
3177 3894 3337 3950 habet
3360 3894 3556 3949 bonum
3579 3905 3687 3949 non

2106 3999 2227 4041 esse
2252 3987 2305 4041 in
2334 3987 2498 4050 bono,
2531 3994 2587 4038 ut
2613 3985 2659 4038 si
2687 3984 2859 4039 dicam
2900 3983 3098 4038 bonum
3128 3998 3235 4037 non
3258 3997 3381 4038 esse
3409 3984 3562 4047 utile,
3593 3984 3688 4037 bo-

2105 4089 2232 4129 num
2263 4088 2369 4128 non
2416 4087 2537 4129 esse
2580 4072 2964 4141 expetendum,
2996 4071 3196 4126 bonum
3244 4084 3350 4125 non
3377 4085 3497 4126 esse
3543 4071 3687 4139 quod

2104 4171 2283 4234 auget,
2332 4172 2492 4234 atque
2535 4163 2651 4217 hmo
2694 4161 2906 4233 quidem
2938 4175 3123 4217 rursus
3154 4160 3359 4218 inﬁnita
3397 4168 3544 4217 sunt.
3577 4161 3687 4216 Sed

2076 4256 2079 4259 ’
2104 4255 2318 4328 quando
2346 4255 2399 4311 id
2436 4255 2578 4327 quod
2606 4262 2689 4310 est
2717 4254 2889 4327 aliqua
2920 4268 3009 4312 res
3035 4253 3210 4311 aufert
3244 4254 3445 4325 opinio,
3474 4254 3577 4309 hoc
3605 4252 3685 4310 fa-

2105 4362 2230 4404 cere
2254 4346 2357 4403 nisi
2385 4347 2554 4405 semel
2580 4361 2687 4403 non
2715 4354 2909 4417 potest.
2942 4347 3124 4418 Neque
3145 4347 3287 4404 enim
3316 4344 3489 4417 aliqua
3512 4358 3605 4415 per
3632 4344 3687 4399 id

2105 4440 2246 4496 efﬁci
2276 4447 2519 4510 possunt,
2542 4441 2587 4496 si
2614 4439 2754 4512 quod
2779 4440 2976 4497 bonum
3002 4449 3083 4497 est
3106 4456 3215 4497 non
3239 4454 3359 4497 esse
3376 4440 3572 4496 bonum
3599 4452 3688 4493 ar-

2101 4530 2360 4597 bitratur;
2409 4545 2537 4602 ergo
2583 4542 2792 4587 caeteras
2820 4545 3150 4602 quaecunque
3194 4538 3284 4585 aut
3322 4529 3376 4585 id
3405 4528 3547 4600 quod
3577 4542 3687 4585 non

417 4622 554 4693 quod
577 4630 650 4677 est
678 4622 917 4693 (inﬁnitae
959 4622 1094 4675 enim
1119 4630 1341 4690 utra’que
1370 4626 1509 4686 sunt,
1541 4625 1591 4671 et
1617 4632 1729 4687 quae
1756 4632 1863 4671 esse
1887 4616 1999 4684 opi-
2023 4630 2079 4692 ι)
2104 4628 2334 4677 estesse
2363 4620 2706 4686 arbitrantur,
2738 4628 2829 4675 aut
2869 4619 2925 4675 id
2954 4619 3096 4689 quod
3126 4619 3283 4676 habet
3320 4619 3375 4676 in
3403 4634 3463 4676 se
3488 4620 3685 4677 bonum

416 4722 603 4767 nuntur
627 4713 764 4782 quod
792 4729 894 4767 non
923 4721 1016 4776 est,
1049 4721 1097 4765 et
1122 4726 1236 4781 quae
1265 4726 1367 4764 non
1395 4724 1503 4763 esse
1526 4707 1663 4777 quod
1689 4705 1803 4777 est),
1837 4706 1924 4761 sed
1946 4706 2000 4759 in

415 4806 597 4878 quibus
626 4813 698 4861 est
726 4806 955 4878 fallacia.
990 4803 1091 4860 Ha:
1115 4812 1283 4859 autem
1311 4812 1449 4869 sunt,
1490 4817 1552 4856 ea:
1573 4798 1752 4869 quibus
1777 4808 1892 4853 sunt
1913 4815 2001 4867 ge-
2040 4852 2045 4859 ,

416 4899 723 4966 nerationes,
774 4915 839 4953 ea:
867 4898 1114 4971 oppositis
1142 4913 1261 4952 vero
1302 4904 1417 4951 sunt
1446 4894 1815 4965 generationes,
1847 4908 2000 4961 quare

415 4992 566 5046 etiam
582 4991 823 5061 fallacie.

487 5079 726 5135 Validam
757 5078 973 5150 quidem
1012 5078 1334 5135 sententiam
1376 5076 1711 5133 brevissimis
1739 5074 2002 5131 sermoni-

412 5174 513 5228 bus
539 5173 749 5238 clausit,
776 5172 949 5241 cujus,
984 5180 1044 5225 ut
1073 5171 1310 5226 breviter
1340 5168 1625 5235 dicendum
1666 5167 1757 5231 sit,
1787 5166 1901 5225 hate
1922 5165 2004 5223 vis

413 5277 515 5322 est.
548 5267 650 5336 Qui
689 5268 757 5323 de
787 5266 1172 5324 contrarietate
1202 5263 1634 5334 propositionum
1676 5273 1835 5317 nosse
1860 5274 2007 5329 quai-

412 5358 581 5423 rebat,
615 5358 846 5414 debebat
880 5357 1057 5427 primo
1086 5370 1211 5425 qua!
1244 5354 1673 5425 propositionum
1702 5360 1844 5409 esset
1886 5351 1999 5406 inﬁ-

412 5451 553 5505 nitas
596 5451 945 5516 constituere,
990 5458 1153 5519 atque
1191 5448 1259 5503 ad
1299 5461 1420 5501 eam
1464 5447 1571 5499 vim
1610 5443 2004 5500 contrarietatis

415 5552 619 5610 aptare.
654 5542 711 5595 In
752 5542 1004 5595 omnibus
1044 5542 1186 5595 enim
1232 5537 1516 5596 contrariis
1544 5550 1710 5593 unum
1740 5536 1831 5592 ttni
1869 5550 2001 5591 cou-

2110 4727 2221 4770 non
2254 4713 2455 4769 habere
2482 4713 2825 4781 arbitrantur,
2849 4711 2995 4767 falsae
3021 4720 3163 4781 sunt,
3196 4712 3291 4768 sed
3314 4712 3368 4770 in
3397 4712 3685 4767 inﬁnitum.

2110 4806 2318 4861 Bonum
2341 4812 2519 4861 autem
2548 4819 2689 4860 nunc
2716 4804 2787 4859 ita
2808 4812 3049 4875 usurpat,
3080 4812 3331 4875 tanquam
3354 4804 3401 4860 si
3425 4804 3567 4860 dicat
3592 4804 3689 4859 bo-

2107 4897 2267 4954 nitas.
2302 4896 2360 4953 Si
2403 4898 2524 4969 quis
2559 4905 2736 4954 autem
2768 4898 2937 4968 ipsam
2969 4898 3261 4954 bonitatem
3296 4913 3402 4953 non
3439 4911 3557 4953 esse
3589 4898 3688 4952 bo-

2108 5005 2235 5045 num
2292 4988 2602 5056 arbitretur,
2658 4989 2705 5043 is
2735 4997 2790 5044 et
2834 4988 3000 5045 falsus
3056 4997 3139 5046 est
3177 4999 3229 5046 et
3269 4989 3491 5048 deﬁnito
3526 4988 3688 5043 modo

2068 5090 2073 5095 ·
2111 5079 2279 5137 falsus
2301 5091 2404 5137 est.
2434 5080 2540 5141 Sed
2565 5080 2617 5134 in
2646 5078 2795 5139 falsis
2825 5094 2945 5150 quae
2972 5079 3189 5136 deﬁnita
3216 5089 3339 5138 sunt
3366 5088 3419 5136 et
3447 5094 3551 5134 una
3583 5093 3688 5133 nu-

2070 5184 2073 5185 '
2110 5188 2283 5240 ntere,
2313 5181 2369 5229 et
2388 5172 2557 5242 magis
2585 5179 2642 5227 et
2681 5172 2922 5242 proxime
2950 5172 3091 5228 veris
3114 5172 3363 5230 videntur
3400 5185 3521 5228 esse
3551 5185 3687 5226 con-

2110 5256 2298 5330 traria,
2346 5278 2449 5318 una
2493 5262 2635 5319 enim
2677 5277 2765 5318 res
2793 5276 3005 5331 semper
3050 5263 3140 5318 uni
3166 5263 3245 5318 rei
3291 5271 3372 5320 est
3398 5260 3690 5318 contraria.

2109 5355 2371 5423 Quocirca
2399 5354 2514 5411 haec
2542 5360 2686 5409 recte
2714 5354 2882 5423 magis
2908 5353 3176 5411 contraria
3196 5361 3278 5409 est
3302 5368 3420 5423 qua:
3451 5360 3608 5422 negat
3643 5352 3695 5404 id

2111 5445 2254 5516 quod
2284 5454 2368 5502 est
2412 5445 2589 5515 potius
2625 5458 2785 5514 quam
2815 5458 2875 5498 ea
2905 5459 3024 5514 quae
3053 5450 3230 5514 negat,
3261 5444 3346 5503 vel
3374 5443 3428 5500 id
3453 5442 3595 5514 quod
3642 5442 3695 5496 in

2104 5552 2163 5593 se
2185 5536 2365 5603 habet,
2387 5536 2473 5591 vel
2503 5535 2733 5589 afﬁrmat
2756 5533 2897 5603 quod
2923 5534 2974 5588 in
3001 5548 3060 5590 se
3083 5548 3190 5590 non
3218 5533 3399 5595 habet.
3433 5535 3547 5590 Hoc
3587 5550 3688 5589 au-

417 5633 640 5689 trarium
675 5640 775 5687 est.
805 5632 863 5687 Si
889 5640 1070 5686 autem
1100 5631 1171 5686 sit
1196 5631 1438 5701 quaedam
1472 5630 1526 5685 in
1554 5625 2003 5698 propositionibus
2103 5638 2210 5684 tem
2242 5637 2300 5682 ut
2328 5626 2601 5682 clauderet
2627 5640 2731 5679 non
2770 5635 2920 5681 recto
2948 5640 3198 5682 sermone
3225 5643 3354 5683 usus
3383 5619 3486 5696 est,
3507 5626 3601 5683 sed
3625 5626 3691 5680 ad

413 5725 678 5793 inﬁnitas,
707 5722 798 5779 illa
830 5732 938 5780 tota
967 5722 1201 5778 inﬁnitas
1233 5724 1651 5793 propositionem
1687 5721 1773 5775 uni
1808 5735 2004 5791 propo-
2064 5730 2067 5733 '
2107 5720 2358 5791 quiddam
2385 5717 2532 5772 aliud
2562 5716 2855 5773 orationem
2889 5717 3133 5784 detorsit,
3160 5733 3281 5789 qua:
3305 5735 3392 5777 res
3414 5719 3690 5776 confusio-

414 5817 600 5876 sitioni
624 5816 897 5873 contraria
928 5828 1052 5871 esse
1079 5829 1187 5871 non
1217 5817 1430 5886 poterit.
1473 5814 1585 5872 Hoc
1620 5814 1881 5871 sumendo
1924 5823 2005 5869 to-
2104 5827 2225 5868 nem
2245 5825 2348 5867 non
2373 5809 2644 5865 minimam
2663 5806 2808 5864 fecit.
2832 5810 2963 5866 Nam
2981 5825 3103 5867 cum
3120 5810 3343 5869 dixisset
3365 5826 3469 5868 non
3493 5811 3691 5868 debere

417 5914 531 5967 tum
559 5916 762 5968 textum
794 5906 1281 5979 argumentationis
1325 5906 1643 5978 ingreditur.
1683 5906 1862 5978 Atque
1893 5920 2002 5964 non
2108 5918 2207 5959 nos
2236 5902 2357 5958 illas
2381 5901 2559 5973 potius
2583 5914 2789 5973 ponere
2810 5903 3104 5964 contrarias
3146 5919 3288 5963 vera:
3307 5903 3549 5977 opinioni
3571 5917 3689 5973 qna
