4296 6266
631 298 736 353 627

1866 290 1975 347 AN.
2016 290 2222 346 MANL.
2262 289 2413 347 SEV.
2456 287 2679 347 ΒΟΕΤΙΙ

3793 298 3904 362 6‘38

633 409 858 465 infinita
887 414 1031 479 sunt,
1050 402 1354 472 subiunxit,
1388 399 1517 454 illud
1547 398 1687 471 quod
1712 399 1805 467 ait,
1832 399 1923 453 sed
1949 399 2000 452 iu
2028 396 2218 467 quibus
2245 402 2293 458 Α
2323 397 2480 464 falsa,
2509 398 2758 467 siquidm
2786 407 2837 455 et
2865 414 3003 456 vera.
3026 400 3169 475 Ergo
3195 418 3257 458 ea
3281 417 3397 473 qua
3425 412 3501 460 est
3527 406 3765 475 quoniam
3792 427 3902 469 non

635 513 722 560 est
752 502 977 564 fallacia,
1012 498 1091 550 ha
1112 506 1289 550 autem
1316 505 1441 550 sunt
1466 511 1531 551 ex
1560 495 1644 551 bis
1672 511 1737 550 ex
1776 495 1967 565 quibus
2004 504 2127 549 sunt
2164 501 2221 548 et

632 591 1028 664 generationes.
1059 588 1168 643 Hoc
1196 597 1372 643 autem
1423 589 1583 644 talem
1632 589 1951 645 sententiam
1980 588 2176 643 claudit
2201 605 2215 641 :

633 688 827 759 inquit,
860 685 1141 756 opiniones
1170 686 1309 740 veris
1334 684 1681 756 opinionibus
1703 684 2079 754 opponendum
2098 697 2219 738 esse

634 778 934 836 contrarias
961 778 1011 833 in
1033 778 1225 849 quibus
1254 776 1570 848 principium
1601 789 1680 833 est
1705 774 1953 831 fallacia.
1974 775 2218 831 Fallacia

634 880 814 926 autem
836 886 903 926 ex
927 870 1008 925 his
1035 880 1325 926 nascuntur
1336 884 1401 924 ex
1425 868 1615 937 quibus
1636 867 1796 923 etiam
1820 866 2211 937 generationes,

633 964 1009 1043 generationes
1034 972 1212 1017 autem
1242 962 1293 1017 in
1317 961 1575 1031 oppositis
1600 959 1963 1028 inveniuntur,
1990 957 2093 1013 hoc
2123 973 2218 1012 au-

633 1062 745 1113 tem
776 1054 882 1109 tale
917 1062 1020 1109 est.
1070 1052 1258 1108 Omnis
1285 1053 1560 1122 generatio
1585 1067 1651 1106 ex
1682 1051 2072 1120 permutatione
2097 1049 2217 1118 ejus

639 1146 781 1219 quod
810 1145 909 1201 fuit
935 1145 1124 1213 surgit,
1154 1144 1253 1198 nisi
1285 1144 1425 1199 enim
1472 1142 1526 1197 id
1572 1131 1713 1213 quod
1753 1140 1853 1197 fuit
1901 1140 2051 1211 prius
2096 1153 2218 1195 esse

636 1236 877 1304 desierit,
910 1252 1017 1291 non
1059 1245 1237 1306 potest
1258 1251 1376 1291 esse
1402 1236 1695 1305 generatio.
1720 1234 1889 1290 Omne
1910 1235 2051 1289 enim
2075 1232 2217 1303 quod

637 1328 890 1400 gignitur,
937 1327 988 1380 in
1019 1327 1176 1379 aliam
1217 1325 1611 1395 quodammodo
1651 1324 1874 1379 formam
1906 1322 2218 1379 substantia

638 1424 995 1488 permutatur.
1030 1416 1170 1485 Ergo
1205 1430 1326 1470 cum
1372 1429 1476 1469 non
1514 1414 1668 1468 fuerit
1717 1415 1769 1469 id
1798 1415 1938 1484 quod
1972 1414 2067 1470 fuit
2094 1426 2220 1471 tunc

637 1509 886 1580 gignitur,
939 1517 992 1563 et
1019 1518 1099 1563 εει
1136 1507 1400 1577 quoddam
1454 1508 1595 1563 aliud
1630 1524 1788 1580 quam
1820 1510 1997 1573 fuerit,
2045 1521 2097 1565 et
2127 1509 2219 1579 qui

637 1598 837 1655 fallitur
866 1600 919 1655 id
947 1602 1086 1670 quod
1117 1610 1199 1655 est
1226 1600 1477 1670 qualibet
1506 1616 1591 1655 res
1626 1616 1729 1656 non
1757 1616 1875 1657 esse
1903 1602 2212 1659 arbitratur.

638 1690 771 1748 Nam
806 1692 893 1759 qui
924 1692 1068 1762 quod
1100 1693 1296 1747 bonum
1327 1701 1410 1746 est
1439 1693 1636 1746 malum
1676 1684 1794 1747 csse
1820 1702 1967 1763 putat
1996 1694 2212 1759 fallitur,

2323 498 2395 544 est
2420 490 2607 543 bonum
2634 490 2768 558 quod
2795 491 2982 547 bonum
3021 504 3113 560 est,
3146 498 3255 566 ejus
3298 512 3415 565 qua
3442 500 3718 553 secundum
3753 518 3809 557 η
3845 511 3900 560 α

2322 582 2460 651 falsa
2481 590 2575 636 est.
2610 580 2719 637 ιιια
2743 599 2862 639 vero
2901 602 3016 654 qua
3045 595 3140 653 est,
3173 590 3409 657 quoniam
3440 590 3632 646 malum
3657 605 3752 661 est,
3783 599 3896 667 eius

2320 691 2435 747 qua
2464 687 2537 730 est
2561 678 2841 732 secundum
2867 672 3122 736 accidens.
3157 681 3329 746 Quare
3361 685 3526 756 magis
3554 688 3647 742 crit
3668 690 3805 760 [alia
3836 691 3898 747 de

2322 769 2452 823 bona
2478 787 2541 825 ea
2573 786 2686 841 quae
2716 779 2793 825 est
2835 774 3120 835 uacationis
3161 774 3369 845 Opinio;
3388 792 3547 848 quam
3572 795 3636 835 ea
3674 797 3790 852 qua
3822 793 3897 839 ut

2320 865 2585 918 contrarii.
3193 931 3204 941 _

2395 953 2539 1007 Licet
2586 954 2699 1009 hac
2747 955 2923 1011 omnia
2974 958 3161 1025 prima
3204 960 3454 1016 editionis
3508 965 3899 1019 commentario

2321 1044 2729 1115 diligentissime
2768 1046 3207 1115 explicuerimus.
3250 1066 3318 1107 ne
3344 1060 3523 1107 tamen
3542 1063 3693 1109 curta
3731 1070 3900 1126 expo-

2320 1133 2443 1187 sitio
2468 1132 2625 1203 hujus
2650 1134 2766 1190 libri
2791 1151 2911 1192 esse
2941 1138 3205 1207 videatur,
3237 1141 3325 1197 hic
3350 1158 3559 1214 quoque
3585 1144 3774 1201 eadem
3811 1161 3899 1201 re-

2321 1234 2510 1295 petens
2562 1228 2968 1297 explicabimus.
3008 1230 3106 1285 Est
3148 1247 3379 1305 namque
3422 1236 3693 1307 ingressus
3737 1237 3896 1307 hujus

2320 1320 2799 1391 argumentationis
2841 1321 3165 1392 huiusmodi.
3207 1325 3286 1391 Si,
3337 1327 3529 1397 inquit,
3562 1343 3685 1384 vera
3727 1332 3896 1398 posita

2322 1413 2691 1482 propositione
2740 1414 2922 1482 plures
2968 1427 3095 1471 sunt
3124 1433 3243 1484 qua
3284 1434 3401 1474 eam
3431 1421 3699 1489 perimunt
3727 1422 3895 1489 falsa,

2325 1502 2422 1557 illa
2454 1503 2595 1558 inter
2623 1517 2718 1559 eas
2745 1518 2887 1559 vera
2916 1507 3270 1575 propositioni
3296 1510 3464 1577 magis
3488 1510 3589 1565 erit
3608 1513 3897 1579 contraria,
3972 1530 3977 1533 ·

2321 1607 2656 1664 quacunque
2706 1595 2873 1664 magis
2910 1603 2996 1650 est
3024 1595 3178 1653 falsa.
3218 1597 3574 1666 Quaerendum
3622 1601 3780 1670 igitur
3818 1610 3899 1659 est

2322 1702 2442 1757 qua
2468 1688 2606 1743 inter
2635 1688 2818 1757 plures
2846 1687 3005 1744 falsas
3035 1690 3426 1759 propositiones
3453 1692 3621 1762 magis
3649 1692 3779 1748 falsa
3808 1693 3895 1760 sit,

639 1781 735 1836 aed
764 1782 876 1835 fieri
904 1784 1060 1837 aliter
1088 1797 1192 1837 non
1232 1792 1405 1852 potest
1458 1790 1519 1837 ut
1547 1784 1613 1837 sit
1642 1785 1836 1838 malum
1867 1786 1969 1838 nisi
2015 1802 2117 1839 non
2149 1786 2221 1842 sit
2246 1773 2298 1837 Β
2323 1786 2386 1834 ut
2410 1792 2475 1834 ea
2504 1792 2649 1834 vera
2680 1780 3030 1848 pr0positioni
3068 1782 3240 1851 magis
3262 1782 3508 1837 videatur
3537 1797 3660 1839 esse
3685 1796 3899 1840 contra-

640 1872 863 1938 bonum,
894 1882 947 1927 et
989 1872 1056 1927 de
1102 1873 1313 1928 cateris
1359 1874 1546 1929 eodem
1589 1874 2023 1929 modo.'Fallacia
2063 1876 2221 1945 igitur
2264 1878 2269 1881 ’

640 1972 744 2029 εει,
774 1973 827 2019 ει
858 1966 1175 2035 principium
1206 1965 1446 2029 fallacia,
1477 1979 1596 2019 cum
1629 1964 1748 2033 quis
1775 1966 1825 2019 id
1853 1965 1994 2035 quod
2023 1967 2220 2021 estali-

632 2050 743 2125 ‘qua
774 2046 861 2111 res
882 2072 987 2111 non
1012 2071 1128 2111 eam
1162 2071 1281 2112 esse
1309 2056 1618 2111 arbitratur.
1651 2055 1773 2110 Ha-c
1800 2066 1975 2111 autem
2013 2057 2219 2112 fallacia

638 2159 709 2201 ex
744 2146 825 2201 his
856 2155 1029 2203 estex
1064 2150 1257 2217 quibus
1303 2156 1427 2202 sunt
1455 2146 1844 2218 generationes.
1869 2148 2050 2203 Omnis
2077 2150 2218 2204 enim

638 2242 931 2309 generatio,
962 2249 1017 2295 nt
1041 2240 1197 2305 dixit,
1227 2256 1291 2295 ex
1322 2240 1642 2295 detrimento
1672 2241 1865 2309 surgit,
1909 2250 1965 2293 ut
1994 2241 2133 2311 quod
2164 2240 2223 2293 fit

638 2334 794 2389 dulce
839 2350 947 2390 non
995 2333 1049 2387 fit
1075 2350 1140 2389 ex
1171 2334 1312 2401 albo,
1360 2332 1453 2388 sed
1484 2348 1547 2388 ex
1593 2349 1697 2387 non
1738 2332 1902 2387 dulci.
1946 2332 2010 2387 Et
2038 2345 2221 2386 rursus

638 2425 781 2495 quod
812 2427 871 2481 fit
896 2426 1072 2481 album
1106 2442 1209 2480 non
1239 2424 1297 2479 fit
1322 2441 1386 2479 ex
1418 2426 1572 2492 duro,
1618 2424 1711 2479 sed
1742 2440 1804 2479 ex
1845 2440 1950 2478 non
1990 2424 2132 2490 albo,
2168 2432 2221 2478 et

638 2525 849 2572 catera
875 2516 1246 2585 generationes
1274 2531 1341 2567 ex
1386 2514 1817 2585 generationibus
1848 2515 2021 2582 potius
2051 2515 2219 2583 proﬁ-

637 2608 932 2669 ciscuntur,
964 2615 1019 2660 et
1065 2616 1143 2660 est
1194 2606 1361 2675 prima
1406 2606 1632 2659 fallacia.
1665 2607 1815 2673 Quod
1855 2608 1900 2661 si
1935 2607 2005 2661 ibi
2052 2608 2219 2673 prima

639 2697 870 2767 fallacia,
916 2697 1203 2766 exquibus
1245 2707 1366 2750 sunt
1397 2699 1789 2765 generationes,
1822 2699 1910 2752 ubi
1942 2698 2219 2767 integerri—

618 2784 722 2851 ma
753 2792 957 2847 falsitas
983 2800 1086 2855 est,
1124 2800 1179 2845 et
1208 2791 1447 2860 proxima
1484 2804 1623 2845 vera
1662 2791 1921 2860 opinioni,
1956 2806 2061 2846 non
2103 2791 2218 2845 hac

636 2902 812 2949 autem
846 2892 949 2948 nisi
976 2893 1029 2948 in
1059 2895 1319 2963 oppositis
1346 2894 1703 2962 reperiuntur,
1750 2892 1851 2948 hoc
1877 2902 1960 2948 est
1990 2894 2041 2948 in
2072 2894 2219 2949 affir-

636 2986 965 3042 mationibus
995 2995 1049 3040 et
1078 2985 1467 3054 negationibus,
1490 2982 1707 3038 dubium
1740 2999 1843 3037 non
1876 2992 1955 3038 est
1978 2984 2102 3054 quin
2124 3001 2217 3040 ne-

635 3078 866 3147 gationis
890 3079 1125 3148 opinatio
1155 3078 1321 3145 magis
1345 3076 1609 3129 contraria
1636 3074 1706 3129 sit
1744 3074 1790 3129 ei
1819 3075 2056 3144 Opinioni
2096 3090 2216 3143 qua

633 3178 956 3235 contrarium
986 3176 1186 3247 aliquid
1218 3177 1268 3230 in
1299 3176 1648 3249 arbitratione
1677 3175 1974 3231 continuat.
2003 3175 2067 3229 Et
2089 3190 2213 3231 sen-

633 3284 725 3327 sus
750 3270 963 3343 quidem
992 3270 1295 3339 huiusmodi
1322 3278 1427 3337 est,
1460 3272 1620 3325 verba
1651 3281 1831 3324 autem
1866 3285 1985 3325 sese
2014 3271 2090 3325 sic
2123 3272 2216 3325 ha-

585 3377 588 3381 ‘
634 3363 787 3417 bent.
816 3362 873 3417 Si
902 3377 1053 3433 ergo,
1085 3364 1274 3434 inquit,
1310 3374 1392 3418 est
1421 3364 1570 3431 boni,
1618 3364 1865 3432 quoniam
1912 3364 2105 3419 bonum
2133 3376 2215 3422 est

634 3454 891 3525 Opinatio,
920 3469 1037 3524 qua
1078 3453 1281 3509 scilicet
1322 3470 1449 3510 vera
1480 3466 1591 3521 est;
1624 3465 1704 3511 est
1747 3463 1922 3511 autem
1964 3459 2213 3526 quoniam

635 3567 741 3607 non
770 3552 969 3608 bonum
997 3561 1100 3621 est,
1132 3569 1249 3626 qua
1281 3553 1410 3609 falsa
1450 3565 1531 3610 est
1560 3570 1623 3610 ac
1673 3556 1912 3612 definita.
1964 3558 2059 3613 Est
2088 3575 2216 3615 vero

634 3645 883 3715 quoniam
923 3646 1122 3716 aliquid
1156 3648 1295 3701 aliud
1328 3658 1429 3713 est,
1464 3648 1603 3718 quod
1635 3664 1739 3703 non
1772 3658 1855 3703 est
1909 3665 2079 3722 neque
2122 3638 2216 3721 po-

636 3745 741 3791 test
761 3750 903 3801 esse,
932 3736 983 3789 id
1003 3746 1085 3790 est
1110 3752 1172 3791 ea
1199 3752 1318 3806 qua
1346 3738 1397 3792 id
1420 3753 1539 3793 esse
1570 3738 1786 3793 ascribit
1809 3740 1948 3809 quod
1972 3757 2077 3795 non
2100 3750 2211 3808 est;

633 3827 857 3881 aliarum
901 3828 1115 3897 quidem
1171 3831 1407 3885 omnium
1454 3831 1597 3885 nulla
1632 3832 1875 3901 ponenda
1909 3843 2009 3900 est,
2041 3850 2214 3905 neque

636 3935 962 3991 quacunque
984 3937 1101 3976 esse
1121 3923 1261 3993 quod
1293 3940 1397 3979 non
1427 3935 1508 3979 est
1528 3926 1795 3995 opinatur,
1823 3926 1875 3981 id
1903 3936 1985 3982 est
2019 3944 2138 3998 qua
2162 3931 2213 3985 id

636 4012 778 4083 quod
810 4027 913 4067 non
956 4020 1038 4068 est
1068 4028 1153 4069 res
1183 4017 1475 4085 proposita,
1528 4031 1645 4072 eam
1683 4032 1803 4073 esse
1833 4028 1996 4089 putet,
2041 4036 2214 4091 neque

634 4117 961 4175 quacunque
992 4120 1097 4160 non
1125 4120 1245 4177 esse
1281 4106 1423 4176 quod
1459 4117 1562 4173 est,
1598 4107 1649 4163 id
1681 4121 1759 4167 est
1788 4126 1959 4181 neque
1988 4126 2051 4166 ea
2097 4129 2215 4182 qua

634 4193 687 4249 id
730 4194 873 4265 quod
922 4195 1082 4249 habet
1135 4210 1222 4250 res
1252 4199 1521 4264 proposita
1568 4200 1620 4252 in
1652 4199 1990 4269 cpinioinbus
2037 4212 2211 4273 negat.

633 4286 742 4343 Cur
778 4299 957 4342 autem
999 4288 1099 4343 ista
1135 4303 1238 4342 non
1270 4288 1559 4357 apinantur
1600 4293 1880 4347 contraria
1919 4295 2076 4350 docet
2114 4296 2215 4352 hoc

633 4380 796 4434 modo
828 4396 841 4433 :
870 4378 1094 4432 Infinita
1140 4380 1304 4443 enim,
1336 4379 1527 4450 inquit,
1561 4388 1799 4451 utraque
1829 4366 2067 4450 sunt,'et
2096 4401 2213 4455 qua

634 4485 755 4527 esse
783 4472 1071 4541 opinantur
1092 4471 1235 4540 quod
1266 4486 1371 4526 non
1404 4480 1506 4538 est,
1536 4479 1591 4526 et
1630 4488 1748 4542 qua
1793 4490 1898 4528 non
1927 4490 2044 4531 esse
2072 4478 2211 4547 quod

634 4569 739 4628 est,
772 4561 863 4616 sed
893 4577 1012 4633 qua
1054 4563 1219 4633 magis
1251 4563 1494 4634 ponenda
1521 4573 1601 4619 est
1625 4564 1647 4618 ?
1674 4562 1731 4621 In
1776 4567 1969 4636 quibus
2000 4576 2100 4632 est,
2130 4569 2215 4624 in-

633 4656 768 4727 quit,
794 4653 1022 4724 fallacia,
1042 4656 1093 4712 id
1123 4667 1202 4713 est
1222 4658 1274 4712 in
1296 4658 1491 4728 quibus
1514 4658 1832 4730 principium
1859 4659 2083 4717 fallacia
2107 4674 2208 4735 est.

632 4747 956 4819 Principium
989 4760 1163 4806 autem
1192 4750 1413 4808 fallacia
1440 4753 1581 4808 unde
1621 4753 1875 4809 ducitur?
1904 4770 1968 4811 ex
1999 4756 2079 4811 his
2109 4757 2209 4821 du-

632 4839 791 4904 citur,
824 4856 888 4897 ex
918 4843 1110 4911 quibus
1162 4852 1290 4899 sunt
1328 4854 1381 4898 et
1411 4846 1812 4914 generationes;
1863 4847 2004 4903 unde
2031 4859 2207 4904 autem

631 4939 759 4986 sunt
784 4934 1202 5003 generationes?
1228 4949 1296 4990 ex
1324 4938 1608 5005 oppositis.
1641 4937 1828 4994 Omnis
1858 4942 2021 5009 enim,
2050 4954 2108 4996 ut
2128 4943 2207 4998 di-

630 5030 774 5079 ctum
800 5035 904 5092 est,
933 5025 1205 5096 generatio
1232 5040 1297 5080 ex
1324 5041 1389 5081 eo
1419 5028 1561 5095 quod
1598 5043 1703 5084 non
1731 5039 1811 5086 est
1842 5030 1890 5084 id
1919 5032 2057 5101 quod
2087 5034 2204 5100 fuit,

630 5113 773 5183 quod
819 5115 1026 5173 scilicet
1053 5114 1121 5169 ad
1162 5115 1501 5189 negationem
1532 5118 1722 5189 vergit.
1770 5119 1963 5189 Quare,
2018 5124 2202 5195 inquit,

632 5206 791 5265 etiam
818 5205 1021 5263 fallacia
1050 5212 1103 5261 et
1132 5206 1447 5276 principium
1492 5206 1716 5264 fallacia
1745 5212 1799 5265 in
1831 5214 2088 5282 oppositis
2125 5217 2206 5273 in-

630 5301 869 5370 venitur,
904 5299 996 5357 ubi
1031 5300 1192 5361 etiam
1236 5298 1629 5371 generationes,
1662 5317 1728 5359 ex
1758 5303 1953 5375 quibus
1981 5316 2061 5375 est
2091 5309 2202 5381 ipsa

629 5386 859 5448 fallacia.

702 5489 765 5547 Si
792 5507 914 5563 ergo
938 5493 1076 5564 quod
1110 5493 1300 5551 bonum
1341 5502 1437 5563 est,
1467 5502 1516 5571 at
1544 5494 1758 5567 bonum,
1791 5506 1839 5563 et
1876 5513 1980 5554 non
2007 5502 2205 5558 malum

630 5588 724 5648 ut,
749 5592 798 5635 et
827 5581 933 5638 hoc
970 5585 1175 5655 quidem
1204 5586 1481 5642 secundum
1510 5603 1584 5655 se,
1616 5586 1751 5643 illud
1790 5604 1907 5645 vero
1928 5594 2206 5648 secundum

631 5673 885 5728 accidens.
909 5676 1107 5732 Accidit
1134 5678 1272 5732 enim
1298 5679 1346 5733 ei
1384 5681 1579 5735 malum
1605 5696 1711 5735 non
1736 5697 1877 5748 esse;
1919 5684 2082 5756 magis
2110 5700 2207 5738 au-

632 5766 729 5814 tem
754 5773 829 5818 est
856 5767 909 5821 in
956 5783 1253 5837 unoquoque
1292 5786 1411 5825 vero
1447 5787 1559 5842 qua:
1595 5772 1877 5837 secundum
1911 5790 1965 5830 te
2015 5784 2111 5844 est,
2156 5781 2205 5831 et

2322 1872 2425 1938 ria,
2476 1871 2578 1927 hoc
2623 1882 2801 1927 autem
2840 1887 2935 1942 per
2978 1865 3261 1933 ﬁeritatem
3302 1874 3585 1931 dicendum
3620 1885 3722 1932 est.
3762 1875 3897 1938 Nam

2323 1979 2446 2021 cum
2472 1979 2598 2021 vere
2640 1973 2696 2021 et
2739 1981 2833 2034 per
2860 1979 2921 2022 se
2936 1948 3145 2036 aliquid
3171 1967 3277 2022 dici
3316 1968 3507 2038 possit,
3538 1975 3594 2023 et
3630 1983 3725 2037 per
3751 1970 3896 2024 acci-

2323 2054 2481 2119 dens,
2511 2054 2655 2127 iillud
2690 2063 2868 2110 tamen
2913 2059 3145 2111 maxime
3173 2058 3413 2113 veritatis
3457 2066 3699 2113 naturain
3728 2065 3898 2130 tenet,

2322 2145 2464 2215 quod
2493 2146 2784 2202 secundum
2814 2160 2927 2201 rem
2956 2148 3124 2216 ipsam
3150 2147 3347 2203 dicitur
3375 2148 3552 2217 potius
3572 2164 3730 2219 quam
3758 2150 3898 2220 quod

2323 2237 2617 2291 secundum
2652 2236 2901 2291 accidens
2933 2239 3104 2305 venit,
3134 2247 3196 2293 ut
3228 2240 3270 2293 si
3299 2238 3418 2309 quis
3448 2239 3517 2295 de
3545 2239 3686 2296 bono
3710 2242 3897 2309 opine-

2322 2332 2429 2390 tur,
2452 2325 2701 2395 quoniam
2731 2326 2927 2380 bonum
2964 2333 3067 2388 est,
3112 2326 3201 2381 hic
3241 2327 3531 2383 secundum
3569 2344 3680 2383 rem
3724 2330 3895 2397 ipsam

2319 2430 2501 2470 veram
2540 2415 2848 2485 opinionem
2896 2416 3078 2471 habet.
3123 2415 3219 2473 Sin
3260 2419 3381 2487 quis
3424 2433 3552 2474 vero
3580 2419 3893 2489 arbitretur,

2318 2506 2568 2577 quoniam
2594 2506 2793 2561 bonum
2822 2507 2952 2561 utile
2992 2515 3299 2574 est,verum
3326 2507 3542 2577 quidem
3569 2510 3894 2578 opinabitur,

2323 2597 2420 2655 sed
2447 2600 2545 2653 ista
2580 2602 2779 2654 veritas
2804 2598 2872 2655 de
2899 2599 3041 2654 bono
3076 2615 3173 2669 per
3198 2600 3448 2657 accidens
3479 2602 3540 2657 ﬁt
3566 2602 3712 2658 boni.
3741 2604 3897 2658 Acci-

2320 2689 2399 2744 dit
2426 2690 2569 2745 enim
2596 2690 2736 2747 bono
2765 2698 2824 2745 ut
2842 2691 2969 2746 utile
2997 2706 3207 2762 quoque
3227 2692 3315 2748 sit.
3339 2694 3518 2760 Quare
3549 2695 3637 2751 illa
3662 2710 3779 2765 qua
3801 2696 3896 2753 bo-

2308 2799 2449 2838 num
2480 2784 2678 2839 bonum
2708 2798 2829 2840 esse
2868 2783 3158 2840 arbitratur
3190 2799 3289 2854 per
3312 2799 3374 2842 se
3411 2801 3540 2843 vera
3583 2798 3687 2855 est,
3730 2788 3781 2845 id
3808 2797 3894 2847 est

2319 2876 2615 2930 secundum
2643 2874 2813 2945 ipsam
2839 2889 2951 2930 rem
2979 2889 3105 2931 vera
3128 2884 3228 2931 est.
3259 2874 3354 2931 llla
3377 2891 3510 2933 vero
3535 2892 3654 2947 qua
3681 2878 3732 2934 id
3754 2880 3895 2950 quod

2320 2963 2519 3019 bonum
2557 2972 2658 3029 est,
2704 2964 2846 3027 utile!
2882 2963 3005 3019 ess‘e
3044 2965 3293 3033 Opinatur
3339 2980 3438 3035 per
3474 2968 3725 3024 accidens
3768 2968 3895 3026 boni

2314 3071 2445 3110 vera
2486 3066 2587 3111 est.
2630 3056 2989 3123 Quamobrem
3022 3058 3367 3128 prepinquior
3405 3066 3610 3125 natura
3639 3060 3896 3129 bonitatis

2241 3150 2400 3216 creet
2427 3162 2490 3201 ea
2514 3162 2632 3216 qua
2658 3145 2714 3201 id
2740 3148 2878 3214 quod
2923 3147 3119 3202 bonum
3150 3156 3253 3211 est,
3286 3148 3485 3205 bonum
3515 3158 3636 3205 εεεε
3675 3152 3896 3209 arbitra-

2321 3245 2426 3304 tur,
2459 3251 2617 3306 quam
2645 3250 2706 3291 ea
2734 3235 2924 3303 quaid
2947 3235 3086 3306 quod
3113 3236 3309 3293 bonum
3341 3246 3443 3304 est,
3481 3240 3611 3296 utile
3637 3258 3651 3294 :
3681 3242 3821 3311 quod
3847 3242 3893 3313 si

2296 3328 2393 3384 ita
2416 3335 2520 3393 est,
2549 3327 2729 3383 verior
2756 3334 2840 3380 est
2863 3326 2949 3381 illa
2972 3340 3090 3397 qua
3111 3326 3404 3382 secundum
3431 3326 3599 3397 ipsam
3633 3344 3743 3385 rem
3767 3345 3891 3385 vera

2318 3426 2420 3484 est,
2471 3416 2644 3485 potius
2688 3431 2845 3485 quam
2900 3430 2963 3473 ea
3005 3430 3125 3486 qua
3171 3418 3459 3475 secundum
3489 3422 3734 3476 accidens
3762 3434 3891 3477 vera

2317 3522 2437 3563 esse
2458 3506 2691 3563 videtur.
2726 3504 2820 3561 llis
2845 3505 3003 3574 igitur
3038 3507 3108 3559 ita
3140 3507 3439 3569 constitutis
3475 3508 3624 3564 etde
3654 3508 3884 3577 falsitate

2317 3598 2459 3653 idem
2501 3596 2783 3651 dicendum
2824 3604 2923 3650 est.
2957 3594 3114 3651 Falsa
3160 3597 3302 3655 enim
3334 3598 3622 3667 propositio
3656 3614 3776 3669 qua
3805 3600 3879 3656 illi

2294 3728 2297 3729 ν
2318 3705 2461 3747 vera
2474 3689 2737 3744 contraria
2750 3696 2853 3755 est,
2871 3703 2990 3758 qua
3002 3686 3091 3760 [Ε.
3107 3704 3224 3759 qua
3237 3688 3385 3761 vera]
3397 3690 3697 3754 secundum
3716 3708 3774 3748 se
3785 3704 3888 3767 est,

2316 3784 2484 3853 magis
2501 3782 2633 3836 falsa
2655 3791 2906 3850 estquam
2931 3791 2992 3835 ea
3018 3789 3137 3851 qua
3157 3770 3273 3843 eam
3293 3796 3469 3837 veram
3502 3784 3748 3854 perimat,
3772 3800 3893 3855 qua

2294 3875 2609 3931 secundum
2653 3873 2900 3928 accidens
2921 3882 3023 3931 est.
3046 3872 3179 3929 Nam
3203 3878 3246 3930 si
3286 3876 3458 3932 verior
3482 3886 3565 3943 est
3591 3892 3655 3933 ea
3683 3894 3797 3949 qua
3824 3878 3903 3943 de,

2315 3966 2431 4034 ipsa
2463 3972 2647 4019 natura
2680 3964 2757 4019 rei
2788 3979 2971 4028 verum
3000 3965 3197 4035 aliquid
3230 3967 3496 4038 opinatur,
3527 3969 3617 4024 illa
3647 3972 3749 4031 erit
3778 3985 3893 4026 ma-

2313 4057 2395 4127 gis
2424 4056 2557 4110 falsa
2592 4069 2709 4124 qua
2740 4054 2951 4125 perimit
2978 4057 3241 4112 veriorem
3274 4073 3290 4125 ;
3324 4059 3462 4139 quod
3491 4060 3535 4115 si
3569 4060 3681 4125 illa,
3714 4074 3884 4130 quan-

2316 4163 2474 4217 quam
2514 4147 2583 4202 sit
2606 4161 2755 4211 vera,
2802 4146 2981 4201 minus
3019 4154 3197 4201 tamen
3240 4148 3360 4216 quia
3394 4148 3459 4200 de
3508 4148 3586 4201 rei
3616 4148 3890 4202 accidente

2314 4240 2644 4308 pronuntiat,
2677 4252 2851 4291 minus
2877 4238 3084 4305 quoque
3122 4236 3210 4301 illa
3252 4237 3356 4290 erit
3386 4235 3515 4289 falsa
3549 4252 3668 4305 qua
3709 4238 3888 4292 minus

2294 4328 2583 4382 seriorem
2630 4328 2865 4395 perimit.
2914 4327 3003 4382 His
3042 4326 3201 4395 igitur
3232 4328 3300 4391 ita
3347 4327 3669 4394 constitutis,
3715 4328 3889 4386 videaa

2314 4432 2433 4472 mus
2460 4431 2601 4472 nunc
2631 4415 3075 4487 quemadmodum
3106 4431 3166 4472 se
3192 4416 3246 4471 in
3275 4414 3358 4471 bis
3398 4414 3595 4471 habent
3623 4418 3889 4486 opinioni-

2239 4508 2419 4600 Dbus
2447 4509 2529 4561 Vel
2577 4507 3050 4576 propositionibus,
3094 4507 3162 4562 de
3188 4507 3378 4578 quibus
3423 4523 3568 4563 nunc
3611 4519 3883 4566 tractatur.

2320 4598 2463 4654 Idem
2509 4598 2667 4667 igitur
2692 4599 2762 4653 sit
2803 4599 3106 4669 exemplum
3147 4608 3204 4667 ut
3246 4613 3402 4669 supra
3438 4598 3639 4665 dictum
3683 4609 3769 4655 est
3795 4617 3808 4652 :
3836 4600 3890 4657 id

2318 4692 2459 4759 quod
2487 4692 2683 4747 bonum
2713 4698 2816 4756 est,
2859 4701 2912 4748 et
2949 4691 3146 4745 bonum
3174 4699 3279 4761 est,
3308 4699 3362 4747 et
3408 4706 3513 4755 non
3546 4694 3764 4759 malum,
3795 4692 3891 4750 sed

2280 4783 2457 4855 Aquod
2505 4782 2703 4839 bonum
2749 4789 2848 4849 est,
2882 4782 3175 4838 secundum
3223 4782 3393 4853 ipsam
3444 4799 3556 4841 rem
3599 4793 3702 4852 est,
3746 4787 3891 4855 quod

2319 4889 2447 4929 vero
2487 4874 2682 4929 malum
2714 4890 2819 4929 non
2850 4882 2949 4939 est,
2994 4874 3187 4929 accidit
3226 4875 3275 4929 ei
3314 4889 3330 4928 :
3373 4889 3492 4930 nam
3536 4876 3587 4929 id
3617 4877 3757 4948 quod
3792 4878 3891 4932 bo-

2316 4979 2440 5017 num
2469 4973 2552 5018 est
2581 4979 2676 5034 per
2702 4974 2941 5018 naturam
2972 4963 3167 5017 bonum
3199 4976 3306 5029 est;
3342 4966 3482 5034 quod
3526 4982 3655 5021 vero
3686 4970 3882 5024 malum

2316 5068 2422 5108 non
2456 5062 2557 5118 est,
2591 5053 2825 5108 secundo
2851 5053 2970 5109 loco
3005 5062 3060 5107 et
3090 5054 3238 5123 quasi
3267 5054 3575 5110 accidenter
3615 5067 3716 5112 est.
3749 5057 3892 5129 Ergo

2315 5142 2497 5210 opinio
2524 5142 2592 5197 de
2625 5144 2763 5197 bono
2793 5146 3043 5213 quoniam
3075 5141 3275 5198 bonum
3310 5155 3409 5209 est,
3442 5144 3618 5200 verior
3653 5158 3731 5201 est
3765 5164 3891 5217 pro-

2312 5231 2665 5302 pinquiorque
2710 5242 2915 5289 natura
2961 5250 3022 5289 ea
3066 5234 3317 5305 opinione
3345 5250 3465 5306 qua
3503 5246 3586 5291 est
3614 5238 3680 5293 de
3725 5240 3888 5305 bono,

2313 5322 2564 5392 quoniam
2589 5321 2786 5377 malum
2821 5337 2925 5378 non
2960 5332 3063 5381 est.
3096 5324 3152 5381 Si
3182 5324 3340 5393 igitur
3366 5324 3436 5380 ita
3465 5334 3568 5392 est,
3603 5336 3657 5382 et
3680 5343 3742 5383 ea
3765 5345 3886 5399 qua

2313 5413 2573 5469 veriorem
2598 5413 2904 5488 opinionem
2928 5414 3163 5484 perimit,
3190 5416 3356 5484 magis
3375 5413 3509 5471 falsa
3534 5425 3616 5473 est
3642 5434 3799 5489 quam
3825 5434 3888 5475 ea

2311 5522 2430 5578 qua
2478 5522 2659 5563 veram
2704 5522 3007 5578 quanquam
3051 5520 3177 5562 vera
3224 5508 3311 5577 sit,
3356 5509 3533 5563 minus
3587 5520 3761 5565 tamen
3805 5518 3890 5566 est

2308 5613 2455 5665 vera,
2484 5598 2829 5655 manifestum
2862 5607 2945 5655 est
2971 5600 3224 5670 quoniam
3257 5601 3467 5671 negatio
3504 5604 3672 5674 magis
3702 5602 3888 5658 falsior

2306 5696 2391 5745 est
2414 5704 2575 5761 quam
2602 5689 2905 5759 affirmatio,
2929 5706 3051 5761 qua
3078 5692 3406 5748 contrarium
3435 5696 3602 5764 ponit.
3637 5696 3767 5751 Nam
3793 5711 3891 5752 ne-

2303 5780 2446 5850 gatio
2466 5780 2595 5839 dicit
2621 5797 2726 5840 non
2751 5798 2871 5841 esse
2892 5782 3090 5843 bonum
3122 5786 3262 5857 quod
3288 5786 3485 5845 bonum
3516 5799 3621 5854 est.
3651 5788 3890 5848 afﬁrma-
