4296 6266
377 363 481 423 639

1106 356 1170 413 IN
1208 355 1464 413 LIBRUM
1506 355 1592 412 DE
1634 347 2279 425 INTERPRETATIONE
2319 352 2539 409 EDITIO
2580 354 2919 415 SECUNDA.

3546 352 3649 405 6'50

376 486 449 538 tio
478 492 609 536 vero
654 478 854 541 malum
880 488 999 532 esse
1029 474 1173 545 quod
1200 474 1398 529 bonum
1429 482 1541 539 est;
1592 473 1808 543 negatio
1833 487 1954 543 quae
1985 476 2040 537 Α
2139 469 2328 525 Falsus
2373 480 2539 524 autem
2577 478 2651 524 est
2693 472 2915 524 maxime
2956 470 3093 524 circa
3136 468 3340 539 singula
3380 467 3467 536 qui
3504 465 3654 518 habet

375 583 457 633 est
487 588 592 627 non
632 584 754 626 esse
781 569 981 631 bonum
1011 566 1151 636 quod
1183 565 1378 621 bonum
1425 574 1526 628 est,
1584 562 1727 617 illam
1771 577 1963 617 secun-

378 665 506 725 dum
552 677 615 718 se
644 661 955 731 Opinionem
982 671 1163 715 veram
1196 656 1412 727 perimit
1440 670 1558 723 quae
1588 655 1718 710 dicit
1759 654 1960 709 bonum

378 772 503 813 esse
529 754 675 827 quod
702 754 898 819 bonum
947 761 1051 807 est.
1085 750 1182 804 Illa
1212 764 1343 806 vero
1371 748 1656 804 affirmatio
1685 750 1959 819 contrarii,

378 863 499 920 quae
530 858 610 903 est
641 846 838 900 malum
868 856 988 907 esse
1017 839 1159 911 quod
1204 839 1404 905 bonum
1435 848 1538 906 est,
1583 838 1729 893 illam
1761 838 1965 907 opinio-

380 955 505 995 nem
529 936 747 1008 perimit
763 949 944 990 veram
968 946 1089 1003 quae
1109 931 1177 988 de
1217 931 1361 1001 bono
1394 930 1690 991 secundum
1714 932 1965 993 accidens

380 1037 482 1094 (ει,
516 1026 568 1082 id
598 1035 683 1081 est
726 1038 834 1078 non
862 1022 1063 1077 malum
1107 1034 1229 1077 esse
1260 1021 1405 1092 quod
1437 1022 1637 1076 bonum
1666 1030 1774 1078 est.
1814 1021 1964 1083 Con-

380 1127 486 1173 stat
530 1118 690 1186 igitur
732 1114 900 1185 magis
939 1112 1128 1169 falsam
1160 1127 1281 1169 esse
1334 1111 1643 1181 Opinionem
1692 1128 1810 1184 qua:
1840 1113 1970 1169 dicit

388 1224 495 1271 non
537 1220 658 1263 esse
694 1205 893 1262 bonum
922 1204 1067 1277 quod
1107 1204 1305 1260 bonum
1351 1214 1455 1271 est,
1490 1204 1670 1274 potius
1700 1220 1858 1276 quam
1904 1221 1969 1273 ea

381 1314 497 1368 qua;
525 1299 776 1369 opinatur
806 1297 1005 1351 malum
1044 1309 1165 1350 esse
1184 1294 1330 1365 quod
1362 1296 1559 1351 bonum
1600 1296 1899 1364 est.‘Quod
1924 1297 1970 1353 si

381 1401 461 1448 est
500 1391 688 1449 falsior
739 1388 910 1459 magis
957 1387 1245 1455 contraria,
1292 1387 1461 1458 magis
1509 1389 1671 1458 igitur
1698 1390 1969 1444 contraria

384 1494 470 1540 est
512 1481 814 1555 negationis
852 1480 1038 1550 Opinio
1070 1493 1229 1549 quam
1261 1479 1546 1534 contraria:
1578 1479 1969 1535 afﬁrmationis.

386 1576 651 1647 Expedito
703 1574 864 1644 igitur
923 1587 1123 1638 sensu,
1175 1572 1337 1628 verba
1388 1572 1501 1642 ipsa
1555 1572 1971 1629 demonstranda

386 1678 534 1725 sunt.
577 1668 634 1723 Si
659 1680 812 1737 ergo,
843 1664 1034 1734 inquit,
1067 1663 1208 1733 quod
1239 1662 1437 1718 bonum
1458 1673 1565 1729 est,
1596 1665 1662 1719 sit
1694 1664 1890 1719 bonum
1918 1676 1975 1721 et

387 1775 496 1815 non
524 1760 594 1812 sit
620 1758 840 1822 malum,
876 1762 930 1811 et
959 1753 1059 1807 hoc
1083 1753 1298 1824 quidem
1338 1753 1632 1809 secundum
1670 1769 1749 1822 se,
1784 1756 1838 1810 id
1870 1766 1970 1821 est,

2070 563 2380 620 contrariam
2406 562 2718 631 Opinionem.
2750 560 3021 615 Contraria
3049 562 3179 615 enim
3200 576 3376 615 eorum
3396 566 3513 612 sunt
3539 572 3655 628 qua

2068 655 2352 725 plurimum
2376 656 2514 708 circa
2543 653 2677 707 idem
2700 651 2963 718 (ii/ferunt.
3002 654 3150 719 Quod
3175 653 3217 705 si
3248 653 3431 706 harum
3452 659 3656 703 contra-

2067 750 2147 817 ria
2171 747 2372 818 quidem
2404 755 2480 811 eat
2519 746 2703 813 altera,
2742 744 2902 815 magis
2928 760 3044 798 vero
3074 744 3328 797 contraria
3358 752 3431 796 est
3455 751 3659 795 contra-

2069 842 2247 910 dictio,
2280 839 2608 911 ntanifestttm
2635 842 2709 890 est
2737 834 2981 907 quoniam
3012 834 3119 886 hazc
3149 834 3240 887 erit
3271 833 3552 888 contraria.

2142 934 2235 991 Vis
2280 934 2455 990 omnis
2501 930 2999 1003 argumentationis,
3042 936 3099 981 ut
3140 926 3450 981 brevissime
3490 940 3657 995 expe-

2069 1027 2266 1099 diatur,
2313 1023 2618 1095 huiusmodi
2651 1033 2753 1079 est.
2799 1020 2973 1076 Omne
3020 1034 3201 1074 verum
3240 1030 3329 1073 aut
3365 1021 3655 1085 secundum

2072 1133 2133 1187 se
2174 1132 2356 1173 verum
2388 1124 2492 1176 est.
2523 1124 2617 1169 aut
2644 1111 2933 1169 secundum
2962 1110 3231 1183 accidens,
3275 1110 3396 1179 quia
3440 1118 3691 1166 necesse

2074 1219 2158 1266 est
2181 1210 2345 1264 etiam
2385 1208 2602 1272 falsum,
2638 1214 2729 1260 aut
2760 1203 3051 1260 secundum
3081 1216 3140 1257 se
3170 1200 3359 1256 falsum
3402 1214 3545 1264 esse,
3573 1207 3664 1254 aut

2074 1314 2171 1371 per
2194 1298 2466 1355 accidens.
2491 1297 2690 1353 Verum
2716 1306 2895 1351 autem
2934 1294 3063 1350 illud
3091 1309 3210 1349 esse
3238 1292 3418 1348 verius
3456 1302 3665 1347 constat

2075 1390 2217 1460 quod
2261 1389 2556 1446 secundum
2602 1404 2661 1443 se
2689 1397 2771 1443 est
2814 1388 2992 1458 potius
3029 1402 3185 1457 quam
3228 1384 3359 1440 illud
3389 1387 3532 1456 quod
3575 1402 3666 1454 per

2075 1481 2364 1553 accidens;
2396 1481 2485 1549 qui
2530 1494 2658 1535 vero
2684 1480 3004 1534 contrariam
3036 1478 3103 1533 de
3144 1493 3205 1533 re
3242 1478 3469 1548 alicujus
3508 1477 3687 1531 habet

2075 1573 2385 1642 opinionem
2421 1587 2580 1642 quam
2624 1585 2711 1625 res
2745 1570 2857 1640 ipsa
2896 1579 3002 1640 est,
3042 1584 3263 1626 necesse
3303 1580 3383 1624 est
3413 1580 3467 1625 ut
3497 1569 3665 1639 pluri-

2078 1681 2222 1720 mum
2252 1664 2418 1721 falsus
2445 1667 2531 1720 sit.
2579 1664 2789 1719 Etenim
2832 1666 3185 1720 contrarietas
3214 1662 3527 1733 Opinionum
3557 1672 3661 1726 est,

2076 1756 2285 1825 quoties
2313 1754 2380 1810 de
2403 1770 2506 1810 una
2525 1754 2822 1823 eademque
2846 1770 2904 1810 re
2940 1755 3251 1825 longissime
3273 1770 3373 1810 asc
3400 1755 3665 1810 abSlSIen‘

388 1857 450 1906 ut
474 1848 613 1919 quod
656 1847 855 1902 bonum
899 1844 988 1910 sit,
1020 1843 1220 1898 bonum
1249 1857 1369 1898 esse
1398 1844 1635 1913 dicatur,
1682 1846 1812 1901 illud
1841 1862 1972 1903 vero
2004 1860 2057 1927 Β
2083 1859 2164 1905 tes
2185 1849 2464 1918 opiniones
2495 1856 2638 1902 sunt.
2666 1846 2816 1914 Quod
2849 1846 3007 1916 igitur
3033 1848 3198 1915 magis
3225 1846 3413 1902 falsum
3437 1857 3537 1911 est,
3565 1847 3667 1902 hoc

388 1940 684 2010 secundum
712 1937 990 2004 accidens,
1013 1936 1115 1991 hoc
1142 1946 1224 1991 est
1250 1937 1388 2005 quod
1413 1936 1613 1992 bonum
1638 1948 1739 2004 est,
1774 1948 1831 1995 ut
1860 1956 1974 1995 ma-

389 2031 504 2091 lum
537 2043 647 2084 non
678 2029 767 2084 sit.
810 2022 1021 2083 Accidit
1048 2027 1192 2082 enim
1223 2027 1275 2082 ei
1312 2027 1511 2093 malum
1540 2043 1651 2083 non
1687 2044 1831 2097 esse,
1865 2047 1975 2087 ma-

389 2126 474 2194 gis
498 2132 683 2181 autem
715 2121 768 2177 in
801 2133 1124 2190 unoquoque
1148 2128 1235 2174 est
1259 2133 1409 2187 vera,
1440 2135 1559 2191 quae
1598 2123 1892 2179 secundum
1917 2139 1977 2181 se

388 2224 498 2273 εει.
521 2216 656 2270 Nam
682 2212 823 2284 quod
847 2209 1143 2269 secundum
1170 2210 1587 2282 uniuscujusque
1607 2222 1849 2269 naturam
1873 2224 1979 2286 est,

389 2306 743 2379 propinquius
788 2312 871 2360 est
919 2305 968 2360 ei
1012 2305 1090 2361 rei
1130 2306 1217 2361 cui
1243 2314 1326 2361 est
1370 2302 1664 2362 secundum
1708 2315 1976 2362 naturam.

391 2400 653 2469 Quocirca
680 2408 733 2453 et
764 2398 964 2454 veritas
988 2398 1282 2465 secundum
1307 2414 1443 2468 rem,
1474 2398 1596 2471 quia
1625 2398 1705 2458 rei
1733 2399 1981 2473 proxima

290 2536 300 2547 .
394 2499 499 2555 est,
527 2492 704 2543 verior
731 2497 815 2543 est
844 2504 1004 2558 quam
1044 2503 1107 2544 ea
1138 2504 1258 2558 qua:
1278 2489 1571 2546 secundum
1597 2493 1848 2549 accidens
1871 2500 1976 2563 est,

394 2582 499 2641 hoc
528 2591 612 2638 est
650 2580 797 2636 enim
820 2582 961 2649 quod
1004 2580 1307 2652 aitzﬂagis
1342 2591 1519 2639 autem
1561 2585 1613 2639 in
1652 2600 1977 2658 unoquoque

394 2684 474 2732 est
514 2689 640 2729 vera
670 2688 791 2745 quae
819 2672 1110 2729 secundum
1144 2688 1205 2730 se
1238 2685 1348 2741 est;
1379 2677 1523 2747 quod
1546 2677 1591 2731 si
1618 2676 1725 2733 hoc
1750 2679 1824 2735 ita
1853 2688 1971 2749 est,

399 2766 560 2829 etiam
590 2766 744 2833 falsa,
771 2764 823 2821 id
844 2776 926 2821 est
950 2768 1112 2825 etiam
1138 2766 1223 2822 illa
1252 2766 1460 2823 falsitas
1482 2778 1564 2825 est
1593 2771 1762 2842 magis
1792 2773 1979 2829 falsior

396 2870 519 2928 qua:
568 2855 715 2912 illam
785 2856 1001 2927 perimit
1066 2856 1375 2927 opinionem
1425 2860 1511 2915 vel
1554 2864 1976 2930 propositionem

394 2956 515 3023 qua
541 2951 833 3008 secundum
862 2965 924 3011 se
953 2965 1083 3008 vera
1118 2961 1239 3021 est,
1271 2953 1535 3025 siquidem
1565 2957 1651 3011 illa
1683 2960 1977 3016 secundum

397 3060 457 3101 se
481 3060 610 3102 vera
638 3045 816 3101 verior
842 3056 924 3101 est
958 3059 1120 3115 quam
1142 3061 1262 3116 qum
1287 3048 1583 3103 secundum
1610 3051 1859 3107 accidens
1897 3054 1977 3111 rei

400 3153 526 3194 vera
549 3148 651 3206 est,
680 3138 780 3192 hoc
804 3146 886 3193 est
907 3138 1045 3193 enim
1090 3138 1406 3207 quoddicit,
1450 3141 1714 3211 siquidem
1749 3153 1802 3199 et
1825 3159 1971 3201 vera.

2080 1943 2187 1997 erit
2210 1942 2370 1996 etiam
2400 1941 2752 1995 contrarium.
2785 1940 2916 1995 Illud
2946 1942 3088 1996 enim
3118 1940 3260 2011 quod
3285 1942 3453 2011 magis
3474 1956 3503 1995 a
3530 1942 3669 1996 veri.

2081 2043 2191 2090 tate
2214 2033 2387 2099 abest,
2415 2032 2517 2088 hoc
2545 2033 2714 2103 magis
2736 2032 2931 2087 falsum
2958 2041 3062 2088 est.
3091 2033 3148 2086 In
3172 2032 3517 2102 opinionibus
3539 2048 3668 2088 vero

2080 2131 2200 2196 qu'm
2228 2141 2256 2179 a
2288 2140 2348 2181 se
2376 2125 2659 2194 plurimum
2691 2122 2965 2187 diﬂ‘erunt,
2997 2138 3059 2178 ea
3091 2134 3213 2178 sunt
3243 2122 3546 2185 contraria;
3578 2123 3666 2177 illa

2080 2218 2241 2289 igitur
2285 2216 2339 2271 in
2384 2214 2728 2285 opinionibus
2769 2214 3039 2270 contraria
3084 2223 3166 2269 est
3212 2228 3332 2284 qua:
3378 2214 3667 2283 plurimum

2083 2312 2214 2366 falsa
2242 2319 2344 2367 est.
2394 2310 2488 2365 Est
2515 2321 2692 2364 autem
2731 2316 2789 2362 ut
2826 2307 3023 2362 dictum
3055 2317 3136 2362 est
3175 2306 3461 2377 plurimum
3509 2304 3662 2371 falsa,

2082 2418 2205 2475 qum
2233 2402 2525 2457 secundum
2554 2414 2612 2455 se
2640 2399 2771 2455 falsa
2802 2408 2903 2469 est,
2938 2400 2991 2454 id
3023 2408 3106 2455 est
3131 2415 3249 2469 quae
3279 2398 3421 2452 illam
3456 2398 3669 2467 perimit

2080 2495 2507 2570 propositionem
2529 2507 2649 2563 quae
2675 2492 2967 2549 secundum
2991 2507 3050 2547 se
3075 2507 3200 2547 vera
3226 2498 3327 2557 est,
3355 2491 3469 2543 haec
3488 2499 3668 2547 autem

2085 2592 2301 2659 negatio
2331 2593 2447 2651 est;
2478 2589 2691 2659 negatio
2722 2584 2882 2659 igitur
2904 2582 3175 2643 contraria
3207 2592 3289 2639 est
3319 2578 3669 2638 aftirmationi

2082 2682 2262 2752 potius
2313 2695 2474 2751 quam
2515 2696 2576 2736 ea
2623 2681 2909 2736 affirmatio
2956 2696 3073 2751 quae
3115 2682 3445 2735 contrarium
3497 2672 3668 2747 ponit.

2082 2756 2227 2828 Talis
2267 2771 2428 2843 igitur
2452 2786 2642 2827 sensus
2670 2771 2753 2825 bis
2792 2771 2969 2827 verbis
2998 2772 3288 2826 IIICIIIdlIIII'
3314 2789 3328 2823 :
3357 2769 3544 2824 Falms
3589 2774 3673 2824 est

2083 2872 2262 2918 autem
2292 2864 2483 2933 magis,
2517 2864 2709 2933 inquit,
2738 2865 2879 2918 circa
2909 2863 3117 2933 singula
3150 2864 3239 2931 qui
3275 2862 3434 2914 habet
3460 2870 3674 2915 contra-

2081 2958 2219 3011 riam
2244 2957 2579 3025 Opinionetn.
2612 2957 2926 3025 Quanquam
2953 2955 3096 3007 enim
3124 2955 3290 3022 possit
3311 2966 3428 3005 esse
3449 2952 3675 3019 quilibet

2084 3051 2269 3116 falsus,
2328 3051 2537 3106 etiamsi
2559 3049 2627 3105 de
2653 3049 2847 3105 eadem
2878 3063 2938 3103 re
2962 3046 3285 3102 contrariam
3315 3059 3419 3098 non
3445 3044 3675 3101 habeant

2090 3145 2434 3215 Opinionem,
2466 3143 2557 3198 ille
2584 3152 2765 3196 tamen
2795 3140 2969 3209 magis
2988 3140 3187 3193 fallitur
3226 3138 3315 3208 qui
3343 3136 3674 3193 contrarium

401 3229 515 3285 Iloc
539 3229 699 3301 igitur
723 3244 993 3301 exponens
1015 3231 1262 3301 exemplo
1288 3232 1592 3291 confirmat.
1620 3236 1758 3307 Ergo
1776 3251 1839 3291 ea
1861 3254 1981 3307 qua:
2011 3238 2061 3305 α
2088 3238 2287 3309 aliquid
2315 3238 2582 3306 Opinatur.
2617 3235 2728 3289 Hoc
2756 3244 2934 3289 autem
2965 3249 3061 3288 cur
3088 3232 3300 3287 eveniat
3327 3230 3457 3285 dicit
3486 3243 3500 3285 :
3533 3228 3673 3283 Con-

399 3334 503 3392 est,
539 3324 789 3395 quoniam
832 3338 939 3381 non
969 3334 1053 3381 est
1082 3325 1282 3387 bonum
1327 3325 1471 3396 quod
1500 3326 1698 3383 bonum
1728 3340 1832 3397 est,
1863 3330 1980 3402 ejus

400 3433 519 3489 quae
537 3418 831 3474 secundum
862 3432 922 3473 se
948 3426 1032 3475 est
1068 3418 1199 3473 falsa
1240 3427 1347 3481 est,
1376 3417 1477 3473 hoc
1511 3430 1592 3474 est
1618 3420 1706 3475 illa
1735 3437 1855 3492 qua:
1888 3439 1986 3495 op-

403 3510 614 3579 ponitur
636 3510 709 3563 illi
738 3510 978 3580 Opinioni
1009 3524 1130 3580 quae
1156 3508 1451 3565 secundum
1482 3525 1543 3567 se
1571 3528 1697 3570 vera
1726 3514 1845 3582 fuit,
1879 3516 1982 3574 hoc

402 3602 545 3656 enim
579 3602 691 3655 haec
721 3601 887 3657 verba
918 3588 1313 3669 demOustrant.
1361 3615 1486 3657 cum
1527 3602 1700 3659 dixit:
1748 3606 1891 3677 Ergo
1917 3625 1981 3664 ea

403 3707 520 3761 qua:
550 3702 653 3759 est,
686 3694 942 3762 quoniam
985 3698 1211 3753 nonest
1246 3692 1447 3753 bonum
1473 3695 1615 3766 quod
1648 3697 1846 3755 bonum
1877 3711 1977 3768 est,

401 3782 517 3854 ejus
568 3799 690 3854 quae
737 3786 1033 3840 secundum
1070 3801 1128 3842 se
1174 3794 1277 3852 est,
1328 3786 1458 3842 falsa
1508 3799 1610 3855 est,
1651 3790 1703 3845 id
1741 3802 1824 3849 est
1866 3810 1986 3865 quae

401 3878 574 3946 ipsum
604 3877 800 3931 bonum
827 3886 985 3946 negat
1012 3878 1210 3933 bonum
1238 3893 1379 3944 esse,
1412 3895 1508 3950 per
1536 3894 1595 3935 se
1619 3897 1757 3938 vera:
1788 3900 1985 3956 propo-

405 3966 615 4021 sitionis
644 3968 771 4020 falsa
810 3975 915 4032 est,
940 3966 991 4021 id
1022 3976 1105 4022 est
1138 3970 1402 4037 opposita,
1440 3970 1643 4027 falsitas
1670 3976 1810 4029 enim
1836 3978 1983 4033 veri-

406 4057 502 4111 tati
534 4057 840 4126 opponitur.
864 4056 958 4112 llla
984 4072 1110 4114 vero
1130 4073 1247 4128 qua:
1270 4071 1353 4115 est
1379 4064 1632 4133 quoniam
1658 4069 1853 4122 malum
1877 4081 1982 4135 εει,

401 4151 517 4220 ejus
548 4164 670 4221 quas
687 4158 770 4206 est
798 4148 1089 4231 secundum
1120 4150 1389 4217 accidens,
1408 4154 1510 4209 hoc
1552 4165 1654 4225 est,
1682 4156 1770 4211 illa
1801 4160 1984 4228 opinio

357 4224 519 4313 ’qute
543 4243 592 4299 id
621 4242 765 4316 quod
790 4224 990 4299 bonum
1014 4251 1115 4309 est,
1141 4242 1341 4298 malum
1366 4245 1656 4301 arbitratur
1684 4224 1985 4314 esse,'falsa

402 4345 503 4401 est,
541 4344 596 4392 et
637 4344 757 4405 apta
786 4336 837 4392 ei
884 4335 1237 4408 propositioni
1278 4352 1399 4407 quae
1439 4350 1522 4394 est
1564 4342 1857 4398 secundum
1895 4358 1985 4400 ac-

404 4427 590 4483 cidens
628 4442 777 4496 vera,
805 4428 857 4483 id
886 4437 969 4484 est
996 4422 1118 4500 quae
1155 4429 1476 4499 Opinabatur
1505 4431 1701 4488 bonum
1730 4449 1836 4490 non
1864 4450 1984 4492 esse

404 4519 625 4575 malum.
666 4520 840 4587 Quare
880 4522 1047 4591 magis
1076 4521 1183 4577 erit
1212 4522 1341 4577 falsa
1372 4522 1441 4578 de
1482 4524 1624 4580 bono
1653 4542 1716 4582 ea
1753 4528 1871 4598 quae
1898 4538 1982 4585 est

2088 3330 2251 3384 traria
2290 3331 2436 3384 enim
2479 3342 2666 3383 eorum
2708 3333 2834 3381 sunt
2873 3338 2993 3395 quae
3034 3324 3318 3393 plurimum
3351 3322 3490 3375 circa
3533 3319 3672 3378 idem

2089 3421 2359 3476 differunt.
2395 3420 2599 3477 Idcirco
2624 3417 2768 3474 enim
2792 3418 3031 3473 maxime
3059 3415 3187 3470 falsa
3216 3414 3480 3469 contraria
3508 3423 3673 3480 Oppo~

2090 3514 2462 3582 nuntur,quia
2490 3511 2843 3567 contrarietas
2871 3524 2976 3563 non
3006 3508 3105 3562 nisi
3152 3507 3204 3560 in
3238 3506 3520 3575 plurimum
3562 3501 3672 3556 dis-

2090 3604 2428 3672 crepantibus
2458 3603 2744 3657 invenitur.
2784 3599 2936 3665 Quod
2978 3599 3023 3654 si
3070 3597 3257 3651 harum
3297 3593 3562 3649 contraria
3593 3600 3672 3648 est

2090 3696 2282 3761 altera,
2317 3695 2367 3749 id
2393 3706 2476 3750 est
2505 3694 2645 3766 quod
2685 3695 2728 3747 si
2775 3694 2962 3748 barum
2995 3691 3414 3761 propositionum
3448 3688 3526 3741 vel
3556 3696 3670 3755 qua

2092 3805 2187 3858 per
2210 3803 2267 3842 se
2299 3787 2429 3842 falsa
2454 3797 2556 3853 εει,
2598 3787 2684 3841 vel
2712 3801 2830 3856 qua?
2860 3800 2952 3854 per
2975 3785 3244 3849 accidens,
3277 3796 3434 3836 unam
3461 3787 3671 3834 contra-

2091 3884 2224 3935 riam
2255 3893 2375 3934 esse
2408 3893 2627 3933 necesse
2656 3888 2759 3940 est,
2792 3876 2962 3944 magis
2993 3889 3119 3928 vero
3149 3875 3413 3927 contraria
3457 3880 3675 3925 contra-

2088 3970 2337 4025 dictionis
2368 4010 2383 4033 ,
2424 3970 2524 4023 hoc
2567 3976 2648 4020 est
2689 3968 2856 4033 magis
2901 3973 3076 4016 autem
3126 3962 3254 4015 falsa
3294 3964 3500 4031 negatio
3526 3962 3656 4029 (hoc

2088 4061 2231 4116 enim
2260 4060 2404 4130 quod
2431 4062 2525 4122 ait,
2556 4057 2721 4125 Magis
2750 4070 2879 4109 vero
2910 4054 3179 4109 contraria
3212 4053 3348 4116 haec,
3382 4052 3484 4103 hoc
3508 4051 3670 4102 sensit

2090 4164 2339 4221 tanquam
2367 4154 2411 4206 si
2442 4152 2684 4213 dixisset,
2718 4149 2888 4218 magis
2920 4162 3048 4202 vero
3072 4146 3204 4202 falsa
3233 4144 3671 4201 contradictionis

2088 4252 2191 4309 est,
2222 4243 2274 4297 id
2300 4250 2385 4298 est
2415 4242 2582 4313 magis
2610 4255 2739 4297 vero
2766 4241 2893 4295 falsa
2924 4243 3133 4311 negatio
3154 4237 3283 4311 est),
3310 4236 3595 4302 concludit,
3627 4238 3671 4293 si

2087 4333 2177 4389 illa
2198 4374 2213 4399 ,
2246 4343 2303 4388 ut
2343 4334 2547 4389 dictum
2587 4342 2671 4388 est
2708 4331 2989 4402 superius,
3021 4333 3093 4386 ita
3122 4338 3288 4397 sunt,
3337 4326 3675 4381 tnanifcstum

2086 4441 2226 4493 esse,
2263 4428 2517 4497 qumiam
2547 4425 2681 4494 haec,
2723 4425 2777 4481 id
2805 4435 2889 4481 est
2914 4423 3372 4488 contradictionis,
3418 4419 3521 4473 erit
3545 4433 3675 4472 cons

2085 4524 2271 4577 traria.

401 4610 695 4680 negationis
735 4611 916 4681 opinio
944 4627 1101 4681 quam
1132 4628 1193 4668 ea
1217 4628 1339 4684 qua:
1366 4622 1449 4669 cst
1483 4617 1758 4685 contrarii,
1793 4619 1843 4673 id
1875 4629 1978 4688 est,
2006 4611 2063 4673 D
2160 4614 2268 4670 Illa
2304 4631 2419 4669 vero
2444 4629 2559 4682 quae
2580 4622 2675 4678 est,
2705 4614 2948 4684 quoniam
2973 4613 3165 4666 malum
3200 4622 3293 4678 est,
3324 4611 3461 4681 quod
3487 4610 3677 4664 bonum

400 4704 568 4773 magis
597 4701 865 4758 contraria
904 4711 987 4758 est
1012 4705 1225 4772 negatio
1248 4717 1408 4773 quam
1449 4704 1737 4763 affirmatio
1764 4720 1978 4764 contra-

401 4794 487 4848 rii.
546 4794 821 4864 Siquidem
850 4808 971 4850 cum
1014 4796 1124 4850 sint
1159 4794 1227 4851 de
1266 4796 1409 4850 bono
1437 4805 1679 4868 utraeque
1726 4800 1979 4869 praedica-

400 4890 488 4948 tae,
532 4882 713 4939 falsior
743 4896 919 4939 tamen
957 4884 1169 4955 negatio
1209 4887 1496 4956 reperitur.
1532 4888 1641 4944 Sed
1671 4892 1813 4960 quod
1842 4893 1983 4951 dixit

399 4973 539 5029 bono
564 4974 836 5041 accidere,
867 4982 928 5030 ut
958 4980 1153 5030 malum
1180 4991 1287 5031 non
1316 4978 1407 5043 sit,
1439 4994 1544 5035 non
1578 4980 1650 5036 ita
1682 4982 1979 5053 intelligen-

296 5148 299 5149 ν
398 5064 523 5120 dum
562 5077 643 5122 est
685 5067 1136 5140 quemadmodum
1184 5069 1420 5124 solemus
1462 5071 1641 5127 dicere
1667 5112 1682 5137 ,
1736 5074 1981 5145 subjecto

397 5158 593 5228 aliquid
634 5159 900 5214 accidere.
933 5159 1115 5229 Neque
1149 5162 1294 5215 enim
1327 5161 1441 5216 fieri
1489 5174 1682 5233 poteSt,
1711 5164 1810 5223 sed
1839 5167 1982 5223 acci-

396 5246 526 5302 dere
557 5249 641 5303 bic
665 5248 1072 5320 intelligendum
1115 5258 1197 5304 est
1224 5252 1463 5306 secundo
1490 5253 1608 5309 loco
1632 5257 1763 5323 dici,
1790 5259 1981 5326 princi-

396 5337 590 5407 paliter
637 5342 783 5394 enim
828 5340 972 5410 quod
1018 5348 1102 5393 est
1150 5339 1348 5394 bonum
1383 5342 1575 5398 dicitur
1618 5345 1844 5403 bonum.
1874 5348 1974 5413 Se-

394 5432 574 5487 cundo
601 5448 732 5486 vero
759 5433 879 5487 loco
904 5433 1121 5499 dicitur,
1153 5448 1259 5488 non
1288 5443 1369 5489 est
1391 5436 1627 5503 malum;
1660 5439 1761 5493 huc
1795 5451 1974 5498 autem

395 5532 627 5580 tractum
659 5532 741 5578 est
771 5540 801 5580 a
842 5525 1193 5581 similitudine
1223 5528 1536 5583 substantiae
1566 5539 1624 5585 et
1659 5532 1975 5592 accidentis.

397 5614 742 5684 Unaquaeque
799 5614 944 5669 enim
1002 5617 1301 5672 substantia
1352 5620 1716 5689 principaliter
1763 5625 1978 5696 quidem

390 5707 637 5777 subjecta
659 5715 764 5775 est,
800 5706 1040 5761 secundo
1066 5722 1192 5762 vero
1216 5708 1332 5765 loco
1356 5711 1437 5765 vel
1470 5713 1614 5781 alba,
1649 5716 1733 5771 vel
1760 5716 1973 5789 bipeda,

390 5801 479 5857 vel
508 5801 781 5870 accidens,
814 5799 898 5857 vel
944 5798 1200 5871 quidquid
1240 5804 1553 5863 substantiis
1590 5811 1836 5869 accidere
1877 5827 1978 5886 po-

393 5897 516 5947 test.

2086 4720 2181 4776 est,
2210 4709 2459 4777 implicita
2489 4715 2582 4759 est.
2628 4705 2829 4758 Etenim
2852 4704 3095 4773 quoniam
3128 4719 3229 4754 non
3259 4702 3448 4755 bonum
3474 4710 3563 4755 est.
3588 4716 3676 4752 ne-

2089 4817 2223 4856 cesse
2247 4808 2319 4854 est
2347 4804 2479 4871 forte
2505 4797 2638 4850 idem
2660 4798 2829 4867 ipsum
2856 4795 3082 4863 apinari.

2161 4892 2449 4962 Postquam
2499 4887 2697 4943 idcirco
2748 4884 3074 4941 contrarium
3117 4884 3293 4953 potius
3338 4881 3675 4951 negationem

2091 4984 2407 5041 monstravit
2427 4997 2571 5048 esse,
2599 4980 2739 5051 quod
2768 4981 2883 5035 hac
2904 4976 3072 5049 magis
3102 4987 3245 5033 esset
3272 4976 3404 5030 falsa
3427 4989 3584 5044 quam
3609 4986 3674 5026 ea

2093 5095 2213 5151 qua:
2237 5077 2561 5135 contrarium
2589 5075 2902 5145 affirmaret,
2950 5083 3004 5130 et
3042 5074 3382 5130 distinctione
3426 5070 3673 5125 falsitatis

2092 5172 2412 5226 contrariam
2443 5184 2566 5225 esse
2606 5169 3024 5239 propositionem
3066 5167 3502 5237 Opinionemque,
3552 5175 3674 5233 quas

2090 5276 2202 5318 rem
2231 5264 2581 5331 prOpositam,
2628 5270 2850 5330 negaret
2888 5258 3121 5324 edocuit,
3153 5271 3292 5311 nunc
3320 5270 3383 5311 ex
3415 5253 3676 5324 simplici-

2088 5354 2190 5410 bus
2202 5355 2577 5426 i‘mplicitisque
2595 5352 3045 5423 propositionibus
3061 5351 3511 5424 opinionibuSque
3525 5351 3669 5405 idem

2086 5444 2277 5500 nititur
2307 5446 2625 5515 approbare.
2653 5445 2792 5501 Dicit
2820 5446 2960 5499 enim
2988 5443 3127 5514 quod
3150 5459 3213 5500 ea
3239 5444 3524 5499 affirmatio
3549 5458 3671 5515 qua:

2087 5538 2416 5593 contrarium
2440 5536 2589 5607 ponit
2619 5536 2871 5605 implicita
2897 5544 2952 5591 et
2976 5550 3079 5590 non
3105 5537 3175 5591 sit
3195 5537 3441 5607 simplex.
3467 5538 3671 5593 Idcirco

2086 5638 2265 5684 autem
2295 5629 2551 5697 implicita
2573 5636 2657 5683 est
2684 5627 2825 5699 quod
2854 5643 2975 5699 quae
3000 5627 3289 5684 arbitratur
3319 5629 3369 5684 id
3402 5629 3542 5701 quod
3575 5630 3671 5685 bo-

2084 5736 2209 5776 num
2235 5731 2318 5775 est
2347 5721 2543 5775 malum
2575 5736 2725 5786 esse,
2757 5737 2877 5776 mox
2915 5723 3059 5776 illam
3091 5736 3305 5793 quoque
3334 5725 3537 5794 Opinari
3571 5742 3669 5780 ne-

2082 5830 2233 5871 cesse
2260 5824 2342 5869 est
2368 5815 2419 5868 id
2449 5814 2592 5885 quod
2621 5816 2813 5870 bonum
2843 5826 2926 5871 est
2951 5817 3147 5872 bonum
3177 5831 3283 5871 non
3311 5832 3458 5873 esse.
3484 5816 3672 5889 Neque

2081 5906 2221 5960 enim
2248 5904 2402 5963 aliter
2429 5907 2621 5966 malum
2651 5922 2769 5965 esse
2812 5919 3008 5981 potest,
3051 5909 3153 5966 nisi
3190 5910 3389 5970 bonum
3428 5926 3538 5971 non
3576 5912 3673 5979 sit,
