4296 6266
609 399 709 458 651

1858 393 1968 448 AN.
2009 392 2218 451 MANL;
2259 392 2411 453 SEV.
2452 395 2674 454 BOETII

3777 389 3887 450 632

610 518 790 586 Quare
827 515 916 585 qui
955 511 1094 579 quod
1125 510 1323 566 bonum
1366 515 1448 566 εει
1479 508 1680 566 malum
1725 521 1844 565 esse
1885 511 2196 576 arbitratur,
2227 514 2281 572 Α
2305 513 2362 566 in
2393 515 2726 568 substantiis.
2771 512 2866 567 Hic
2898 511 3041 568 enim
3078 510 3207 566 sola:
3248 515 3372 564 sunt
3408 505 3688 564 contraria:
3718 522 3882 578 nega-

611 617 665 663 et
697 620 807 662 rem
849 604 1044 657 bonam
1082 602 1279 657 malum
1321 609 1494 671 putat,
1529 610 1584 657 et
1608 600 1850 656 eamdem
1885 600 2053 669 ipsam
2092 614 2199 656 non

610 714 731 756 esse
757 697 981 751 bonum.
1011 693 1128 749 Non
1171 695 1334 764 igitur
1377 695 1606 765 simplex
1648 705 1732 749 est
1770 693 1884 748 haec
1923 694 2106 764 opinio
2137 696 2203 750 de

609 790 772 851 bono,
823 785 1077 856 quoniam
1119 786 1316 841 malum
1361 793 1465 852 est,
1506 786 1743 841 continet
1780 786 1924 841 enim
1957 786 2097 842 intra
2144 801 2203 843 se

612 881 758 935 illam
786 878 1037 949 quoniam
1065 892 1173 933 non
1200 886 1285 934 est
1302 877 1523 933 bonum.
1549 877 1649 944 Qui
1672 891 1800 933 vero
1819 876 2070 947 opinatur
2095 894 2204 935 non

614 987 734 1029 esse
760 973 958 1028 bonum
980 968 1124 1042 quod
1145 971 1342 1026 bonum
1370 981 1482 1038 est,
1507 985 1614 1026 non
1643 971 1720 1026 illi
1747 985 1958 1042 quoque
1980 987 2204 1029 necesse

612 1074 696 1123 est
725 1065 936 1136 opinari
965 1064 1218 1136 quoniam
1248 1065 1446 1121 malum
1477 1073 1579 1120 est.
1627 1065 1812 1121 Potest
1840 1068 1982 1122 enim
2011 1077 2066 1123 et
2095 1083 2204 1124 non

613 1173 736 1214 esse
784 1157 986 1228 aliquid
1017 1157 1216 1213 bonum
1256 1165 1310 1212 et
1345 1158 1543 1212 malum
1574 1171 1682 1212 non
1711 1171 1850 1214 esse.
1899 1159 2076 1228 Atque
2102 1160 2206 1216 hoc

615 1251 830 1322 quidem
860 1250 913 1304 in
949 1249 1031 1304 his
1062 1248 1338 1305 invenitur
1365 1248 1526 1304 rebus
1557 1249 1610 1303 in
1642 1249 1833 1319 quibus
1868 1250 2047 1319 aliqua
2085 1265 2203 1306 me-

616 1344 788 1400 dietas
821 1343 1016 1412 poterit
1047 1341 1300 1408 inveniri,
1332 1341 1434 1397 hoc
1467 1356 1680 1412 quoque
1715 1343 2025 1399 cautissime
2055 1343 2205 1398 addi-

617 1438 716 1493 dit.
756 1438 849 1492 llis
891 1439 1050 1506 igitur
1081 1437 1150 1490 ita
1183 1436 1396 1505 positis,
1438 1435 1688 1506 quoniam
1726 1438 1980 1492 contrarii
2019 1438 2204 1506 opinio

617 1542 726 1583 non
760 1535 842 1582 est
867 1527 1114 1596 simplex,
1132 1526 1359 1595 simplex
1380 1540 1508 1580 vero
1534 1534 1618 1581 est
1640 1528 1958 1596 negationis,
1983 1541 2205 1583 necesse

617 1628 705 1675 est
741 1627 798 1673 ut
839 1628 1024 1674 contra
1072 1619 1367 1687 simplicem
1415 1619 1720 1688 opinionem
1760 1621 1985 1688 simplex
2027 1619 2206 1690 potius

618 1711 866 1765 videatur
895 1724 1015 1766 esse
1044 1710 1392 1765 contrarium.
1429 1709 1521 1764 Est
1551 1718 1728 1765 autem
1770 1711 1995 1780 simplex
2025 1712 2206 1780 opinio

617 1809 771 1877 boni,
795 1809 1046 1878 quoniam
1079 1809 1275 1864 bonum
1305 1814 1408 1874 εει,
1443 1786 1588 1861 vera.
1615 1806 1851 1876 Simplex
1886 1822 2015 1862 vero
2050 1807 2202 1872 boni,

2305 606 2497 661 tiones.
2549 605 2602 661 Si
2631 620 2759 674 ergo
2787 603 2911 659 huic
2953 603 3236 659 contrariae
3263 602 3499 671 opinioni
3539 617 3656 671 qua:
3701 611 3780 656 est
3819 603 3885 660 de

2307 695 2528 750 homine
2563 697 2812 764 quoniam
2848 697 3010 750 homo
3046 703 3159 760 εει,
3205 695 3290 749 illa
3330 693 3617 764 opponitur
3651 709 3770 765 quae
3808 707 3888 752 εει

2310 786 2377 843 de
2406 787 2622 842 homine
2651 787 2902 857 quoniam
2941 787 3102 842 homo
3137 801 3242 841 non
3280 794 3386 851 est,
3426 787 3768 842 manifestum
3810 798 3891 845 cst

2307 879 2360 935 in
2413 879 2532 935 aliis
2580 895 2792 950 quoque
2837 881 2891 934 in
2942 880 3135 950 quibus
3185 879 3538 935 contrarietas
3587 880 3889 949 invenitur,

2308 969 2487 1026 locum
2514 971 2910 1026 contrarietatis
2934 972 3268 1043 negationem
3294 969 3466 1039 potius
3484 971 3890 1028 obtinere.Nam

2307 1063 2354 1120 si
2384 1064 2437 1118 in
2471 1064 2552 1118 his
2594 1064 2648 1119 in
2691 1065 2882 1133 quibus
2925 1065 3280 1119 contrarietas
3317 1072 3419 1130 εει,
3455 1072 3511 1118 ut
3547 1065 3599 1119 in
3636 1066 3778 1120 bono
3808 1065 3892 1121 vel

2306 1154 2469 1219 malo,
2507 1155 2847 1210 manifestum
2889 1163 2972 1210 est
3005 1169 3110 1208 non
3143 1154 3315 1222 potius
3346 1154 3492 1209 illam
3521 1170 3641 1211 esse
3679 1166 3892 1212 contra.

2305 1245 2440 1301 riam
2472 1261 2590 1316 quae
2625 1247 2822 1302 bonum
2861 1255 3102 1316 negaret,
3153 1260 3310 1315 quam
3352 1245 3495 1300 illam
3535 1262 3653 1316 quae
3689 1248 3890 1304 malum

2306 1341 2594 1406 obtineret,
2636 1341 2686 1395 ci
2725 1355 2844 1410 qua:
2882 1339 2932 1393 id
2976 1338 3119 1408 quod
3161 1338 3359 1393 bonum
3400 1347 3482 1393 est
3534 1338 3730 1394 bonum
3771 1355 3892 1397 esse

2309 1434 2624 1494 arbitretur,
2670 1447 2769 1488 nec
2796 1431 2848 1486 in
2879 1431 2962 1486 his
2991 1447 3110 1486 cam
3133 1431 3455 1485 contrariam
3481 1444 3602 1485 esse
3621 1441 3894 1500 oporteret

2308 1528 2363 1583 in
2393 1525 2586 1596 quibus
2622 1524 2977 1580 contrarietas
3008 1523 3151 1578 nulla
3183 1530 3286 1577 est.
3336 1522 3475 1589 Quid
3519 1523 3662 1578 enim
3711 1523 3897 1580 attinet

2309 1635 2432 1675 cum
2465 1621 2532 1675 de
2557 1619 2774 1672 homine
2804 1616 3053 1682 dicimus,
3080 1614 3222 1684 quod
3248 1615 3577 1670 contrarium
3605 1629 3708 1670 non
3737 1617 3898 1672 habet

2311 1711 2382 1768 ibi
2420 1726 2541 1768 esse
2581 1710 2922 1780 negationem
2968 1710 3316 1773 contrariam,
3347 1722 3468 1762 cum
3507 1723 3634 1763 vero
3661 1708 3729 1762 de
3761 1709 3896 1764 bono

2311 1803 2452 1872 quod
2475 1803 2801 1859 contrarium
2837 1801 2996 1856 habet
3028 1801 3098 1854 ibi
3130 1815 3236 1854 non
3263 1813 3422 1862 csse;
3456 1799 3550 1854 sed
3579 1799 3753 1865 potius
3778 1814 3897 1854 eam

621 1900 876 1971 quoniam
908 1900 1105 1955 bonum
1153 1916 1258 1954 non
1289 1908 1391 1960 est.
1425 1899 1578 1955 falsa.
1620 1899 1862 1969 Simplici
1902 1900 2060 1970 igitur
2088 1899 2207 1970 opi-
2239 1888 2288 1948 Β
2314 1910 2435 1965 qua:
2467 1894 2794 1952 contrarium
2833 1892 3096 1962 poneret?
3133 1892 3460 1960 Quocunque
3501 1891 3643 1944 enim
3674 1892 3897 1947 vertitur

620 1993 768 2051 nioni
793 1995 859 2050 de
881 1996 1042 2059 bono,
1065 1995 1314 2065 quoniam
1339 1995 1537 2050 bonum
1561 2003 1662 2061 est,
1694 1993 1921 2063 simplex
1947 1994 2048 2048 erit
2073 2009 2204 2048 con-

622 2088 788 2145 traria
822 2089 1142 2159 negationis,
1173 2103 1292 2158 qum
1317 2097 1400 2143 est
1424 2087 1571 2154 boni,
1596 2088 1845 2157 quoniam
1873 2102 1975 2141 non
2004 2095 2084 2142 est
2115 2087 2211 2140 bo-

622 2196 775 2236 num.
807 2180 940 2236 Tota
963 2196 1093 2237 vero
1115 2181 1201 2236 vis
1224 2181 1381 2250 hujus
1402 2179 1877 2251 argumentationis
1899 2179 2022 2234 hinc
2046 2187 2210 2234 tracta

625 2282 744 2329 est:
769 2273 978 2344 quoties
1009 2287 1135 2328 vera
1158 2283 1240 2328 est
1264 2272 1506 2342 quaedam
1535 2271 1853 2342 propositio,
1881 2281 1934 2326 et
1956 2271 2071 2326 dua:
2092 2286 2214 2341 qua:

626 2378 746 2421 eam
780 2366 1044 2434 perimere
1083 2365 1309 2434 possint,
1353 2364 1398 2418 si
1441 2379 1544 2419 una
1584 2378 1768 2418 earum
1801 2362 1928 2418 nihil
1973 2364 2212 2433 indigens

626 2457 852 2513 alterius
880 2471 1060 2511 veram
1094 2455 1512 2528 propositionem
1545 2456 1794 2525 perimat,
1838 2456 2040 2524 reliqua
2085 2469 2215 2510 vero

627 2557 825 2618 praeter
850 2547 1072 2600 alteram
1101 2548 1341 2601 eamdem
1369 2548 1788 2617 propositionem
1820 2547 2083 2616 perimere
2109 2563 2215 2601 non

628 2639 818 2711 possit,
845 2640 928 2693 illa
962 2640 1130 2709 magis
1160 2639 1384 2693 dicenda
1415 2638 1680 2692 contraria
1707 2647 1810 2702 est,
1839 2653 1958 2706 quae
1981 2638 2085 2692 sibi
2107 2637 2219 2692 sul-

632 2732 822 2785 iiciens
844 2745 942 2786 nec
961 2732 1160 2800 reliqua
1179 2731 1423 2800 indigens
1446 2731 1769 2800 propositam
1794 2732 2216 2801 pr0positionem

631 2822 901 2892 perimere
932 2822 1098 2888 valet;
1123 2837 1302 2877 veram
1336 2831 1512 2876 autem
1535 2821 1958 2891 propositionem
1985 2822 2052 2876 de
2080 2823 2219 2878 bono

633 2915 885 2985 quoniam
918 2913 1114 2968 bonum
1146 2923 1247 2980 est,
1281 2913 1393 2968 sola
1421 2914 1630 2982 negatio
1655 2913 1916 2982 perimere
1946 2921 2142 2981 potest,
2169 2921 2223 2968 ει

629 3005 701 3060 ad
750 3004 890 3058 illius
928 3019 1068 3059 verte
1107 3004 1376 3059 interitum
1421 3014 1504 3059 est
1527 3004 1625 3059 sibi
1663 3004 1774 3073 ipsa
1805 3003 2074 3058 sufficiens
2105 3019 2222 3073 qua:

634 3094 785 3162 dicit,
815 3094 1065 3164 quoniam
1099 3095 1294 3150 bonum
1328 3110 1433 3149 non
1462 3104 1564 3149 est.
1604 3094 1696 3148 Illa
1732 3109 1861 3150 vero
1891 3110 2010 3164 qua:
2039 3096 2225 3164 opina-

636 3196 725 3242 tur
754 3187 951 3240 malum
983 3201 1102 3242 esse
1132 3187 1236 3242 sibi
1266 3187 1381 3242 sola
1408 3202 1514 3241 non
1543 3186 1802 3252 sufﬁciet,
1837 3187 1941 3241 nisi
1973 3187 2062 3241 illa
2093 3202 2223 3257 quo-

2315 1987 2548 2056 negatio,
2579 1999 2730 2039 suam
2768 1984 2874 2038 vim
2905 1985 2956 2038 in
2987 1983 3232 2037 omnibus
3271 1996 3488 2036 servare
3523 1981 3698 2036 debet.
3743 1983 3897 2050 Quod

2315 2091 2446 2148 ergo
2474 2077 2668 2132 dicitur
2699 2077 2763 2130 ab
2799 2074 3102 2141 Aristotele,
3131 2082 3188 2126 ut
3209 2073 3439 2128 breviter
3473 2075 3765 2144 explicem,
3797 2076 3899 2131 tale

2317 2176 2432 2223 est:
2462 2167 2508 2222 si
2536 2167 2586 2221 in
2610 2167 2729 2221 aliis
2761 2166 2975 2235 negatio
3001 2173 3085 2220 est
3122 2164 3411 2227 contraria,
3446 2164 3534 2220 hic
3564 2182 3778 2235 quoque
3809 2183 3901 2223 ne-

2317 2259 2586 2326 gationem
2627 2271 2747 2311 esse
2790 2255 3114 2310 contrariam
3154 2253 3498 2311 manifestum
3548 2264 3630 2310 est
3675 2256 3823 2324 Quod
3859 2259 3902 2314 si

2318 2349 2370 2402 in
2420 2349 2539 2403 aliis
2584 2347 2825 2412 minime,
2871 2349 2922 2401 in
2964 2347 3045 2401 his
3087 2361 3300 2416 quoque
3340 2362 3458 2416 qua:
3503 2361 3660 2415 supra
3704 2349 3901 2416 posuit,

2317 2440 2411 2496 sed
2437 2441 2487 2494 in
2518 2440 2768 2495 omnibus
2794 2439 2913 2493 aliis
2940 2438 2991 2492 in
3018 2439 3214 2508 quibus
3242 2449 3596 2494 contrarietas
3622 2453 3728 2494 non
3753 2441 3903 2497 iuves

2319 2533 2861 2600 nitur,contradietio
2901 2531 3296 2586 contrarietatis
3319 2532 3496 2585 locum
3536 2539 3700 2598 tenet,
3731 2541 3784 2587 et
3826 2531 3907 2588 his

2321 2622 2483 2693 igitur
2509 2626 2556 2678 in
2578 2623 2768 2693 quibus
2793 2633 2875 2677 est
2899 2623 3252 2676 contrarietas
3273 2622 3520 2676 eumdem
3542 2623 3714 2676 locum
3738 2638 3908 2694 neque

2322 2717 2484 2770 alium
2510 2716 2732 2780 tenebit,
2764 2715 2908 2785 quod
2949 2713 3032 2768 his
3060 2713 3237 2768 verbis
3260 2713 3515 2783 explicuit
3539 2731 3550 2766 :
3575 2713 3835 2783 Amplius,
3862 2719 3906 2772 si

2323 2809 2484 2864 etiam
2521 2809 2570 2861 in
2599 2808 2718 2861 aliis
2741 2806 2988 2861 similiter
3009 2813 3225 2874 oportet
3249 2820 3309 2860 se
3339 2805 3560 2872 habere,
3579 2813 3633 2860 et
3653 2805 3740 2862 hic
3759 2806 3907 2862 vide-

2324 2899 2470 2954 bitur
2488 2900 2622 2955 bene
2645 2914 2765 2953 esse
2794 2898 3015 2952 dictum.
3040 2896 3170 2951 Nam
3198 2900 3243 2950 si
3272 2898 3326 2952 in
3349 2899 3596 2954 omnibus
3616 2899 3734 2953 aliis
3758 2899 3828 2953 ita
3855 2914 3910 2955 se

2326 2990 2526 3051 habere
2547 3005 2767 3047 necesse
2787 2999 2890 3053 est,
2923 2997 2976 3044 et
3005 2989 3057 3043 in
3085 2989 3168 3044 his
3195 3005 3311 3060 qua:
3339 3005 3498 3059 supra
3521 2991 3662 3046 dicta
3693 3001 3814 3047 sunt
3839 2993 3910 3047 ita

2326 3097 2446 3138 sese
2470 3081 2650 3149 habet,
2677 3093 2731 3137 et
2757 3081 2810 3136 id
2833 3083 2972 3150 quod
3006 3082 3204 3137 dictum
3227 3091 3309 3138 est
3338 3084 3541 3152 optime
3566 3083 3765 3140 dictum
3793 3101 3912 3142 esse

2328 3174 2616 3230 videbitur.
2649 3178 2753 3229 Aut
2790 3175 2932 3229 enim
2970 3174 3164 3244 ubique
3189 3190 3250 3230 ea
3283 3190 3401 3246 quze
3428 3187 3512 3231 est
3539 3179 3914 3234 contradictio-

637 3292 743 3347 que
776 3277 824 3330 ei
851 3277 1159 3344 auxiliatur,
1187 3293 1306 3348 qua;
1331 3287 1413 3334 es;
1443 3278 1492 3332 id
1523 3277 1663 3348 quod
1693 3277 1889 3332 bonum
1921 3286 2003 3332 est
2024 3278 2222 3332 borium
2251 3263 2298 3329 C
2331 3266 2437 3331 nis,
2453 3275 2542 3320 aut
2567 3280 2826 3336 nusquam
2853 3265 3043 3319 alicubi
3067 3265 3287 3335 quidem
3311 3271 3637 3324 contrariam
3660 3269 3912 3339 reperiet.
4006 3306 4022 3316 ι

637 3385 750 3425 non
781 3385 920 3426 esse.
971 3370 1173 3425 Idcirco
1204 3373 1344 3425 enim
1373 3370 1642 3426 contraria
1683 3371 1828 3425 illam
1860 3370 2055 3436 aufert,
2103 3371 2228 3441 quia

641 3475 828 3517 secum
859 3463 1167 3530 negationes
1203 3463 1383 3528 trahit,
1431 3462 1773 3517 manifestum
1813 3471 1896 3517 est
1937 3461 2073 3516 hanc
2111 3477 2230 3530 quae

641 3551 712 3605 ad
757 3565 898 3606 verte
950 3553 1333 3623 pr0positionis
1376 3554 1646 3609 interitum
1696 3554 1796 3608 sibi
1841 3554 1956 3623 ipsa
2001 3553 2228 3620 sufﬁcit,

644 3651 793 3700 recte
814 3644 980 3713 magis
1003 3646 1323 3700 contrariam
1345 3645 1513 3701 videri
1540 3661 1697 3716 quam
1720 3661 1838 3715 quae
1866 3646 1963 3701 sibi
1990 3647 2101 3716 ipsa
2125 3662 2231 3701 non

645 3735 868 3798 sufﬁcit,
898 3736 997 3791 nisi
1026 3737 1074 3792 ei
1105 3735 1184 3790 vis
1214 3738 1474 3807 negativae
1505 3737 1884 3808 pr0positionis
1911 3737 2157 3792 addatur.

718 3827 953 3896 Amplius
980 3828 1025 3880 si
1050 3829 1199 3880 etiam
1226 3826 1461 3881 similiter
1485 3829 1538 3882 in
1567 3829 1685 3882 aliis
1711 3837 1908 3898 Oportet
1933 3843 1986 3881 se
2024 3827 2228 3892 habere,

649 3928 696 3977 et
737 3921 817 3974 hic
854 3921 1103 3978 videbitur
1135 3924 1255 3977 bene
1281 3938 1386 3977 esse
1416 3923 1626 3977 dictum.
1661 3923 1761 3976 Aut
1796 3924 1928 3976 enim
1967 3921 2149 3992 ubique
2177 3940 2236 3976 ea

648 4029 764 4084 quae
803 4022 876 4069 est
913 4017 1270 4084 contradictio,
1308 4026 1396 4071 aut
1433 4033 1701 4087 nusquam.
1748 4014 1944 4080 Quibus
1979 4030 2093 4070 vero
2133 4030 2234 4068 non

649 4114 726 4159 est
755 4110 1088 4176 contrarium,
1114 4109 1175 4164 de
1201 4110 1278 4163 liis
1301 4109 1501 4178 quidem
1531 4117 1602 4163 est
1634 4109 1768 4180 falsa
1789 4125 1851 4163 ea
1871 4123 1984 4177 qua:
2009 4116 2082 4162 est
2109 4123 2238 4161 vera:

651 4203 908 4272 Opposita,
951 4211 1007 4256 ut
1043 4205 1130 4270 qui
1169 4203 1419 4256 hominem
1449 4219 1548 4256 non
1580 4209 1723 4270 putat
1759 4202 2032 4269 hominem,
2077 4200 2238 4271 falsus

652 4302 746 4347 est.
787 4293 849 4348 Si
887 4309 1006 4363 ergo
1037 4295 1114 4346 lia:
1144 4294 1418 4347 contraria:
1449 4302 1586 4359 sunt,
1627 4293 1780 4346 etiam
1820 4292 1936 4345 alia:
1971 4307 2087 4359 qua:
2123 4301 2239 4346 sunt

653 4383 1084 4438 contradictiones

728 4475 879 4542 Quod
907 4475 974 4529 de
999 4474 1102 4540 his,
1127 4473 1318 4544 inquit,
1344 4472 1798 4544 propositionibus
1820 4471 2046 4527 dicimus
2070 4472 2113 4527 si
2141 4472 2241 4528 hoc

659 4564 715 4619 in
743 4564 988 4620 omnibus
1018 4565 1310 4633 invenitur,
1343 4564 1554 4619 lirmum
1591 4562 1749 4619 debet
1788 4577 1908 4618 csse
1937 4563 2077 4633 quod
2105 4563 2239 4618 dici-

2332 3356 2541 3414 Alicubi
2564 3371 2694 3412 vero
2716 3357 2958 3423 minime,
2974 3358 3167 3427 quibus
3191 3373 3319 3414 vero
3338 3374 3442 3414 non
3462 3371 3542 3415 est
3563 3362 3909 3428 contrarium,

2335 3457 2391 3504 ut
2413 3450 2466 3503 in
2495 3449 2815 3504 substantiis
2838 3450 2887 3504 in
2920 3451 3113 3518 quibus
3142 3451 3286 3506 nulla
3308 3462 3388 3506 est
3413 3457 3784 3509 contrarietas.
3803 3453 3915 3510 lloc

2332 3542 2474 3597 enim
2507 3557 2626 3609 nos,
2658 3543 2700 3598 si
2733 3543 2867 3598 bene
2894 3543 3258 3612 meminimus,
3278 3546 3688 3615 praedicamenta
3719 3548 3917 3604 docue-

2334 3643 2496 3689 runt:
2532 3634 2598 3690 de
2645 3634 2726 3689 his
2759 3645 2842 3691 cst
2881 3636 3094 3706 quidem
3134 3636 3262 3690 falsa
3301 3652 3361 3692 ea
3401 3653 3520 3708 quae
3553 3648 3637 3694 est
3672 3641 3917 3710 opposita

2335 3741 2500 3793 verae,
2548 3726 2603 3781 id
2634 3735 2716 3781 est
2758 3728 2811 3782 in
2842 3726 2924 3782 his
2969 3729 3237 3782 invenitur
3267 3729 3480 3798 quidem
3512 3732 3752 3800 opposita
3783 3730 3920 3788 falsa

2336 3819 2518 3888 Opinio
2565 3833 2706 3874 verre
2749 3819 3006 3888 opinioni,
3048 3820 3144 3875 sed
3185 3834 3305 3890 qua:
3333 3821 3402 3876 sit
3440 3821 3540 3876 ista
3581 3823 3918 3878 manifestum

2337 3919 2439 3967 est.
2473 3911 2603 3966 Nam
2637 3912 2726 3967 ubi
2767 3911 2908 3965 nulla
2935 3913 3291 3967 contrarietas
3324 3922 3425 3978 est,
3451 3913 3618 3983 liquet
3656 3916 3924 3970 contradi-

2338 4008 2532 4064 ctionis
2560 4024 2681 4065 esse
2710 4009 3170 4075 contrarietatem,
3199 4017 3258 4063 ut
3285 4010 3373 4080 qui
3404 4009 3674 4066 hominem
3699 4025 3802 4066 non
3832 4025 3926 4080 pu-

2341 4108 2417 4154 t-at
2447 4099 2744 4171 hominem,
2777 4100 2942 4155 falsus
2969 4108 3070 4154 est.
3114 4100 3226 4155 Hoc
3253 4102 3396 4156 enim
3432 4102 3547 4157 sola
3578 4103 3926 4160 contrarietas

2342 4209 2485 4250 verte
2523 4194 2900 4264 propositionis
2938 4195 3222 4249 invenitur.
3255 4195 3309 4248 Si
3346 4210 3473 4266 ergo
3519 4195 3602 4250 hae
3641 4198 3925 4252 contrariae

2345 4296 2489 4351 sunt,
2513 4297 2566 4342 et
2589 4287 2695 4342 illae
2724 4288 2841 4342 aliae
2873 4302 2991 4358 quae
3031 4295 3153 4343 sunt
3181 4286 3638 4353 contradictionis,
3673 4287 3727 4342 id
3767 4298 3848 4342 est
3876 4289 3925 4344 si

2344 4377 2398 4432 in
2444 4377 2527 4433 his
2567 4393 2684 4446 quae
2725 4379 3159 4433 contrarietatem
3201 4392 3304 4431 non
3348 4377 3567 4441 habent,
3613 4378 3926 4448 negationes

2346 4477 2475 4523 sunt
2515 4470 2797 4524 contraria:
2836 4469 3083 4540 (necesse
3115 4478 3195 4524 est
3226 4469 3367 4524 enim
3397 4468 3604 4538 aliquas
3641 4484 3760 4526 esse
3797 4483 3930 4525 con-

2349 4565 2589 4634 trarias),
2621 4567 2673 4620 in
2702 4565 2818 4620 aliis
2852 4565 3102 4620 omnibus
3141 4566 3300 4620 etiam
3340 4565 3390 4619 in
3426 4565 3620 4635 quibus
3650 4572 3730 4620 est
3757 4564 3930 4634 aliqua

660 4670 802 4712 mus.
833 4655 1016 4726 Neque
1042 4657 1185 4714 enim
1215 4657 1503 4713 verisimile
1529 4664 1613 4711 est
1638 4655 1687 4710 in
1725 4655 1843 4709 aliis
1872 4655 2085 4725 quidem
2114 4670 2239 4725 pro-
2266 4649 2319 4710 D
2343 4657 2714 4720 contrarietas,
2758 4663 2817 4710 ut
2857 4655 2997 4710 bono
3021 4665 3074 4711 et
3098 4656 3260 4722 malo,
3290 4658 3500 4729 negatio
3529 4656 3705 4712 locum
3731 4656 3948 4712 obtinet.

663 4748 1020 4820 positionibus
1047 4751 1362 4822 negationes
1389 4764 1509 4805 esse
1547 4748 1864 4804 contrarias.
1891 4747 1946 4801 ln
1977 4748 2096 4802 aliis
2119 4761 2244 4803 vero

663 4838 1066 4903 afﬁrmationes,
1091 4855 1208 4910 qua:
1237 4840 1563 4894 contrarium
1595 4849 1819 4908 ponunt.
1851 4839 1954 4894 Sed
1984 4837 2029 4892 si
2060 4837 2161 4894 hoc
2192 4837 2243 4892 in

667 4930 916 4986 omnibus
944 4931 1397 5001 propositionibus
1425 4931 1693 4984 invenitur
1730 4938 1783 4984 et
1812 4929 2249 4985 contradictioni—

667 5021 790 5090 bus,
824 5032 880 5077 ut
900 5021 1253 5077 contradictio
1278 5021 1458 5090 potius
1484 5021 1751 5075 contraria
1784 5021 1872 5084 sit,
1901 5021 1950 5075 id
1973 5030 2054 5075 est
2084 5035 2248 5090 nega-

668 5113 746 5168 tio
773 5127 931 5183 quam
952 5125 1072 5182 quae
1087 5111 1416 5165 contrarium
1433 5110 1609 5175 habet,
1630 5109 1757 5164 nihil
1782 5119 1862 5164 εει
1883 5109 2102 5164 dubium
2124 5111 2254 5180 quin

671 5202 790 5258 haec
830 5203 966 5258 ratio
993 5201 1250 5259 consistat
1280 5201 1334 5254 in
1365 5197 1632 5254 omnibus.
1677 5199 1770 5256 Sin
1801 5214 1926 5255 vero
1959 5201 2009 5253 in
2042 5200 2162 5256 aliis
2191 5215 2254 5257 ea

673 5310 793 5364 quae
821 5295 1145 5350 contrarium
1176 5293 1326 5363 ponit
1353 5292 1520 5361 magis
1559 5291 1825 5347 cootraria
1851 5301 1934 5347 est
1972 5307 2132 5362 quam
2161 5309 2256 5349 ue-

674 5387 836 5458 gatio.
868 5387 963 5441 Hic
988 5400 1200 5457 quoque
1238 5385 1310 5439 ita
1355 5397 1478 5440 sese
1506 5383 1844 5439 manilestum
1885 5393 1967 5440 cst
2008 5400 2111 5441 non
2155 5385 2255 5440 ha-

675 5479 828 5544 bere,
864 5477 953 5531 ubi
981 5478 1125 5532 enim
1169 5476 1397 5532 inveniri
1437 5485 1616 5548 potest
1660 5477 2033 5542 contrarietas,
2075 5477 2132 5534 in
2174 5479 2256 5534 his

678 5567 938 5623 dubitatio
960 5577 1304 5637 estqutenam
1334 5569 1405 5623 sit
1430 5569 1715 5635 contraria,
1748 5577 1996 5624 utrumne
2036 5585 2097 5624 ca
2137 5584 2255 5638 qua:

681 5661 1009 5714 contrarium
1043 5661 1290 5726 afﬁrmat,
1337 5677 1404 5716 an
1437 5677 1497 5717 ea
1528 5677 1647 5733 qum
1678 5661 1727 5715 id
1757 5663 1895 5731 quod
1925 5663 2254 5732 propositum

683 5759 768 5804 est
812 5763 988 5820 negat.
1033 5755 1170 5822 Ergo
1213 5755 1263 5807 in
1308 5754 1389 5808 his
1430 5755 1483 5809 in
1530 5755 1721 5824 quibus
1767 5755 1983 5810 dubium
2024 5767 2128 5808 nou
2177 5763 2259 5809 est

685 5841 1132 5907 quemadmodum
1164 5845 1231 5897 sit
1254 5845 1354 5897 hoc
1380 5846 1760 5911 speculandum
1786 5857 1884 5901 est.
1915 5845 2137 5900 Dubium
2169 5860 2260 5901 au-

683 5946 786 5991 tem
826 5947 932 5990 non
965 5939 1046 5986 est
1077 5933 1126 5987 in
1160 5933 1244 5995 his
1266 5932 1317 5986 in
1344 5933 1536 6004 quibus
1565 5950 1669 5991 non
1698 5945 1780 5992 est
1805 5939 2172 6009 contrarietas,
2204 5947 2264 5996 ut

2351 4749 2763 4804 contrarietatis.

2422 4841 2678 4912 Amplius,
2724 4840 2955 4894 similiter
3005 4854 3057 4891 sc
3089 4837 3273 4892 habent
3302 4839 3420 4892 boni
3464 4841 3706 4908 quoniam
3747 4839 3936 4893 bonum

2352 4942 2446 4998 est,
2477 4944 2524 4986 et
2571 4949 2672 4987 non
2702 4932 2820 4986 boni
2850 4931 3088 4999 quoniam
3119 4946 3219 4985 non
3269 4931 3451 4984 bonum
3487 4938 3580 4998 est,
3624 4936 3673 4984 et
3723 4932 3791 4984 ad
3821 4930 3938 4998 liae,

2357 5024 2476 5077 boni
2499 5023 2741 5092 quoniam
2771 5039 2875 5076 non
2896 5023 3085 5076 bonum
3108 5029 3215 5087 est,
3248 5031 3293 5076 et
3325 5039 3424 5076 non
3452 5023 3569 5076 boni
3591 5025 3830 5094 quoniam
3857 5024 3940 5076 bo.

2358 5132 2481 5169 num
2511 5125 2606 5171 cst.
2639 5113 2729 5168 Illi
2757 5131 2875 5188 ergo
2917 5132 3031 5187 qua:
3075 5131 3178 5168 non
3209 5113 3326 5170 boni
3355 5117 3595 5184 quoniam
3627 5133 3726 5170 non
3756 5118 3942 5170 bonum

2361 5214 2456 5271 est,
2481 5220 2612 5259 vera:
2640 5206 2869 5273 opinioni
2890 5221 3124 5278 quaenam
3153 5215 3223 5260 est
3253 5207 3543 5260 contraria?
3575 5205 3696 5261 Non
3727 5209 3858 5260 enim
3885 5223 3944 5261 ea

2359 5311 2476 5367 quia
2505 5296 2627 5350 dicit
2655 5298 2894 5366 quoniam
2932 5298 3127 5351 malum
3163 5305 3269 5362 est,
3317 5295 3472 5350 simul
3499 5298 3633 5352 enim
3670 5297 3947 5367 aliquando

2362 5395 2506 5442 erant
2541 5403 2690 5444 vera}.
2739 5387 3017 5460 Nunquam
3043 5397 3209 5442 autent
3235 5403 3353 5442 vera
3379 5403 3511 5442 vera:
3561 5389 3822 5442 contraria
3851 5397 3942 5442 est.

2362 5480 2454 5536 Est
2481 5485 2616 5537 enim
2635 5482 2881 5553 quiddam
2911 5499 3013 5536 non
3038 5482 3245 5551 bonum,
3278 5482 3496 5548 malum,
3525 5498 3682 5553 quare
3704 5481 3948 5550 contingit

2364 5576 2520 5633 simul
2547 5592 2652 5630 esse
2673 5592 2834 5629 veras.
2866 5575 2927 5629 At
2956 5591 3074 5629 vero
3102 5589 3190 5629 nec
3217 5573 3311 5628 illa
3332 5589 3445 5645 qua:
3471 5583 3543 5629 est
3571 5575 3816 5644 quoniam
3848 5588 3951 5625 non

2367 5669 2578 5736 malum,
2611 5685 2726 5723 vera
2753 5669 2886 5721 enim
2909 5676 2955 5720 et
2977 5667 3102 5732 lia'c,
3130 5667 3282 5719 simul
3311 5666 3443 5719 enim
3469 5673 3515 5720 et
3547 5665 3625 5718 lim
3652 5674 3821 5719 erunt.
3853 5663 3951 5718 Rev

2369 5763 2614 5832 linquitur
2641 5778 2761 5834 ergo
2790 5762 2835 5815 ei
2856 5777 2970 5830 qua:
2999 5769 3070 5813 est
3097 5776 3200 5813 non
3231 5759 3449 5824 bonum,
3473 5759 3716 5830 quoniam
3741 5773 3841 5810 non
3867 5755 3954 5811 bo.

2369 5870 2490 5908 num
2519 5863 2612 5920 est,
2640 5855 2918 5920 Contraria,
2965 5869 3024 5907 ea
3052 5869 3164 5923 qua:
3201 5862 3274 5907 est
3303 5870 3406 5909 non
3448 5853 3564 5908 boni
3592 5852 3832 5921 quoniam
3867 5847 3957 5902 bo-

2371 5960 2492 5999 num
2520 5957 2628 6011 est;
2680 5946 2814 6012 falsa
2844 5945 2976 5999 enim
3019 5943 3148 5999 Iure.
3183 5944 3354 6010 Quare
3400 5957 3447 6000 et
3471 5961 3533 6001 ea
3578 5958 3688 6014 quia
3715 5949 3790 5998 est
3828 5938 3956 5996 boui
