4296 6266
392 410 504 475 635

394 529 636 606 quoniam
660 540 762 582 non
786 520 972 579 bonum
993 524 1087 583 est,
1110 515 1154 569 ei
1192 526 1303 583 qua!
1347 517 1419 564 est
1448 506 1564 562 boni
1592 504 1834 583 quoniam
1876 501 1968 556 bo-
1999 504 2055 564 Α

396 641 521 679 num
539 630 614 677 081
621 662 633 675 .

470 713 813 780 Quaecunque
850 702 1098 774 superius
1137 699 1279 754 dicta
1318 702 1463 758 sunt,
1512 704 1575 745 ea
1622 701 1811 743 rursus
1851 684 1985 739 vali-

397 806 553 863 diore
598 818 693 874 per
734 799 1125 872 proportionem
1179 786 1639 862 argumentatione
1680 781 1979 874 conﬁrmat.

400 869 684 967 Proportio
708 869 883 947 autem
931 896 1014 943 est
1052 898 1228 940 rerum
1260 883 1400 936 inter
1442 892 1501 932 se
1542 875 1775 930 invicem
1796 869 1986 967 simili-

400 962 554 1046 tudo.
586 986 641 1043 Si
676 985 835 1055 igitur
865 979 1049 1051 positae
1077 976 1184 1031 sint
1211 988 1299 1029 res
1335 978 1584 1041 quatuor,
1615 979 1840 1055 quarum
1866 962 1985 1055 dum

412 1081 521 1135 sint
548 1053 927 1148 praecedentes,
950 1067 1169 1137 reliquae
1191 1070 1497 1135 sequentes,
1522 1065 1579 1114 et
1604 1056 1683 1112 sic
1712 1053 1987 1148 sehabeat

403 1145 570 1245 prima
601 1168 668 1224 ad
712 1162 1003 1223 secundam
1035 1153 1486 1230 quemadmodum
1518 1148 1677 1206 tertia
1705 1145 1786 1245 ad
1817 1158 1982 1245 quar-

403 1236 535 1331 tam,
570 1274 792 1318 necesse
817 1267 901 1313 est
940 1256 1015 1311 ita
1051 1268 1109 1308 se
1153 1250 1353 1305 habere
1396 1245 1624 1317 primam
1655 1241 1721 1295 ad
1770 1236 1985 1295 tertiam

401 1360 847 1437 quemadmodum
879 1354 1039 1410 fuerit
1067 1348 1299 1407 secunda
1327 1346 1394 1401 ad
1422 1353 1688 1437 quartam.
1713 1338 1989 1437 Hoeenim

402 1428 579 1526 ipsum
636 1448 872 1507 breviter
922 1444 1282 1510 facillimoque
1330 1435 1570 1493 numeris
1626 1428 1987 1526 agnoscimus.

408 1520 491 1605 Sit
518 1545 658 1601 enim
702 1542 907 1612 primus
934 1549 1190 1592 numerus
1228 1533 1285 1599 2,
1315 1527 1579 1585 secundus
1610 1527 1643 1581 6
1690 1535 1877 1578 rursus
1906 1520 1990 1572 in-

407 1637 748 1702 choantibus,
783 1633 974 1689 tertius
1000 1630 1056 1697 4,
1088 1636 1309 1699 quartus
1352 1623 1443 1677 ιε.
1470 1622 1528 1677 In
1559 1620 1642 1675 his
1673 1617 1831 1686 igitur
1854 1625 1991 1683 prae-

408 1730 662 1787 cedentes
679 1727 893 1797 quidem
921 1729 1047 1776 sunt
1066 1720 1173 1774 duo
1193 1725 1247 1772 et.
1275 1724 1523 1785 quatuor,
1552 1713 1834 1779 sequentes
1864 1714 1994 1757 vero

408 1837 502 1878 sex
533 1829 587 1876 et
626 1816 926 1873 duodecim.
968 1813 1117 1868 Sicut
1155 1818 1332 1864 autem
1361 1806 1468 1861 duo
1512 1803 1579 1857 ad
1617 1816 1732 1868 sex,
1766 1798 1834 1851 ita
1864 1807 1997 1864 quae

1121 395 1188 453 IN
1225 389 1483 452 LIBRUM
1520 389 1609 447 DE
1646 381 2288 444 INTERPRETATIONE
2330 381 2558 439 EDITIO
2593 382 2930 441 SECUNDA.

2078 498 2150 553 ita
2179 497 2313 552 alius
2344 495 2655 566 praecedens
2677 496 2740 550 ad
2769 497 2930 551 alium
2980 504 3294 567 sequentem
3347 495 3468 561 erit,
3521 504 3577 552 et
3618 504 3676 552 ut

3565 383 3674 442 6ῧό

2091 590 2400 661 praecedens
2430 589 2496 643 ad
2541 588 2954 659 praecedentem,
2993 590 3062 644 ita
3094 605 3323 661 sequens
3345 590 3409 645 ad
3439 605 3672 659 sequen-

2091 692 2197 739 tem
2217 698 2233 747 ;
2258 681 2352 737 sed
2377 681 2440 735 ad
2459 688 2687 751 quatuor
2704 683 2792 751 qui
2820 688 2941 735 sunt
2964 681 3330 750 praecedentes
3351 680 3457 735 duo
3481 681 3676 737 medie-

2089 784 2172 830 tas
2198 784 2299 841 εει,
2336 782 2391 829 ει
2412 787 2504 829 sex
2535 771 2695 843 igitur
2719 771 2787 825 ad
2809 771 3088 826 duodecim
3114 773 3375 827 medietas
3404 782 3507 827 εει.
3534 772 3677 842 Ergo

2091 870 2145 925 iu
2176 868 2320 923 omni
2355 866 2702 936 proportione
2733 864 2833 919 hoc
2855 863 3160 933 respicitur,
3182 864 3307 919 dum
3329 872 3434 931 est,
3462 866 3601 936 quod
3631 871 3679 920 ει

2089 960 2159 1017 de
2196 968 2424 1030 quatuor
2472 957 2763 1028 propositis
2791 956 2954 1010 rebus
3001 957 3139 1010 sicut
3182 955 3351 1023 prima
3381 963 3466 1010 est
3500 955 3565 1010 ad
3596 970 3680 1010 se-

2089 1051 2344 1119 cundam,
2379 1051 2454 1104 ita
2485 1050 2639 1103 tertia
2669 1048 2734 1102 ad
2762 1055 3028 1116 quartam,
3062 1046 3165 1099 erit
3193 1053 3250 1098 ut
3274 1046 3445 1114 prima
3470 1046 3534 1100 ad
3566 1055 3679 1101 ter-

2091 1143 2243 1208 tiam,
2269 1142 2340 1195 ita
2368 1139 2600 1196 secunda
2626 1139 2691 1193 ad
2716 1146 2979 1209 quartam.
3011 1135 3116 1190 lsta
3145 1136 3307 1207 igitur
3338 1152 3679 1192 numerorum

2092 1233 2370 1305 proportio
2394 1232 2459 1285 ad
2494 1230 2921 1301 prepositionum
2948 1227 3055 1282 vim
3084 1235 3437 1305 naturamque
3461 1226 3683 1282 transfe-

2092 1300 2261 1389 ratur,
2309 1322 2522 1390 sintque
2544 1300 2664 1375 dum
2687 1319 3085 1391 propositiones
3117 1300 3300 1387 pHmae
3331 1332 3556 1387 quarum
3578 1332 3682 1372 una

2094 1413 2428 1487 praecedens,
2459 1414 2625 1469 altera
2654 1427 2904 1483 sequens,
2943 1421 2999 1467 et
3029 1412 3145 1467 aliae
3175 1425 3365 1467 rursus
3396 1410 3515 1466 dure
3546 1426 3681 1481 qua-
3780 1466 3783 1467 ν

2094 1523 2213 1564 rum
2245 1521 2348 1562 una
2379 1506 2713 1577 praecedens,
2747 1506 2915 1561 altera
2958 1504 3205 1561 similiter
3242 1518 3503 1575 sequens,
3548 1514 3603 1560 et
3632 1505 3683 1563 in

2096 1601 2181 1656 his
2201 1599 2271 1654 sit
2292 1598 2464 1668 aliqua
2490 1596 2805 1652 similitudo.
2840 1596 2895 1651 Si
2928 1596 3069 1651 enim
3092 1596 3262 1665 prima
3283 1596 3410 1650 boni
3432 1596 3683 1665 quoniam
3738 1626 3755 1642 ο

2098 1694 2295 1750 bonum
2326 1702 2429 1760 est,
2481 1692 2618 1746 hanc
2663 1690 2903 1761 sequitur
2944 1690 3101 1755 honi,
3150 1689 3402 1758 quoniam
3440 1703 3545 1742 non
3580 1688 3681 1742 δο-

2100 1803 2225 1843 num
2254 1794 2356 1842 est.
2392 1785 2598 1841 Rursus
2641 1785 2713 1839 sit
2741 1782 3052 1855 praecedens
3079 1782 3233 1837 tertia
3265 1796 3368 1837 non
3400 1781 3525 1836 boui
3555 1795 3685 1851 quo-

408 1924 529 1974 ιυοι·
560 1913 626 1969 ad
656 1909 962 1968 duodecim.
993 1906 1125 1962 Nam
1160 1903 1294 1958 sicut
1323 1900 1432 1955 duo
1461 1895 1656 1951 senarii
1689 1891 1842 1947 tertia
1871 1902 1993 1958 pars
2023 1901 2071 1962 Β
2101 1879 2248 1974 niam
2277 1893 2381 1974 non
2431 1877 2629 1974 bonum
2659 1884 2763 1974 est,
2809 1877 2947 1931 hanc
2995 1885 3173 1932 autem
3224 1888 3455 1946 sequens
3498 1880 3684 1945 quarta

408 2014 510 2072 est,
542 2005 613 2059 ita
643 1998 1015 2072 quaternarius
1034 1989 1353 2050 duodenarii
1382 1987 1536 2044 tertia
1565 1998 1688 2055 pars
1714 1990 1819 2037 est.
1852 1978 1991 2044 Quo-

410 2097 549 2154 circa
593 2096 728 2153 sicut
755 2089 1123 2165 quaternarius
1172 2081 1486 2156 praecedens
1534 2076 1602 2131 ad
1629 2079 1942 2143 sequentem
1971 2108 1985 2133 ,

1127 2196 1523 2255 Praecedentes.

873 2277 925 2330 l.
965 2272 1095 2328 Boni
1126 2269 1375 2340 quoniam
1405 2267 1601 2321 bonum
1631 2266 1734 2340 est.

870 2347 925 2401 3.
966 2345 1082 2399 Non
1104 2330 1229 2397 boni
1257 2340 1509 2409 quoniam
1538 2348 1646 2388 non
1672 2331 1872 2384 bonum
1907 2330 2012 2379 est.

411 2461 769 2537 Perspiciatur
806 2460 968 2531 igitur
994 2458 1046 2514 in
1078 2457 1162 2513 his
1191 2471 1308 2526 qua:
1332 2456 1403 2509 sit
1431 2447 1725 2507 similitudo
1764 2456 1993 2537 proporf

414 2536 639 2615 lionum.
663 2554 761 2608 Est
786 2552 927 2607 enim
960 2556 1020 2605 ut
1050 2549 1221 2618 prima
1246 2545 1392 2610 boni,
1420 2541 1668 2613 quoniam
1692 2538 1887 2591 bonum
1914 2536 2000 2586 est

416 2650 483 2706 ad
512 2648 799 2704 secundam
821 2643 969 2712 boni,
1002 2640 1252 2712 quoniam
1267 2639 1463 2693 bonum
1496 2648 1599 2688 non
1624 2639 1725 2695 est,
1750 2628 1819 2682 ita
1843 2624 1997 2679 tertia

415 2756 523 2799 non
553 2738 680 2794 boni
724 2735 977 2807 quoniam
1010 2733 1207 2787 bonum
1236 2744 1342 2784 non
1373 2734 1487 2791 est,
1525 2723 1591 2778 ad
1622 2728 1863 2792 quartam
1893 2729 1997 2768 non

418 2831 546 2887 boni
577 2829 826 2899 quoniam
856 2826 1054 2905 bonum
1104 2832 1207 2876 εει.
1238 2820 1371 2875 Nam
1402 2819 1538 2872 sicut
1578 2812 1705 2868 boni
1748 2807 1998 2879 quoniam

418 2924 615 2982 bonum
647 2932 728 2978 est
756 2903 880 2977 vera
907 2916 1207 2991 propositio
1234 2922 1338 2981 est,
1362 2912 1491 2966 falsa
1520 2917 1698 2964 autem
1720 2903 1844 2959 boni
1867 2913 1997 2970 quo-

419 3017 562 3074 niam
605 3030 713 3071 non
744 3022 825 3068 est
851 3012 1071 3075 bonum,
1104 3009 1175 3063 ita
1205 3020 1417 3077 quoque
1457 3017 1560 3057 non
1592 2998 1715 3053 boni
1746 2994 1996 3066 quoniam

421 3122 531 3164 non
558 3115 641 3161 est
666 3106 892 3172 bonum,
926 3116 1053 3157 vera
1076 3097 1373 3170 propositio
1396 3102 1499 3161 est,
1533 3091 1662 3146 falsa
1695 3095 1869 3142 autem
1894 3097 1999 3137 non

428 3198 555 3256 boni
583 3197 832 3267 quoniam
875 3202 959 3250 est
1002 3194 1219 3247 bonum.
1249 3188 1401 3257 Quod
1444 3187 1487 3240 si
1517 3183 1589 3239 ita
1618 3176 1700 3237 est
1731 3188 1787 3235 et
1811 3178 1999 3233 eodem

426 3290 590 3349 modo
604 3266 729 3345 sese
753 3287 910 3344 habet
934 3286 1115 3357 opinio
1145 3283 1271 3339 boni
1299 3281 1549 3352 quoniam
1572 3278 1770 3331 bonum
1798 3280 1899 3335 εει,
1937 3266 2003 3322 ad

425 3386 733 3460 opinionem
762 3399 881 3456 quae
932 3392 1013 3440 est
1040 3381 1165 3437 boni
1220 3377 1473 3451 quoniam
1523 3374 1723 3429 bonum
1752 3382 1857 3422 non
1903 3369 2005 3429 est,

425 3458 872 3551 quemadmodum
900 3475 1062 3530 etiam
1092 3471 1273 3543 opinio
1316 3482 1427 3523 non
1469 3464 1592 3520 boni
1624 3458 1872 3532 quoniam
1902 3469 2009 3509 non

426 3549 626 3629 bonum
656 3579 760 3638 est,
789 3569 855 3624 ad
885 3568 1193 3637 opinionem
1222 3577 1327 3619 non
1370 3559 1494 3615 boni
1527 3553 1780 3627 quoniam
1812 3549 2009 3605 bonum

428 3672 528 3731 est,
561 3670 617 3719 et
636 3658 1089 3733 quemadmodum
1112 3670 1170 3711 se
1199 3653 1362 3709 habet
1389 3650 1561 3722 prima
1587 3644 1654 3700 ad
1681 3642 1914 3703 tertiam,
1940 3638 2010 3691 ita

2100 1985 2207 2028 non
2234 1969 2381 2038 boni,
2410 1967 2662 2040 quoniam
2697 1967 2895 2023 bonum
2918 1975 3013 2023 εει.

2611 2174 2926 2246 Sequentes.

2249 2247 2306 2303 2.
2347 2246 2480 2301 Boni
2511 2248 2764 2315 quoniam
2792 2247 2986 2301 bonum
3020 2259 3125 2302 non
3166 2257 3267 2301 est.

2242 2317 2297 2374 4.
2339 2318 2456 2373 Non
2481 2318 2609 2373 boni
2639 2318 2893 2388 quoniam
2926 2318 3124 2372 bonum
3153 2326 3256 2373 est.

2102 2449 2224 2493 sese
2262 2434 2480 2489 habebit
2528 2433 2768 2489 secunda
2817 2433 2883 2489 ad
2924 2442 3185 2505 quartam.
3235 2433 3689 2501 Quemadmodum

2103 2542 2223 2583 sese
2251 2526 2412 2581 habet
2452 2525 2615 2597 igitur
2644 2526 2770 2581 boni
2802 2527 3055 2596 quoniam
3088 2528 3285 2582 bonum
3326 2534 3437 2593 est,
3479 2528 3545 2581 ad
3572 2541 3691 2584 eam

2104 2634 2223 2690 qua:
2274 2626 2358 2673 est
2408 2632 2514 2672 non
2566 2618 2689 2673 boni
2719 2620 2972 2688 quoniam
3022 2635 3128 2674 non
3180 2619 3376 2674 bunum
3420 2627 3523 2687 est,
3570 2635 3691 2676 cum

2105 2721 2342 2782 utrmque
2382 2695 2679 2777 sint'verae,
2724 2711 2797 2767 ita
2829 2727 2947 2769 sese
2985 2708 3146 2769 habet
3192 2712 3372 2782 opinio
3408 2712 3533 2767 boni
3560 2728 3695 2784 quo-

2106 2804 2259 2860 niam
2291 2819 2399 2859 non
2427 2813 2513 2859 est
2540 2804 2606 2859 ad
2639 2805 2945 2875 opinionem
2994 2821 3100 2861 non
3139 2805 3264 2861 boni
3304 2805 3554 2875 quoniam
3598 2805 3695 2859 bo-

2105 2911 2231 2951 num
2262 2905 2365 2962 est,
2388 2898 2529 2966 quod
2561 2897 2690 2966 ipsa:
2720 2912 2932 2967 quoque
2955 2906 3192 2967 utraeque
3222 2907 3344 2952 sunt
3366 2898 3541 2962 falsae;
3570 2911 3693 2969 nam

2072 3054 2077 3059 I
2106 2989 2244 3045 sicut
2288 2989 2400 3043 ista:
2422 2990 2579 3044 simul
2611 3004 2773 3054 verae,
2805 2991 2875 3043 ita
2901 2989 3009 3044 illa:
3036 2990 3195 3044 simul
3237 2988 3409 3058 falsae,
3442 2988 3695 3058 quocirca

2106 3090 2167 3136 ut
2194 3089 2278 3136 est
2327 3080 2495 3150 prima
2542 3080 2610 3134 ad
2654 3081 2888 3146 tertiam,
2932 3083 3004 3136 ita
3054 3080 3285 3137 secunda
3328 3080 3395 3134 ad
3427 3089 3692 3150 quartam.

2112 3172 2344 3226 Osteusa
2378 3169 2540 3239 igitur
2571 3168 2669 3225 hac
2698 3171 3043 3241 proportione
3074 3171 3354 3225 immutate
3381 3169 3569 3224 ordine
3591 3183 3697 3225 ea:-

2112 3262 2233 3318 dem
2264 3261 2639 3330 disponantur,
2672 3261 2765 3316 sed
2816 3263 2886 3316 sit
2918 3264 3065 3331 prior
3110 3262 3293 3331 opinio
3336 3277 3402 3316 ea
3450 3274 3570 3332 qua:
3614 3271 3698 3316 est

2113 3371 2220 3412 non
2251 3354 2378 3409 boni
2407 3355 2661 3423 quoniam
2691 3354 2889 3410 bonum
2938 3370 3044 3410 non
3093 3364 3197 3423 εει,
3234 3369 3402 3425 eaque
3448 3362 3699 3424 sequatur

2110 3447 2237 3503 boni
2259 3446 2512 3517 quoniam
2540 3445 2738 3501 bonum
2766 3456 2871 3512 est,
2893 3457 2947 3503 et
2968 3447 3067 3503 sub
3094 3446 3176 3501 his
3203 3446 3513 3516 praecedens
3547 3446 3702 3501 tertia

2113 3552 2220 3594 non
2245 3536 2369 3592 boni
2402 3538 2655 3606 quoniam
2702 3538 2902 3594 bonum
2943 3546 3048 3608 est,
3080 3547 3269 3609 quarta
3299 3551 3532 3608 sequens
3577 3534 3704 3592 boni

2113 3630 2367 3702 quoniam
2393 3628 2592 3684 bonum
2624 3643 2731 3684 nou
2764 3640 2870 3687 est.

923 3768 1312 3827 Praecedentes.
1964 3746 2136 3802 Verte.
2384 3812 2417 3827 Α
2482 3813 2521 3827 ἢ
2600 3742 2924 3827 Sequentes.

725 3844 781 3899 ι.
821 3812 945 3897 Νοιὶ
966 3812 1363 3908 ἣῖιῖἷῆῐὸὶἶίῖηι
1394 3834 1593 3908 bonum
1619 3844 1725 3885 non
1749 3832 1833 3882 est
2383 3812 2440 3908 ?-
2482 3813 2615 3908 299}
2637 3816 2898 3908 33139339
2921 3816 3266 3908 .l_>9_n_91n_e§§-

1614 3882 1722 3957 Est"
1970 3956 2140 4015 Falsa
2380 3885 2435 3938 4-
2480 3882 2611 3938 Βοοί
2634 3885 2887 3951 quoniam
2921 3886 3117 3941 bonum
3147 3902 3252 3942 non
3281 3897 3382 3943 est.

438 4117 511 4176 Ut
552 4115 711 4187 igitur
739 4112 985 4184 superius
1016 4116 1434 4166 demonstratum
1463 4113 1567 4169 est,
1596 4104 1669 4159 ita
1698 4116 1816 4157 sese
1853 4096 2013 4153 habet

433 4209 618 4281 opinio
666 4222 772 4262 non
803 4207 930 4261 boni
981 4204 1230 4275 quoniam
1261 4216 1367 4257 non
1412 4202 1610 4256 bonum
1640 4207 1741 4261 est,
1790 4192 1855 4248 ad
1895 4204 2013 4245 eam

433 4301 744 4373 Opinionem
774 4313 893 4369 qua:
922 4305 1004 4352 est
1027 4296 1150 4351 boni
1182 4294 1436 4365 quoniam
1460 4293 1659 4347 bonum
1690 4299 1793 4352 est,
1829 4299 2015 4356 quem-

438 4390 721 4447 admodum
752 4403 858 4444 non
890 4386 1017 4441 boni
1038 4385 1288 4456 quoniam
1318 4384 1519 4438 bonum
1539 4389 1640 4445 est,
1666 4378 1732 4433 ad
1757 4391 1873 4433 eam
1898 4388 2016 4444 quzc

439 4488 525 4537 est
550 4479 675 4535 boni
696 4481 944 4548 quoniam
968 4490 1077 4532 non
1108 4475 1307 4530 bonum
1330 4482 1431 4528 est.
1464 4470 1532 4527 Ut
1562 4471 1703 4524 enim
1733 4468 1837 4524 illa:
1859 4463 2017 4522 simul

440 4584 604 4637 verm,
636 4569 704 4623 ita
736 4569 819 4622 ba:
859 4568 1018 4623 simul
1062 4566 1209 4621 l‘alsze
1262 4564 1558 4633 eademque
1587 4560 1866 4631 proportio
1913 4564 2016 4611 est.

439 4662 701 4728 Quocirca
732 4660 835 4715 erit
863 4658 1001 4714 sicut
1030 4658 1201 4728 prima
1228 4670 1350 4726 qua:
1377 4662 1458 4710 est
1488 4668 1592 4707 non
1613 4650 1739 4707 boni
1769 4648 2018 4719 quoniam

439 4768 545 4807 non
578 4752 778 4807 bonum
834 4759 918 4804 est
962 4749 1027 4804 ad
1079 4749 1287 4804 tertiam
1316 4760 1437 4802 eam
1489 4759 1609 4814 qua:
1652 4750 1869 4798 estnon
1899 4736 2023 4792 boni

441 4847 692 4917 quoniam
723 4844 920 4898 bonum
952 4852 1056 4910 est,
1094 4844 1164 4897 ita
1191 4842 1295 4897 erit
1338 4838 1573 4896 secunda
1606 4836 1729 4890 boni
1770 4830 2018 4903 quoniam

442 4945 639 5000 bonum
666 4954 767 5013 est,
795 4945 859 5000 ad
878 4952 1121 5013 quartam
1142 4944 1268 5000 boni
1291 4942 1545 5014 quoniam
1570 4952 1675 4992 non
1700 4942 1781 4992 est
1802 4936 2021 4991 bonum.

445 5038 842 5108 Requirendum
878 5038 1053 5109 igitur
1106 5047 1189 5093 est
1239 5033 1686 5107 quemadmodum
1741 5029 1811 5084 sit
1851 5028 2025 5099 prima

442 5129 510 5183 ad
551 5130 787 5195 tertiam,
818 5138 876 5184 ut
905 5145 970 5185 ex
999 5144 1065 5185 eo
1095 5130 1454 5198 speculemur,
1484 5120 1933 5197 quemadmodum
1958 5118 2028 5171 sit

444 5230 678 5284 secunda
709 5230 776 5283 ad
810 5239 1079 5299 quartam.
1105 5228 1236 5283 Dico
1281 5228 1423 5283 enim
1471 5226 1722 5296 quoniam
1755 5222 1879 5277 huic
1908 5218 2027 5288 opi-

441 5330 587 5385 nioni
628 5345 747 5401 quae
776 5332 1068 5386 arbitratur
1117 5345 1225 5386 non
1265 5345 1387 5386 esse
1414 5330 1611 5384 bonum
1638 5328 1781 5397 quod
1830 5327 2028 5381 bonum

441 5430 549 5489 est,
574 5422 834 5490 quoniam
849 5432 1035 5478 contra
1066 5423 1209 5478 illam
1240 5430 1325 5475 est
1351 5436 1471 5491 qua:
1494 5418 1786 5473 arbitratur
1812 5417 1867 5471 id
1889 5416 2029 5485 quod

441 5512 642 5567 bonum
674 5528 781 5567 non
827 5522 911 5568 est
940 5518 1142 5570 bonum
1171 5529 1312 5569 esse.
1337 5512 1451 5583 Age
1486 5513 1627 5567 enim
1669 5512 1711 5565 si
1744 5508 1921 5580 potius
1950 5519 2031 5565 est

445 5609 632 5656 contra
664 5618 785 5658 eam
818 5604 1124 5672 opinionem
1154 5620 1273 5674 quae
1304 5603 1353 5657 id
1396 5603 1535 5672 quod
1566 5604 1759 5657 bonum
1794 5614 1898 5653 non
1928 5609 2029 5670 est,

447 5694 650 5749 bonum
702 5704 878 5764 putat,
912 5699 983 5753 sit
1022 5712 1084 5751 ea
1131 5711 1253 5767 qua:
1288 5696 1338 5749 id
1370 5695 1511 5766 quod
1564 5695 1759 5750 bonum
1792 5709 1895 5748 nou
1928 5703 2028 5761 est,

446 5786 647 5842 malum
698 5795 888 5859 putat;
936 5788 1033 5844 sed
1081 5794 1181 5845 hoc
1232 5788 1343 5844 tieri
1375 5803 1482 5842 non
1513 5795 1706 5859 potest.
1739 5785 2030 5842 Contrarias

448 5878 592 5936 enim
623 5880 906 5954 opiniones
937 5882 1095 5942 simul
1131 5897 1401 5957 nunquam
1433 5897 1573 5941 verte
1612 5888 1756 5950 sunt,
1808 5889 2031 5955 possunt

2121 4072 2299 4118 autem
2332 4062 2490 4115 simul
2516 4060 2599 4115 διε
2627 4072 2748 4114 εεεε
2774 4074 2937 4115 verre.
2964 4060 3018 4115 Si
3052 4060 3171 4130 quis
3192 4062 3333 4116 enim
3364 4062 3707 4131 parricidium

2122 4153 2264 4224 quod
2298 4166 2401 4206 non
2433 4158 2519 4206 est
2548 4151 2745 4205 bonum
2782 4158 2933 4219 putet
2973 4165 3079 4205 non
3127 4165 3248 4206 esse
3296 4151 3520 4218 bonum,
3564 4134 3706 4209 idem

2123 4257 2335 4316 quoque
2361 4240 2708 4311 parricidium
2738 4242 2879 4313 quod
2909 4258 3003 4313 per
3045 4253 3289 4298 naturam
3343 4258 3450 4298 non
3492 4250 3577 4299 est
3607 4242 3709 4298 bo-

2124 4348 2253 4405 num
2303 4333 2501 4387 malum
2556 4340 2746 4403 putet,
2799 4347 2926 4391 vere
2972 4342 3202 4406 utraque
3257 4334 3512 4406 opinione
3568 4334 3708 4389 arbi.

2127 4434 2318 4482 tratur.
2373 4424 2536 4495 Igitur
2575 4439 2680 4480 non
2740 4434 2823 4481 est
2867 4428 3132 4483 contraria
3162 4428 3344 4498 opinio
3386 4441 3448 4482 ea
3487 4440 3608 4497 quas
3654 4427 3709 4481 id

2127 4516 2268 4585 quod
2311 4515 2513 4570 bonum
2547 4530 2652 4570 non
2695 4524 2781 4570 est
2818 4531 2923 4571 non
2971 4518 3168 4571 bonum
3199 4526 3366 4587 putet,
3419 4518 3469 4573 ci
3508 4531 3627 4588 qua:
3659 4517 3710 4573 id

2128 4607 2267 4678 quod
2326 4605 2527 4661 bonum
2580 4623 2687 4662 non
2750 4616 2832 4661 est
2895 4608 3089 4662 malum
3146 4608 3456 4667 arbitratur.
3510 4610 3712 4665 Rursus

2050 4705 2353 4769 Dponatur
2413 4697 2588 4753 eidem
2657 4696 2896 4767 opinioni
2959 4697 3027 4752 de
3092 4713 3198 4753 non
3261 4699 3406 4756 bono
3458 4702 3710 4773 quoniam

2131 4805 2239 4845 non
2263 4800 2346 4845 εει
2366 4789 2564 4844 bonum
2587 4831 2601 4855 ,
2624 4791 2888 4843 cmtraria
2918 4803 2979 4845 ea
3007 4805 3127 4859 quae
3153 4792 3444 4848 arbitratur
3471 4793 3524 4848 id
3555 4794 3699 4863 quod

2131 4899 2237 4939 non
2259 4892 2339 4939 est
2360 4883 2559 4938 bonum
2581 4896 2684 4936 non
2704 4895 2824 4938 esse
2840 4882 3061 4937 malum.
3080 4882 3133 4938 ω
3155 4899 3366 4955 quoque
3386 4886 3714 4943 contrarium

2130 4989 2241 5031 non
2263 4982 2365 5029 εει.
2392 4973 2534 5028 Fieri
2556 4973 2694 5027 enim
2719 4980 2897 5042 potest
2918 4981 2975 5028 ut
3005 4973 3057 5028 id
3086 4975 3227 5045 quod
3256 4975 3451 5030 bonum
3485 4991 3587 5030 non
3612 4984 3714 5040 est,

2130 5080 2231 5123 nec
2269 5064 2469 5121 malum
2505 5063 2593 5118 sit.
2632 5062 2815 5133 Neque
2846 5065 2987 5121 enim
3020 5066 3199 5121 omnia
3246 5080 3575 5135 quaectmque
3621 5065 3717 5119 bo-

2134 5172 2260 5212 num
2288 5172 2396 5211 non
2424 5164 2547 5210 sunt
2577 5154 2717 5210 mala
2743 5161 2869 5209 sunt
2895 5156 3096 5219 statim.
3129 5156 3222 5211 sed
3252 5164 3335 5210 est
3362 5164 3417 5209 ut
3438 5154 3572 5209 bona
3604 5154 3718 5224 qui~

2136 5246 2258 5302 dem
2306 5261 2415 5301 non
2458 5246 2595 5312 sint,
2630 5255 2807 5302 tamen
2845 5261 2944 5302 nec
2988 5246 3124 5300 mala
3155 5247 3281 5299 sint.
3327 5245 3381 5301 Si
3429 5244 3549 5315 quis
3575 5245 3718 5299 enim

2136 5336 2370 5405 lapidem
2400 5335 2755 5406 nequidquam
2781 5337 3046 5405 jacentem
3088 5336 3230 5407 quod
3268 5350 3361 5405 per
3405 5350 3465 5391 se
3519 5336 3717 5391 bonum

2137 5439 2244 5481 non
2269 5434 2373 5491 est,
2402 5439 2507 5480 non
2532 5425 2726 5480 bonum
2750 5440 2865 5481 esse
2886 5434 3057 5494 putat,
3084 5440 3208 5480 vere
3235 5425 3544 5492 arbitretur,
3578 5426 3719 5482 idem

2138 5518 2314 5595 ipsum
2343 5518 2573 5588 lapidem
2604 5518 2744 5587 quod
2774 5531 2871 5586 per
2896 5532 2954 5572 se
2980 5518 3176 5573 bonum
3214 5532 3320 5572 non
3349 5529 3429 5575 est
3454 5560 3469 5585 ,
3518 5520 3563 5573 si
3613 5535 3719 5574 non

2138 5612 2338 5665 malum
2369 5617 2540 5679 putet,
2573 5606 2705 5661 nihil
2756 5609 2869 5676 ejus
2900 5608 3135 5678 opinioni
3182 5610 3425 5664 falsitatis
3471 5610 3718 5667 incurrit.

2138 5703 2312 5770 Quare
2342 5701 2589 5771 quoniam
2613 5714 2673 5754 ca
2696 5714 2814 5769 quae
2839 5710 2921 5773 est
2943 5718 3045 5757 non
3070 5703 3193 5759 boni
3216 5706 3464 5775 quoniam
3495 5719 3598 5759 non
3626 5705 3720 5759 bo—
3801 5728 3807 5771 .;

2137 5809 2265 5849 num
2293 5800 2396 5858 est,
2419 5800 2474 5846 et
2502 5804 2621 5845 cum
2654 5805 2716 5844 ea
2747 5806 2866 5861 quae
2895 5804 2978 5850 est
3013 5809 3116 5850 nou
3148 5797 3287 5851 honi'
3315 5798 3566 5867 quoniam
3609 5814 3722 5853 ma-

2133 5884 2242 5943 lum
2270 5892 2373 5955 cst,
2403 5892 2596 5942 etcum
2615 5896 2676 5941 ea
2704 5898 2823 5954 quae
2852 5896 3057 5945 estnon
3086 5886 3208 5943 boni
3232 5892 3485 5957 quoniam
3510 5905 3615 5946 non
3636 5897 3716 5943 est
