4296 6266
619 383 732 452 655

1840 388 1949 445 AN.
1992 389 2199 447 MANL.
2240 390 2391 450 BEV.
2430 390 2654 450 ΒΟΕΤΠ

3775 406 3884 468 630

617 512 855 575 malum,
883 521 1005 564 vera
1037 506 1321 579 aliquoties
1366 506 1662 567 invenitur,
1709 506 1882 561 neutri
1926 508 2191 563 contraria
2218 516 2274 578 Α
2300 510 2505 563 versatis
2531 511 2737 581 negatio
2762 512 2858 567 erit
2887 521 3146 570 contraria
3175 526 3231 572 ut
3262 519 3493 589 Opinioni
3512 536 3625 591 quae
3646 525 3881 593 opinatur

618 607 724 657 est.
757 599 947 654 Restat
974 598 1134 668 igitur
1158 608 1216 653 ut
1242 598 1291 653 ei
1325 599 1395 653 sit
1426 598 1690 653 contraria
1717 597 1897 687 opinio
1934 613 2037 651 non
2068 599 2194 654 boni

619 697 871 765 quoniam
916 695 1111 749 bonum
1141 703 1252 759 cst,
1284 708 1402 765 quae
1440 696 1688 760 opinatur
1716 693 1767 746 id
1806 693 1949 761 quod
1975 710 2081 747 non
2112 702 2195 749 est

622 791 822 845 bellum
854 791 1050 845 bonum
1081 805 1235 855 esse;
1265 789 1379 843 haec
1405 797 1583 843 autem
1617 796 1728 855 est,
1763 803 1868 842 non
1907 789 2028 844 boni
2062 804 2196 859 quo-

622 882 765 935 niam
797 881 993 936 bonum
1022 874 1141 944 est,
1163 878 1411 948 quoniam
1442 877 1691 947 opinatur
1712 878 1765 932 id
1793 878 1934 949 quod
1977 893 2082 933 non
2112 888 2198 934 est

619 971 817 1025 bonum
848 972 1042 1026 bonum
1081 981 1219 1022 esse.
1260 965 1541 1022 Contraria
1587 968 1747 1039 igitur
1794 978 1877 1023 est
1918 982 2024 1022 non
2068 968 2196 1023 boni

617 1063 867 1129 quoniam
898 1075 1003 1114 non
1032 1059 1231 1114 bonum
1263 1068 1371 1126 est,
1404 1060 1452 1114 ei
1486 1076 1604 1130 quae
1635 1074 1717 1118 est
1754 1076 1861 1119 non
1905 1062 2028 1118 boni
2058 1078 2196 1134 quo-

618 1154 758 1203 niam
786 1150 982 1203 bonum
1013 1155 1113 1203 est.
1146 1146 1253 1205 Sed
1282 1148 1369 1205 hic
1397 1150 1471 1205 ita
1499 1166 1618 1208 sese
1666 1153 1828 1209 habet
1861 1155 2043 1223 opinio
2089 1171 2199 1211 non

619 1243 739 1295 boni
785 1243 1036 1310 quoniam
1082 1242 1282 1299 bonum
1328 1253 1446 1310 est,
1490 1246 1557 1300 ad
1595 1246 1903 1315 opinionem
1936 1264 2041 1305 non
2074 1251 2200 1309 boni

614 1333 866 1401 quoniam
893 1348 999 1387 non
1027 1333 1224 1389 bonum
1254 1344 1367 1402 est,
1396 1336 1844 1406 quemadmodum
1870 1340 2052 1409 Opinio
2072 1341 2199 1398 boni

615 1424 863 1491 quoniam
889 1424 1090 1480 bonum
1118 1435 1230 1493 est,
1259 1427 1322 1481 ad
1352 1427 1594 1483 eamdem
1623 1430 1929 1499 Opinionem
1961 1446 2078 1499 quae
2116 1443 2199 1486 est

612 1511 737 1568 boni
765 1515 1017 1583 quoniam
1056 1531 1161 1570 non
1204 1518 1404 1571 bonum
1446 1529 1547 1573 est.
1580 1518 1685 1574 Sed
1732 1520 1898 1589 prima
1934 1521 2195 1591 tertiaque

562 1634 571 1641 -
613 1608 919 1660 contrariae.
948 1607 1189 1662 Secunda
1219 1609 1383 1680 igitur
1403 1621 1697 1680 quartaque
1718 1610 2011 1665 secundum
2045 1611 2197 1666 simi-

612 1697 890 1754 litudinem
915 1701 1274 1769 proportionis
1299 1712 1422 1756 sunt
1442 1703 1558 1758 sine
1581 1703 1684 1769 ulla
1710 1702 2040 1767 dubitatione
2060 1719 2192 1758 con-

612 1792 811 1846 trariaa.
846 1793 1027 1847 Potest
1054 1809 1180 1849 vero
1212 1802 1266 1849 et
1294 1796 1586 1866 simplicius
1616 1797 1836 1867 intelligi
1869 1800 1969 1852 hoc
1998 1800 2205 1866 modo,

2298 601 2539 669 quoniam
2562 617 2708 655 omne
2731 605 2961 673 quodest
2992 606 3176 659 bonum
3217 608 3405 663 bonum
3433 619 3503 665 est
3530 654 3543 679 ,
3586 629 3645 666 ea
3675 630 3785 682 qua
3808 624 3885 671 es!

2296 690 2537 759 quoniam
2567 693 2697 747 nihil
2724 694 2904 748 horum
2926 714 3041 767 qua:
3063 700 3193 753 bona
3214 712 3331 756 sunt
3360 702 3545 757 bonum
3572 715 3663 761 est.

2375 782 2432 835 ln
2486 784 2749 851 superiori
2803 791 3269 856 argumentatione
3312 794 3493 847 omnia
3546 796 3611 850 de
3667 799 3888 858 infinitis

2299 870 2573 939 explicuit.
2604 873 2709 928 Sed
2732 878 2980 942 quoniam
3003 877 3229 934 fortasse
3254 883 3449 952 aliquis
3472 896 3680 954 poterat
3708 892 3886 962 suspi-

2300 961 2412 1015 eari
2445 979 2549 1017 non
2578 966 2820 1021 caindem
2852 973 3112 1024 rationem
3144 986 3263 1026 esse
3298 989 3456 1043 posse
3490 979 3539 1031 in
3582 978 3665 1041 his
3693 961 3888 1053 propo-

2302 1051 2586 1111 sitionibus
2613 1073 2730 1126 quae
2760 1069 2883 1113 sunt
2910 1061 3166 1128 definitae,
3196 1074 3356 1135 atque
3385 1067 3436 1122 in
3462 1069 3547 1124 his
3572 1072 3770 1141 aliquid
3797 1051 3887 1131 in-

2304 1153 2506 1202 teresse
2535 1158 2711 1205 utrum
2742 1153 2928 1209 eadem
2973 1156 3363 1213 demonstratio
3387 1161 3463 1216 eis
3494 1179 3612 1231 quae
3646 1165 3887 1227 deﬁnitae

2303 1247 2445 1301 sunt,
2473 1240 2734 1304 eveniret,
2764 1242 2864 1297 hoc
2885 1244 3052 1309 addit,
3084 1246 3214 1301 nihil
3244 1247 3503 1305 interesse
3534 1262 3705 1308 utrum
3735 1272 3883 1319 eant-

2302 1327 2425 1381 dem
2456 1329 2965 1391 demonstrationem
2999 1352 3156 1406 quam
3184 1339 3298 1405 ipse
3327 1344 3574 1411 superius
3605 1348 3656 1401 in
3687 1364 3883 1418 propo-

2301 1418 2585 1477 sitionibus
2614 1423 2903 1479 indeﬁnitis
2932 1427 3076 1493 iecit,
3106 1429 3388 1499 quisquam
3411 1432 3567 1488 faciat
3588 1436 3640 1489 in
3670 1441 3885 1495 univer-

2301 1511 2507 1566 salibus
2545 1529 2662 1581 qua:
2707 1514 2816 1583 jam
2862 1516 2978 1571 sine
3020 1518 3187 1572 dubio
3232 1520 3465 1585 delinitze
3494 1535 3635 1580 sunt.
3680 1526 3738 1583 Si
3766 1532 3887 1598 quis

2300 1601 2442 1653 enim
2480 1603 2773 1658 secundum
2821 1604 3217 1665 indeﬁnitarum
3257 1615 3681 1687 prepositionum
3710 1634 3883 1691 supe-

2299 1692 2499 1749 riorem
2529 1697 2933 1765 dispositionem
2974 1700 3219 1758 deﬁnitas
3254 1705 3533 1776 disponat,
3566 1725 3765 1781 easque
3800 1729 3884 1771 se-

2297 1788 2528 1840 cundum
2580 1790 2890 1857 przedictum
2935 1792 3149 1849 modum
3199 1802 3541 1868 speculetur,
3576 1817 3683 1858 non
3721 1806 3881 1862 aliam

613 1881 808 1941 33.1mm
832 1884 1082 1951 quoniam
1114 1886 1310 1941 bonum
1337 1896 1419 1942 ρει
1443 1889 1655 1958 opimo,
1682 1898 1737 1944 ει
1768 1904 1870 1944 non
1902 1890 2024 1946 δοηί
2056 1906 2188 1960 quo-
2222 1885 2275 1947 Β
2302 1882 2624 1937 universalis
2659 1884 3029 1941 al’ftrmationis
3057 1889 3292 1957 opinioni
3319 1894 3643 1949 contrariam
3670 1896 3878 1983 reperi:

611 1973 753 2027 niam
782 1989 888 2029 non
920 1976 1114 2031 bonum
1143 1988 1226 2034 est
1255 1981 1467 2048 opinio,
1496 1981 1697 2036 similes
1726 1984 2017 2037 secundum
2042 1986 2196 2040 veri-

611 2070 771 2117 tatem
802 2075 951 2131 sunt,
984 2066 1109 2121 boni
1137 2078 1316 2125 autem
1354 2071 1605 2138 quoniam
1638 2086 1743 2126 non
1773 2081 1855 2127 est
1878 2072 2074 2129 bonum
2097 2120 2110 2141 ,
2141 2084 2197 2130 et

614 2168 801 2209 rursus
832 2172 938 2210 non
967 2157 1092 2212 boni
1129 2161 1383 2229 quoniam
1418 2162 1612 2217 bonum
1644 2174 1766 2232 est,
1811 2166 1941 2235 ipsa:
1986 2182 2195 2238 quoque

612 2247 821 2303 similes
866 2252 1158 2307 secundum
1203 2254 1486 2309 falsitatem
1528 2266 1682 2321 sunt,
1716 2260 1760 2312 si
1798 2274 1896 2314 una
1942 2260 2192 2318 falsarum

614 2337 704 2390 uni
741 2352 984 2395 verarum
1008 2341 1319 2412 opinionum
1349 2346 1561 2401 inventa
1592 2347 1772 2417 fuerit,
1799 2354 2065 2407 contraria
2093 2356 2196 2409 erit

610 2427 815 2498 reliqua
848 2429 998 2494 falsa,
1030 2433 1250 2504 reliqua:
1280 2450 1420 2491 vera:
1448 2439 1738 2501 contraria,
1766 2443 1906 2511 quod
1938 2444 2049 2497 sola
2080 2445 2205 2499 eilia

611 2520 685 2576 cit
711 2521 1022 2577 similitudo.
1052 2526 1366 2582 05tenditur
1389 2537 1563 2583 autem
1595 2545 1698 2584 una
1730 2531 1858 2587 falsa
1888 2536 1977 2588 uni
2019 2551 2191 2605 verae,

610 2610 1059 2678 quemadmodum
1086 2628 1246 2682 supra
1271 2621 1638 2685 exposuimus,
1663 2624 1953 2686 contraria.
1985 2625 2083 2678 hoc
2113 2637 2196 2683 est

612 2711 812 2769 eaquae
841 2700 973 2755 dii-it
1014 2702 1067 2756 id
1108 2703 1250 2772 quod
1293 2720 1397 2759 non
1438 2717 1518 2761 est
1546 2707 1744 2790 bonum
1774 2726 1892 2766 esse
1919 2713 2113 2768 honum
2143 2716 2195 2771 ei

610 2802 730 2858 quae
750 2789 1041 2847 arbitratur
1064 2794 1115 2848 id
1151 2795 1307 2865 quod
1329 2812 1433 2851 non
1469 2807 1555 2854 est
1586 2789 1787 2856 bonum
1817 2819 1924 2858 non
1949 2820 2067 2862 esse
2094 2808 2191 2863 bo-

609 2894 757 2947 num.
796 2878 1138 2953 Relinquitur
1179 2884 1339 2955 igitur
1385 2901 1447 2943 ea
1487 2904 1605 2959 qua:
1648 2892 1939 2948 arbitratur
1965 2896 2015 2950 id
2051 2898 2191 2967 quod

609 2969 806 3035 bonum
846 2986 928 3028 est
967 2990 1075 3037 non
1115 2992 1235 3035 esse
1276 2980 1476 3037 bonum
1521 2985 1788 3041 contraria
1825 3001 1944 3043 esse
1985 2989 2034 3046 ei
2072 3006 2197 3060 quas

608 3065 861 3135 opinatur
895 3068 949 3123 id
976 3070 1120 3140 quod
1150 3073 1346 3128 bonum
1377 3084 1460 3131 est
1489 3090 1607 3131 esse
1641 3078 1857 3134 bonum.
1891 3083 2001 3148 Qua
2039 3081 2092 3137 in
2133 3099 2193 3139 re

608 3157 872 3228 colligitur
901 3165 1235 3231 negationem
1260 3163 1434 3233 potius
1453 3181 1611 3237 quam
1638 3171 1965 3225 contrarium
1988 3186 2193 3240 ponen-

2300 1983 2405 2039 ret,
2436 1989 2595 2043 quam
2640 1990 2761 2030 eam
2806 1993 2924 2047 qua:
2975 1981 3288 2036 universalis
3333 1986 3629 2054 negationis
3670 1981 3893 2059 opinio.

2298 2065 2443 2125 Nihil
2467 2068 2608 2124 enim
2633 2070 2857 2125 interest
2886 2071 3024 2126 inter
3045 2071 3347 2129 indeﬁnitas
3372 2077 3726 2150 definitasque
3758 2099 3883 2151 proe-

2297 2158 2612 2228 positiones,
2640 2162 2740 2216 nisi
2768 2163 2908 2231 quod
2933 2164 3221 2221 indelinitae
3245 2169 3458 2236 quidem
3488 2173 3604 2228 sine
3631 2175 3882 2232 determi-

2297 2252 2540 2317 natione,
2570 2254 2806 2311 definitze
2834 2271 2964 2312 vero
2992 2272 3111 2312 cum
3141 2271 3453 2328 argumento
3479 2264 3879 2323 determinatio-

2297 2343 2379 2396 nis
2406 2354 2552 2408 sunt,
2583 2346 2664 2400 vel
2694 2347 3112 2403 universalitatis
3152 2353 3237 2405 vel
3265 2362 3379 2420 part
3400 2354 3694 2412 cularitatis
3728 2375 3742 2413 :
3773 2359 3877 2415 hoc

2301 2446 2385 2489 est
2408 2437 2550 2491 enim
2577 2439 2719 2507 quod
2746 2441 2817 2494 ait
2843 2480 2858 2504 ,
2886 2442 3019 2495 nihil
3052 2443 3275 2505 interest
3308 2462 3402 2500 nec
3430 2449 3473 2501 si
3505 2449 3885 2508 universaliter

2296 2538 2525 2594 ponatur
2556 2531 2874 2599 aflirmatio,
2928 2535 3215 2591 universali
3269 2553 3492 2607 namque
3538 2540 3887 2611 aflirrnationi

2296 2618 2617 2676 universalis
2652 2629 2918 2680 contraria
2967 2627 3069 2683 erit
3119 2628 3365 2697 negatio,
3397 2642 3453 2685 ut
3493 2633 3732 2700 opinioni
3761 2654 3882 2706 qua

2295 2709 2549 2777 opinatur
2573 2713 2823 2781 quoniam
2853 2731 3013 2772 omne
3042 2720 3181 2787 quod
3212 2730 3293 2774 est
3320 2729 3512 2777 bonum
3541 2725 3734 2781 bonurn
3760 2739 3872 2798 est,

2297 2818 2414 2872 qua).
2441 2804 2649 2861 scilicet
2674 2817 2758 2861 est
2787 2810 3102 2866 universalis
3130 2813 3535 2882 afﬁrmationis,
3567 2834 3629 2874 ea
3660 2824 3717 2875 lit
3745 2836 3878 2878 con-

2294 2895 2459 2949 traria
2490 2912 2610 2965 qua:
2636 2908 2719 2952 est
2756 2902 3004 2968 quoniam
3036 2903 3165 2957 nihil
3197 2919 3383 2960 eorum
3415 2894 3537 2976 quae
3562 2909 3715 2966 bona
3755 2923 3881 2970 sunt

2296 2985 2494 3042 bonum
2521 2998 2603 3043 est
2623 3007 2636 3043 :
2655 2990 2755 3045 hoc
2779 3000 2863 3047 est
2887 2995 3067 3062 Opinio
3096 2995 3412 3054 universalis
3439 3003 3757 3073 negationis,
3778 3004 3879 3062 hoc

2294 3088 2468 3132 autem
2501 3093 2599 3134 cur
2628 3080 2719 3135 liat
2744 3082 2997 3138 ostendit.
3644 3102 3651 3106 ‘

2368 3170 2506 3226 Nam
2527 3190 2587 3228 ea
2608 3189 2719 3242 quia
2754 3180 2825 3229 est
2853 3178 2970 3231 boni
3002 3179 3241 3248 quoniam
3269 3181 3457 3235 bonum
3479 3193 3573 3250 est,
3599 3187 3645 3240 si
3680 3188 3880 3244 univer-

608 3256 714 3307 tem
740 3250 1154 3311 afﬁrmationem
1175 3271 1317 3313 verat
1341 3258 1686 3316 affirmationi
1708 3277 1827 3318 esse
1848 3266 2194 3322 contrariam.
2218 3261 2267 3326 C
2296 3279 2304 3312 ε

2183 3305 2194 3322 ,
2218 3261 2267 3326 C
2296 3262 2472 3315 raliter
2509 3264 2573 3317 sit
2601 3263 2786 3318 bonum
2811 3306 2825 3331 ,
2858 3268 3036 3322 eadem
3062 3278 3134 3323 eu
3155 3270 3201 3323 ei
3227 3287 3343 3341 quae
3380 3273 3621 3341 apinatur
3664 3279 3718 3343 id
3742 3280 3879 3348 quod

608 3341 864 3412 Perplexa
896 3345 1060 3416 igitur
1085 3351 1355 3407 sententia
1388 3352 1470 3407 his
1506 3353 1679 3407 modis
1713 3354 1908 3422 quibus
1956 3355 2189 3412 diximus

607 3436 853 3502 expedita
879 3447 992 3502 est,
1019 3440 1113 3494 sed
1144 3454 1204 3495 se
1247 3442 1325 3495 sic
1347 3441 1508 3498 habet
1532 3444 1663 3497 ordo
1693 3444 2023 3501 sermonum.
2056 3450 2189 3503 Am-

560 3516 565 3519 ’
613 3526 771 3599 plius,
800 3532 996 3604 inquit,
1026 3534 1271 3603 similiter
1293 3537 1527 3593 sehabet
1559 3539 1681 3594 boni
1706 3542 1958 3611 quoniam
1988 3543 2187 3600 bonum

606 3628 710 3684 est,
742 3610 795 3675 et
820 3636 924 3676 non
953 3622 1078 3677 boni
1106 3625 1355 3694 quoniam
1388 3642 1494 3682 non
1523 3628 1720 3684 bonum
1742 3642 1824 3685 est
1842 3676 1856 3700 ,
1881 3648 2003 3700 quae
2029 3642 2192 3690 utra:-

606 3724 711 3778 que
741 3726 881 3766 vera:
910 3722 1073 3783 sunt,
1105 3723 1160 3770 et
1201 3731 1365 3786 super
1393 3719 1497 3792 has
1528 3721 1659 3777 boni
1684 3728 1931 3793 quoniam
1961 3743 2066 3782 non
2095 3729 2191 3785 bo-

609 3815 736 3854 num
768 3811 871 3869 est,
905 3811 959 3858 et
985 3818 1091 3859 non
1120 3805 1246 3862 boni
1274 3809 1523 3877 quoniam
1551 3812 1746 3867 bonum
1778 3823 1881 3881 est,
1914 3831 2034 3886 qua;
2064 3828 2192 3874 sunt

607 3900 849 3966 utraeque
874 3899 1179 3957 mendaces.
1213 3901 1446 3976 llli‘crgo
1474 3922 1593 3978 quae
1622 3919 1705 3963 est
1742 3926 1848 3965 non
1891 3912 2016 3968 boni
2058 3932 2191 3986 quo-

611 3988 754 4042 niam
799 4004 906 4045 non
957 3992 1154 4049 bonum
1203 4004 1285 4051 est
1339 4014 1480 4054 verae
1521 4001 1761 4070 opinioni
1807 4019 2052 4079 quaenam
2107 4002 2190 4064 est

606 4081 915 4135 contraria?
936 4072 1059 4154 (hoc
1085 4087 1235 4156 quasi
1261 4088 1641 4162 interrogative
1657 4072 2029 4153 modo'dictum
2057 4102 2188 4173 est.)

607 4169 721 4225 Non
743 4188 805 4227 ea
833 4190 952 4243 quae
975 4176 1104 4232 dicit
1126 4182 1374 4249 quoniam
1403 4186 1599 4240 malum
1625 4196 1726 4254 est,
1750 4190 2001 4258 quoniam
2026 4193 2189 4249 simul

609 4259 897 4329 aliquando
924 4279 1042 4319 esse
1064 4275 1312 4335 poterunt
1341 4286 1511 4339 verre,
1540 4275 1639 4329 hoc
1667 4288 1846 4332 autem
1879 4280 1929 4332 in
1974 4292 2190 4335 contra-

604 4348 701 4404 riis
722 4365 826 4406 non
850 4362 1025 4423 potest
1044 4355 1268 4412 inveniri
1287 4375 1303 4423 ;
1319 4375 1586 4431 nunquam
1610 4365 1751 4419 enim
1774 4384 1915 4423 verte
1930 4385 2052 4424 vera
2067 4386 2190 4425 con-

605 4442 769 4495 traria
795 4452 898 4511 est,
927 4447 1372 4513 quemadmodum
1401 4462 1577 4508 autem
1603 4454 1717 4510 ﬁeri
1745 4467 1920 4525 potest
1947 4468 2004 4513 ut
2029 4461 2185 4516 simul

604 4527 715 4584 sint
736 4546 898 4598 verae,
928 4538 1178 4605 quoniam
1202 4549 1285 4594 est
1310 4542 1557 4611 quiddam
1593 4560 1698 4600 non
1726 4547 1921 4603 bonum
1962 4551 2182 4620 malum,

2294 3348 2482 3405 bonum
2500 3362 2593 3419 est,
2623 3359 2860 3423 quoniam
2884 3357 3070 3412 bonum
3099 3368 3193 3414 est.
3217 3359 3333 3416 Hoc
3352 3374 3520 3433 autem
3545 3366 3676 3421 nihil
3702 3369 3877 3439 (li/Ich

2293 3442 2356 3499 ab
2382 3459 2438 3497 eo
2466 3445 2602 3512 quod
2629 3455 2702 3498 est
2727 3485 2741 3510 ,
2769 3450 3011 3516 quoniam
3043 3466 3190 3507 omne
3214 3454 3352 3522 quod
3380 3463 3450 3508 est
3476 3455 3661 3511 bonum
3688 3461 3877 3529 bonum,

2293 3545 2386 3590 est.
2418 3535 2667 3591 Similiter
2688 3548 2858 3593 autem
2882 3544 3005 3599 etin
3035 3560 3138 3597 non
3168 3545 3318 3602 bona.

2364 3627 2637 3682 Gradatim
2666 3630 2996 3701 indefinitam
3027 3637 3445 3704 propositionem
3474 3638 3542 3695 ad
3576 3641 3878 3701 similitudi-e

2294 3733 2415 3772 netn
2463 3722 2779 3775 universalis
2821 3722 3088 3792 adduxit,
3138 3727 3268 3782 dicit
3323 3739 3499 3784 autem
3546 3746 3876 3801 quaacnnquo

2292 3814 2450 3869 fuerit
2488 3816 2764 3881 indelinita
2809 3821 3139 3888 prepositio,
3183 3823 3234 3877 ei
3281 3825 3325 3879 si
3356 3825 3496 3895 quod
3542 3825 3593 3881 in
3626 3840 3872 3883 sermone

2292 3907 2525 3962 solemus
2570 3910 2748 3965 dicere
2776 3912 3034 3982 quidquid
3079 3914 3305 3970 addatur
3332 3918 3651 3974 universalis
3698 3920 3784 3985 lit,
3818 3930 3875 3976 ut

2293 3997 2425 4053 nihil
2455 4002 2675 4055 omnino
2701 4002 2864 4057 distet
2902 4020 2962 4059 ea
3010 4022 3130 4074 quae
3171 4008 3238 4062 ad
3286 4024 3396 4063 rem
3433 4011 3485 4064 in
3524 4010 3879 4070 afﬁrmatione

2291 4101 2451 4145 omne
2478 4090 2763 4158 prmdicat,
2794 4100 2853 4146 ut
2881 4108 2943 4147 ea
2972 4096 3155 4163 opinio
3184 4098 3266 4152 vel
3316 4101 3607 4167 prepositio
3634 4117 3756 4171 quae
3796 4115 3879 4159 est

2292 4180 2359 4236 de
2390 4181 2529 4235 bono
2557 4184 2807 4253 quoniam
2838 4184 3035 4240 bonum
3065 4197 3182 4252 est,
3219 4188 3341 4243 huic
3386 4189 3431 4241 si
3461 4191 3685 4243 addatur
3710 4194 3871 4259 quid-

2290 4274 2441 4342 quid,
2467 4284 2523 4328 ut
2555 4277 2625 4331 ita
2658 4275 2917 4344 dicamus,
2943 4279 3191 4347 quidquid
3217 4281 3411 4334 bonum
3440 4290 3522 4335 est
3546 4283 3739 4336 bonum
3763 4292 3868 4350 est,

2291 4362 2421 4417 nihil
2451 4364 2629 4421 diﬂ‘ert
2674 4366 2742 4423 ab
2780 4383 2841 4422 ea
2872 4383 2989 4439 qua:
3017 4370 3298 4437 opinatur,
3329 4386 3486 4426 omne
3532 4372 3729 4427 bonum
3780 4375 3873 4429 bo-

2292 4473 2416 4512 num
2446 4467 2549 4518 est.
2582 4461 2757 4526 Quare
2786 4462 2970 4517 eadem
3002 4462 3082 4517 vis
3107 4473 3185 4517 est
3216 4466 3509 4533 superioris
3535 4466 3875 4524 demonstra-

2288 4550 2451 4606 tionis
2478 4552 2529 4606 in
2554 4554 3002 4622 propositionibus
3028 4555 3335 4624 indefinitis,
3361 4574 3479 4627 quae
3506 4560 3664 4614 etiam
3687 4560 3739 4614 in
3759 4562 3876 4616 nni-

602 4631 769 4687 quare
791 4624 1049 4694 contingit
1069 4627 1226 4685 simul
1246 4646 1401 4687 veras
1425 4648 1565 4691 esse.
1592 4636 1663 4691 At
1682 4653 1811 4694 vero
1839 4657 1936 4697 nec
1956 4643 2045 4697 illa
2068 4658 2187 4714 quas
2213 4631 2268 4693 D
2295 4644 2592 4701 versalibus
2635 4660 2754 4715 qua:
2800 4646 3067 4714 paululum
3107 4647 3357 4716 quiddam
3390 4648 3607 4714 distant,
3638 4652 3733 4706 sed
3766 4668 3874 4709 non

602 4719 685 4764 est
714 4714 963 4781 quoniam
986 4732 1091 4771 non
1120 4723 1338 4776 malum.
1365 4723 1532 4780 Simul
1563 4729 1707 4783 enim
1736 4741 1792 4785 et
1818 4731 1898 4787 ha:
1921 4745 2098 4805 erunt,
2134 4736 2186 4792 id

602 4808 687 4854 est
710 4813 932 4868 possunt
959 4806 1243 4877 aliquando
1263 4814 1422 4869 simul
1443 4830 1560 4872 esse
1584 4834 1745 4887 verte,
1773 4824 1824 4875 in
1851 4821 1932 4879 his
1962 4840 2186 4893 praeser-

601 4889 696 4944 tim
728 4893 888 4947 rehus
928 4912 1047 4965 qua:
1083 4900 1222 4955 inter
1248 4903 1441 4961 bonum
1475 4910 1781 4980 malumque
1823 4924 1963 4969 sunt.
2002 4918 2185 4972 Relin-

600 4983 783 5050 quitur
819 4998 949 5055 ergo
985 4988 1034 5042 ei
1063 5005 1185 5058 quae
1218 5001 1303 5047 est
1333 5009 1436 5047 non
1471 4998 1595 5052 boni
1633 5003 1883 5069 quoniam
1930 5018 2039 5059 non
2078 5007 2180 5062 bo-

598 5086 722 5126 num
753 5082 872 5139 est,
911 5091 1029 5145 quae
1057 5093 1199 5133 verte
1236 5092 1319 5136 est
1353 5089 1649 5150 contraria,
1682 5103 1742 5141 ea
1785 5106 1903 5158 qua:
1942 5104 2023 5147 est
2072 5110 2179 5150 non

598 5160 722 5217 boni
750 5167 1000 5233 quoniam
1032 5168 1228 5224 bonum
1252 5182 1353 5239 est,
1382 5190 1501 5242 qua:
1524 5175 1655 5231 falsa
1678 5186 1762 5233 est
1787 5189 1842 5234 et
1867 5181 2025 5238 simul
2052 5199 2177 5241 vera

597 5269 701 5309 non
734 5268 908 5325 potest
942 5260 1186 5317 inveniri.
1209 5262 1385 5329 Quare
1409 5266 1475 5321 ad
1506 5266 1909 5328 similitudinem
1930 5278 2178 5346 superius

594 5347 820 5413 positam
881 5354 1175 5409 revertitur
1213 5366 1271 5410 ut
1330 5356 1505 5426 dicat,
1566 5377 1683 5417 eam
1736 5381 1855 5434 qum
1911 5378 1993 5423 est
2051 5369 2177 5427 boni

593 5439 843 5507 quoniam
875 5458 981 5499 non
1012 5446 1208 5504 bonum
1232 5458 1336 5522 est,
1363 5454 1687 5512 contrariam
1719 5459 1766 5513 ei
1795 5476 1913 5529 quae
1941 5473 2023 5517 est
2053 5465 2179 5522 boni

592 5531 845 5625 quoniam
878 5534 1072 5592 bonum
1103 5551 1206 5595 est.
1247 5542 1398 5610 Quod
1430 5546 1473 5601 si
1511 5547 1631 5618 quis
1675 5564 1735 5604 ea
1770 5567 1887 5621 quae
1930 5557 2175 5625 superius

592 5618 732 5676 dicta
762 5635 906 5693 sunt,
939 5628 1243 5699 diligentius
1271 5636 1528 5706 intuetur,
1562 5655 1661 5696 nec
1691 5641 1745 5696 in
1772 5618 1937 5701 totius
1959 5660 2173 5703 senten-

594 5710 683 5766 tia:
710 5722 851 5770 statu
881 5734 980 5776 nec
1005 5724 1292 5795 quidquam
1327 5729 1377 5782 in
1400 5731 1591 5787 ordine
1616 5733 1833 5791 fallitur.

665 5807 993 5878 Manifestum
1016 5826 1087 5869 est
1117 5832 1281 5873 autent
1305 5824 1545 5886 quoniam
1583 5828 1715 5880 nihil
1734 5831 1937 5885 interest
1959 5873 1972 5887 .
2013 5849 2103 5884 nec
2128 5832 2173 5884 si

593 5902 944 5960 ttltittersaliter
984 5922 1229 5972 ponamus
1271 5913 1698 5983 afﬁrmationem;
1728 5922 1846 5975 huic
1890 5925 2019 5977 enim
2051 5926 2170 5979 uni-

2290 4736 2355 4791 ad
2382 4739 2707 4807 qualitatem,
2744 4755 2843 4796 nec
2870 4740 2937 4796 ad
2960 4744 3063 4797 vim
3089 4742 3488 4812 propositionis,
3513 4745 3606 4798 sed
3629 4746 3694 4799 ad
3715 4761 3876 4815 quan-

2291 4828 2494 4885 titatem
2524 4830 2778 4889 refertur.
2810 4831 3195 4889 Universalitas
3224 4834 3365 4888 enim
3397 4837 3677 4904 quantitati
3707 4852 3873 4906 oppo-

2290 4918 2453 4977 nitur.
2484 4921 2551 4975 Et
2575 4938 2766 4978 sensus
2815 4924 3029 4994 quidem
3064 4924 3267 4980 homini
3311 4935 3424 4990 est,
3452 4928 3612 4982 verba
3643 4943 3769 4982 vero
3798 4929 3875 4983 sic

2287 5022 2432 5066 sunt.
2466 5013 2724 5081 Superius
2754 5026 3106 5085 proposuerat
3134 5016 3265 5072 nihil
3297 5018 3561 5075 interesse
3589 5035 3657 5074 an
3691 5020 3875 5075 indeli-

2287 5102 2395 5157 nita
2428 5112 2573 5158 esset
2604 5106 2901 5174 propositio
2930 5121 2996 5161 an
3026 5108 3364 5165 universalis.
3392 5109 3499 5164 Cur
3538 5121 3714 5165 autem
3743 5112 3874 5167 nihil

2282 5191 2494 5247 intersit
2537 5193 2638 5248 hoc
2686 5196 2849 5252 modo
2885 5197 3034 5253 dicit.
3074 5199 3206 5254 Nam
3238 5215 3302 5257 ea
3330 5216 3449 5271 qua:
3484 5202 3722 5259 est'boni
3749 5221 3876 5276 quo—

2283 5284 2424 5339 niam
2451 5286 2647 5341 bonum
2668 5299 2770 5358 est,
2788 5292 2838 5345 id
2862 5303 2946 5347 est
2973 5293 3245 5349 indefinita
3268 5294 3631 5361 al'firtnatio,si
3655 5299 3873 5353 univer-

2282 5375 2468 5432 saliter
2494 5378 2562 5433 sit
2590 5381 2821 5449 bonum,
2854 5382 2905 5437 id
2938 5392 3023 5439 est
3049 5386 3092 5438 si
3130 5386 3326 5440 bonum
3354 5388 3727 5443 universaliter
3753 5404 3875 5457 pro-

2283 5465 2507 5535 feratur,
2537 5470 2722 5526 eadem
2756 5483 2840 5529 est
2863 5475 2911 5530 ei
2934 5490 3052 5546 quae
3085 5475 3336 5547 opinatur
3371 5477 3625 5548 quidquid
3674 5479 3871 5534 bonum

2283 5572 2363 5615 est
2386 5563 2634 5633 quoniam
2660 5566 2860 5622 bonum
2892 5578 3010 5635 est,
3041 5569 3093 5623 id
3126 5579 3230 5634 est,
3264 5570 3392 5625 nihil
3424 5571 3692 5642 discrepat
3721 5573 3789 5627 ab
3810 5588 3873 5628 ea

2282 5652 2532 5721 opinione
2563 5672 2681 5726 quae
2710 5658 2967 5724 npinatur
2994 5660 3251 5730 quidquid
3302 5661 3500 5717 bonum
3546 5676 3630 5720 est
3678 5666 3872 5719 bonum

2281 5759 2431 5807 esse;
2457 5746 2758 5815 hujusmodi
2791 5760 2972 5805 autem
3001 5754 3181 5821 opinio
3213 5753 3540 5810 nihildiffert
3570 5756 3634 5809 ab
3663 5772 3724 5810 ea
3756 5772 3876 5828 quae

2279 5846 2461 5903 aperte
2494 5839 2870 5896 universaliter
2899 5846 3235 5912 proponitur,
3261 5862 3379 5915 qua:
3412 5858 3511 5913 est,
3544 5864 3702 5902 omne
3732 5848 3875 5916 quod

2278 5934 2357 5980 est
2404 5926 2597 5982 bonum
2650 5930 2849 5987 bonum
2899 5944 3001 5989 est.
3052 5935 3309 5992 Similiter
3352 5948 3527 5994 autent
3573 5950 3627 5997 et
3659 5941 3710 5995 in
3759 5954 3873 5996 non
