4296 6266
419 310 519 367 657

1155 293 1222 351 ΙΝ
1257 287 1512 349 LIBRUM
1550 287 1641 344 DE
1677 284 2323 363 ΙΝΤΕΒΡΒΕΤΑΤΙΟΝΕ
2360 284 2590 343 EDITIO
2626 283 2968 344 SECUNDA.

3580 286 3683 342 658

422 426 595 488 bono,
621 420 675 477 id
705 426 787 475 est
819 430 927 472 non
955 414 1151 469 bonum
1182 409 1367 466 eadem
1398 406 1606 461 ratione
1641 402 1888 458 dicimus.
1926 403 1997 456 Ea
2025 402 2081 465 Α
2105 401 2268 455 homo
2288 400 2461 456 bonus
2481 409 2585 469 est,
2610 410 2721 469 aut,
2754 418 2859 457 non
2905 417 3084 469 omne,
3118 401 3222 457 hoc
3265 408 3347 457 est
3388 414 3492 457 non
3523 415 3685 457 omne

422 531 651 587 namque
687 496 1089 584 propositio’vel
1133 504 1310 574 opinio
1344 516 1461 571 qum
1500 497 1747 568 opinatur
1775 510 1878 549 non
1902 494 2001 550 bo-
2040 498 2043 503 '

421 625 549 666 num
568 585 713 671 esse,
743 604 786 661 si
808 603 859 658 ei
880 600 1103 656 addatur
1131 593 1538 657 universalitas,
1572 588 1700 643 nihil
1727 585 1904 643 diﬁ‘ert
1931 586 2000 640 ab

422 716 483 756 ea
498 714 615 770 quae
639 692 1009 750 universaliter
1030 695 1213 758 aperte
1234 684 1569 757 prOponitur,
1589 694 1707 751 quae
1727 686 1826 747 est,
1841 691 2002 733 omne

423 791 565 861 quod
596 789 791 857 bonum
822 799 926 847 non
950 790 1033 838 est
1053 794 1159 835 nou
1188 786 1272 832 est
1294 777 1510 831 bonum.

497 892 668 952 Quare
704 884 749 937 si
774 866 828 935 in
859 880 1095 949 Opinione
1142 878 1214 930 sic
1258 890 1311 928 se
1350 871 1498 927 habet
1532 885 1551 925 :
1581 877 1698 924 sunt
1725 876 1891 923 autem
1920 864 2003 921 has

424 995 535 1051 qua:
561 985 674 1031 sunt
697 976 748 1028 in
778 989 892 1027 voce
918 970 1276 1040 aﬁirmationes
1318 973 1366 1019 et
1408 965 1702 1035 negationes
1742 968 1875 1013 notat
1915 972 2001 1011 εο-

423 1046 535 1122 rum
562 1081 676 1136 qua:
697 1071 813 1119 sunt
835 1064 889 1116 in
908 1064 1099 1115 anima.
1128 1056 1461 1129 Manifestum
1506 1060 1577 1108 est
1599 1050 1839 1119 quoniam
1864 1046 2001 1116 anfr-

419 1158 629 1211 matiom‘
658 1155 918 1210 contraria
946 1150 1159 1221 quidem
1191 1146 1389 1217 negatio
1438 1150 1512 1196 est
1552 1141 1686 1194 circa
1714 1138 1849 1194 idem
1877 1137 1997 1189 uni-

419 1248 628 1301 versalis
649 1286 665 1313 ,
706 1254 762 1298 ut
804 1244 848 1297 ei
895 1255 1007 1311 qua
1053 1247 1125 1292 est
1152 1236 1393 1307 quoniam
1423 1248 1569 1286 omne
1598 1231 1783 1284 bonum
1812 1228 1999 1281 bonum

418 1351 511 1404 est,
537 1340 613 1392 vel
642 1337 887 1406 quoniam
924 1332 1087 1385 omnis
1132 1328 1280 1381 homo
1310 1326 1468 1379 bonus
1509 1331 1616 1386 est,
1658 1336 1721 1375 ea
1764 1333 1878 1386 qua
1923 1322 2000 1372 est

418 1436 660 1506 quoniam
726 1429 928 1484 nullum
990 1426 1065 1479 vel
1113 1422 1308 1475 nullus.
1366 1415 1784 1473 Contr-ediderim
1812 1420 1999 1467 autem

418 1526 662 1596 quoniam
685 1537 785 1576 non
810 1533 958 1573 omne
982 1523 1066 1569 aut
1090 1530 1194 1568 non
1225 1511 1406 1565 omnis.

494 1614 751 1686 Superius
778 1625 967 1667 omnes
996 1604 1484 1676 argumentationes
1516 1600 1579 1655 ad
1607 1600 1804 1656 bonum
1828 1596 1993 1666 tollit,

420 1712 716 1782 redigitque
743 1706 809 1761 ad
852 1700 1246 1759 conclusionem
1288 1712 1499 1751 omnem
1530 1693 1837 1765 quaestionis
1866 1692 1991 1746 vim.

2102 494 2301 550 bonum
2333 495 2527 548 bonum
2557 504 2634 547 est
2656 536 2670 561 ,
2701 503 2885 550 contra
2934 509 3051 551 eam
3083 510 3200 564 quae
3228 494 3381 562 dicit,
3430 497 3683 566 quoniam

2103 603 2264 644 omne
2294 587 2712 642 bonumbonum
2743 598 2845 643 est.
2873 586 3095 643 Constat
3121 591 3278 660 igitur
3304 590 3356 644 in
3389 588 3474 644 his
3499 602 3684 659 propo-

2105 680 2388 735 sitionibus
2416 695 2549 751 quas
2578 693 2737 747 supra
2792 680 2968 748 posuit
2997 682 3165 749 magis
3203 693 3325 736 esse
3352 681 3682 735 contrariam

2104 774 2444 829 afﬁrmationi
2471 789 2589 844 quae
2608 773 2754 839 dicit,
2786 774 2960 829 omnis
2990 774 3152 828 homo
3188 774 3366 846 justus
3408 781 3511 841 εει,
3562 788 3701 829 eam'

2104 879 2222 936 qua;
2237 864 2391 933 dicit,
2422 864 2605 919 nullus
2648 864 2809 918 homo
2833 864 3009 933 justus
3031 873 3137 929 est,
3163 866 3340 934 potius
3374 878 3535 935 quam
3562 879 3681 922 eam

2102 973 2223 1028 qua:
2249 956 2396 1022 dicit,
2430 956 2608 1012 omnis
2634 956 2794 1010 homo
2821 957 3051 1025 injustus
3077 962 3177 1010 est.

2176 1049 2515 1121 Manifestum
2534 1057 2607 1103 est
2634 1058 2802 1103 autem
2827 1048 3070 1118 quoniam
3123 1055 3171 1102 et
3212 1061 3382 1101 verum
3410 1063 3540 1103 aera:
3577 1064 3682 1106 non

2103 1144 2347 1215 contingit
2375 1158 2484 1199 esse
2511 1142 2840 1207 contrariam,
2889 1157 2980 1195 nec
3006 1140 3329 1211 opinionem,
3360 1156 3453 1194 nec
3478 1151 3683 1195 contra-

2102 1235 2397 1289 dictionem.
2443 1232 2725 1289 Contrart'ae
2764 1233 2901 1287 enim
2948 1241 3065 1287 sunt
3112 1247 3230 1304 qua
3271 1232 3409 1285 circa
3449 1233 3681 1303 opposita

2100 1336 2242 1383 sunt.
2265 1323 2415 1382 Circa
2435 1325 2609 1381 eadem
2652 1332 2820 1378 autem
2850 1323 3096 1393 contingit
3135 1335 3308 1377 verum
3351 1322 3517 1376 dicere
3541 1336 3681 1375 eum-

2100 1421 2236 1475 dem.
2284 1420 2453 1475 Simul
2493 1427 2666 1474 autem
2701 1434 2804 1472 non
2842 1416 3094 1488 contingit
3137 1418 3298 1471 eidem
3359 1417 3523 1471 inesse
3555 1430 3680 1470 cou-

2099 1512 2277 1565 traria.

2171 1602 2300 1656 Post
2320 1600 2437 1656 haec
2457 1597 2581 1655 libri
2605 1596 2893 1655 terminum
2914 1597 3128 1669 expedit
3152 1597 3206 1652 in
3234 1611 3297 1652 ea
3316 1596 3680 1666 speculatione

2100 1702 2155 1750 et
2185 1694 2656 1755 demonstratione,
2716 1704 2812 1760 per
2856 1705 3014 1761 quam
3046 1690 3174 1745 licet
3198 1704 3382 1745 verum
3418 1690 3490 1744 sit
3515 1690 3681 1745 mani-

421 1780 590 1873 Snpra
612 1801 753 1856 enim
772 1796 1082 1866 negationes
1103 1800 1157 1846 et
1181 1787 1566 1844 afllrmationes
1579 1801 1761 1842 earum
1782 1791 1995 1839 eontra-
2022 1780 2072 1842 B
2098 1783 2398 1854 festumque
2422 1782 2669 1839 omnibus
2686 1780 2819 1835 duas
2842 1782 3398 1851 propositionesveras
3428 1794 3533 1835 non
3564 1794 3683 1851 esse

417 1896 641 1951 rietates
669 1892 736 1946 de
762 1885 1103 1959 Opinionibus
1134 1895 1360 1952 pensare
1384 1890 1634 1950 oportere
1657 1877 1997 1946 praedixerat.

420 1985 571 2041 Nunc
600 1998 724 2037 vero
748 1977 997 2049 quoniam
1029 1974 1081 2028 in
1111 1971 1452 2043 opinionibus
1477 1970 1675 2039 reperit
1701 1968 1845 2023 illam
1870 1982 1999 2023 cou-

421 2079 638 2133 trariam
685 2087 806 2129 esse
846 2084 967 2142 quae
1021 2077 1163 2124 esset
1213 2064 1527 2120 universalis
1574 2062 1820 2131 negatio,
1861 2061 1998 2115 idem

420 2170 584 2228 refert
602 2169 667 2224 ad
698 2163 1109 2236 propositiones,
1131 2173 1262 2229 quas
1288 2157 1626 2213 manifestum
1648 2164 1731 2211 est
1753 2153 2001 2224 quoniam

418 2274 578 2318 voces
600 2266 724 2316 sunt
744 2265 797 2312 et
817 2252 1168 2323 signiﬁcative
1207 2248 1369 2304 animi
1398 2247 1672 2318 passiones
1693 2246 1996 2315 designare.

417 2355 477 2425 In
504 2352 763 2427 principio
797 2348 938 2405 enim
966 2346 1083 2401 libri
1117 2343 1494 2414 signiﬁcativas
1522 2356 1681 2396 voces
1721 2342 2000 2412 passiones

419 2450 611 2505 animae
639 2452 937 2499 monstrare
957 2438 1216 2495 veraciter
1238 2435 1437 2500 docuit,
1458 2449 1600 2489 nunc
1624 2450 1686 2489 ea
1710 2434 1853 2505 velut
1876 2447 2001 2504 pro-

420 2540 644 2609 baturus
666 2535 913 2607 quoniam
942 2531 994 2585 in
1019 2527 1356 2601 opinionibus
1381 2527 1469 2580 illa
1497 2526 1761 2583 contraria
1784 2525 1999 2593 univer-

419 2628 519 2701 sali
542 2622 877 2682 afﬁrmationi
907 2627 1113 2690 reperta
1161 2625 1323 2679 esset,
1350 2630 1469 2688 quae
1504 2624 1649 2669 esset
1677 2612 1994 2669 universalis

422 2718 633 2792 negatio
684 2714 860 2787 potius
919 2725 1076 2781 quam
1125 2722 1187 2763 ea
1238 2722 1354 2774 quas
1410 2704 1730 2759 contrariam
1789 2702 1999 2757 univere

420 2790 519 2871 sali
544 2800 879 2861 afﬁrmationi
908 2798 1223 2860 afﬁrmaret,
1248 2795 1388 2853 idem
1436 2793 1577 2863 quod
1632 2790 1916 2846 arbitratur
1942 2792 1995 2861 in

420 2894 638 2958 vocibus
666 2892 981 2967 provenire,
1035 2890 1136 2943 hoc
1174 2895 1275 2947 est.
1324 2885 1661 2941 alﬁrmationi
1710 2880 1996 2938 universali

420 3006 527 3046 non
568 2984 977 3043 afﬁrmationem
1024 2978 1347 3035 contrariam
1396 2992 1508 3030 rem
1542 2982 1856 3046 ponentem,
1898 2972 1995 3043 sed

422 3079 774 3138 uuiversalem
796 3074 1131 3147 negationem
1153 3084 1273 3125 esse
1301 3067 1646 3131 contrariam,
1693 3064 1993 3123 contradic-

2108 1878 2423 1940 contrarias,
2456 1884 2633 1927 tamen
2675 1872 2727 1926 id
2753 1873 2923 1942 ipsum
2962 1882 3264 1926 monstrare
3293 1879 3538 1926 conatur.
3588 1869 3681 1941 Est

2107 1975 2285 2023 autem
2317 1967 2472 2035 hujus
2501 1963 2982 2034 argumentationis
3028 1965 3300 2034 ingressus
3329 1962 3633 2033 hujusmodi
3666 1980 3681 2017 :

2104 2074 2165 2113 ea
2194 2072 2311 2127 quae
2344 2067 2463 2111 sunt
2493 2057 2783 2124 contraria;
2816 2056 3056 2125 opposita
3089 2066 3232 2109 sunt.
3265 2055 3520 2127 Opposita
3552 2068 3681 2111 vero

2104 2168 2211 2208 non
2244 2162 2467 2223 possunt
2496 2151 2671 2213 eidem
2726 2150 2888 2205 simul
2944 2152 3139 2207 inesse.
3193 2150 3473 2208 Contraria
3523 2151 3682 2222 igitur

2102 2247 2277 2301 eidem
2308 2245 2467 2300 simul
2504 2244 2679 2300 inesse
2711 2258 2817 2299 non
2867 2252 3111 2315 possunt.
3162 2244 3238 2301 De
3273 2245 3465 2317 quibus
3506 2257 3682 2309 autem

2104 2338 2263 2394 simul
2289 2337 2487 2408 aliquid
2517 2352 2703 2391 verum
2748 2336 2849 2391 dici
2909 2344 3106 2408 potest,
3155 2336 3244 2391 illa
3299 2337 3458 2393 simul
3509 2336 3682 2407 eidem

2103 2430 2283 2483 inesse
2329 2438 2572 2498 possunt.
2601 2428 2729 2496 Qua:
2758 2443 2885 2483 vero
2929 2428 3089 2483 simul
3130 2412 3303 2485 eidem
3351 2408 3530 2486 inesse
3576 2444 3681 2489 non

2104 2521 2347 2590 possunt,
2380 2518 2446 2573 de
2476 2520 2558 2573 his
2588 2518 2747 2573 simul
2776 2526 2917 2573 vera!
2948 2520 3365 2589 propositiones,
3394 2518 3682 2575 afﬁrmatio

2100 2620 2155 2668 et
2203 2611 2415 2681 negatio
2454 2625 2575 2666 esse
2616 2625 2723 2665 non
2774 2620 3016 2680 possunt.
3062 2609 3167 2666 Sed
3205 2611 3469 2667 contraria
3524 2610 3682 2667 simul

2102 2697 2277 2759 eidem
2310 2703 2489 2757 inesse
2539 2715 2646 2756 non
2684 2711 2923 2770 possunt.
2958 2700 3088 2769 Quae
3119 2701 3277 2772 igitur
3305 2700 3463 2756 simul
3492 2715 3681 2756 verum

2100 2794 2308 2859 dicunt,
2336 2793 2617 2847 contrariae
2647 2806 2750 2847 non
2785 2801 2928 2846 sunt.
2960 2791 3158 2846 Idcirco
3180 2791 3428 2861 quoniam
3453 2791 3518 2845 de
3565 2793 3680 2862 quia

2099 2889 2200 2945 bus
2231 2888 2518 2944 afﬁrmatio
2556 2896 2610 2943 et
2642 2890 2852 2958 negatio
2886 2885 3045 2941 simul
3083 2901 3224 2941 vera:
3263 2899 3382 2940 esse
3422 2891 3676 2955 possunt,

2099 2981 2185 3036 illa
2210 2981 2365 3036 simul
2408 2981 2583 3035 eidem
2641 2980 2841 3034 insunt.
2888 2977 3148 3045 Quocirca
3188 2989 3306 3047 quae
3345 2974 3508 3030 simul
3537 2989 3678 3032 vere

2100 3080 2224 3126 sunt
2271 3070 2553 3125 contrariae
2600 3084 2708 3124 non
2758 3077 2904 3123 sunt.
2940 3067 3143 3123 Sensus
3182 3064 3397 3136 quidem
3442 3063 3531 3120 hic
3571 3072 3673 3133 est,

423 3173 587 3229 lorias
613 3184 739 3225 vero
768 3182 856 3223 63$
880 3180 997 3234 quae
1034 3178 1152 3219 cum
1182 3158 1468 3214 afﬁrmatio
1507 3156 1824 3212 universalis
1852 3165 1995 3225 esse!
2017 3149 2070 3218 ϐ
2097 3162 2256 3218 verba
2287 3168 2461 3215 autem
2490 3161 2568 3215 sic
2594 3165 2862 3213 constant.
2886 3156 3221 3211 Manifestum
3259 3163 3342 3208 est
3371 3164 3570 3219 autem,
3592 3153 3675 3209 in-

421 3260 754 3334 particularis
782 3256 988 3327 negatio
1037 3253 1380 3307 inveniretur.
1414 3257 1587 3318 Atque
1634 3247 1734 3307 hoc
1778 3247 1991 3329 quidem

417 3353 724 3428 plenissime
752 3326 948 3406 dictum
972 3358 1069 3412 est,
1094 3361 1190 3400 nec
1209 3344 1397 3413 aliquis
1426 3342 1476 3395 in
1506 3340 1684 3395 verbis
1707 3326 1857 3394 errOr
1876 3334 1990 3404 'est,

418 3446 511 3503 sed
542 3460 639 3501 nos
662 3452 718 3499 ut
742 3451 934 3498 cetera
962 3438 1090 3492 nihil
1137 3435 1441 3501 ambiguum
1499 3431 1881 3501 relinquentes,
1912 3430 1993 3499 ip—

416 3555 594 3596 sorum
625 3550 835 3609 quoque
862 3533 1146 3588 verborum
1179 3541 1393 3583 sensum
1425 3538 1717 3593 eorumque
1748 3522 1990 3578 ordinem

416 3631 805 3705 prosequimur.
830 3628 920 3683 Ait
945 3625 1083 3680 enim
1118 3640 1131 3676 :
1183 3622 1357 3687 Quare
1386 3620 1430 3673 si
1460 3619 1510 3671 in
1542 3617 1795 3687 opinione
1820 3633 1878 3673 se
1915 3618 1991 3672 sic

415 3720 595 3788 habet,
628 3721 680 3775 id
712 3728 795 3774 est
833 3715 974 3786 quod
996 3713 1176 3783 opinio
1223 3708 1521 3779 negationis
1550 3709 1813 3762 contraria
1845 3710 1990 3763 inve-

416 3815 560 3870 nitur
588 3808 825 3881 opiuioni
852 3803 1242 3867 afﬁrmatiouis,
1272 3800 1448 3871 potius
1476 3813 1633 3870 quam
1660 3798 1991 3853 contrarium

417 3915 626 3975 ponens
670 3896 954 3953 afﬁrmatio
985 3895 1143 3965 (Sunt
1169 3902 1340 3946 autem
1370 3892 1452 3944 ha:
1479 3904 1597 3959 qua:
1626 3890 1826 3945 suntin
1857 3904 1991 3944 voce

420 3992 806 4049 afﬁrmationes
853 3998 904 4042 et
933 3986 1239 4057 negationes
1265 3992 1402 4037 notae
1430 3997 1611 4037 earum
1641 3997 1757 4052 quae
1786 3991 1912 4037 sunt
1936 3983 1991 4035 in

417 4098 612 4155 anima.
641 4094 774 4151 Nam
813 4093 949 4147 sicut
978 4090 1030 4153 in
1067 4103 1197 4161 voce
1223 4087 1504 4141 afﬁrmatio
1531 4096 1585 4143 et
1635 4085 1847 4155 negatio
1885 4092 1988 4152 est,

414 4188 487 4245 ita
525 4200 737 4259 quoque
762 4185 919 4240 etiam
963 4182 1015 4235 in
1045 4180 1316 4250 opinione,
1354 4192 1474 4232 cum
1523 4176 1638 4245 ipse
1683 4175 1891 4229 animus
1936 4173 1991 4227 in

416 4281 735 4351 cogitatione
778 4289 874 4330 sua
905 4273 1101 4342 aliquid
1130 4270 1375 4336 afﬁrmat,
1423 4277 1515 4324 aut
1543 4267 1740 4336 aliquid
1787 4273 1990 4337 negat,

418 4371 557 4442 quod
589 4384 687 4422 nos
710 4367 812 4421 alio
832 4365 951 4420 loco
974 4362 1284 4434 diligentius
1312 4358 1682 4430 expediemus,
1712 4371 1840 4426 ergo
1867 4370 1993 4427 quo-

420 4461 565 4520 niam
614 4456 992 4512 afﬁrmationes
1042 4462 1097 4509 et
1144 4453 1456 4523 negationes
1503 4463 1622 4519 quae
1668 4456 1794 4504 sunt
1838 4461 1985 4514 voce,

419 4564 563 4611 notae
590 4566 769 4607 earum
810 4558 934 4605 sunt
962 4546 1368 4615 allirmatipnum
1409 4542 1491 4599 vel
1516 4542 1854 4613 negationum
1874 4554 1994 4610 quae

418 4655 542 4705 sunt
568 4646 619 4700 iu
649 4641 871 4712 anima),
896 4638 1233 4695 manifestum
1262 4643 1345 4692 est
1372 4635 1623 4706 quoniam
1652 4642 1734 4689 εει
1761 4631 1995 4687 afﬁrma-

419 4749 552 4805 tioni
581 4744 845 4804 contraria
873 4742 1085 4815 quidem
1108 4738 1324 4810 negatio
1351 4737 1496 4794 circa
1537 4735 1677 4792 idem
1722 4737 1994 4791 universa-

418 4841 506 4913 lis,
537 4840 676 4894 circa
707 4837 845 4891 idem
868 4843 1044 4890 autem
1071 4831 1276 4887 addidit
1317 4843 1383 4885 ne
1418 4826 1728 4897 disjunctim
1755 4826 1993 4881 afﬁrma-

420 4931 592 4984 tiones
621 4938 675 4983 et
726 4928 1033 4995 negationes
1062 4924 1361 4997 contrarias
1405 4921 1724 4982 diceremus,
1784 4917 1880 4974 sed
1921 4917 1995 4972 ait

421 5018 826 5073 afﬁrmationem
857 5021 911 5070 et
938 5015 1274 5085 negationem
1304 5025 1427 5068 esse
1465 5011 1532 5065 de
1561 5024 1660 5063 una
1700 5009 1995 5077 eademque

419 5134 498 5183 re,
519 5126 573 5172 et
594 5117 736 5195 illam
759 5115 970 5187 quidem
994 5111 1368 5167 universaliter
1392 5109 1682 5172 afﬁrmare,
1706 5109 1847 5164 illam
1870 5122 1996 5163 vero

419 5210 788 5266 universaliter
803 5220 1018 5279 negare.
1040 5205 1237 5259 Earum
1255 5212 1432 5257 autem
1454 5201 1569 5255 haec
1591 5210 1714 5255 sunt
1728 5198 1995 5270 exempla,

418 5302 472 5356 ut
498 5304 548 5357 ei
578 5316 697 5372 qua:
722 5308 806 5357 est
830 5298 1081 5369 quoniam
1109 5309 1272 5351 omne
1309 5295 1503 5349 bonum
1537 5293 1732 5345 bonum
1770 5300 1884 5355 est,
1916 5290 1997 5344 vel

412 5396 670 5465 quoniam
699 5393 876 5447 omnis
906 5389 1065 5444 homo
1095 5391 1266 5443 bonus
1287 5393 1402 5452 est,
1426 5399 1489 5438 ea
1510 5398 1628 5452 quae
1645 5393 1726 5438 est
1748 5382 1995 5451 quoniam

416 5485 646 5547 nullum,
694 5481 749 5535 id
776 5490 857 5536 est
900 5480 1104 5534 nullum
1129 5479 1327 5532 bonum
1357 5476 1553 5529 bonum
1575 5482 1688 5539 est,
1732 5471 1997 5527 contraria

414 5588 519 5641 est,
543 5576 623 5630 vel
655 5588 795 5643 qum,
826 5573 1022 5637 nullus,
1050 5573 1154 5626 hoc
1187 5582 1268 5624 εει
1289 5569 1464 5624 nullus
1495 5566 1870 5631 bomo,-bonus
1895 5572 1995 5619 est.

417 5665 847 5723 Contradictoria
894 5672 1071 5717 autem
1113 5672 1228 5724 aut,
1279 5676 1380 5715 uon
1411 5659 1590 5715 omnis
1616 5700 1631 5725 ,
1682 5656 1736 5714 id
1774 5664 1857 5711 est
1892 5670 1997 5711 non

416 5760 594 5817 omnis
612 5759 774 5815 homo
795 5757 969 5814 bonus
997 5764 1101 5819 est,
1126 5761 1312 5811 contra
1338 5768 1456 5811 eam
1478 5768 1598 5823 quae
1632 5752 1797 5821 dicit,
1825 5749 1999 5805 omnia

2095 3258 2229 3329 quit,
2257 3254 2508 3326 quoniam
2530 3263 2582 3309 et
2603 3266 2785 3308 veram
2814 3265 2954 3307 vera:
2977 3266 3082 3305 non
3115 3248 3371 3319 contingit
3399 3262 3521 3303 esse
3546 3262 3674 3303 con-

2096 3349 2338 3413 trariam,
2365 3345 2418 3400 id
2450 3353 2533 3401 est
2566 3342 2701 3398 duas
2728 3356 2882 3399 veras
2925 3340 3318 3414 propositiones
3360 3355 3467 3395 non
3517 3354 3673 3410 posse

2095 3455 2216 3497 esse
2236 3438 2557 3503 contrarias,
2577 3451 2674 3491 nec
2692 3435 3022 3505 Opinionem,
3046 3447 3146 3488 nec
3163 3416 3670 3487 contradictionem.

2096 3534 2151 3589 Si
2182 3533 2363 3604 opinio
2391 3546 2498 3586 non
2527 3537 2610 3584 est
2629 3542 2753 3584 vera
2781 3541 2925 3583 verae
2954 3525 3257 3592 contraria,
3306 3525 3473 3579 multo
3502 3524 3670 3592 magis

2095 3641 2195 3681 nec
2220 3621 2576 3682 contradictio
2606 3633 2727 3692 quae
2756 3634 2821 3675 ex
2861 3616 3202 3688 opinionibus
3240 3615 3410 3671 venit.
3440 3614 3668 3669 Contra-

2093 3718 2384 3774 dictionem
2412 3723 2588 3769 autem
2621 3713 2705 3767 hic
2735 3726 2832 3781 pro
2851 3709 3231 3766 contrarietate
3260 3706 3457 3776 posuit.
3504 3704 3581 3761 De
3609 3718 3670 3760 ea

2092 3811 2235 3867 enim
2267 3824 2371 3864 non
2400 3809 2676 3878 agebatur.
2700 3800 2995 3858 Contrarias
3025 3802 3167 3856 enim
3221 3808 3348 3854 sunt
3369 3813 3488 3869 quae
3528 3797 3671 3867 circa

2096 3905 2341 3974 opposita
2372 3906 2516 3961 sunt,
2544 3895 2598 3951 id
2626 3903 2709 3951 est
2758 3907 2918 3947 omne
2964 3891 3291 3945 contrarium
3342 3901 3425 3944 est
3455 3890 3670 3960 oppOsi-

2092 4003 2225 4048 tum.
2263 3990 2417 4046 Circa
2450 3998 2625 4041 autem
2654 3984 2845 4038 eadem
2894 3979 3155 4045 contingit
3200 3993 3383 4031 verum
3422 3979 3670 4033 eumdem

2092 4083 2293 4150 dicere,
2324 4079 2526 4136 idcirco
2580 4074 2719 4147 quod
2748 4072 2815 4128 de
2857 4071 2939 4125 his
2968 4069 3097 4124 solis
3121 4077 3175 4123 et
3203 4068 3416 4139 negatio
3450 4079 3505 4123 et
3528 4068 3669 4121 afﬁr-

2092 4173 2256 4231 matio
2277 4186 2421 4228 vera:
2448 4167 2606 4224 simul
2634 4180 2756 4222 esse
2782 4169 3024 4235 possunt,
3042 4176 3161 4233 qua:
3178 4159 3349 4215 eidem
3372 4160 3531 4214 simul
3554 4174 3672 4215 esse

2091 4265 2382 4337 contingit,
2423 4260 2579 4319 simul
2623 4266 2798 4315 autem
2844 4255 3017 4312 eidem
3060 4268 3162 4310 non
3198 4251 3456 4323 contingit
3496 4252 3672 4307 inesse

2092 4358 2396 4421 contraria,
2458 4361 2520 4409 ut.
2572 4349 2917 4408 concludatur
2972 4345 3221 4418 quoniam
3273 4343 3341 4400 de
3379 4342 3570 4414 quibus
3620 4350 3673 4397 et

2095 4448 2382 4507 afﬁrmatio
2401 4453 2456 4502 et
2480 4445 2690 4515 negatio
2710 4442 2863 4497 simul
2882 4452 3020 4495 verae
3048 4446 3193 4504 sunt,
3224 4450 3286 4492 ea
3312 4434 3483 4490 eidem
3515 4430 3673 4489 simul

2018 4516 2074 4578 Ῑ)
2098 4547 2273 4601 ἰηεεεε
2310 4550 2568 4612 possunt,
2610 4534 2876 4592 contraria
2914 4544 3041 4585 vero
3078 4528 3238 4584 simul
3276 4526 3453 4582 eidem
3498 4524 3675 4582 inesse

2099 4651 2203 4692 non
2267 4640 2520 4704 possunt;
2580 4642 2698 4699 quae
2750 4637 2881 4694 ergo
2938 4619 3098 4677 simul
3150 4632 3294 4676 vera:
3354 4628 3510 4686 sunt,
3566 4632 3674 4673 non

2098 4739 2322 4803 possunt
2371 4741 2490 4783 esse
2540 4722 2830 4779 contraria.
2880 4717 3076 4773 Noster
3121 4730 3335 4786 quoque
3389 4717 3538 4771 labor
3565 4714 3675 4785 jam

2097 4821 2383 4893 tranquillo
2424 4825 2631 4874 constat
2691 4821 2867 4885 portu.
2908 4808 3049 4866 Nihil
3102 4809 3246 4863 enim
3295 4810 3375 4879 (ut
3424 4808 3675 4876 arbitror)

2096 4917 2340 4975 relictum
2372 4921 2453 4968 εει
2487 4912 2627 4980 quod
2681 4907 2747 4961 ad
2801 4903 3009 4975 plenam
3061 4901 3219 4971 hujus
3262 4899 3383 4954 libri
3437 4899 3676 4953 notitiam

2104 5010 2410 5082 pertineret.
2452 5003 2629 5072 Quare
2662 5000 2707 5055 si
2742 5012 2854 5052 rem
2891 4994 3215 5066 propositam
3246 4990 3422 5046 studio
3456 4990 3678 5059 diligen-

2016 5092 2029 5097 ’
2104 5105 2278 5174 tiaque
2311 5098 2648 5170 perfecimus,
2670 5095 2771 5148 erit
2797 5087 3021 5161 perutile
3058 5085 3141 5141 his
3166 5084 3255 5157 qui
3284 5083 3469 5138 barum
3496 5096 3678 5136 rerum

2103 5173 2324 5250 scientia
2393 5184 2912 5257 complectendarum
2975 5176 3262 5247 cupiditate
3334 5173 3677 5230 tenebuntur.

2105 5286 2200 5342 Sin
2239 5300 2366 5340 vero
2416 5282 2589 5335 minus
2633 5275 2687 5331 id
2732 5274 3034 5335 effecimus,
3070 5269 3212 5339 quod
3260 5266 3415 5322 nobis
3441 5265 3677 5337 ιιι-οροεί-

2108 5389 2218 5433 tum
2266 5375 2393 5437 fuit,
2448 5381 2503 5425 ut
2545 5366 2951 5424 obscurissimas
3011 5360 3167 5430 hujus
3211 5359 3333 5414 libri
3383 5356 3676 5413 sententias

2099 5472 2476 5535 enodaremus,
2503 5465 2667 5520 labori
2708 5468 2891 5515 nostro
2916 5456 3046 5512 nihil
3073 5463 3129 5510 ut
3152 5452 3240 5510 alii
3267 5452 3527 5519 nocituro,
3551 5458 3605 5507 et
3631 5448 3677 5507 si

2100 5583 2205 5624 non
2231 5561 2515 5635 Oportebit,
2544 5555 2867 5624 obloquitur.

2176 5741 2256 5796 Ne
2277 5737 2399 5809 quid
2421 5738 2473 5790 in
2496 5736 2572 5789 his
2601 5728 2768 5788 Anicii
2792 5726 3221 5801 ManliiSeverini
3247 5725 3416 5835 Beftii
3440 5727 3681 5800 operibus
