  <div class='ocr_page' id='page_1' title='image "/cluster/home/n/w/nwhite01/storage/ocr_20150623/64/hvd.32044073505265/325.png"; bbox 0 0 4296 6266; ppageno 0'>
   <div class='ocr_carea' id='block_1_1' title="bbox 609 377 716 431">
    <p class='ocr_par' dir='ltr' id='par_1_1' title="bbox 609 377 716 431">
     <span class='ocr_line' id='line_1_1' title="bbox 609 377 716 431; baseline 0.019 -2"><span class='ocrx_word' id='word_1_1' title='bbox 609 377 716 431; x_wconf 71' lang='grc'><strong><em>659</em></strong></span> 
     </span>
    </p>
   </div>
   <div class='ocr_carea' id='block_1_2' title="bbox 1846 358 2669 438">
    <p class='ocr_par' dir='ltr' id='par_1_2' title="bbox 1846 358 2669 438">
     <span class='ocr_line' id='line_1_2' title="bbox 1846 358 2669 438; baseline -0.001 -2"><span class='ocrx_word' id='word_1_2' title='bbox 1846 379 1956 436; x_wconf 86' lang='lat' dir='ltr'><strong><em>AN.</em></strong></span> <span class='ocrx_word' id='word_1_3' title='bbox 1998 380 2209 438; x_wconf 81' lang='lat' dir='ltr'><strong>MANL.</strong></span> <span class='ocrx_word' id='word_1_4' title='bbox 2238 358 2400 437; x_wconf 37' lang='lat' dir='ltr'><strong><em>’sev.</em></strong></span> <span class='ocrx_word' id='word_1_5' title='bbox 2441 377 2669 435; x_wconf 82' lang='lat' dir='ltr'><strong>BOETII</strong></span> 
     </span>
    </p>
   </div>
   <div class='ocr_carea' id='block_1_3' title="bbox 3813 379 3912 436">
    <p class='ocr_par' dir='ltr' id='par_1_3' title="bbox 3813 379 3912 436">
     <span class='ocr_line' id='line_1_3' title="bbox 3813 379 3912 436; baseline 0.051 -4"><span class='ocrx_word' id='word_1_6' title='bbox 3813 379 3912 436; x_wconf 62' lang='grc'><strong><em>640</em></strong></span> 
     </span>
    </p>
   </div>
   <div class='ocr_carea' id='block_1_4' title="bbox 610 494 2203 568">
    <p class='ocr_par' dir='ltr' id='par_1_4' title="bbox 610 494 2193 565">
     <span class='ocr_line' id='line_1_4' title="bbox 610 494 2193 565; baseline 0 -17"><span class='ocrx_word' id='word_1_7' title='bbox 610 494 770 563; x_wconf 77' lang='lat' dir='ltr'><strong><em>possit</em></strong></span> <span class='ocrx_word' id='word_1_8' title='bbox 791 494 1008 563; x_wconf 81' lang='lat' dir='ltr'><strong><em>antplius</em></strong></span> <span class='ocrx_word' id='word_1_9' title='bbox 1054 494 1281 563; x_wconf 81' lang='lat' dir='ltr'><strong><em>requiri,</em></strong></span> <span class='ocrx_word' id='word_1_10' title='bbox 1339 496 1567 565; x_wconf 78' lang='lat' dir='ltr'><strong><em>priorum</em></strong></span> <span class='ocrx_word' id='word_1_11' title='bbox 1597 503 1645 548; x_wconf 92' lang='lat' dir='ltr'><strong><em>et</em></strong></span> <span class='ocrx_word' id='word_1_12' title='bbox 1675 497 2010 564; x_wconf 73' lang='lat' dir='ltr'><strong><em>posteriorum</em></strong></span> <span class='ocrx_word' id='word_1_13' title='bbox 2050 498 2193 549; x_wconf 87' lang='lat' dir='ltr'><strong><em>Ana-</em></strong></span> 
     </span>
    </p>
   </div>
   <div class='ocr_carea' id='block_1_5' title="bbox 2303 494 3711 568">
    <p class='ocr_par' dir='ltr' id='par_1_5' title="bbox 2303 494 3711 568">
     <span class='ocr_line' id='line_1_5' title="bbox 2303 494 3711 568; baseline 0.014 -23"><span class='ocrx_word' id='word_1_14' title='bbox 2303 502 2541 560; x_wconf 83' lang='lat' dir='ltr'><strong><em>aonntos,</em></strong></span> <span class='ocrx_word' id='word_1_15' title='bbox 2573 494 2925 564; x_wconf 73' lang='lat' dir='ltr'><strong><em>adjunximus,</em></strong></span> <span class='ocrx_word' id='word_1_16' title='bbox 2960 497 3144 568; x_wconf 84' lang='lat' dir='ltr'><strong><em>ubique</em></strong></span> <span class='ocrx_word' id='word_1_17' title='bbox 3179 503 3434 561; x_wconf 75' lang='lat' dir='ltr'><strong><em>studentes</em></strong></span> <span class='ocrx_word' id='word_1_18' title='bbox 3460 521 3522 564; x_wconf 87' lang='lat' dir='ltr'><strong><em>ne</em></strong></span> <span class='ocrx_word' id='word_1_19' title='bbox 3544 521 3711 567; x_wconf 80' lang='lat' dir='ltr'><strong><em>nostra</em></strong></span> 
     </span>
    </p>
   </div>
   <div class='ocr_carea' id='block_1_6' title="bbox 612 585 2195 658">
    <p class='ocr_par' dir='ltr' id='par_1_6' title="bbox 612 585 2195 658">
     <span class='ocr_line' id='line_1_6' title="bbox 612 585 2195 658; baseline 0.003 -19"><span class='ocrx_word' id='word_1_20' title='bbox 612 586 882 658; x_wconf 78' lang='lat' dir='ltr'><strong><em>lyticorum</em></strong></span> <span class='ocrx_word' id='word_1_21' title='bbox 910 585 1198 640; x_wconf 79' lang='lat' dir='ltr'><strong><em>Aristotelis</em></strong></span> <span class='ocrx_word' id='word_1_22' title='bbox 1251 585 1408 643; x_wconf 88' lang='lat' dir='ltr'><strong><em>libros</em></strong></span> <span class='ocrx_word' id='word_1_23' title='bbox 1449 587 1728 642; x_wconf 85' lang='lat' dir='ltr'><strong><em>Latinitate</em></strong></span> <span class='ocrx_word' id='word_1_24' title='bbox 1775 588 1837 641; x_wconf 86' lang='lat' dir='ltr'><strong><em>ab</em></strong></span> <span class='ocrx_word' id='word_1_25' title='bbox 1868 588 1961 642; x_wconf 83' lang='lat' dir='ltr'><strong><em>hoc</em></strong></span> <span class='ocrx_word' id='word_1_26' title='bbox 1990 597 2195 643; x_wconf 86' lang='lat' dir='ltr'><strong><em>auctore</em></strong></span> 
     </span>
    </p>
   </div>
   <div class='ocr_carea' id='block_1_7' title="bbox 2304 588 2807 643">
    <p class='ocr_par' dir='ltr' id='par_1_7' title="bbox 2304 588 2807 643">
     <span class='ocr_line' id='line_1_7' title="bbox 2304 588 2807 643; baseline -0.004 -1"><span class='ocrx_word' id='word_1_27' title='bbox 2304 588 2528 643; x_wconf 81' lang='lat' dir='ltr'><strong><em>defuisse</em></strong></span> <span class='ocrx_word' id='word_1_28' title='bbox 2547 588 2807 642; x_wconf 84' lang='lat' dir='ltr'><strong><em>videamur</em></strong></span> 
     </span>
    </p>
   </div>
   <div class='ocr_carea' id='block_1_8' title="bbox 611 732 3871 781">
    <p class='ocr_par' dir='ltr' id='par_1_8' title="bbox 611 732 3871 781">
     <span class='ocr_line' id='line_1_8' title="bbox 611 732 3871 781; baseline 0.014 -44"><span class='ocrx_word' id='word_1_29' title='bbox 611 732 3871 781; x_wconf 61' lang='lat'><strong><em>_——————_.__________._—..—————___________</em></strong></span> 
     </span>
    </p>
   </div>
   <div class='ocr_carea' id='block_1_9' title="bbox 969 836 3527 965">
    <p class='ocr_par' dir='ltr' id='par_1_9' title="bbox 969 836 3527 965">
     <span class='ocr_line' id='line_1_9' title="bbox 969 836 3527 965; baseline 0.005 -23"><span class='ocrx_word' id='word_1_30' title='bbox 969 840 1550 946; x_wconf 89' lang='lat' dir='ltr'><strong>PRIORUM</strong></span> <span class='ocrx_word' id='word_1_31' title='bbox 1600 836 2629 946; x_wconf 85' lang='lat' dir='ltr'><strong><em>ANALYTICORUM</em></strong></span> <span class='ocrx_word' id='word_1_32' title='bbox 2684 839 3527 957; x_wconf 83' lang='lat' dir='ltr'><strong><em>ARISTOTELIS</em></strong></span> 
     </span>
    </p>
   </div>
   <div class='ocr_carea' id='block_1_10' title="bbox 2042 1001 2473 1065">
    <p class='ocr_par' dir='ltr' id='par_1_10' title="bbox 2042 1001 2473 1065">
     <span class='ocr_line' id='line_1_10' title="bbox 2042 1001 2473 1065; baseline -0.002 -1"><span class='ocrx_word' id='word_1_33' title='bbox 2042 1001 2257 1065; x_wconf 80' lang='lat' dir='ltr'><strong><em>LIBRI</em></strong></span> <span class='ocrx_word' id='word_1_34' title='bbox 2312 1001 2473 1065; x_wconf 90' lang='lat' dir='ltr'><strong><em>DUO</em></strong></span> 
     </span>
    </p>
   </div>
   <div class='ocr_carea' id='block_1_11' title="bbox 1162 1139 3354 1241">
    <p class='ocr_par' dir='ltr' id='par_1_11' title="bbox 1162 1139 3354 1241">
     <span class='ocr_line' id='line_1_11' title="bbox 1162 1139 3354 1241; baseline 0.004 -24"><span class='ocrx_word' id='word_1_35' title='bbox 1162 1144 1323 1220; x_wconf 62' lang='grc' dir='ltr'><strong><em>ΔΝ.</em></strong></span> <span class='ocrx_word' id='word_1_36' title='bbox 1408 1143 1756 1217; x_wconf 79' lang='lat' dir='ltr'><strong>MANL.</strong></span> <span class='ocrx_word' id='word_1_37' title='bbox 1836 1142 2069 1217; x_wconf 89' lang='lat' dir='ltr'><strong><em>SEV.</em></strong></span> <span class='ocrx_word' id='word_1_38' title='bbox 2138 1139 2541 1241; x_wconf 84' lang='lat' dir='ltr'><strong>BOETIO</strong></span> <span class='ocrx_word' id='word_1_39' title='bbox 2614 1139 3354 1224; x_wconf 83' lang='lat' dir='ltr'><strong>INTERPBETE.</strong></span> 
     </span>
    </p>
   </div>
   <div class='ocr_carea' id='block_1_12' title="bbox 2104 1278 2392 1296">
    <p class='ocr_par' dir='ltr' id='par_1_12' title="bbox 2104 1278 2392 1296">
     <span class='ocr_line' id='line_1_12' title="bbox 2104 1278 2392 1296; baseline 0.017 -6"><span class='ocrx_word' id='word_1_40' title='bbox 2104 1278 2392 1296; x_wconf 57' lang='lat' dir='ltr'><strong><em>pun-—</em></strong></span> 
     </span>
    </p>
   </div>
   <div class='ocr_carea' id='block_1_13' title="bbox 1791 1354 2656 1444">
    <p class='ocr_par' dir='ltr' id='par_1_13' title="bbox 1791 1354 2656 1444">
     <span class='ocr_line' id='line_1_13' title="bbox 1791 1354 2656 1444; baseline -0.005 -1"><span class='ocrx_word' id='word_1_41' title='bbox 1791 1359 2133 1444; x_wconf 85' lang='lat' dir='ltr'><strong>LIBER</strong></span> <span class='ocrx_word' id='word_1_42' title='bbox 2207 1354 2656 1439; x_wconf 81' lang='lat' dir='ltr'><strong><em>PRIMUS</em></strong></span> 
     </span>
    </p>
   </div>
   <div class='ocr_carea' id='block_1_14' title="bbox 2008 1488 2504 1513">
    <p class='ocr_par' dir='ltr' id='par_1_14' title="bbox 2008 1488 2504 1513">
     <span class='ocr_line' id='line_1_14' title="bbox 2008 1488 2504 1513; baseline 0.012 -13"><span class='ocrx_word' id='word_1_43' title='bbox 2008 1488 2504 1513; x_wconf 64' lang='lat'><strong><em>,____.—_——</em></strong></span> 
     </span>
    </p>
   </div>
   <div class='ocr_carea' id='block_1_15' title="bbox 1124 1555 1681 1617">
    <p class='ocr_par' dir='ltr' id='par_1_15' title="bbox 1124 1555 1681 1617">
     <span class='ocr_line' id='line_1_15' title="bbox 1124 1555 1681 1617; baseline 0.007 -4"><span class='ocrx_word' id='word_1_44' title='bbox 1124 1555 1350 1615; x_wconf 81' lang='lat' dir='ltr'><strong><em>CAPUT</em></strong></span> <span class='ocrx_word' id='word_1_45' title='bbox 1389 1559 1681 1617; x_wconf 82' lang='lat' dir='ltr'><strong><em>PRIMUM.</em></strong></span> 
     </span>
    </p>
   </div>
   <div class='ocr_carea' id='block_1_16' title="bbox 832 1665 1980 1745">
    <p class='ocr_par' dir='ltr' id='par_1_16' title="bbox 832 1665 1980 1745">
     <span class='ocr_line' id='line_1_16' title="bbox 832 1665 1980 1745; baseline 0.01 -25"><span class='ocrx_word' id='word_1_46' title='bbox 832 1665 908 1721; x_wconf 90' lang='lat' dir='ltr'><strong><em>De</em></strong></span> <span class='ocrx_word' id='word_1_47' title='bbox 948 1671 1312 1739; x_wconf 76' lang='lat' dir='ltr'><strong><em>propositione,</em></strong></span> <span class='ocrx_word' id='word_1_48' title='bbox 1345 1674 1557 1727; x_wconf 86' lang='lat' dir='ltr'><strong><em>termino</em></strong></span> <span class='ocrx_word' id='word_1_49' title='bbox 1585 1683 1633 1728; x_wconf 88' lang='lat' dir='ltr'><strong><em>et</em></strong></span> <span class='ocrx_word' id='word_1_50' title='bbox 1659 1673 1980 1745; x_wconf 70' lang='lat' dir='ltr'><strong><em>syllogismo.</em></strong></span> 
     </span>
    </p>
   </div>
   <div class='ocr_carea' id='block_1_17' title="bbox 686 1774 2273 1863">
    <p class='ocr_par' dir='ltr' id='par_1_17' title="bbox 686 1774 2273 1863">
     <span class='ocr_line' id='line_1_17' title="bbox 686 1774 2273 1863; baseline 0.008 -25"><span class='ocrx_word' id='word_1_51' title='bbox 686 1782 922 1838; x_wconf 85' lang='lat' dir='ltr'><strong><em>Primum</em></strong></span> <span class='ocrx_word' id='word_1_52' title='bbox 949 1786 1233 1843; x_wconf 90' lang='lat' dir='ltr'><strong><em>dicendum</em></strong></span> <span class='ocrx_word' id='word_1_53' title='bbox 1263 1790 1402 1845; x_wconf 89' lang='lat' dir='ltr'><strong><em>circa</em></strong></span> <span class='ocrx_word' id='word_1_54' title='bbox 1426 1791 1549 1861; x_wconf 92' lang='lat' dir='ltr'><strong><em>quid</em></strong></span> <span class='ocrx_word' id='word_1_55' title='bbox 1592 1800 1646 1847; x_wconf 91' lang='lat' dir='ltr'><strong><em>et</em></strong></span> <span class='ocrx_word' id='word_1_56' title='bbox 1689 1793 1755 1848; x_wconf 87' lang='lat' dir='ltr'><strong><em>de</em></strong></span> <span class='ocrx_word' id='word_1_57' title='bbox 1783 1808 1889 1863; x_wconf 88' lang='lat' dir='ltr'><strong><em>quo</em></strong></span> <span class='ocrx_word' id='word_1_58' title='bbox 1918 1804 2001 1849; x_wconf 77' lang='lat' dir='ltr'><strong><em>est</em></strong></span> <span class='ocrx_word' id='word_1_59' title='bbox 2029 1794 2195 1849; x_wconf 82' lang='lat' dir='ltr'><strong><em>inton-</em></strong></span> <span class='ocrx_word' id='word_1_60' title='bbox 2227 1774 2273 1835; x_wconf 81' lang='grc' dir='ltr'><strong>Β</strong></span> 
     </span>
    </p>
   </div>
   <div class='ocr_carea' id='block_1_18' title="bbox 616 1872 2195 1955">
    <p class='ocr_par' dir='ltr' id='par_1_18' title="bbox 616 1872 2195 1955">
     <span class='ocr_line' id='line_1_18' title="bbox 616 1872 2195 1955; baseline 0.009 -29"><span class='ocrx_word' id='word_1_61' title='bbox 616 1872 710 1939; x_wconf 84' lang='lat' dir='ltr'><strong><em>tio,</em></strong></span> <span class='ocrx_word' id='word_1_62' title='bbox 734 1875 985 1943; x_wconf 89' lang='lat' dir='ltr'><strong><em>quoniam</em></strong></span> <span class='ocrx_word' id='word_1_63' title='bbox 1014 1876 1155 1932; x_wconf 88' lang='lat' dir='ltr'><strong><em>circa</em></strong></span> <span class='ocrx_word' id='word_1_64' title='bbox 1176 1878 1681 1938; x_wconf 92' lang='lat' dir='ltr'><strong><em>demonstrationem</em></strong></span> <span class='ocrx_word' id='word_1_65' title='bbox 1726 1893 1778 1938; x_wconf 92' lang='lat' dir='ltr'><strong><em>et</em></strong></span> <span class='ocrx_word' id='word_1_66' title='bbox 1800 1885 1866 1939; x_wconf 89' lang='lat' dir='ltr'><strong><em>de</em></strong></span> <span class='ocrx_word' id='word_1_67' title='bbox 1913 1885 2195 1955; x_wconf 82' lang='lat' dir='ltr'><strong><em>disciplina</em></strong></span> 
     </span>
    </p>
   </div>
   <div class='ocr_carea' id='block_1_19' title="bbox 618 1962 2196 2047">
    <p class='ocr_par' dir='ltr' id='par_1_19' title="bbox 618 1962 2196 2047">
     <span class='ocr_line' id='line_1_19' title="bbox 618 1962 2196 2047; baseline 0.008 -28"><span class='ocrx_word' id='word_1_68' title='bbox 618 1962 1035 2023; x_wconf 88' lang='lat' dir='ltr'><strong><em>demonstrativa</em></strong></span> <span class='ocrx_word' id='word_1_69' title='bbox 1061 1978 1163 2024; x_wconf 90' lang='lat' dir='ltr'><strong><em>est.</em></strong></span> <span class='ocrx_word' id='word_1_70' title='bbox 1198 1969 1400 2027; x_wconf 87' lang='lat' dir='ltr'><strong><em>Deinde</em></strong></span> <span class='ocrx_word' id='word_1_71' title='bbox 1425 1974 1888 2030; x_wconf 89' lang='lat' dir='ltr'><strong><em>determinandum</em></strong></span> <span class='ocrx_word' id='word_1_72' title='bbox 1920 1978 2043 2047; x_wconf 88' lang='lat' dir='ltr'><strong><em>quid</em></strong></span> <span class='ocrx_word' id='word_1_73' title='bbox 2074 1993 2196 2047; x_wconf 89' lang='lat' dir='ltr'><strong><em>pro-</em></strong></span> 
     </span>
    </p>
   </div>
   <div class='ocr_carea' id='block_1_20' title="bbox 617 2054 2199 2138">
    <p class='ocr_par' dir='ltr' id='par_1_20' title="bbox 617 2054 2199 2138">
     <span class='ocr_line' id='line_1_20' title="bbox 617 2054 2199 2138; baseline 0.011 -32"><span class='ocrx_word' id='word_1_74' title='bbox 617 2054 843 2124; x_wconf 79' lang='lat' dir='ltr'><strong><em>positio,</em></strong></span> <span class='ocrx_word' id='word_1_75' title='bbox 876 2064 932 2112; x_wconf 89' lang='lat' dir='ltr'><strong><em>et</em></strong></span> <span class='ocrx_word' id='word_1_76' title='bbox 976 2058 1102 2128; x_wconf 92' lang='lat' dir='ltr'><strong><em>quid</em></strong></span> <span class='ocrx_word' id='word_1_77' title='bbox 1162 2062 1443 2127; x_wconf 77' lang='lat' dir='ltr'><strong><em>terminus,</em></strong></span> <span class='ocrx_word' id='word_1_78' title='bbox 1490 2066 1615 2134; x_wconf 89' lang='lat' dir='ltr'><strong><em>quid</em></strong></span> <span class='ocrx_word' id='word_1_79' title='bbox 1672 2066 2047 2137; x_wconf 74' lang='lat' dir='ltr'><strong><em>syllogismus,</em></strong></span> <span class='ocrx_word' id='word_1_80' title='bbox 2078 2070 2199 2138; x_wconf 83' lang='lat' dir='ltr'><strong><em>quis</em></strong></span> 
     </span>
    </p>
   </div>
   <div class='ocr_carea' id='block_1_21' title="bbox 618 2145 2200 2230">
    <p class='ocr_par' dir='ltr' id='par_1_21' title="bbox 618 2145 2200 2230">
     <span class='ocr_line' id='line_1_21' title="bbox 618 2145 2200 2230; baseline 0.012 -33"><span class='ocrx_word' id='word_1_81' title='bbox 618 2145 906 2214; x_wconf 86' lang='lat' dir='ltr'><strong><em>perfectus,</em></strong></span> <span class='ocrx_word' id='word_1_82' title='bbox 938 2158 992 2204; x_wconf 90' lang='lat' dir='ltr'><strong><em>et</em></strong></span> <span class='ocrx_word' id='word_1_83' title='bbox 1018 2150 1136 2219; x_wconf 83' lang='lat' dir='ltr'><strong><em>quis</em></strong></span> <span class='ocrx_word' id='word_1_84' title='bbox 1166 2153 1527 2223; x_wconf 87' lang='lat' dir='ltr'><strong><em>imperfectus.</em></strong></span> <span class='ocrx_word' id='word_1_85' title='bbox 1572 2155 1763 2213; x_wconf 85' lang='lat' dir='ltr'><strong><em>Postea</em></strong></span> <span class='ocrx_word' id='word_1_86' title='bbox 1786 2174 1915 2213; x_wconf 90' lang='lat' dir='ltr'><strong><em>vero</em></strong></span> <span class='ocrx_word' id='word_1_87' title='bbox 1941 2159 2068 2230; x_wconf 88' lang='lat' dir='ltr'><strong><em>quid</em></strong></span> <span class='ocrx_word' id='word_1_88' title='bbox 2116 2169 2200 2217; x_wconf 90' lang='lat' dir='ltr'><strong><em>est</em></strong></span> 
     </span>
    </p>
   </div>
   <div class='ocr_carea' id='block_1_22' title="bbox 618 2233 2199 2319">
    <p class='ocr_par' dir='ltr' id='par_1_22' title="bbox 618 2233 2199 2319">
     <span class='ocr_line' id='line_1_22' title="bbox 618 2233 2199 2319; baseline 0.013 -31"><span class='ocrx_word' id='word_1_89' title='bbox 618 2233 672 2289; x_wconf 92' lang='lat' dir='ltr'><strong><em>in</em></strong></span> <span class='ocrx_word' id='word_1_90' title='bbox 696 2244 807 2291; x_wconf 92' lang='lat' dir='ltr'><strong><em>toto</em></strong></span> <span class='ocrx_word' id='word_1_91' title='bbox 824 2252 962 2305; x_wconf 88' lang='lat' dir='ltr'><strong><em>esse,</em></strong></span> <span class='ocrx_word' id='word_1_92' title='bbox 998 2242 1082 2296; x_wconf 90' lang='lat' dir='ltr'><strong><em>vel</em></strong></span> <span class='ocrx_word' id='word_1_93' title='bbox 1110 2258 1217 2298; x_wconf 92' lang='lat' dir='ltr'><strong><em>non</em></strong></span> <span class='ocrx_word' id='word_1_94' title='bbox 1247 2259 1368 2300; x_wconf 87' lang='lat' dir='ltr'><strong><em>esse</em></strong></span> <span class='ocrx_word' id='word_1_95' title='bbox 1392 2245 1497 2301; x_wconf 87' lang='lat' dir='ltr'><strong><em>hoc</em></strong></span> <span class='ocrx_word' id='word_1_96' title='bbox 1522 2246 1572 2301; x_wconf 93' lang='lat' dir='ltr'><strong><em>in</em></strong></span> <span class='ocrx_word' id='word_1_97' title='bbox 1604 2248 1719 2315; x_wconf 92' lang='lat' dir='ltr'><strong><em>illo,</em></strong></span> <span class='ocrx_word' id='word_1_98' title='bbox 1744 2257 1797 2303; x_wconf 91' lang='lat' dir='ltr'><strong><em>et</em></strong></span> <span class='ocrx_word' id='word_1_99' title='bbox 1817 2250 1941 2319; x_wconf 91' lang='lat' dir='ltr'><strong><em>quid</em></strong></span> <span class='ocrx_word' id='word_1_100' title='bbox 1970 2240 2199 2309; x_wconf 85' lang='lat' dir='ltr'><strong><em>dicimus</em></strong></span> 
     </span>
    </p>
   </div>
   <div class='ocr_carea' id='block_1_23' title="bbox 620 2325 2200 2412">
    <p class='ocr_par' dir='ltr' id='par_1_23' title="bbox 620 2325 2200 2412">
     <span class='ocr_line' id='line_1_23' title="bbox 620 2325 2200 2412; baseline 0.015 -33"><span class='ocrx_word' id='word_1_101' title='bbox 620 2325 688 2380; x_wconf 88' lang='lat' dir='ltr'><strong><em>de</em></strong></span> <span class='ocrx_word' id='word_1_102' title='bbox 709 2332 874 2398; x_wconf 90' lang='lat' dir='ltr'><strong><em>omni,</em></strong></span> <span class='ocrx_word' id='word_1_103' title='bbox 900 2343 990 2386; x_wconf 92' lang='lat' dir='ltr'><strong><em>aut</em></strong></span> <span class='ocrx_word' id='word_1_104' title='bbox 1016 2334 1082 2389; x_wconf 91' lang='lat' dir='ltr'><strong><em>de</em></strong></span> <span class='ocrx_word' id='word_1_105' title='bbox 1106 2336 1254 2393; x_wconf 90' lang='lat' dir='ltr'><strong><em>nullo</em></strong></span> <span class='ocrx_word' id='word_1_106' title='bbox 1285 2339 1586 2407; x_wconf 59' lang='lat' dir='ltr'><strong><em>praedicari.</em></strong></span> <span class='ocrx_word' id='word_1_107' title='bbox 1612 2340 1914 2411; x_wconf 85' lang='lat' dir='ltr'><strong><em>Prupositio</em></strong></span> <span class='ocrx_word' id='word_1_108' title='bbox 1964 2344 2091 2412; x_wconf 70' lang='lat' dir='ltr'><strong><em>ergo</em></strong></span> <span class='ocrx_word' id='word_1_109' title='bbox 2114 2352 2200 2402; x_wconf 87' lang='lat' dir='ltr'><strong><em>est</em></strong></span> 
     </span>
    </p>
   </div>
   <div class='ocr_carea' id='block_1_24' title="bbox 621 2421 2197 2506">
    <p class='ocr_par' dir='ltr' id='par_1_24' title="bbox 621 2421 2197 2506">
     <span class='ocr_line' id='line_1_24' title="bbox 621 2421 2197 2506; baseline 0.012 -32"><span class='ocrx_word' id='word_1_110' title='bbox 621 2421 792 2475; x_wconf 76' lang='lat' dir='ltr'><strong><em>oratio</em></strong></span> <span class='ocrx_word' id='word_1_111' title='bbox 820 2422 1155 2493; x_wconf 84' lang='lat' dir='ltr'><strong><em>affirmativa,</em></strong></span> <span class='ocrx_word' id='word_1_112' title='bbox 1196 2428 1277 2482; x_wconf 91' lang='lat' dir='ltr'><strong><em>vel</em></strong></span> <span class='ocrx_word' id='word_1_113' title='bbox 1320 2431 1560 2498; x_wconf 74' lang='lat' dir='ltr'><strong><em>negativa</em></strong></span> <span class='ocrx_word' id='word_1_114' title='bbox 1612 2432 1837 2501; x_wconf 84' lang='lat' dir='ltr'><strong><em>alicujus</em></strong></span> <span class='ocrx_word' id='word_1_115' title='bbox 1884 2433 1951 2489; x_wconf 91' lang='lat' dir='ltr'><strong><em>de</em></strong></span> <span class='ocrx_word' id='word_1_116' title='bbox 1996 2436 2197 2506; x_wconf 90' lang='lat' dir='ltr'><strong><em>aliquo.</em></strong></span> 
     </span>
    </p>
   </div>
   <div class='ocr_carea' id='block_1_25' title="bbox 621 2518 2201 2607">
    <p class='ocr_par' dir='ltr' id='par_1_25' title="bbox 621 2518 2201 2607">
     <span class='ocr_line' id='line_1_25' title="bbox 621 2518 2201 2607; baseline 0.015 -33"><span class='ocrx_word' id='word_1_117' title='bbox 621 2518 749 2580; x_wconf 56' lang='lat' dir='ltr'><strong><em>Haec</em></strong></span> <span class='ocrx_word' id='word_1_118' title='bbox 768 2535 943 2578; x_wconf 87' lang='lat' dir='ltr'><strong><em>autem</em></strong></span> <span class='ocrx_word' id='word_1_119' title='bbox 967 2535 1056 2580; x_wconf 91' lang='lat' dir='ltr'><strong><em>aut</em></strong></span> <span class='ocrx_word' id='word_1_120' title='bbox 1077 2532 1410 2599; x_wconf 81' lang='lat' dir='ltr'><strong><em>universalis,</em></strong></span> <span class='ocrx_word' id='word_1_121' title='bbox 1441 2542 1531 2603; x_wconf 73' lang='lat' dir='ltr'><strong><em>aut</em></strong></span> <span class='ocrx_word' id='word_1_122' title='bbox 1553 2536 1905 2607; x_wconf 86' lang='lat' dir='ltr'><strong><em>particularis,</em></strong></span> <span class='ocrx_word' id='word_1_123' title='bbox 1934 2549 2025 2594; x_wconf 89' lang='lat' dir='ltr'><strong><em>aut</em></strong></span> <span class='ocrx_word' id='word_1_124' title='bbox 2055 2541 2201 2597; x_wconf 79' lang='lat' dir='ltr'><strong><em>indc-</em></strong></span> 
     </span>
    </p>
   </div>
   <div class='ocr_carea' id='block_1_26' title="bbox 624 2609 2199 2702">
    <p class='ocr_par' dir='ltr' id='par_1_26' title="bbox 624 2609 2199 2702">
     <span class='ocr_line' id='line_1_26' title="bbox 624 2609 2199 2702; baseline 0.017 -41"><span class='ocrx_word' id='word_1_125' title='bbox 624 2609 795 2664; x_wconf 83' lang='lat' dir='ltr'><strong><em>fmita.</em></strong></span> <span class='ocrx_word' id='word_1_126' title='bbox 828 2612 961 2667; x_wconf 92' lang='lat' dir='ltr'><strong><em>Dico</em></strong></span> <span class='ocrx_word' id='word_1_127' title='bbox 988 2625 1166 2671; x_wconf 87' lang='lat' dir='ltr'><strong><em>autem</em></strong></span> <span class='ocrx_word' id='word_1_128' title='bbox 1191 2620 1545 2676; x_wconf 88' lang='lat' dir='ltr'><strong><em>universalem</em></strong></span> <span class='ocrx_word' id='word_1_129' title='bbox 1575 2625 1812 2694; x_wconf 88' lang='lat' dir='ltr'><strong><em>quidem,</em></strong></span> <span class='ocrx_word' id='word_1_130' title='bbox 1840 2643 1960 2683; x_wconf 93' lang='lat' dir='ltr'><strong><em>cum</em></strong></span> <span class='ocrx_word' id='word_1_131' title='bbox 2002 2632 2199 2702; x_wconf 91' lang='lat' dir='ltr'><strong><em>aliquid</em></strong></span> 
     </span>
    </p>
   </div>
   <div class='ocr_carea' id='block_1_27' title="bbox 622 2700 2199 2787">
    <p class='ocr_par' dir='ltr' id='par_1_27' title="bbox 622 2700 2199 2787">
     <span class='ocr_line' id='line_1_27' title="bbox 622 2700 2199 2787; baseline 0.018 -34"><span class='ocrx_word' id='word_1_132' title='bbox 622 2700 800 2763; x_wconf 90' lang='lat' dir='ltr'><strong><em>omni,</em></strong></span> <span class='ocrx_word' id='word_1_133' title='bbox 862 2712 954 2756; x_wconf 90' lang='lat' dir='ltr'><strong><em>aut</em></strong></span> <span class='ocrx_word' id='word_1_134' title='bbox 998 2706 1126 2759; x_wconf 84' lang='lat' dir='ltr'><strong><em>nulli</em></strong></span> <span class='ocrx_word' id='word_1_135' title='bbox 1185 2709 1393 2775; x_wconf 87' lang='lat' dir='ltr'><strong><em>inesse;</em></strong></span> <span class='ocrx_word' id='word_1_136' title='bbox 1452 2716 1823 2781; x_wconf 88' lang='lat' dir='ltr'><strong><em>particularem</em></strong></span> <span class='ocrx_word' id='word_1_137' title='bbox 1870 2737 2021 2787; x_wconf 90' lang='lat' dir='ltr'><strong><em>vero,</em></strong></span> <span class='ocrx_word' id='word_1_138' title='bbox 2077 2740 2199 2781; x_wconf 92' lang='lat' dir='ltr'><strong><em>cum</em></strong></span> 
     </span>
    </p>
   </div>
   <div class='ocr_carea' id='block_1_28' title="bbox 623 2791 2201 2873">
    <p class='ocr_par' dir='ltr' id='par_1_28' title="bbox 623 2791 2201 2873">
     <span class='ocr_line' id='line_1_28' title="bbox 623 2791 2201 2873; baseline 0.018 -28"><span class='ocrx_word' id='word_1_139' title='bbox 623 2791 803 2857; x_wconf 86' lang='lat' dir='ltr'><strong><em>alicui,</em></strong></span> <span class='ocrx_word' id='word_1_140' title='bbox 833 2803 922 2847; x_wconf 89' lang='lat' dir='ltr'><strong><em>aut</em></strong></span> <span class='ocrx_word' id='word_1_141' title='bbox 952 2811 1057 2851; x_wconf 93' lang='lat' dir='ltr'><strong><em>non</em></strong></span> <span class='ocrx_word' id='word_1_142' title='bbox 1088 2798 1268 2865; x_wconf 88' lang='lat' dir='ltr'><strong><em>alicui,</em></strong></span> <span class='ocrx_word' id='word_1_143' title='bbox 1300 2812 1393 2856; x_wconf 88' lang='lat' dir='ltr'><strong><em>aut</em></strong></span> <span class='ocrx_word' id='word_1_144' title='bbox 1436 2820 1543 2859; x_wconf 88' lang='lat' dir='ltr'><strong><em>non</em></strong></span> <span class='ocrx_word' id='word_1_145' title='bbox 1592 2811 1737 2864; x_wconf 92' lang='lat' dir='ltr'><strong><em>omni</em></strong></span> <span class='ocrx_word' id='word_1_146' title='bbox 1790 2811 1987 2869; x_wconf 90' lang='lat' dir='ltr'><strong><em>inesse.</em></strong></span> <span class='ocrx_word' id='word_1_147' title='bbox 2045 2816 2201 2873; x_wconf 86' lang='lat' dir='ltr'><strong><em>inde-</em></strong></span> 
     </span>
    </p>
   </div>
   <div class='ocr_carea' id='block_1_29' title="bbox 624 2882 2199 2981">
    <p class='ocr_par' dir='ltr' id='par_1_29' title="bbox 624 2882 2199 2981">
     <span class='ocr_line' id='line_1_29' title="bbox 624 2882 2199 2981; baseline 0.017 -44"><span class='ocrx_word' id='word_1_148' title='bbox 624 2882 826 2939; x_wconf 80' lang='lat' dir='ltr'><strong><em>iinitam</em></strong></span> <span class='ocrx_word' id='word_1_149' title='bbox 857 2896 1057 2954; x_wconf 87' lang='lat' dir='ltr'><strong><em>autem,</em></strong></span> <span class='ocrx_word' id='word_1_150' title='bbox 1087 2905 1204 2945; x_wconf 90' lang='lat' dir='ltr'><strong><em>cum</em></strong></span> <span class='ocrx_word' id='word_1_151' title='bbox 1224 2893 1347 2962; x_wconf 90' lang='lat' dir='ltr'><strong><em>quid</em></strong></span> <span class='ocrx_word' id='word_1_152' title='bbox 1377 2895 1572 2965; x_wconf 87' lang='lat' dir='ltr'><strong><em>inesse,</em></strong></span> <span class='ocrx_word' id='word_1_153' title='bbox 1618 2900 1698 2955; x_wconf 87' lang='lat' dir='ltr'><strong><em>vel</em></strong></span> <span class='ocrx_word' id='word_1_154' title='bbox 1731 2917 1833 2957; x_wconf 90' lang='lat' dir='ltr'><strong><em>nou</em></strong></span> <span class='ocrx_word' id='word_1_155' title='bbox 1866 2904 2043 2963; x_wconf 74' lang='lat' dir='ltr'><strong><em>inesse</em></strong></span> <span class='ocrx_word' id='word_1_156' title='bbox 2086 2910 2199 2981; x_wconf 84' lang='lat' dir='ltr'><strong><em>sig-</em></strong></span> 
     </span>
    </p>
   </div>
   <div class='ocr_carea' id='block_1_30' title="bbox 623 2977 2199 3063">
    <p class='ocr_par' dir='ltr' id='par_1_30' title="bbox 623 2977 2199 3063">
     <span class='ocr_line' id='line_1_30' title="bbox 623 2977 2199 3063; baseline 0.016 -30"><span class='ocrx_word' id='word_1_157' title='bbox 623 2977 826 3042; x_wconf 86' lang='lat' dir='ltr'><strong><em>niﬁcat,</em></strong></span> <span class='ocrx_word' id='word_1_158' title='bbox 874 2980 987 3036; x_wconf 89' lang='lat' dir='ltr'><strong><em>sive</em></strong></span> <span class='ocrx_word' id='word_1_159' title='bbox 1018 2983 1328 3054; x_wconf 83' lang='lat' dir='ltr'><strong><em>universali,</em></strong></span> <span class='ocrx_word' id='word_1_160' title='bbox 1379 2991 1459 3044; x_wconf 89' lang='lat' dir='ltr'><strong><em>vcl</em></strong></span> <span class='ocrx_word' id='word_1_161' title='bbox 1509 2993 1841 3063; x_wconf 86' lang='lat' dir='ltr'><strong><em>particulari,</em></strong></span> <span class='ocrx_word' id='word_1_162' title='bbox 1875 3008 1931 3053; x_wconf 92' lang='lat' dir='ltr'><strong><em>ut</em></strong></span> <span class='ocrx_word' id='word_1_163' title='bbox 1980 3012 2199 3057; x_wconf 91' lang='lat' dir='ltr'><strong><em>contra-</em></strong></span> 
     </span>
    </p>
   </div>
   <div class='ocr_carea' id='block_1_31' title="bbox 624 3068 2200 3159">
    <p class='ocr_par' dir='ltr' id='par_1_31' title="bbox 624 3068 2200 3159">
     <span class='ocr_line' id='line_1_31' title="bbox 624 3068 2200 3159; baseline 0.016 -36"><span class='ocrx_word' id='word_1_164' title='bbox 624 3068 825 3124; x_wconf 91' lang='lat' dir='ltr'><strong><em>riorum</em></strong></span> <span class='ocrx_word' id='word_1_165' title='bbox 846 3072 1089 3128; x_wconf 88' lang='lat' dir='ltr'><strong><em>eamdem</em></strong></span> <span class='ocrx_word' id='word_1_166' title='bbox 1113 3090 1233 3132; x_wconf 89' lang='lat' dir='ltr'><strong><em>esse</em></strong></span> <span class='ocrx_word' id='word_1_167' title='bbox 1252 3077 1608 3151; x_wconf 89' lang='lat' dir='ltr'><strong><em>disciplinam,</em></strong></span> <span class='ocrx_word' id='word_1_168' title='bbox 1631 3093 1723 3139; x_wconf 92' lang='lat' dir='ltr'><strong><em>aut</em></strong></span> <span class='ocrx_word' id='word_1_169' title='bbox 1744 3089 2063 3159; x_wconf 87' lang='lat' dir='ltr'><strong><em>voluptatem</em></strong></span> <span class='ocrx_word' id='word_1_170' title='bbox 2092 3109 2200 3149; x_wconf 91' lang='lat' dir='ltr'><strong><em>non</em></strong></span> 
     </span>
    </p>
   </div>
   <div class='ocr_carea' id='block_1_32' title="bbox 2306 1554 3894 1638">
    <p class='ocr_par' dir='ltr' id='par_1_32' title="bbox 2306 1554 3894 1638">
     <span class='ocr_line' id='line_1_32' title="bbox 2306 1554 3894 1638; baseline 0.017 -29"><span class='ocrx_word' id='word_1_171' title='bbox 2306 1554 2524 1626; x_wconf 87' lang='lat' dir='ltr'><strong><em>quidem</em></strong></span> <span class='ocrx_word' id='word_1_172' title='bbox 2554 1557 2860 1609; x_wconf 87' lang='lat' dir='ltr'><strong><em>necessaria</em></strong></span> <span class='ocrx_word' id='word_1_173' title='bbox 2890 1569 2986 1625; x_wconf 90' lang='lat' dir='ltr'><strong><em>per</em></strong></span> <span class='ocrx_word' id='word_1_174' title='bbox 3028 1558 3301 1627; x_wconf 72' lang='lat' dir='ltr'><strong><em>subjectos</em></strong></span> <span class='ocrx_word' id='word_1_175' title='bbox 3346 1568 3632 1638; x_wconf 84' lang='lat' dir='ltr'><strong><em>terminos,</em></strong></span> <span class='ocrx_word' id='word_1_176' title='bbox 3656 1588 3763 1633; x_wconf 92' lang='lat' dir='ltr'><strong><em>non</em></strong></span> <span class='ocrx_word' id='word_1_177' title='bbox 3801 1593 3894 1636; x_wconf 85' lang='lat' dir='ltr'><strong><em>au-</em></strong></span> 
     </span>
    </p>
   </div>
   <div class='ocr_carea' id='block_1_33' title="bbox 2309 1654 3891 1727">
    <p class='ocr_par' dir='ltr' id='par_1_33' title="bbox 2309 1654 3891 1727">
     <span class='ocr_line' id='line_1_33' title="bbox 2309 1654 3891 1727; baseline 0.015 -24"><span class='ocrx_word' id='word_1_178' title='bbox 2309 1658 2416 1703; x_wconf 90' lang='lat' dir='ltr'><strong><em>tem</em></strong></span> <span class='ocrx_word' id='word_1_179' title='bbox 2449 1656 2659 1715; x_wconf 89' lang='lat' dir='ltr'><strong><em>sumpta</em></strong></span> <span class='ocrx_word' id='word_1_180' title='bbox 2687 1655 2814 1702; x_wconf 85' lang='lat' dir='ltr'><strong><em>sunt</em></strong></span> <span class='ocrx_word' id='word_1_181' title='bbox 2837 1663 2934 1717; x_wconf 89' lang='lat' dir='ltr'><strong><em>per</em></strong></span> <span class='ocrx_word' id='word_1_182' title='bbox 2981 1654 3397 1721; x_wconf 86' lang='lat' dir='ltr'><strong><em>propositiones.</em></strong></span> <span class='ocrx_word' id='word_1_183' title='bbox 3457 1660 3515 1714; x_wconf 85' lang='lat' dir='ltr'><strong><em>In</em></strong></span> <span class='ocrx_word' id='word_1_184' title='bbox 3562 1671 3675 1721; x_wconf 92' lang='lat' dir='ltr'><strong><em>toto</em></strong></span> <span class='ocrx_word' id='word_1_185' title='bbox 3717 1678 3891 1727; x_wconf 83' lang='lat' dir='ltr'><strong><em>autem</em></strong></span> 
     </span>
    </p>
   </div>
   <div class='ocr_carea' id='block_1_34' title="bbox 2304 1737 3890 1822">
    <p class='ocr_par' dir='ltr' id='par_1_34' title="bbox 2304 1737 3890 1822">
     <span class='ocr_line' id='line_1_34' title="bbox 2304 1737 3890 1822; baseline 0.016 -30"><span class='ocrx_word' id='word_1_186' title='bbox 2304 1752 2428 1795; x_wconf 89' lang='lat' dir='ltr'><strong><em>esse</em></strong></span> <span class='ocrx_word' id='word_1_187' title='bbox 2459 1737 2685 1792; x_wconf 84' lang='lat' dir='ltr'><strong><em>alterum</em></strong></span> <span class='ocrx_word' id='word_1_188' title='bbox 2710 1738 2761 1791; x_wconf 93' lang='lat' dir='ltr'><strong><em>in</em></strong></span> <span class='ocrx_word' id='word_1_189' title='bbox 2791 1739 2984 1807; x_wconf 90' lang='lat' dir='ltr'><strong><em>altero,</em></strong></span> <span class='ocrx_word' id='word_1_190' title='bbox 3020 1743 3164 1800; x_wconf 89' lang='lat' dir='ltr'><strong><em>etde</em></strong></span> <span class='ocrx_word' id='word_1_191' title='bbox 3186 1748 3329 1802; x_wconf 92' lang='lat' dir='ltr'><strong><em>omni</em></strong></span> <span class='ocrx_word' id='word_1_192' title='bbox 3358 1751 3637 1819; x_wconf 73' lang='lat' dir='ltr'><strong><em>praedicari</em></strong></span> <span class='ocrx_word' id='word_1_193' title='bbox 3665 1757 3890 1822; x_wconf 81' lang='lat' dir='ltr'><strong><em>alterum</em></strong></span> 
     </span>
    </p>
   </div>
   <div class='ocr_carea' id='block_1_35' title="bbox 2301 1830 3889 1917">
    <p class='ocr_par' dir='ltr' id='par_1_35' title="bbox 2301 1830 3889 1917">
     <span class='ocr_line' id='line_1_35' title="bbox 2301 1830 3889 1917; baseline 0.012 -31"><span class='ocrx_word' id='word_1_194' title='bbox 2301 1830 2370 1886; x_wconf 89' lang='lat' dir='ltr'><strong><em>de</em></strong></span> <span class='ocrx_word' id='word_1_195' title='bbox 2396 1831 2565 1885; x_wconf 89' lang='lat' dir='ltr'><strong><em>altero</em></strong></span> <span class='ocrx_word' id='word_1_196' title='bbox 2600 1830 2743 1884; x_wconf 90' lang='lat' dir='ltr'><strong><em>idem</em></strong></span> <span class='ocrx_word' id='word_1_197' title='bbox 2766 1838 2866 1884; x_wconf 92' lang='lat' dir='ltr'><strong><em>est.</em></strong></span> <span class='ocrx_word' id='word_1_198' title='bbox 2918 1831 3154 1888; x_wconf 88' lang='lat' dir='ltr'><strong><em>Dicimus</em></strong></span> <span class='ocrx_word' id='word_1_199' title='bbox 3205 1846 3379 1894; x_wconf 88' lang='lat' dir='ltr'><strong><em>autem</em></strong></span> <span class='ocrx_word' id='word_1_200' title='bbox 3418 1841 3485 1897; x_wconf 93' lang='lat' dir='ltr'><strong><em>de</em></strong></span> <span class='ocrx_word' id='word_1_201' title='bbox 3514 1848 3658 1901; x_wconf 91' lang='lat' dir='ltr'><strong><em>omni</em></strong></span> <span class='ocrx_word' id='word_1_202' title='bbox 3689 1852 3889 1917; x_wconf 64' lang='lat' dir='ltr'><strong><em>praedi-</em></strong></span> 
     </span>
    </p>
   </div>
   <div class='ocr_carea' id='block_1_36' title="bbox 2300 1921 3886 2008">
    <p class='ocr_par' dir='ltr' id='par_1_36' title="bbox 2300 1921 3886 2008">
     <span class='ocr_line' id='line_1_36' title="bbox 2300 1921 3886 2008; baseline 0.006 -29"><span class='ocrx_word' id='word_1_203' title='bbox 2300 1923 2434 1988; x_wconf 87' lang='lat' dir='ltr'><strong><em>cari,</em></strong></span> <span class='ocrx_word' id='word_1_204' title='bbox 2463 1921 2679 1991; x_wconf 77' lang='lat' dir='ltr'><strong><em>quando</em></strong></span> <span class='ocrx_word' id='word_1_205' title='bbox 2710 1921 2841 1975; x_wconf 88' lang='lat' dir='ltr'><strong><em>nihil</em></strong></span> <span class='ocrx_word' id='word_1_206' title='bbox 2873 1932 2957 1977; x_wconf 88' lang='lat' dir='ltr'><strong><em>est</em></strong></span> <span class='ocrx_word' id='word_1_207' title='bbox 2986 1938 3203 1982; x_wconf 86' lang='lat' dir='ltr'><strong><em>sumere</em></strong></span> <span class='ocrx_word' id='word_1_208' title='bbox 3244 1930 3493 2003; x_wconf 88' lang='lat' dir='ltr'><strong><em>subjecti,</em></strong></span> <span class='ocrx_word' id='word_1_209' title='bbox 3540 1935 3607 1991; x_wconf 88' lang='lat' dir='ltr'><strong><em>de</em></strong></span> <span class='ocrx_word' id='word_1_210' title='bbox 3645 1952 3751 2008; x_wconf 88' lang='lat' dir='ltr'><strong><em>quo</em></strong></span> <span class='ocrx_word' id='word_1_211' title='bbox 3780 1956 3886 1998; x_wconf 77' lang='lat' dir='ltr'><strong><em>non</em></strong></span> 
     </span>
    </p>
   </div>
   <div class='ocr_carea' id='block_1_37' title="bbox 2301 2011 3422 2081">
    <p class='ocr_par' dir='ltr' id='par_1_37' title="bbox 2301 2011 3422 2081">
     <span class='ocr_line' id='line_1_37' title="bbox 2301 2011 3422 2081; baseline 0.008 -13"><span class='ocrx_word' id='word_1_212' title='bbox 2301 2011 2509 2075; x_wconf 82' lang='lat' dir='ltr'><strong><em>dicatur</em></strong></span> <span class='ocrx_word' id='word_1_213' title='bbox 2534 2012 2786 2081; x_wconf 85' lang='lat' dir='ltr'><strong><em>alterum,</em></strong></span> <span class='ocrx_word' id='word_1_214' title='bbox 2811 2020 2865 2068; x_wconf 88' lang='lat' dir='ltr'><strong><em>et</em></strong></span> <span class='ocrx_word' id='word_1_215' title='bbox 2885 2012 2954 2070; x_wconf 87' lang='lat' dir='ltr'><strong><em>de</em></strong></span> <span class='ocrx_word' id='word_1_216' title='bbox 2977 2015 3125 2070; x_wconf 92' lang='lat' dir='ltr'><strong><em>nullo</em></strong></span> <span class='ocrx_word' id='word_1_217' title='bbox 3151 2018 3422 2077; x_wconf 85' lang='lat' dir='ltr'><strong><em>similiter.</em></strong></span> 
     </span>
    </p>
   </div>
   <div class='ocr_carea' id='block_1_38' title="bbox 2862 2124 3269 2186">
    <p class='ocr_par' dir='ltr' id='par_1_38' title="bbox 2862 2124 3269 2186">
     <span class='ocr_line' id='line_1_38' title="bbox 2862 2124 3269 2186; baseline 0.012 -4"><span class='ocrx_word' id='word_1_218' title='bbox 2862 2124 2867 2129; x_wconf 66' lang='grc'><em>’</em></span> <span class='ocrx_word' id='word_1_219' title='bbox 2939 2128 3168 2186; x_wconf 84' lang='lat' dir='ltr'><strong><em>CAPUT</em></strong></span> <span class='ocrx_word' id='word_1_220' title='bbox 3208 2132 3269 2186; x_wconf 90' lang='lat' dir='ltr'><strong><em>Il.</em></strong></span> 
     </span>
    </p>
   </div>
   <div class='ocr_carea' id='block_1_39' title="bbox 2469 2218 3721 2298">
    <p class='ocr_par' dir='ltr' id='par_1_39' title="bbox 2469 2218 3721 2298">
     <span class='ocr_line' id='line_1_39' title="bbox 2469 2218 3721 2298; baseline 0.014 -27"><span class='ocrx_word' id='word_1_221' title='bbox 2469 2218 2546 2273; x_wconf 89' lang='lat' dir='ltr'><strong><em>De</em></strong></span> <span class='ocrx_word' id='word_1_222' title='bbox 2562 2219 2889 2274; x_wconf 71' lang='lat' dir='ltr'><strong><em>conversione</em></strong></span> <span class='ocrx_word' id='word_1_223' title='bbox 2914 2220 3265 2277; x_wconf 80' lang='lat' dir='ltr'><strong><em>absolutarum</em></strong></span> <span class='ocrx_word' id='word_1_224' title='bbox 3292 2229 3721 2298; x_wconf 81' lang='lat' dir='ltr'><strong><em>praposilionum.</em></strong></span> 
     </span>
    </p>
   </div>
   <div class='ocr_carea' id='block_1_40' title="bbox 2310 2330 3890 2412">
    <p class='ocr_par' dir='ltr' id='par_1_40' title="bbox 2310 2330 3890 2412">
     <span class='ocr_line' id='line_1_40' title="bbox 2310 2330 3890 2412; baseline 0.016 -29"><span class='ocrx_word' id='word_1_225' title='bbox 2310 2340 2317 2347; x_wconf 88' lang='lat'>&#39;</span> <span class='ocrx_word' id='word_1_226' title='bbox 2373 2330 2636 2402; x_wconf 79' lang='lat' dir='ltr'><strong><em>Quoniam</em></strong></span> <span class='ocrx_word' id='word_1_227' title='bbox 2685 2339 2865 2386; x_wconf 90' lang='lat' dir='ltr'><strong><em>autem</em></strong></span> <span class='ocrx_word' id='word_1_228' title='bbox 2919 2335 3093 2389; x_wconf 90' lang='lat' dir='ltr'><strong><em>omnis</em></strong></span> <span class='ocrx_word' id='word_1_229' title='bbox 3148 2341 3443 2407; x_wconf 81' lang='lat' dir='ltr'><strong><em>prapositio</em></strong></span> <span class='ocrx_word' id='word_1_230' title='bbox 3500 2354 3623 2412; x_wconf 89' lang='lat' dir='ltr'><strong><em>est,</em></strong></span> <span class='ocrx_word' id='word_1_231' title='bbox 3664 2356 3757 2404; x_wconf 89' lang='lat' dir='ltr'><strong><em>aut</em></strong></span> <span class='ocrx_word' id='word_1_232' title='bbox 3821 2352 3890 2410; x_wconf 87' lang='lat' dir='ltr'><strong><em>de</em></strong></span> 
     </span>
    </p>
   </div>
   <div class='ocr_carea' id='block_1_41' title="bbox 2300 2420 3891 2514">
    <p class='ocr_par' dir='ltr' id='par_1_41' title="bbox 2300 2420 3891 2514">
     <span class='ocr_line' id='line_1_41' title="bbox 2300 2420 3891 2514; baseline 0.014 -38"><span class='ocrx_word' id='word_1_233' title='bbox 2300 2420 2501 2485; x_wconf 87' lang='lat' dir='ltr'><strong><em>inesse,</em></strong></span> <span class='ocrx_word' id='word_1_234' title='bbox 2550 2430 2640 2475; x_wconf 91' lang='lat' dir='ltr'><strong><em>aut</em></strong></span> <span class='ocrx_word' id='word_1_235' title='bbox 2690 2436 2753 2476; x_wconf 76' lang='lat' dir='ltr'><strong><em>ex</em></strong></span> <span class='ocrx_word' id='word_1_236' title='bbox 2809 2425 3133 2481; x_wconf 81' lang='lat' dir='ltr'><strong><em>necessitate</em></strong></span> <span class='ocrx_word' id='word_1_237' title='bbox 3188 2428 3399 2499; x_wconf 82' lang='lat' dir='ltr'><strong><em>inesse,‘</em></strong></span> <span class='ocrx_word' id='word_1_238' title='bbox 3438 2445 3529 2489; x_wconf 90' lang='lat' dir='ltr'><strong><em>aut</em></strong></span> <span class='ocrx_word' id='word_1_239' title='bbox 3578 2441 3891 2514; x_wconf 83' lang='lat' dir='ltr'><strong><em>contingere</em></strong></span> 
     </span>
    </p>
   </div>
   <div class='ocr_carea' id='block_1_42' title="bbox 2300 2513 3892 2600">
    <p class='ocr_par' dir='ltr' id='par_1_42' title="bbox 2300 2513 3892 2600">
     <span class='ocr_line' id='line_1_42' title="bbox 2300 2513 3892 2600; baseline 0.013 -32"><span class='ocrx_word' id='word_1_240' title='bbox 2300 2513 2506 2578; x_wconf 87' lang='lat' dir='ltr'><strong><em>inesse;</em></strong></span> <span class='ocrx_word' id='word_1_241' title='bbox 2560 2514 2747 2569; x_wconf 86' lang='lat' dir='ltr'><strong><em>harum</em></strong></span> <span class='ocrx_word' id='word_1_242' title='bbox 2776 2525 2977 2581; x_wconf 88' lang='lat' dir='ltr'><strong><em>autem,</em></strong></span> <span class='ocrx_word' id='word_1_243' title='bbox 3011 2516 3095 2572; x_wconf 71' lang='lat' dir='ltr'><strong><em>ba:</em></strong></span> <span class='ocrx_word' id='word_1_244' title='bbox 3125 2520 3336 2588; x_wconf 87' lang='lat' dir='ltr'><strong><em>quidem</em></strong></span> <span class='ocrx_word' id='word_1_245' title='bbox 3363 2524 3728 2600; x_wconf 71' lang='lat' dir='ltr'><strong><em>affirmativae,</em></strong></span> <span class='ocrx_word' id='word_1_246' title='bbox 3775 2513 3892 2590; x_wconf 68' lang='lat' dir='ltr'><strong><em>illae</em></strong></span> 
     </span>
    </p>
   </div>
   <div class='ocr_carea' id='block_1_43' title="bbox 2300 2604 3889 2691">
    <p class='ocr_par' dir='ltr' id='par_1_43' title="bbox 2300 2604 3889 2691">
     <span class='ocr_line' id='line_1_43' title="bbox 2300 2604 3889 2691; baseline 0.014 -35"><span class='ocrx_word' id='word_1_247' title='bbox 2300 2610 2479 2657; x_wconf 87' lang='lat' dir='ltr'><strong><em>autem</em></strong></span> <span class='ocrx_word' id='word_1_248' title='bbox 2527 2604 2794 2673; x_wconf 78' lang='lat' dir='ltr'><strong><em>negativa:</em></strong></span> <span class='ocrx_word' id='word_1_249' title='bbox 2845 2606 3140 2662; x_wconf 89' lang='lat' dir='ltr'><strong><em>secundum</em></strong></span> <span class='ocrx_word' id='word_1_250' title='bbox 3187 2625 3614 2688; x_wconf 86' lang='lat' dir='ltr'><strong><em>unamquamque</em></strong></span> <span class='ocrx_word' id='word_1_251' title='bbox 3653 2624 3889 2691; x_wconf 88' lang='lat' dir='ltr'><strong><em>appella-</em></strong></span> 
     </span>
    </p>
   </div>
   <div class='ocr_carea' id='block_1_44' title="bbox 2302 2695 3889 2784">
    <p class='ocr_par' dir='ltr' id='par_1_44' title="bbox 2302 2695 3889 2784">
     <span class='ocr_line' id='line_1_44' title="bbox 2302 2695 3889 2784; baseline 0.013 -35"><span class='ocrx_word' id='word_1_252' title='bbox 2302 2695 2533 2761; x_wconf 86' lang='lat' dir='ltr'><strong><em>tionem;</em></strong></span> <span class='ocrx_word' id='word_1_253' title='bbox 2589 2712 2774 2751; x_wconf 88' lang='lat' dir='ltr'><strong><em>rursus</em></strong></span> <span class='ocrx_word' id='word_1_254' title='bbox 2827 2705 3004 2753; x_wconf 90' lang='lat' dir='ltr'><strong><em>autem</em></strong></span> <span class='ocrx_word' id='word_1_255' title='bbox 3061 2700 3499 2762; x_wconf 83' lang='lat' dir='ltr'><strong><em>afﬁrmativarum</em></strong></span> <span class='ocrx_word' id='word_1_256' title='bbox 3538 2721 3590 2765; x_wconf 91' lang='lat' dir='ltr'><strong><em>et</em></strong></span> <span class='ocrx_word' id='word_1_257' title='bbox 3621 2715 3889 2784; x_wconf 80' lang='lat' dir='ltr'><strong><em>negativa-</em></strong></span> 
     </span>
    </p>
   </div>
   <div class='ocr_carea' id='block_1_45' title="bbox 2302 2788 3890 2871">
    <p class='ocr_par' dir='ltr' id='par_1_45' title="bbox 2302 2788 3890 2871">
     <span class='ocr_line' id='line_1_45' title="bbox 2302 2788 3890 2871; baseline 0.015 -29"><span class='ocrx_word' id='word_1_258' title='bbox 2302 2800 2443 2855; x_wconf 86' lang='lat' dir='ltr'><strong><em>rum,</em></strong></span> <span class='ocrx_word' id='word_1_259' title='bbox 2475 2788 2594 2843; x_wconf 76' lang='lat' dir='ltr'><strong><em>alia:</em></strong></span> <span class='ocrx_word' id='word_1_260' title='bbox 2639 2798 2765 2844; x_wconf 86' lang='lat' dir='ltr'><strong><em>sunt</em></strong></span> <span class='ocrx_word' id='word_1_261' title='bbox 2810 2791 3162 2861; x_wconf 88' lang='lat' dir='ltr'><strong><em>universales,</em></strong></span> <span class='ocrx_word' id='word_1_262' title='bbox 3212 2798 3334 2853; x_wconf 61' lang='lat' dir='ltr'><strong><em>alia:</em></strong></span> <span class='ocrx_word' id='word_1_263' title='bbox 3372 2803 3740 2871; x_wconf 87' lang='lat' dir='ltr'><strong><em>particulares,</em></strong></span> <span class='ocrx_word' id='word_1_264' title='bbox 3769 2810 3890 2867; x_wconf 70' lang='lat' dir='ltr'><strong><em>alia:</em></strong></span> 
     </span>
    </p>
   </div>
   <div class='ocr_carea' id='block_1_46' title="bbox 2301 2876 3887 2969">
    <p class='ocr_par' dir='ltr' id='par_1_46' title="bbox 2301 2876 3887 2969">
     <span class='ocr_line' id='line_1_46' title="bbox 2301 2876 3887 2969; baseline 0.016 -38"><span class='ocrx_word' id='word_1_265' title='bbox 2301 2876 2618 2934; x_wconf 74' lang='lat' dir='ltr'><strong><em>indeﬁnitte:</em></strong></span> <span class='ocrx_word' id='word_1_266' title='bbox 2640 2880 2997 2936; x_wconf 86' lang='lat' dir='ltr'><strong><em>universalem</em></strong></span> <span class='ocrx_word' id='word_1_267' title='bbox 3014 2885 3229 2953; x_wconf 88' lang='lat' dir='ltr'><strong><em>quidem</em></strong></span> <span class='ocrx_word' id='word_1_268' title='bbox 3249 2890 3564 2959; x_wconf 87' lang='lat' dir='ltr'><strong><em>privativam</em></strong></span> <span class='ocrx_word' id='word_1_269' title='bbox 3589 2895 3655 2951; x_wconf 91' lang='lat' dir='ltr'><strong><em>de</em></strong></span> <span class='ocrx_word' id='word_1_270' title='bbox 3671 2913 3735 2952; x_wconf 91' lang='lat' dir='ltr'><strong><em>eo</em></strong></span> <span class='ocrx_word' id='word_1_271' title='bbox 3749 2900 3887 2969; x_wconf 90' lang='lat' dir='ltr'><strong><em>quod</em></strong></span> 
     </span>
    </p>
   </div>
   <div class='ocr_carea' id='block_1_47' title="bbox 2302 2971 3887 3049">
    <p class='ocr_par' dir='ltr' id='par_1_47' title="bbox 2302 2971 3887 3049">
     <span class='ocr_line' id='line_1_47' title="bbox 2302 2971 3887 3049; baseline 0.015 -24"><span class='ocrx_word' id='word_1_272' title='bbox 2302 2977 2386 3025; x_wconf 87' lang='lat' dir='ltr'><strong><em>est</em></strong></span> <span class='ocrx_word' id='word_1_273' title='bbox 2406 2971 2600 3035; x_wconf 90' lang='lat' dir='ltr'><strong><em>inesse,</em></strong></span> <span class='ocrx_word' id='word_1_274' title='bbox 2620 2987 2841 3028; x_wconf 89' lang='lat' dir='ltr'><strong><em>necesse</em></strong></span> <span class='ocrx_word' id='word_1_275' title='bbox 2859 2984 2941 3029; x_wconf 90' lang='lat' dir='ltr'><strong><em>est</em></strong></span> <span class='ocrx_word' id='word_1_276' title='bbox 2963 2976 3015 3030; x_wconf 91' lang='lat' dir='ltr'><strong><em>in</em></strong></span> <span class='ocrx_word' id='word_1_277' title='bbox 3040 2980 3277 3036; x_wconf 89' lang='lat' dir='ltr'><strong><em>terminis</em></strong></span> <span class='ocrx_word' id='word_1_278' title='bbox 3296 2988 3558 3042; x_wconf 85' lang='lat' dir='ltr'><strong><em>converti.</em></strong></span> <span class='ocrx_word' id='word_1_279' title='bbox 3586 2989 3655 3045; x_wconf 92' lang='lat' dir='ltr'><strong><em>Ut</em></strong></span> <span class='ocrx_word' id='word_1_280' title='bbox 3673 2992 3716 3047; x_wconf 88' lang='lat' dir='ltr'><strong><em>si</em></strong></span> <span class='ocrx_word' id='word_1_281' title='bbox 3747 2994 3887 3049; x_wconf 85' lang='lat' dir='ltr'><strong><em>nulla</em></strong></span> 
     </span>
    </p>
   </div>
   <div class='ocr_carea' id='block_1_48' title="bbox 2302 3059 3888 3158">
    <p class='ocr_par' dir='ltr' id='par_1_48' title="bbox 2302 3059 3888 3158">
     <span class='ocr_line' id='line_1_48' title="bbox 2302 3059 3888 3158; baseline 0.017 -45"><span class='ocrx_word' id='word_1_282' title='bbox 2302 3059 2547 3130; x_wconf 87' lang='lat' dir='ltr'><strong><em>voluptas</em></strong></span> <span class='ocrx_word' id='word_1_283' title='bbox 2568 3070 2650 3117; x_wconf 90' lang='lat' dir='ltr'><strong><em>est</em></strong></span> <span class='ocrx_word' id='word_1_284' title='bbox 2673 3063 2894 3132; x_wconf 90' lang='lat' dir='ltr'><strong><em>bonum,</em></strong></span> <span class='ocrx_word' id='word_1_285' title='bbox 2912 3081 3086 3138; x_wconf 90' lang='lat' dir='ltr'><strong><em>neque</em></strong></span> <span class='ocrx_word' id='word_1_286' title='bbox 3114 3070 3310 3128; x_wconf 91' lang='lat' dir='ltr'><strong><em>bonum</em></strong></span> <span class='ocrx_word' id='word_1_287' title='bbox 3340 3077 3562 3148; x_wconf 91' lang='lat' dir='ltr'><strong><em>nullum,</em></strong></span> <span class='ocrx_word' id='word_1_288' title='bbox 3580 3083 3684 3139; x_wconf 87' lang='lat' dir='ltr'><strong><em>erit</em></strong></span> <span class='ocrx_word' id='word_1_289' title='bbox 3709 3085 3888 3158; x_wconf 51' lang='lat' dir='ltr'><strong><em>volup.</em></strong></span> 
     </span>
    </p>
   </div>
   <div class='ocr_carea' id='block_1_49' title="bbox 623 3154 3889 3252">
    <p class='ocr_par' dir='ltr' id='par_1_49' title="bbox 623 3154 3889 3252">
     <span class='ocr_line' id='line_1_49' title="bbox 623 3154 3889 3252; baseline 0.015 -66"><span class='ocrx_word' id='word_1_290' title='bbox 623 3174 744 3216; x_wconf 64' lang='lat' dir='ltr'><strong><em>esse</em></strong></span> <span class='ocrx_word' id='word_1_291' title='bbox 769 3161 987 3221; x_wconf 50' lang='lat' dir='ltr'><strong><em>bonum.</em></strong></span> <span class='ocrx_word' id='word_1_292' title='bbox 1023 3166 1207 3221; x_wconf 55' lang='lat' dir='ltr'><strong><em>Dure&quot;</em></strong></span> <span class='ocrx_word' id='word_1_293' title='bbox 1236 3178 1412 3225; x_wconf 50' lang='lat' dir='ltr'><strong><em>autem</em></strong></span> <span class='ocrx_word' id='word_1_294' title='bbox 1445 3154 1884 3232; x_wconf 54' lang='lat' dir='ltr'><strong><em>demonstrama&#39;</em></strong></span> <span class='ocrx_word' id='word_1_295' title='bbox 1908 3185 2202 3252; x_wconf 51' lang='lat' dir='ltr'><strong><em>propositio</em></strong></span> <span class='ocrx_word' id='word_1_296' title='bbox 2229 3170 2276 3237; x_wconf 72' lang='grc' dir='ltr'>ρ</span> <span class='ocrx_word' id='word_1_297' title='bbox 2305 3161 2405 3209; x_wconf 91' lang='lat' dir='ltr'><strong><em>tas.</em></strong></span> <span class='ocrx_word' id='word_1_298' title='bbox 2428 3154 2831 3212; x_wconf 65' lang='lat' dir='ltr'><strong><em>Praedicativam</em></strong></span> <span class='ocrx_word' id='word_1_299' title='bbox 2848 3168 3023 3215; x_wconf 87' lang='lat' dir='ltr'><strong><em>autem</em></strong></span> <span class='ocrx_word' id='word_1_300' title='bbox 3037 3168 3276 3221; x_wconf 90' lang='lat' dir='ltr'><strong><em>converti</em></strong></span> <span class='ocrx_word' id='word_1_301' title='bbox 3299 3171 3513 3239; x_wconf 78' lang='lat' dir='ltr'><strong><em>quidem</em></strong></span> <span class='ocrx_word' id='word_1_302' title='bbox 3530 3179 3889 3236; x_wconf 84' lang='lat' dir='ltr'><strong><em>necessarium</em></strong></span> 
     </span>
    </p>
   </div>
   <div class='ocr_carea' id='block_1_50' title="bbox 628 3251 2203 3344">
    <p class='ocr_par' dir='ltr' id='par_1_50' title="bbox 628 3251 2203 3344">
     <span class='ocr_line' id='line_1_50' title="bbox 628 3251 2203 3344; baseline 0.017 -40"><span class='ocrx_word' id='word_1_303' title='bbox 628 3265 659 3305; x_wconf 89' lang='lat' dir='ltr'><strong><em>a</em></strong></span> <span class='ocrx_word' id='word_1_304' title='bbox 688 3251 987 3324; x_wconf 87' lang='lat' dir='ltr'><strong><em>dialectica,</em></strong></span> <span class='ocrx_word' id='word_1_305' title='bbox 1005 3263 1256 3327; x_wconf 89' lang='lat' dir='ltr'><strong><em>quoniam</em></strong></span> <span class='ocrx_word' id='word_1_306' title='bbox 1282 3262 1699 3324; x_wconf 83' lang='lat' dir='ltr'><strong><em>demonstrativa</em></strong></span> <span class='ocrx_word' id='word_1_307' title='bbox 1727 3272 1940 3339; x_wconf 88' lang='lat' dir='ltr'><strong><em>quidem</em></strong></span> <span class='ocrx_word' id='word_1_308' title='bbox 1968 3251 2203 3344; x_wconf 89' lang='lat' dir='ltr'><strong><em>sumptio</em></strong></span> 
     </span>
    </p>
   </div>
   <div class='ocr_carea' id='block_1_51' title="bbox 629 3346 2205 3422">
    <p class='ocr_par' dir='ltr' id='par_1_51' title="bbox 629 3346 2205 3422">
     <span class='ocr_line' id='line_1_51' title="bbox 629 3346 2205 3422; baseline 0.014 -25"><span class='ocrx_word' id='word_1_309' title='bbox 629 3346 852 3402; x_wconf 88' lang='lat' dir='ltr'><strong><em>alterius</em></strong></span> <span class='ocrx_word' id='word_1_310' title='bbox 895 3351 1061 3416; x_wconf 88' lang='lat' dir='ltr'><strong><em>partis</em></strong></span> <span class='ocrx_word' id='word_1_311' title='bbox 1088 3353 1528 3411; x_wconf 87' lang='lat' dir='ltr'><strong><em>contradictionis</em></strong></span> <span class='ocrx_word' id='word_1_312' title='bbox 1557 3369 1657 3414; x_wconf 90' lang='lat' dir='ltr'><strong><em>est.</em></strong></span> <span class='ocrx_word' id='word_1_313' title='bbox 1698 3361 1817 3415; x_wconf 83' lang='lat' dir='ltr'><strong><em>Non</em></strong></span> <span class='ocrx_word' id='word_1_314' title='bbox 1864 3364 2006 3417; x_wconf 89' lang='lat' dir='ltr'><strong><em>enim</em></strong></span> <span class='ocrx_word' id='word_1_315' title='bbox 2037 3364 2205 3422; x_wconf 88' lang='lat' dir='ltr'><strong><em>inter-</em></strong></span> 
     </span>
    </p>
   </div>
   <div class='ocr_carea' id='block_1_52' title="bbox 626 3439 2201 3516">
    <p class='ocr_par' dir='ltr' id='par_1_52' title="bbox 626 3439 2201 3516">
     <span class='ocr_line' id='line_1_52' title="bbox 626 3439 2201 3516; baseline 0.017 -27"><span class='ocrx_word' id='word_1_316' title='bbox 626 3445 798 3504; x_wconf 81' lang='lat' dir='ltr'><strong><em>rogat,</em></strong></span> <span class='ocrx_word' id='word_1_317' title='bbox 830 3439 922 3491; x_wconf 90' lang='lat' dir='ltr'><strong><em>sed</em></strong></span> <span class='ocrx_word' id='word_1_318' title='bbox 945 3442 1139 3509; x_wconf 88' lang='lat' dir='ltr'><strong><em>sumit,</em></strong></span> <span class='ocrx_word' id='word_1_319' title='bbox 1191 3445 1281 3513; x_wconf 90' lang='lat' dir='ltr'><strong><em>qui</em></strong></span> <span class='ocrx_word' id='word_1_320' title='bbox 1341 3447 1690 3505; x_wconf 85' lang='lat' dir='ltr'><strong><em>demonstrat.</em></strong></span> <span class='ocrx_word' id='word_1_321' title='bbox 1742 3452 2025 3510; x_wconf 88' lang='lat' dir='ltr'><strong><em>Dialectica</em></strong></span> <span class='ocrx_word' id='word_1_322' title='bbox 2074 3474 2201 3516; x_wconf 91' lang='lat' dir='ltr'><strong><em>vero</em></strong></span> 
     </span>
    </p>
   </div>
   <div class='ocr_carea' id='block_1_53' title="bbox 626 3524 2206 3607">
    <p class='ocr_par' dir='ltr' id='par_1_53' title="bbox 626 3524 2206 3607">
     <span class='ocr_line' id='line_1_53' title="bbox 626 3524 2206 3607; baseline 0.016 -26"><span class='ocrx_word' id='word_1_323' title='bbox 626 3524 971 3598; x_wconf 81' lang='lat' dir='ltr'><strong><em>interrogatio</em></strong></span> <span class='ocrx_word' id='word_1_324' title='bbox 992 3536 1426 3594; x_wconf 88' lang='lat' dir='ltr'><strong><em>contradictionis</em></strong></span> <span class='ocrx_word' id='word_1_325' title='bbox 1445 3549 1545 3595; x_wconf 89' lang='lat' dir='ltr'><strong><em>est.</em></strong></span> <span class='ocrx_word' id='word_1_326' title='bbox 1574 3541 1711 3599; x_wconf 84' lang='lat' dir='ltr'><strong><em>Nihil</em></strong></span> <span class='ocrx_word' id='word_1_327' title='bbox 1736 3554 1912 3600; x_wconf 88' lang='lat' dir='ltr'><strong><em>autem</em></strong></span> <span class='ocrx_word' id='word_1_328' title='bbox 1956 3548 2121 3605; x_wconf 90' lang='lat' dir='ltr'><strong><em>refert</em></strong></span> <span class='ocrx_word' id='word_1_329' title='bbox 2146 3561 2206 3607; x_wconf 89' lang='lat' dir='ltr'><strong><em>ut</em></strong></span> 
     </span>
    </p>
   </div>
   <div class='ocr_carea' id='block_1_54' title="bbox 626 3620 2200 3711">
    <p class='ocr_par' dir='ltr' id='par_1_54' title="bbox 626 3620 2200 3711">
     <span class='ocr_line' id='line_1_54' title="bbox 626 3620 2200 3711; baseline 0.015 -35"><span class='ocrx_word' id='word_1_330' title='bbox 626 3620 720 3676; x_wconf 81' lang='lat' dir='ltr'><strong><em>ﬁat</em></strong></span> <span class='ocrx_word' id='word_1_331' title='bbox 747 3636 813 3678; x_wconf 81' lang='lat' dir='ltr'><strong><em>ex</em></strong></span> <span class='ocrx_word' id='word_1_332' title='bbox 846 3633 1066 3696; x_wconf 88' lang='lat' dir='ltr'><strong><em>utraque</em></strong></span> <span class='ocrx_word' id='word_1_333' title='bbox 1095 3629 1468 3701; x_wconf 80' lang='lat' dir='ltr'><strong><em>syllogismus;</em></strong></span> <span class='ocrx_word' id='word_1_334' title='bbox 1500 3650 1620 3690; x_wconf 88' lang='lat' dir='ltr'><strong><em>nam</em></strong></span> <span class='ocrx_word' id='word_1_335' title='bbox 1651 3646 1703 3692; x_wconf 88' lang='lat' dir='ltr'><strong><em>et</em></strong></span> <span class='ocrx_word' id='word_1_336' title='bbox 1732 3640 1821 3707; x_wconf 90' lang='lat' dir='ltr'><strong><em>qui</em></strong></span> <span class='ocrx_word' id='word_1_337' title='bbox 1848 3640 2200 3711; x_wconf 85' lang='lat' dir='ltr'><strong><em>demonstrat,</em></strong></span> 
     </span>
    </p>
   </div>
   <div class='ocr_carea' id='block_1_55' title="bbox 626 3715 2204 3803">
    <p class='ocr_par' dir='ltr' id='par_1_55' title="bbox 626 3715 2204 3803">
     <span class='ocr_line' id='line_1_55' title="bbox 626 3715 2204 3803; baseline 0.016 -37"><span class='ocrx_word' id='word_1_338' title='bbox 626 3719 682 3767; x_wconf 88' lang='lat' dir='ltr'><strong><em>et</em></strong></span> <span class='ocrx_word' id='word_1_339' title='bbox 706 3715 796 3782; x_wconf 89' lang='lat' dir='ltr'><strong><em>qui</em></strong></span> <span class='ocrx_word' id='word_1_340' title='bbox 827 3715 1137 3787; x_wconf 80' lang='lat' dir='ltr'><strong><em>interrogat,</em></strong></span> <span class='ocrx_word' id='word_1_341' title='bbox 1165 3723 1460 3793; x_wconf 86' lang='lat' dir='ltr'><strong><em>syllogizat,</em></strong></span> <span class='ocrx_word' id='word_1_342' title='bbox 1489 3740 1706 3783; x_wconf 89' lang='lat' dir='ltr'><strong><em>sumens</em></strong></span> <span class='ocrx_word' id='word_1_343' title='bbox 1728 3729 2007 3800; x_wconf 88' lang='lat' dir='ltr'><strong><em>aliquidde</em></strong></span> <span class='ocrx_word' id='word_1_344' title='bbox 2027 3734 2204 3803; x_wconf 85' lang='lat' dir='ltr'><strong><em>aliquo</em></strong></span> 
     </span>
    </p>
   </div>
   <div class='ocr_carea' id='block_1_56' title="bbox 626 3806 2201 3894">
    <p class='ocr_par' dir='ltr' id='par_1_56' title="bbox 626 3806 2201 3894">
     <span class='ocr_line' id='line_1_56' title="bbox 626 3806 2201 3894; baseline 0.017 -38"><span class='ocrx_word' id='word_1_345' title='bbox 626 3815 769 3870; x_wconf 88' lang='lat' dir='ltr'><strong><em>esse,</em></strong></span> <span class='ocrx_word' id='word_1_346' title='bbox 798 3806 879 3858; x_wconf 90' lang='lat' dir='ltr'><strong><em>vel</em></strong></span> <span class='ocrx_word' id='word_1_347' title='bbox 915 3822 1018 3862; x_wconf 90' lang='lat' dir='ltr'><strong><em>non</em></strong></span> <span class='ocrx_word' id='word_1_348' title='bbox 1054 3823 1193 3866; x_wconf 89' lang='lat' dir='ltr'><strong><em>csse.</em></strong></span> <span class='ocrx_word' id='word_1_349' title='bbox 1243 3815 1421 3880; x_wconf 88' lang='lat' dir='ltr'><strong><em>Quare</em></strong></span> <span class='ocrx_word' id='word_1_350' title='bbox 1471 3818 1575 3873; x_wconf 89' lang='lat' dir='ltr'><strong><em>erit</em></strong></span> <span class='ocrx_word' id='word_1_351' title='bbox 1623 3820 1950 3891; x_wconf 86' lang='lat' dir='ltr'><strong><em>syllogistica</em></strong></span> <span class='ocrx_word' id='word_1_352' title='bbox 1988 3825 2201 3894; x_wconf 89' lang='lat' dir='ltr'><strong><em>quidem</em></strong></span> 
     </span>
    </p>
   </div>
   <div class='ocr_carea' id='block_1_57' title="bbox 627 3896 2204 3987">
    <p class='ocr_par' dir='ltr' id='par_1_57' title="bbox 627 3896 2204 3987">
     <span class='ocr_line' id='line_1_57' title="bbox 627 3896 2204 3987; baseline 0.019 -42"><span class='ocrx_word' id='word_1_353' title='bbox 627 3896 947 3963; x_wconf 80' lang='lat' dir='ltr'><strong><em>propasitio,</em></strong></span> <span class='ocrx_word' id='word_1_354' title='bbox 969 3899 1285 3970; x_wconf 88' lang='lat' dir='ltr'><strong><em>simpliciter</em></strong></span> <span class='ocrx_word' id='word_1_355' title='bbox 1311 3907 1593 3964; x_wconf 82' lang='lat' dir='ltr'><strong><em>afﬁrmatio</em></strong></span> <span class='ocrx_word' id='word_1_356' title='bbox 1615 3912 1699 3968; x_wconf 89' lang='lat' dir='ltr'><strong><em>vel</em></strong></span> <span class='ocrx_word' id='word_1_357' title='bbox 1731 3915 1947 3983; x_wconf 86' lang='lat' dir='ltr'><strong><em>negatio</em></strong></span> <span class='ocrx_word' id='word_1_358' title='bbox 1978 3916 2204 3987; x_wconf 84' lang='lat' dir='ltr'><strong><em>alicujus</em></strong></span> 
     </span>
    </p>
   </div>
   <div class='ocr_carea' id='block_1_58' title="bbox 629 3986 2203 4067">
    <p class='ocr_par' dir='ltr' id='par_1_58' title="bbox 629 3986 2203 4067">
     <span class='ocr_line' id='line_1_58' title="bbox 629 3986 2203 4067; baseline 0.015 -25"><span class='ocrx_word' id='word_1_359' title='bbox 629 3986 698 4043; x_wconf 87' lang='lat' dir='ltr'><strong><em>de</em></strong></span> <span class='ocrx_word' id='word_1_360' title='bbox 724 3988 903 4059; x_wconf 87' lang='lat' dir='ltr'><strong><em>aliquo</em></strong></span> <span class='ocrx_word' id='word_1_361' title='bbox 929 3995 1222 4052; x_wconf 90' lang='lat' dir='ltr'><strong><em>secundum</em></strong></span> <span class='ocrx_word' id='word_1_362' title='bbox 1265 3999 1465 4056; x_wconf 90' lang='lat' dir='ltr'><strong><em>dictum</em></strong></span> <span class='ocrx_word' id='word_1_363' title='bbox 1499 4005 1736 4060; x_wconf 92' lang='lat' dir='ltr'><strong><em>modum.</em></strong></span> <span class='ocrx_word' id='word_1_364' title='bbox 1772 3986 2203 4067; x_wconf 87' lang='lat' dir='ltr'><strong><em>Demonstrativa</em></strong></span> 
     </span>
    </p>
   </div>
   <div class='ocr_carea' id='block_1_59' title="bbox 624 4082 2201 4172">
    <p class='ocr_par' dir='ltr' id='par_1_59' title="bbox 624 4082 2201 4172">
     <span class='ocr_line' id='line_1_59' title="bbox 624 4082 2201 4172; baseline 0.016 -39"><span class='ocrx_word' id='word_1_365' title='bbox 624 4093 757 4135; x_wconf 91' lang='lat' dir='ltr'><strong><em>vero</em></strong></span> <span class='ocrx_word' id='word_1_366' title='bbox 783 4082 828 4136; x_wconf 87' lang='lat' dir='ltr'><strong><em>si</em></strong></span> <span class='ocrx_word' id='word_1_367' title='bbox 850 4097 975 4138; x_wconf 90' lang='lat' dir='ltr'><strong><em>vera</em></strong></span> <span class='ocrx_word' id='word_1_368' title='bbox 1006 4085 1097 4153; x_wconf 90' lang='lat' dir='ltr'><strong><em>sit,</em></strong></span> <span class='ocrx_word' id='word_1_369' title='bbox 1122 4098 1176 4145; x_wconf 89' lang='lat' dir='ltr'><strong><em>et</em></strong></span> <span class='ocrx_word' id='word_1_370' title='bbox 1207 4105 1302 4157; x_wconf 88' lang='lat' dir='ltr'><strong><em>per</em></strong></span> <span class='ocrx_word' id='word_1_371' title='bbox 1320 4093 1519 4161; x_wconf 90' lang='lat' dir='ltr'><strong><em>primas</em></strong></span> <span class='ocrx_word' id='word_1_372' title='bbox 1552 4098 1943 4167; x_wconf 82' lang='lat' dir='ltr'><strong><em>prapositiones</em></strong></span> <span class='ocrx_word' id='word_1_373' title='bbox 1968 4111 2201 4172; x_wconf 86' lang='lat' dir='ltr'><strong><em>sumpta.</em></strong></span> 
     </span>
    </p>
   </div>
   <div class='ocr_carea' id='block_1_60' title="bbox 623 4171 2205 4266">
    <p class='ocr_par' dir='ltr' id='par_1_60' title="bbox 623 4171 2205 4266">
     <span class='ocr_line' id='line_1_60' title="bbox 623 4171 2205 4266; baseline 0.014 -37"><span class='ocrx_word' id='word_1_374' title='bbox 623 4171 910 4231; x_wconf 89' lang='lat' dir='ltr'><strong><em>Dialectica</em></strong></span> <span class='ocrx_word' id='word_1_375' title='bbox 945 4188 1146 4257; x_wconf 32' lang='lat' dir='ltr'><strong><em>“autem</em></strong></span> <span class='ocrx_word' id='word_1_376' title='bbox 1200 4189 1538 4251; x_wconf 88' lang='lat' dir='ltr'><strong><em>percontanti</em></strong></span> <span class='ocrx_word' id='word_1_377' title='bbox 1593 4192 1805 4259; x_wconf 88' lang='lat' dir='ltr'><strong><em>quidem</em></strong></span> <span class='ocrx_word' id='word_1_378' title='bbox 1857 4171 2205 4266; x_wconf 79' lang='lat' dir='ltr'><strong><em>interrogatio</em></strong></span> 
     </span>
    </p>
   </div>
   <div class='ocr_carea' id='block_1_61' title="bbox 624 4266 2205 4355">
    <p class='ocr_par' dir='ltr' id='par_1_61' title="bbox 624 4266 2205 4355">
     <span class='ocr_line' id='line_1_61' title="bbox 624 4266 2205 4355; baseline 0.016 -38"><span class='ocrx_word' id='word_1_379' title='bbox 624 4266 1059 4322; x_wconf 88' lang='lat' dir='ltr'><strong><em>contradictionis</em></strong></span> <span class='ocrx_word' id='word_1_380' title='bbox 1093 4280 1195 4337; x_wconf 83' lang='lat' dir='ltr'><strong><em>est,</em></strong></span> <span class='ocrx_word' id='word_1_381' title='bbox 1227 4273 1562 4344; x_wconf 85' lang='lat' dir='ltr'><strong><em>syllogizanti</em></strong></span> <span class='ocrx_word' id='word_1_382' title='bbox 1613 4295 1743 4336; x_wconf 90' lang='lat' dir='ltr'><strong><em>vero</em></strong></span> <span class='ocrx_word' id='word_1_383' title='bbox 1768 4286 2000 4353; x_wconf 88' lang='lat' dir='ltr'><strong><em>sumptio</em></strong></span> <span class='ocrx_word' id='word_1_384' title='bbox 2044 4300 2205 4355; x_wconf 88' lang='lat' dir='ltr'><strong><em>appa-</em></strong></span> 
     </span>
    </p>
   </div>
   <div class='ocr_carea' id='block_1_62' title="bbox 625 4358 2206 4442">
    <p class='ocr_par' dir='ltr' id='par_1_62' title="bbox 625 4358 2206 4442">
     <span class='ocr_line' id='line_1_62' title="bbox 625 4358 2206 4442; baseline 0.011 -29"><span class='ocrx_word' id='word_1_385' title='bbox 625 4358 795 4413; x_wconf 84' lang='lat' dir='ltr'><strong><em>rentis</em></strong></span> <span class='ocrx_word' id='word_1_386' title='bbox 821 4367 877 4413; x_wconf 88' lang='lat' dir='ltr'><strong><em>et</em></strong></span> <span class='ocrx_word' id='word_1_387' title='bbox 905 4359 1216 4428; x_wconf 82' lang='lat' dir='ltr'><strong><em>probabilis,</em></strong></span> <span class='ocrx_word' id='word_1_388' title='bbox 1243 4365 1693 4432; x_wconf 87' lang='lat' dir='ltr'><strong><em>quemadmodum</em></strong></span> <span class='ocrx_word' id='word_1_389' title='bbox 1745 4372 1797 4425; x_wconf 90' lang='lat' dir='ltr'><strong><em>in</em></strong></span> <span class='ocrx_word' id='word_1_390' title='bbox 1846 4373 2060 4442; x_wconf 89' lang='lat' dir='ltr'><strong><em>Topicis</em></strong></span> <span class='ocrx_word' id='word_1_391' title='bbox 2090 4374 2206 4429; x_wconf 87' lang='lat' dir='ltr'><strong><em>dic-</em></strong></span> 
     </span>
    </p>
   </div>
   <div class='ocr_carea' id='block_1_63' title="bbox 628 4460 2204 4545">
    <p class='ocr_par' dir='ltr' id='par_1_63' title="bbox 628 4460 2204 4545">
     <span class='ocr_line' id='line_1_63' title="bbox 628 4460 2204 4545; baseline 0.014 -34"><span class='ocrx_word' id='word_1_392' title='bbox 628 4464 742 4512; x_wconf 91' lang='lat' dir='ltr'><strong><em>tum</em></strong></span> <span class='ocrx_word' id='word_1_393' title='bbox 771 4468 873 4515; x_wconf 88' lang='lat' dir='ltr'><strong><em>est.</em></strong></span> <span class='ocrx_word' id='word_1_394' title='bbox 900 4460 1037 4527; x_wconf 87' lang='lat' dir='ltr'><strong><em>Quid</em></strong></span> <span class='ocrx_word' id='word_1_395' title='bbox 1085 4472 1168 4517; x_wconf 91' lang='lat' dir='ltr'><strong><em>est</em></strong></span> <span class='ocrx_word' id='word_1_396' title='bbox 1213 4477 1340 4535; x_wconf 87' lang='lat' dir='ltr'><strong><em>ergo</em></strong></span> <span class='ocrx_word' id='word_1_397' title='bbox 1392 4471 1710 4538; x_wconf 91' lang='lat' dir='ltr'><strong><em>propositio,</em></strong></span> <span class='ocrx_word' id='word_1_398' title='bbox 1759 4481 1812 4527; x_wconf 89' lang='lat' dir='ltr'><strong><em>et</em></strong></span> <span class='ocrx_word' id='word_1_399' title='bbox 1853 4475 1981 4545; x_wconf 91' lang='lat' dir='ltr'><strong><em>quid</em></strong></span> <span class='ocrx_word' id='word_1_400' title='bbox 2029 4475 2204 4533; x_wconf 69' lang='lat' dir='ltr'><strong><em>differt</em></strong></span> 
     </span>
    </p>
   </div>
   <div class='ocr_carea' id='block_1_64' title="bbox 2305 3252 3888 3335">
    <p class='ocr_par' dir='ltr' id='par_1_64' title="bbox 2305 3252 3888 3335">
     <span class='ocr_line' id='line_1_64' title="bbox 2305 3252 3888 3335; baseline 0.016 -32"><span class='ocrx_word' id='word_1_401' title='bbox 2305 3256 2407 3316; x_wconf 80' lang='grc' dir='ltr'>εει,</span> <span class='ocrx_word' id='word_1_402' title='bbox 2437 3263 2543 3305; x_wconf 91' lang='lat' dir='ltr'><strong><em>non</em></strong></span> <span class='ocrx_word' id='word_1_403' title='bbox 2566 3258 2741 3306; x_wconf 88' lang='lat' dir='ltr'><strong><em>tamen</em></strong></span> <span class='ocrx_word' id='word_1_404' title='bbox 2772 3252 3166 3326; x_wconf 86' lang='lat' dir='ltr'><strong><em>universaliter,</em></strong></span> <span class='ocrx_word' id='word_1_405' title='bbox 3192 3261 3287 3315; x_wconf 88' lang='lat' dir='ltr'><strong><em>sed</em></strong></span> <span class='ocrx_word' id='word_1_406' title='bbox 3321 3263 3372 3317; x_wconf 93' lang='lat' dir='ltr'><strong><em>in</em></strong></span> <span class='ocrx_word' id='word_1_407' title='bbox 3405 3275 3577 3334; x_wconf 85' lang='lat' dir='ltr'><strong><em>parte,</em></strong></span> <span class='ocrx_word' id='word_1_408' title='bbox 3604 3279 3678 3335; x_wconf 87' lang='lat' dir='ltr'><strong><em>ut,</em></strong></span> <span class='ocrx_word' id='word_1_409' title='bbox 3701 3273 3745 3327; x_wconf 91' lang='lat' dir='ltr'><strong><em>si</em></strong></span> <span class='ocrx_word' id='word_1_410' title='bbox 3769 3287 3888 3327; x_wconf 85' lang='lat' dir='ltr'><strong><em>om-</em></strong></span> 
     </span>
    </p>
   </div>
   <div class='ocr_carea' id='block_1_65' title="bbox 2304 3343 3885 3433">
    <p class='ocr_par' dir='ltr' id='par_1_65' title="bbox 2304 3343 3885 3433">
     <span class='ocr_line' id='line_1_65' title="bbox 2304 3343 3885 3433; baseline 0.015 -36"><span class='ocrx_word' id='word_1_411' title='bbox 2304 3343 2390 3397; x_wconf 90' lang='lat' dir='ltr'><strong><em>nis</em></strong></span> <span class='ocrx_word' id='word_1_412' title='bbox 2414 3344 2675 3414; x_wconf 86' lang='lat' dir='ltr'><strong><em>.voluptas</em></strong></span> <span class='ocrx_word' id='word_1_413' title='bbox 2697 3355 2782 3401; x_wconf 90' lang='lat' dir='ltr'><strong><em>est</em></strong></span> <span class='ocrx_word' id='word_1_414' title='bbox 2821 3347 3040 3416; x_wconf 90' lang='lat' dir='ltr'><strong><em>bonum,</em></strong></span> <span class='ocrx_word' id='word_1_415' title='bbox 3069 3359 3124 3406; x_wconf 88' lang='lat' dir='ltr'><strong><em>et</em></strong></span> <span class='ocrx_word' id='word_1_416' title='bbox 3145 3353 3339 3409; x_wconf 88' lang='lat' dir='ltr'><strong><em>bonum</em></strong></span> <span class='ocrx_word' id='word_1_417' title='bbox 3385 3359 3595 3427; x_wconf 88' lang='lat' dir='ltr'><strong><em>aliquod</em></strong></span> <span class='ocrx_word' id='word_1_418' title='bbox 3626 3364 3885 3433; x_wconf 83' lang='lat' dir='ltr'><strong><em>voluptas.</em></strong></span> 
     </span>
    </p>
   </div>
   <div class='ocr_carea' id='block_1_66' title="bbox 2305 3433 3886 3517">
    <p class='ocr_par' dir='ltr' id='par_1_66' title="bbox 2305 3433 3886 3517">
     <span class='ocr_line' id='line_1_66' title="bbox 2305 3433 3886 3517; baseline 0.015 -29"><span class='ocrx_word' id='word_1_419' title='bbox 2305 3433 2688 3490; x_wconf 85' lang='lat' dir='ltr'><strong><em>Particularem</em></strong></span> <span class='ocrx_word' id='word_1_420' title='bbox 2731 3444 2910 3491; x_wconf 90' lang='lat' dir='ltr'><strong><em>autem</em></strong></span> <span class='ocrx_word' id='word_1_421' title='bbox 2968 3440 3337 3499; x_wconf 83' lang='lat' dir='ltr'><strong><em>aiiirmativam</em></strong></span> <span class='ocrx_word' id='word_1_422' title='bbox 3390 3448 3600 3517; x_wconf 90' lang='lat' dir='ltr'><strong><em>quidem</em></strong></span> <span class='ocrx_word' id='word_1_423' title='bbox 3648 3456 3886 3512; x_wconf 88' lang='lat' dir='ltr'><strong><em>converti</em></strong></span> 
     </span>
    </p>
   </div>
   <div class='ocr_carea' id='block_1_67' title="bbox 2305 3529 3885 3617">
    <p class='ocr_par' dir='ltr' id='par_1_67' title="bbox 2305 3529 3885 3617">
     <span class='ocr_line' id='line_1_67' title="bbox 2305 3529 3885 3617; baseline 0.013 -37"><span class='ocrx_word' id='word_1_424' title='bbox 2305 3535 2525 3580; x_wconf 89' lang='lat' dir='ltr'><strong><em>necesse</em></strong></span> <span class='ocrx_word' id='word_1_425' title='bbox 2568 3535 2650 3581; x_wconf 89' lang='lat' dir='ltr'><strong><em>est</em></strong></span> <span class='ocrx_word' id='word_1_426' title='bbox 2686 3529 3097 3597; x_wconf 89' lang='lat' dir='ltr'><strong><em>particulariter.</em></strong></span> <span class='ocrx_word' id='word_1_427' title='bbox 3140 3534 3272 3590; x_wconf 83' lang='lat' dir='ltr'><strong><em>Nam</em></strong></span> <span class='ocrx_word' id='word_1_428' title='bbox 3314 3537 3357 3591; x_wconf 92' lang='lat' dir='ltr'><strong><em>si</em></strong></span> <span class='ocrx_word' id='word_1_429' title='bbox 3410 3540 3645 3611; x_wconf 83' lang='lat' dir='ltr'><strong><em>voluptas</em></strong></span> <span class='ocrx_word' id='word_1_430' title='bbox 3686 3544 3885 3617; x_wconf 87' lang='lat' dir='ltr'><strong><em>aliqua,</em></strong></span> 
     </span>
    </p>
   </div>
   <div class='ocr_carea' id='block_1_68' title="bbox 2304 3617 3885 3700">
    <p class='ocr_par' dir='ltr' id='par_1_68' title="bbox 2304 3617 3885 3700">
     <span class='ocr_line' id='line_1_68' title="bbox 2304 3617 3885 3700; baseline 0.016 -30"><span class='ocrx_word' id='word_1_431' title='bbox 2304 3617 2523 3683; x_wconf 90' lang='lat' dir='ltr'><strong><em>bonum,</em></strong></span> <span class='ocrx_word' id='word_1_432' title='bbox 2562 3626 2617 3674; x_wconf 91' lang='lat' dir='ltr'><strong><em>et</em></strong></span> <span class='ocrx_word' id='word_1_433' title='bbox 2646 3619 2844 3676; x_wconf 90' lang='lat' dir='ltr'><strong><em>bonum</em></strong></span> <span class='ocrx_word' id='word_1_434' title='bbox 2884 3623 3099 3695; x_wconf 90' lang='lat' dir='ltr'><strong><em>aliquod</em></strong></span> <span class='ocrx_word' id='word_1_435' title='bbox 3124 3627 3225 3682; x_wconf 90' lang='lat' dir='ltr'><strong><em>erit</em></strong></span> <span class='ocrx_word' id='word_1_436' title='bbox 3252 3629 3511 3700; x_wconf 89' lang='lat' dir='ltr'><strong><em>voluptas.</em></strong></span> <span class='ocrx_word' id='word_1_437' title='bbox 3562 3634 3885 3695; x_wconf 83' lang='lat' dir='ltr'><strong><em>Privativam</em></strong></span> 
     </span>
    </p>
   </div>
   <div class='ocr_carea' id='block_1_69' title="bbox 2304 3718 3888 3787">
    <p class='ocr_par' dir='ltr' id='par_1_69' title="bbox 2304 3718 3888 3787">
     <span class='ocr_line' id='line_1_69' title="bbox 2304 3718 3888 3787; baseline 0.015 -24"><span class='ocrx_word' id='word_1_438' title='bbox 2304 3723 2433 3765; x_wconf 92' lang='lat' dir='ltr'><strong><em>vero</em></strong></span> <span class='ocrx_word' id='word_1_439' title='bbox 2462 3726 2569 3766; x_wconf 90' lang='lat' dir='ltr'><strong><em>non</em></strong></span> <span class='ocrx_word' id='word_1_440' title='bbox 2596 3720 2679 3767; x_wconf 90' lang='lat' dir='ltr'><strong><em>est</em></strong></span> <span class='ocrx_word' id='word_1_441' title='bbox 2726 3718 3113 3772; x_wconf 87' lang='lat' dir='ltr'><strong><em>necessarium.</em></strong></span> <span class='ocrx_word' id='word_1_442' title='bbox 3144 3719 3258 3773; x_wconf 83' lang='lat' dir='ltr'><strong><em>Non</em></strong></span> <span class='ocrx_word' id='word_1_443' title='bbox 3300 3723 3439 3778; x_wconf 86' lang='lat' dir='ltr'><strong><em>enim</em></strong></span> <span class='ocrx_word' id='word_1_444' title='bbox 3481 3727 3526 3779; x_wconf 90' lang='lat' dir='ltr'><strong><em>si</em></strong></span> <span class='ocrx_word' id='word_1_445' title='bbox 3575 3726 3735 3784; x_wconf 87' lang='lat' dir='ltr'><strong><em>homo</em></strong></span> <span class='ocrx_word' id='word_1_446' title='bbox 3778 3745 3888 3787; x_wconf 91' lang='lat' dir='ltr'><strong><em>non</em></strong></span> 
     </span>
    </p>
   </div>
   <div class='ocr_carea' id='block_1_70' title="bbox 2303 3800 3888 3880">
    <p class='ocr_par' dir='ltr' id='par_1_70' title="bbox 2303 3800 3888 3880">
     <span class='ocr_line' id='line_1_70' title="bbox 2303 3800 3888 3880; baseline 0.013 -24"><span class='ocrx_word' id='word_1_447' title='bbox 2303 3800 2443 3858; x_wconf 89' lang='lat' dir='ltr'><strong><em>inest</em></strong></span> <span class='ocrx_word' id='word_1_448' title='bbox 2472 3803 2630 3858; x_wconf 88' lang='lat' dir='ltr'><strong><em>alicui</em></strong></span> <span class='ocrx_word' id='word_1_449' title='bbox 2653 3804 2892 3872; x_wconf 88' lang='lat' dir='ltr'><strong><em>animali,</em></strong></span> <span class='ocrx_word' id='word_1_450' title='bbox 2920 3816 2973 3862; x_wconf 92' lang='lat' dir='ltr'><strong><em>et</em></strong></span> <span class='ocrx_word' id='word_1_451' title='bbox 2989 3810 3187 3865; x_wconf 88' lang='lat' dir='ltr'><strong><em>animal</em></strong></span> <span class='ocrx_word' id='word_1_452' title='bbox 3204 3827 3307 3867; x_wconf 93' lang='lat' dir='ltr'><strong><em>non</em></strong></span> <span class='ocrx_word' id='word_1_453' title='bbox 3331 3814 3469 3871; x_wconf 90' lang='lat' dir='ltr'><strong><em>inest</em></strong></span> <span class='ocrx_word' id='word_1_454' title='bbox 3484 3817 3639 3874; x_wconf 87' lang='lat' dir='ltr'><strong><em>alicui</em></strong></span> <span class='ocrx_word' id='word_1_455' title='bbox 3664 3820 3888 3880; x_wconf 85' lang='lat' dir='ltr'><strong><em>homini.</em></strong></span> 
     </span>
    </p>
   </div>
   <div class='ocr_carea' id='block_1_71' title="bbox 2303 3893 3885 3983">
    <p class='ocr_par' dir='ltr' id='par_1_71' title="bbox 2303 3893 3885 3983">
     <span class='ocr_line' id='line_1_71' title="bbox 2303 3893 3885 3983; baseline 0.014 -36"><span class='ocrx_word' id='word_1_456' title='bbox 2303 3893 2537 3949; x_wconf 89' lang='lat' dir='ltr'><strong><em>Primum</em></strong></span> <span class='ocrx_word' id='word_1_457' title='bbox 2568 3910 2697 3966; x_wconf 90' lang='lat' dir='ltr'><strong><em>ergo</em></strong></span> <span class='ocrx_word' id='word_1_458' title='bbox 2738 3896 2809 3951; x_wconf 87' lang='lat' dir='ltr'><strong><em>sit</em></strong></span> <span class='ocrx_word' id='word_1_459' title='bbox 2839 3897 3096 3983; x_wconf 70' lang='lat' dir='ltr'><strong><em>privativa</em></strong></span> <span class='ocrx_word' id='word_1_460' title='bbox 3126 3904 3443 3962; x_wconf 87' lang='lat' dir='ltr'><strong><em>universalis</em></strong></span> <span class='ocrx_word' id='word_1_461' title='bbox 3468 3924 3500 3961; x_wconf 91' lang='lat' dir='ltr'><strong><em>a</em></strong></span> <span class='ocrx_word' id='word_1_462' title='bbox 3523 3909 3549 3962; x_wconf 94' lang='lat' dir='ltr'><strong><em>b</em></strong></span> <span class='ocrx_word' id='word_1_463' title='bbox 3572 3914 3885 3981; x_wconf 87' lang='lat' dir='ltr'><strong><em>propositio,</em></strong></span> 
     </span>
    </p>
   </div>
   <div class='ocr_carea' id='block_1_72' title="bbox 2303 3984 3892 4062">
    <p class='ocr_par' dir='ltr' id='par_1_72' title="bbox 2303 3984 3892 4062">
     <span class='ocr_line' id='line_1_72' title="bbox 2303 3984 3892 4062; baseline 0.014 -23"><span class='ocrx_word' id='word_1_464' title='bbox 2303 3984 2348 4039; x_wconf 90' lang='lat' dir='ltr'><strong><em>si</em></strong></span> <span class='ocrx_word' id='word_1_465' title='bbox 2377 4000 2504 4054; x_wconf 88' lang='lat' dir='ltr'><strong><em>ergo</em></strong></span> <span class='ocrx_word' id='word_1_466' title='bbox 2525 3985 2653 4040; x_wconf 90' lang='lat' dir='ltr'><strong><em>nulli</em></strong></span> <span class='ocrx_word' id='word_1_467' title='bbox 2678 3986 2705 4039; x_wconf 79' lang='grc' dir='ltr'><strong>ὁ</strong></span> <span class='ocrx_word' id='word_1_468' title='bbox 2734 3988 2871 4043; x_wconf 83' lang='grc' dir='ltr'>ἰηεει</span> <span class='ocrx_word' id='word_1_469' title='bbox 2897 4006 2946 4056; x_wconf 87' lang='lat' dir='ltr'><strong><em>a,</em></strong></span> <span class='ocrx_word' id='word_1_470' title='bbox 2981 4006 3152 4062; x_wconf 74' lang='lat' dir='ltr'><strong><em>neque</em></strong></span> <span class='ocrx_word' id='word_1_471' title='bbox 3180 4011 3212 4048; x_wconf 93' lang='lat' dir='ltr'><strong><em>a</em></strong></span> <span class='ocrx_word' id='word_1_472' title='bbox 3242 3997 3376 4051; x_wconf 92' lang='lat' dir='ltr'><strong><em>nulli</em></strong></span> <span class='ocrx_word' id='word_1_473' title='bbox 3402 3999 3561 4055; x_wconf 91' lang='lat' dir='ltr'><strong><em>inerit</em></strong></span> <span class='ocrx_word' id='word_1_474' title='bbox 3602 4003 3654 4055; x_wconf 89' lang='lat' dir='ltr'><strong><em>b.</em></strong></span> <span class='ocrx_word' id='word_1_475' title='bbox 3683 4003 3814 4059; x_wconf 88' lang='lat' dir='ltr'><strong><em>Nam</em></strong></span> <span class='ocrx_word' id='word_1_476' title='bbox 3847 4005 3892 4061; x_wconf 91' lang='lat' dir='ltr'><strong><em>si</em></strong></span> 
     </span>
    </p>
   </div>
   <div class='ocr_carea' id='block_1_73' title="bbox 2303 4077 3889 4154">
    <p class='ocr_par' dir='ltr' id='par_1_73' title="bbox 2303 4077 3889 4154">
     <span class='ocr_line' id='line_1_73' title="bbox 2303 4077 3889 4154; baseline 0.014 -22"><span class='ocrx_word' id='word_1_477' title='bbox 2303 4077 2461 4133; x_wconf 89' lang='lat' dir='ltr'><strong><em>alicui</em></strong></span> <span class='ocrx_word' id='word_1_478' title='bbox 2507 4079 2645 4135; x_wconf 88' lang='lat' dir='ltr'><strong><em>inest</em></strong></span> <span class='ocrx_word' id='word_1_479' title='bbox 2694 4089 2750 4135; x_wconf 91' lang='lat' dir='ltr'><strong><em>ut</em></strong></span> <span class='ocrx_word' id='word_1_480' title='bbox 2781 4097 2829 4149; x_wconf 84' lang='lat' dir='ltr'><strong><em>c,</em></strong></span> <span class='ocrx_word' id='word_1_481' title='bbox 2875 4098 2979 4137; x_wconf 92' lang='lat' dir='ltr'><strong><em>non</em></strong></span> <span class='ocrx_word' id='word_1_482' title='bbox 3015 4100 3201 4141; x_wconf 90' lang='lat' dir='ltr'><strong><em>verum</em></strong></span> <span class='ocrx_word' id='word_1_483' title='bbox 3232 4090 3335 4144; x_wconf 89' lang='lat' dir='ltr'><strong><em>erit</em></strong></span> <span class='ocrx_word' id='word_1_484' title='bbox 3365 4092 3566 4146; x_wconf 91' lang='lat' dir='ltr'><strong><em>nullum</em></strong></span> <span class='ocrx_word' id='word_1_485' title='bbox 3617 4096 3645 4146; x_wconf 90' lang='lat' dir='ltr'><strong><em>b</em></strong></span> <span class='ocrx_word' id='word_1_486' title='bbox 3690 4111 3811 4152; x_wconf 90' lang='lat' dir='ltr'><strong><em>esse</em></strong></span> <span class='ocrx_word' id='word_1_487' title='bbox 3839 4092 3889 4154; x_wconf 80' lang='lat' dir='ltr'><strong><em>a.</em></strong></span> 
     </span>
    </p>
   </div>
   <div class='ocr_carea' id='block_1_74' title="bbox 2302 4169 3890 4244">
    <p class='ocr_par' dir='ltr' id='par_1_74' title="bbox 2302 4169 3890 4244">
     <span class='ocr_line' id='line_1_74' title="bbox 2302 4169 3890 4244; baseline 0.011 -21"><span class='ocrx_word' id='word_1_488' title='bbox 2302 4169 2434 4224; x_wconf 87' lang='lat' dir='ltr'><strong><em>Nam</em></strong></span> <span class='ocrx_word' id='word_1_489' title='bbox 2463 4186 2489 4223; x_wconf 88' lang='lat' dir='ltr'><strong><em>c</em></strong></span> <span class='ocrx_word' id='word_1_490' title='bbox 2517 4185 2702 4227; x_wconf 89' lang='lat' dir='ltr'><strong><em>eorum</em></strong></span> <span class='ocrx_word' id='word_1_491' title='bbox 2726 4187 2844 4243; x_wconf 68' lang='lat' dir='ltr'><strong><em>qua:</em></strong></span> <span class='ocrx_word' id='word_1_492' title='bbox 2867 4182 2991 4229; x_wconf 92' lang='lat' dir='ltr'><strong><em>sunt</em></strong></span> <span class='ocrx_word' id='word_1_493' title='bbox 3017 4175 3045 4228; x_wconf 89' lang='lat' dir='ltr'><strong><em>b</em></strong></span> <span class='ocrx_word' id='word_1_494' title='bbox 3073 4175 3288 4244; x_wconf 90' lang='lat' dir='ltr'><strong><em>aliquod</em></strong></span> <span class='ocrx_word' id='word_1_495' title='bbox 3317 4189 3420 4234; x_wconf 89' lang='lat' dir='ltr'><strong><em>est.</em></strong></span> <span class='ocrx_word' id='word_1_496' title='bbox 3450 4181 3508 4236; x_wconf 92' lang='lat' dir='ltr'><strong><em>Si</em></strong></span> <span class='ocrx_word' id='word_1_497' title='bbox 3539 4198 3664 4238; x_wconf 89' lang='lat' dir='ltr'><strong><em>vero</em></strong></span> <span class='ocrx_word' id='word_1_498' title='bbox 3685 4186 3830 4239; x_wconf 91' lang='lat' dir='ltr'><strong><em>omni</em></strong></span> <span class='ocrx_word' id='word_1_499' title='bbox 3861 4188 3890 4239; x_wconf 80' lang='grc' dir='ltr'><strong>ό</strong></span> 
     </span>
    </p>
   </div>
   <div class='ocr_carea' id='block_1_75' title="bbox 2305 4262 3886 4341">
    <p class='ocr_par' dir='ltr' id='par_1_75' title="bbox 2305 4262 3886 4341">
     <span class='ocr_line' id='line_1_75' title="bbox 2305 4262 3886 4341; baseline 0.011 -25"><span class='ocrx_word' id='word_1_500' title='bbox 2305 4262 2443 4316; x_wconf 88' lang='lat' dir='ltr'><strong><em>inest</em></strong></span> <span class='ocrx_word' id='word_1_501' title='bbox 2468 4280 2521 4330; x_wconf 90' lang='lat' dir='ltr'><strong><em>a,</em></strong></span> <span class='ocrx_word' id='word_1_502' title='bbox 2545 4274 2600 4318; x_wconf 90' lang='lat' dir='ltr'><strong><em>et</em></strong></span> <span class='ocrx_word' id='word_1_503' title='bbox 2624 4263 2653 4316; x_wconf 75' lang='grc' dir='ltr'><strong>ὁ</strong></span> <span class='ocrx_word' id='word_1_504' title='bbox 2674 4263 2833 4324; x_wconf 83' lang='lat' dir='ltr'><strong><em>alicui</em></strong></span> <span class='ocrx_word' id='word_1_505' title='bbox 2861 4281 2893 4317; x_wconf 80' lang='grc' dir='ltr'><em>α</em></span> <span class='ocrx_word' id='word_1_506' title='bbox 2921 4265 3077 4331; x_wconf 87' lang='lat' dir='ltr'><strong><em>inest,</em></strong></span> <span class='ocrx_word' id='word_1_507' title='bbox 3104 4281 3224 4320; x_wconf 86' lang='lat' dir='ltr'><strong><em>nam</em></strong></span> <span class='ocrx_word' id='word_1_508' title='bbox 3253 4269 3297 4322; x_wconf 91' lang='lat' dir='ltr'><strong><em>si</em></strong></span> <span class='ocrx_word' id='word_1_509' title='bbox 3321 4270 3472 4335; x_wconf 85' lang='lat' dir='ltr'><strong><em>nulli,</em></strong></span> <span class='ocrx_word' id='word_1_510' title='bbox 3498 4287 3670 4341; x_wconf 88' lang='lat' dir='ltr'><strong><em>neque</em></strong></span> <span class='ocrx_word' id='word_1_511' title='bbox 3699 4289 3730 4326; x_wconf 86' lang='lat' dir='ltr'><strong><em>a</em></strong></span> <span class='ocrx_word' id='word_1_512' title='bbox 3752 4276 3886 4333; x_wconf 90' lang='lat' dir='ltr'><strong><em>nulli</em></strong></span> 
     </span>
    </p>
   </div>
   <div class='ocr_carea' id='block_1_76' title="bbox 2306 4353 3885 4427">
    <p class='ocr_par' dir='ltr' id='par_1_76' title="bbox 2306 4353 3885 4427">
     <span class='ocr_line' id='line_1_76' title="bbox 2306 4353 3885 4427; baseline 0.011 -20"><span class='ocrx_word' id='word_1_513' title='bbox 2306 4353 2335 4408; x_wconf 72' lang='grc' dir='ltr'><strong><em>ὑ</em></strong></span> <span class='ocrx_word' id='word_1_514' title='bbox 2358 4354 2533 4421; x_wconf 90' lang='lat' dir='ltr'><strong><em>inerit,</em></strong></span> <span class='ocrx_word' id='word_1_515' title='bbox 2580 4356 2673 4411; x_wconf 86' lang='lat' dir='ltr'><strong><em>sed</em></strong></span> <span class='ocrx_word' id='word_1_516' title='bbox 2704 4358 2932 4427; x_wconf 89' lang='lat' dir='ltr'><strong><em>positum</em></strong></span> <span class='ocrx_word' id='word_1_517' title='bbox 2956 4367 3069 4413; x_wconf 84' lang='lat' dir='ltr'><strong><em>erat</em></strong></span> <span class='ocrx_word' id='word_1_518' title='bbox 3106 4360 3247 4414; x_wconf 93' lang='lat' dir='ltr'><strong><em>omni</em></strong></span> <span class='ocrx_word' id='word_1_519' title='bbox 3275 4361 3473 4418; x_wconf 89' lang='lat' dir='ltr'><strong><em>inesse.</em></strong></span> <span class='ocrx_word' id='word_1_520' title='bbox 3503 4363 3762 4424; x_wconf 89' lang='lat' dir='ltr'><strong><em>Similiter</em></strong></span> <span class='ocrx_word' id='word_1_521' title='bbox 3790 4384 3885 4424; x_wconf 86' lang='lat' dir='ltr'><strong><em>au-</em></strong></span> 
     </span>
    </p>
   </div>
   <div class='ocr_carea' id='block_1_77' title="bbox 2306 4448 3889 4521">
    <p class='ocr_par' dir='ltr' id='par_1_77' title="bbox 2306 4448 3889 4521">
     <span class='ocr_line' id='line_1_77' title="bbox 2306 4448 3889 4521; baseline 0.01 -20"><span class='ocrx_word' id='word_1_522' title='bbox 2306 4453 2413 4501; x_wconf 90' lang='lat' dir='ltr'><strong><em>tem</em></strong></span> <span class='ocrx_word' id='word_1_523' title='bbox 2445 4456 2499 4503; x_wconf 89' lang='lat' dir='ltr'><strong><em>et</em></strong></span> <span class='ocrx_word' id='word_1_524' title='bbox 2541 4448 2585 4503; x_wconf 89' lang='lat' dir='ltr'><strong><em>si</em></strong></span> <span class='ocrx_word' id='word_1_525' title='bbox 2618 4449 2950 4517; x_wconf 85' lang='lat' dir='ltr'><strong><em>particularis</em></strong></span> <span class='ocrx_word' id='word_1_526' title='bbox 2977 4458 3059 4505; x_wconf 90' lang='lat' dir='ltr'><strong><em>est</em></strong></span> <span class='ocrx_word' id='word_1_527' title='bbox 3096 4453 3407 4521; x_wconf 87' lang='lat' dir='ltr'><strong><em>propositio,</em></strong></span> <span class='ocrx_word' id='word_1_528' title='bbox 3458 4470 3578 4510; x_wconf 91' lang='lat' dir='ltr'><strong><em>nam</em></strong></span> <span class='ocrx_word' id='word_1_529' title='bbox 3617 4458 3663 4512; x_wconf 92' lang='lat' dir='ltr'><strong><em>si</em></strong></span> <span class='ocrx_word' id='word_1_530' title='bbox 3694 4460 3833 4516; x_wconf 87' lang='lat' dir='ltr'><strong><em>inest</em></strong></span> <span class='ocrx_word' id='word_1_531' title='bbox 3857 4479 3889 4517; x_wconf 87' lang='lat' dir='ltr'><strong><em>a</em></strong></span> 
     </span>
    </p>
   </div>
   <div class='ocr_carea' id='block_1_78' title="bbox 624 4536 3890 4641">
    <p class='ocr_par' dir='ltr' id='par_1_78' title="bbox 624 4536 3890 4641">
     <span class='ocr_line' id='line_1_78' title="bbox 624 4536 3890 4641; baseline -0.001 -36"><span class='ocrx_word' id='word_1_532' title='bbox 624 4551 951 4621; x_wconf 73' lang='lat' dir='ltr'><strong><em>syllogisnca</em></strong></span> <span class='ocrx_word' id='word_1_533' title='bbox 1011 4570 1041 4610; x_wconf 90' lang='lat' dir='ltr'><strong><em>a</em></strong></span> <span class='ocrx_word' id='word_1_534' title='bbox 1085 4536 1506 4617; x_wconf 84' lang='lat' dir='ltr'><strong><em>demonstrativa</em></strong></span> <span class='ocrx_word' id='word_1_535' title='bbox 1556 4572 1609 4619; x_wconf 88' lang='lat' dir='ltr'><strong><em>et</em></strong></span> <span class='ocrx_word' id='word_1_536' title='bbox 1639 4536 1940 4636; x_wconf 73' lang='lat' dir='ltr'><strong><em>dialectica,</em></strong></span> <span class='ocrx_word' id='word_1_537' title='bbox 1974 4550 2209 4641; x_wconf 32' lang='lat' dir='ltr'><strong><em>diligens</em></strong></span> <span class='ocrx_word' id='word_1_538' title='bbox 2232 4539 2283 4601; x_wconf 80' lang='lat' dir='ltr'><strong>D</strong></span> <span class='ocrx_word' id='word_1_539' title='bbox 2308 4536 2464 4639; x_wconf 68' lang='grc' dir='ltr'><strong><em>ξ¹¹ί⁰¹¹ί</em></strong></span> <span class='ocrx_word' id='word_1_540' title='bbox 2514 4536 2659 4641; x_wconf 43' lang='grc' dir='ltr'><strong><em>θιοθί</em></strong></span> <span class='ocrx_word' id='word_1_541' title='bbox 2746 4539 3113 4641; x_wconf 46' lang='grc' dir='ltr'>θίιειξξροιίιηι</span> <span class='ocrx_word' id='word_1_542' title='bbox 3161 4556 3280 4641; x_wconf 48' lang='lat' dir='ltr'><strong><em>quas</em></strong></span> <span class='ocrx_word' id='word_1_543' title='bbox 3309 4554 3444 4641; x_wconf 75' lang='lat' dir='ltr'><strong><em>sunt</em></strong></span> <span class='ocrx_word' id='word_1_544' title='bbox 3486 4562 3517 4641; x_wconf 62' lang='grc' dir='ltr'><strong><em>ιι</em></strong></span> <span class='ocrx_word' id='word_1_545' title='bbox 3557 4560 3777 4641; x_wconf 64' lang='lat' dir='ltr'><strong><em>necesse</em></strong></span> <span class='ocrx_word' id='word_1_546' title='bbox 3806 4556 3890 4605; x_wconf 87' lang='lat' dir='ltr'><strong><em>est</em></strong></span> 
     </span>
    </p>
   </div>
   <div class='ocr_carea' id='block_1_79' title="bbox 624 4641 2198 4730">
    <p class='ocr_par' dir='ltr' id='par_1_79' title="bbox 624 4641 2198 4730">
     <span class='ocr_line' id='line_1_79' title="bbox 624 4641 2198 4730; baseline 0.016 -35"><span class='ocrx_word' id='word_1_547' title='bbox 624 4641 730 4697; x_wconf 89' lang='lat' dir='ltr'><strong><em>tius</em></strong></span> <span class='ocrx_word' id='word_1_548' title='bbox 750 4644 963 4711; x_wconf 72' lang='lat' dir='ltr'><strong><em>Quidem</em></strong></span> <span class='ocrx_word' id='word_1_549' title='bbox 996 4649 1047 4703; x_wconf 93' lang='lat' dir='ltr'><strong><em>in</em></strong></span> <span class='ocrx_word' id='word_1_550' title='bbox 1076 4654 1423 4724; x_wconf 87' lang='lat' dir='ltr'><strong><em>sequentibus</em></strong></span> <span class='ocrx_word' id='word_1_551' title='bbox 1467 4656 1693 4715; x_wconf 88' lang='lat' dir='ltr'><strong><em>dicetur.</em></strong></span> <span class='ocrx_word' id='word_1_552' title='bbox 1746 4660 1827 4715; x_wconf 84' lang='lat' dir='ltr'><strong><em>Ad</em></strong></span> <span class='ocrx_word' id='word_1_553' title='bbox 1880 4675 2198 4730; x_wconf 83' lang='lat' dir='ltr'><strong><em>praesentem</em></strong></span> 
     </span>
    </p>
   </div>
   <div class='ocr_carea' id='block_1_80' title="bbox 623 4738 2196 4827">
    <p class='ocr_par' dir='ltr' id='par_1_80' title="bbox 623 4738 2196 4827">
     <span class='ocr_line' id='line_1_80' title="bbox 623 4738 2196 4827; baseline 0.016 -38"><span class='ocrx_word' id='word_1_554' title='bbox 623 4751 757 4791; x_wconf 85' lang='lat' dir='ltr'><strong><em>vero</em></strong></span> <span class='ocrx_word' id='word_1_555' title='bbox 782 4738 1083 4810; x_wconf 89' lang='lat' dir='ltr'><strong><em>utilitatem,</em></strong></span> <span class='ocrx_word' id='word_1_556' title='bbox 1117 4747 1445 4805; x_wconf 82' lang='lat' dir='ltr'><strong><em>sufﬁcienter</em></strong></span> <span class='ocrx_word' id='word_1_557' title='bbox 1490 4752 1644 4809; x_wconf 93' lang='lat' dir='ltr'><strong><em>nobis</em></strong></span> <span class='ocrx_word' id='word_1_558' title='bbox 1672 4753 2025 4812; x_wconf 86' lang='lat' dir='ltr'><strong><em>determinata</em></strong></span> <span class='ocrx_word' id='word_1_559' title='bbox 2066 4757 2196 4827; x_wconf 89' lang='lat' dir='ltr'><strong><em>sint,</em></strong></span> 
     </span>
    </p>
   </div>
   <div class='ocr_carea' id='block_1_81' title="bbox 625 4835 2199 4917">
    <p class='ocr_par' dir='ltr' id='par_1_81' title="bbox 625 4835 2199 4917">
     <span class='ocr_line' id='line_1_81' title="bbox 625 4835 2199 4917; baseline 0.017 -37"><span class='ocrx_word' id='word_1_560' title='bbox 625 4844 744 4899; x_wconf 86' lang='lat' dir='ltr'><strong><em>quae</em></strong></span> <span class='ocrx_word' id='word_1_561' title='bbox 783 4846 924 4887; x_wconf 90' lang='lat' dir='ltr'><strong><em>nunc</em></strong></span> <span class='ocrx_word' id='word_1_562' title='bbox 968 4835 1109 4892; x_wconf 91' lang='lat' dir='ltr'><strong><em>dicta</em></strong></span> <span class='ocrx_word' id='word_1_563' title='bbox 1165 4851 1307 4896; x_wconf 89' lang='lat' dir='ltr'><strong><em>sunt.</em></strong></span> <span class='ocrx_word' id='word_1_564' title='bbox 1356 4844 1665 4900; x_wconf 87' lang='lat' dir='ltr'><strong><em>Termiuum</em></strong></span> <span class='ocrx_word' id='word_1_565' title='bbox 1718 4858 1896 4904; x_wconf 88' lang='lat' dir='ltr'><strong><em>autem</em></strong></span> <span class='ocrx_word' id='word_1_566' title='bbox 1948 4865 2102 4917; x_wconf 90' lang='lat' dir='ltr'><strong><em>voco,</em></strong></span> <span class='ocrx_word' id='word_1_567' title='bbox 2147 4852 2199 4906; x_wconf 92' lang='lat' dir='ltr'><strong><em>in</em></strong></span> 
     </span>
    </p>
   </div>
   <div class='ocr_carea' id='block_1_82' title="bbox 622 4925 2202 5015">
    <p class='ocr_par' dir='ltr' id='par_1_82' title="bbox 622 4925 2202 5015">
     <span class='ocr_line' id='line_1_82' title="bbox 622 4925 2202 5015; baseline 0.017 -43"><span class='ocrx_word' id='word_1_568' title='bbox 622 4934 780 4991; x_wconf 87' lang='lat' dir='ltr'><strong><em>quem</em></strong></span> <span class='ocrx_word' id='word_1_569' title='bbox 806 4925 1097 4982; x_wconf 88' lang='lat' dir='ltr'><strong><em>resolvitur</em></strong></span> <span class='ocrx_word' id='word_1_570' title='bbox 1119 4934 1432 5001; x_wconf 83' lang='lat' dir='ltr'><strong><em>propositio,</em></strong></span> <span class='ocrx_word' id='word_1_571' title='bbox 1458 4944 1516 4990; x_wconf 92' lang='lat' dir='ltr'><strong><em>ut</em></strong></span> <span class='ocrx_word' id='word_1_572' title='bbox 1548 4938 1909 5008; x_wconf 80' lang='lat' dir='ltr'><strong><em>praedicatum,</em></strong></span> <span class='ocrx_word' id='word_1_573' title='bbox 1930 4949 1984 4996; x_wconf 89' lang='lat' dir='ltr'><strong><em>et</em></strong></span> <span class='ocrx_word' id='word_1_574' title='bbox 2004 4944 2069 4997; x_wconf 89' lang='lat' dir='ltr'><strong><em>de</em></strong></span> <span class='ocrx_word' id='word_1_575' title='bbox 2095 4959 2202 5015; x_wconf 92' lang='lat' dir='ltr'><strong><em>quo</em></strong></span> 
     </span>
    </p>
   </div>
   <div class='ocr_carea' id='block_1_83' title="bbox 622 5016 2203 5098">
    <p class='ocr_par' dir='ltr' id='par_1_83' title="bbox 622 5016 2203 5098">
     <span class='ocr_line' id='line_1_83' title="bbox 622 5016 2203 5098; baseline 0.014 -29"><span class='ocrx_word' id='word_1_576' title='bbox 622 5016 966 5085; x_wconf 62' lang='lat' dir='ltr'><strong><em>praedicatur,</em></strong></span> <span class='ocrx_word' id='word_1_577' title='bbox 989 5021 1078 5074; x_wconf 87' lang='lat' dir='ltr'><strong><em>vel</em></strong></span> <span class='ocrx_word' id='word_1_578' title='bbox 1104 5025 1370 5093; x_wconf 84' lang='lat' dir='ltr'><strong><em>apposito,</em></strong></span> <span class='ocrx_word' id='word_1_579' title='bbox 1408 5028 1489 5082; x_wconf 88' lang='lat' dir='ltr'><strong><em>vel</em></strong></span> <span class='ocrx_word' id='word_1_580' title='bbox 1527 5038 1774 5098; x_wconf 85' lang='lat' dir='ltr'><strong><em>separato</em></strong></span> <span class='ocrx_word' id='word_1_581' title='bbox 1801 5047 1937 5097; x_wconf 89' lang='lat' dir='ltr'><strong><em>esse,</em></strong></span> <span class='ocrx_word' id='word_1_582' title='bbox 1967 5035 2045 5088; x_wconf 89' lang='lat' dir='ltr'><strong><em>vel</em></strong></span> <span class='ocrx_word' id='word_1_583' title='bbox 2094 5050 2203 5090; x_wconf 90' lang='lat' dir='ltr'><strong><em>non</em></strong></span> 
     </span>
    </p>
   </div>
   <div class='ocr_carea' id='block_1_84' title="bbox 586 5112 2203 5195">
    <p class='ocr_par' dir='ltr' id='par_1_84' title="bbox 586 5112 2203 5195">
     <span class='ocr_line' id='line_1_84' title="bbox 586 5112 2203 5195; baseline 0.012 -31"><span class='ocrx_word' id='word_1_584' title='bbox 586 5182 589 5183; x_wconf 15' lang='grc' dir='ltr'><em>ν</em></span> <span class='ocrx_word' id='word_1_585' title='bbox 622 5123 763 5166; x_wconf 88' lang='lat' dir='ltr'><strong><em>esse.</em></strong></span> <span class='ocrx_word' id='word_1_586' title='bbox 798 5112 1153 5185; x_wconf 78' lang='lat' dir='ltr'><strong><em>Syllogismus</em></strong></span> <span class='ocrx_word' id='word_1_587' title='bbox 1174 5126 1256 5171; x_wconf 88' lang='lat' dir='ltr'><strong><em>est</em></strong></span> <span class='ocrx_word' id='word_1_588' title='bbox 1286 5119 1459 5173; x_wconf 89' lang='lat' dir='ltr'><strong><em>oratio</em></strong></span> <span class='ocrx_word' id='word_1_589' title='bbox 1502 5121 1552 5174; x_wconf 92' lang='lat' dir='ltr'><strong><em>in</em></strong></span> <span class='ocrx_word' id='word_1_590' title='bbox 1584 5136 1707 5191; x_wconf 87' lang='lat' dir='ltr'><strong><em>qua,</em></strong></span> <span class='ocrx_word' id='word_1_591' title='bbox 1736 5123 2053 5192; x_wconf 89' lang='lat' dir='ltr'><strong><em>quibusdam</em></strong></span> <span class='ocrx_word' id='word_1_592' title='bbox 2108 5141 2203 5195; x_wconf 87' lang='lat' dir='ltr'><strong><em>po-</em></strong></span> 
     </span>
    </p>
   </div>
   <div class='ocr_carea' id='block_1_85' title="bbox 622 5201 2199 5281">
    <p class='ocr_par' dir='ltr' id='par_1_85' title="bbox 622 5201 2199 5281">
     <span class='ocr_line' id='line_1_85' title="bbox 622 5201 2199 5281; baseline 0.012 -26"><span class='ocrx_word' id='word_1_593' title='bbox 622 5201 764 5269; x_wconf 87' lang='lat' dir='ltr'><strong><em>sitis,</em></strong></span> <span class='ocrx_word' id='word_1_594' title='bbox 794 5204 936 5259; x_wconf 87' lang='lat' dir='ltr'><strong><em>allud</em></strong></span> <span class='ocrx_word' id='word_1_595' title='bbox 959 5205 1213 5274; x_wconf 90' lang='lat' dir='ltr'><strong><em>quiddam</em></strong></span> <span class='ocrx_word' id='word_1_596' title='bbox 1254 5208 1322 5265; x_wconf 84' lang='lat' dir='ltr'><strong><em>ab</em></strong></span> <span class='ocrx_word' id='word_1_597' title='bbox 1350 5208 1433 5264; x_wconf 88' lang='lat' dir='ltr'><strong><em>his</em></strong></span> <span class='ocrx_word' id='word_1_598' title='bbox 1460 5226 1578 5279; x_wconf 70' lang='lat' dir='ltr'><strong><em>qua:</em></strong></span> <span class='ocrx_word' id='word_1_599' title='bbox 1628 5212 1799 5281; x_wconf 89' lang='lat' dir='ltr'><strong><em>posita</em></strong></span> <span class='ocrx_word' id='word_1_600' title='bbox 1840 5225 1963 5269; x_wconf 89' lang='lat' dir='ltr'><strong><em>sunt</em></strong></span> <span class='ocrx_word' id='word_1_601' title='bbox 1994 5231 2059 5271; x_wconf 81' lang='lat' dir='ltr'><strong><em>cx</em></strong></span> <span class='ocrx_word' id='word_1_602' title='bbox 2103 5234 2199 5275; x_wconf 88' lang='lat' dir='ltr'><strong><em>ne-</em></strong></span> 
     </span>
    </p>
   </div>
   <div class='ocr_carea' id='block_1_86' title="bbox 619 5292 2201 5370">
    <p class='ocr_par' dir='ltr' id='par_1_86' title="bbox 619 5292 2201 5370">
     <span class='ocr_line' id='line_1_86' title="bbox 619 5292 2201 5370; baseline 0.013 -25"><span class='ocrx_word' id='word_1_603' title='bbox 619 5292 872 5350; x_wconf 86' lang='lat' dir='ltr'><strong><em>cessitate</em></strong></span> <span class='ocrx_word' id='word_1_604' title='bbox 903 5296 1119 5365; x_wconf 89' lang='lat' dir='ltr'><strong><em>accidit,</em></strong></span> <span class='ocrx_word' id='word_1_605' title='bbox 1153 5313 1223 5354; x_wconf 90' lang='lat' dir='ltr'><strong><em>eo</em></strong></span> <span class='ocrx_word' id='word_1_606' title='bbox 1268 5300 1408 5370; x_wconf 91' lang='lat' dir='ltr'><strong><em>quod</em></strong></span> <span class='ocrx_word' id='word_1_607' title='bbox 1436 5300 1550 5357; x_wconf 83' lang='lat' dir='ltr'><strong><em>haec</em></strong></span> <span class='ocrx_word' id='word_1_608' title='bbox 1571 5313 1713 5357; x_wconf 88' lang='lat' dir='ltr'><strong><em>sunt.</em></strong></span> <span class='ocrx_word' id='word_1_609' title='bbox 1771 5304 1898 5360; x_wconf 91' lang='lat' dir='ltr'><strong><em>Dico</em></strong></span> <span class='ocrx_word' id='word_1_610' title='bbox 1928 5316 2104 5363; x_wconf 89' lang='lat' dir='ltr'><strong><em>autem</em></strong></span> <span class='ocrx_word' id='word_1_611' title='bbox 2135 5325 2201 5366; x_wconf 90' lang='lat' dir='ltr'><strong><em>eo</em></strong></span> 
     </span>
    </p>
   </div>
   <div class='ocr_carea' id='block_1_87' title="bbox 620 5383 2203 5467">
    <p class='ocr_par' dir='ltr' id='par_1_87' title="bbox 620 5383 2203 5467">
     <span class='ocr_line' id='line_1_87' title="bbox 620 5383 2203 5467; baseline 0.013 -31"><span class='ocrx_word' id='word_1_612' title='bbox 620 5383 761 5452; x_wconf 89' lang='lat' dir='ltr'><strong><em>quod</em></strong></span> <span class='ocrx_word' id='word_1_613' title='bbox 785 5384 901 5441; x_wconf 68' lang='lat' dir='ltr'><strong><em>haec</em></strong></span> <span class='ocrx_word' id='word_1_614' title='bbox 921 5400 1065 5456; x_wconf 90' lang='lat' dir='ltr'><strong><em>sunt,</em></strong></span> <span class='ocrx_word' id='word_1_615' title='bbox 1099 5399 1323 5461; x_wconf 87' lang='lat' dir='ltr'><strong><em>propter</em></strong></span> <span class='ocrx_word' id='word_1_616' title='bbox 1353 5392 1468 5446; x_wconf 65' lang='lat' dir='ltr'><strong><em>hinc</em></strong></span> <span class='ocrx_word' id='word_1_617' title='bbox 1505 5393 1767 5451; x_wconf 88' lang='lat' dir='ltr'><strong><em>accidere.</em></strong></span> <span class='ocrx_word' id='word_1_618' title='bbox 1822 5394 2047 5467; x_wconf 83' lang='lat' dir='ltr'><strong><em>PrOpter</em></strong></span> <span class='ocrx_word' id='word_1_619' title='bbox 2089 5401 2203 5458; x_wconf 84' lang='lat' dir='ltr'><strong><em>haec</em></strong></span> 
     </span>
    </p>
   </div>
   <div class='ocr_carea' id='block_1_88' title="bbox 618 5479 2202 5567">
    <p class='ocr_par' dir='ltr' id='par_1_88' title="bbox 618 5479 2202 5567">
     <span class='ocr_line' id='line_1_88' title="bbox 618 5479 2202 5567; baseline 0.013 -38"><span class='ocrx_word' id='word_1_620' title='bbox 618 5488 749 5532; x_wconf 90' lang='lat' dir='ltr'><strong><em>vero</em></strong></span> <span class='ocrx_word' id='word_1_621' title='bbox 777 5479 1043 5552; x_wconf 88' lang='lat' dir='ltr'><strong><em>accidere,</em></strong></span> <span class='ocrx_word' id='word_1_622' title='bbox 1069 5491 1152 5539; x_wconf 90' lang='lat' dir='ltr'><strong><em>est</em></strong></span> <span class='ocrx_word' id='word_1_623' title='bbox 1192 5484 1393 5541; x_wconf 90' lang='lat' dir='ltr'><strong><em>nullius</em></strong></span> <span class='ocrx_word' id='word_1_624' title='bbox 1422 5486 1762 5544; x_wconf 79' lang='lat' dir='ltr'><strong><em>extrinsecus</em></strong></span> <span class='ocrx_word' id='word_1_625' title='bbox 1801 5492 2015 5546; x_wconf 89' lang='lat' dir='ltr'><strong><em>termini</em></strong></span> <span class='ocrx_word' id='word_1_626' title='bbox 2061 5492 2202 5567; x_wconf 49' lang='lat' dir='ltr'><strong><em>indi-5</em></strong></span> 
     </span>
    </p>
   </div>
   <div class='ocr_carea' id='block_1_89' title="bbox 617 5570 2201 5657">
    <p class='ocr_par' dir='ltr' id='par_1_89' title="bbox 617 5570 2201 5657">
     <span class='ocr_line' id='line_1_89' title="bbox 617 5570 2201 5657; baseline 0.013 -36"><span class='ocrx_word' id='word_1_627' title='bbox 617 5580 765 5636; x_wconf 86' lang='lat' dir='ltr'><strong><em>gere,</em></strong></span> <span class='ocrx_word' id='word_1_628' title='bbox 792 5579 848 5623; x_wconf 93' lang='lat' dir='ltr'><strong><em>ut</em></strong></span> <span class='ocrx_word' id='word_1_629' title='bbox 869 5570 960 5626; x_wconf 82' lang='lat' dir='ltr'><strong><em>ﬁat</em></strong></span> <span class='ocrx_word' id='word_1_630' title='bbox 980 5578 1364 5631; x_wconf 88' lang='lat' dir='ltr'><strong><em>necessarium.</em></strong></span> <span class='ocrx_word' id='word_1_631' title='bbox 1389 5577 1690 5634; x_wconf 79' lang='lat' dir='ltr'><strong><em>Perfectum</em></strong></span> <span class='ocrx_word' id='word_1_632' title='bbox 1725 5595 1853 5637; x_wconf 89' lang='lat' dir='ltr'><strong><em>vero</em></strong></span> <span class='ocrx_word' id='word_1_633' title='bbox 1884 5599 2018 5640; x_wconf 84' lang='lat' dir='ltr'><strong><em>voco</em></strong></span> <span class='ocrx_word' id='word_1_634' title='bbox 2038 5587 2201 5657; x_wconf 88' lang='lat' dir='ltr'><strong><em>syllo-</em></strong></span> 
     </span>
    </p>
   </div>
   <div class='ocr_carea' id='block_1_90' title="bbox 619 5659 2200 5749">
    <p class='ocr_par' dir='ltr' id='par_1_90' title="bbox 619 5659 2200 5749">
     <span class='ocr_line' id='line_1_90' title="bbox 619 5659 2200 5749; baseline 0.016 -39"><span class='ocrx_word' id='word_1_635' title='bbox 619 5659 873 5729; x_wconf 84' lang='lat' dir='ltr'><strong><em>gismum,</em></strong></span> <span class='ocrx_word' id='word_1_636' title='bbox 907 5666 996 5734; x_wconf 90' lang='lat' dir='ltr'><strong><em>qui</em></strong></span> <span class='ocrx_word' id='word_1_637' title='bbox 1042 5667 1240 5724; x_wconf 89' lang='lat' dir='ltr'><strong><em>nullius</em></strong></span> <span class='ocrx_word' id='word_1_638' title='bbox 1282 5670 1414 5725; x_wconf 89' lang='lat' dir='ltr'><strong><em>alius</em></strong></span> <span class='ocrx_word' id='word_1_639' title='bbox 1465 5672 1684 5746; x_wconf 88' lang='lat' dir='ltr'><strong><em>indiget,</em></strong></span> <span class='ocrx_word' id='word_1_640' title='bbox 1733 5686 1927 5745; x_wconf 60' lang='lat' dir='ltr'><strong><em>praeter</em></strong></span> <span class='ocrx_word' id='word_1_641' title='bbox 1966 5693 2027 5733; x_wconf 87' lang='lat' dir='ltr'><strong><em>ea</em></strong></span> <span class='ocrx_word' id='word_1_642' title='bbox 2082 5694 2200 5749; x_wconf 67' lang='lat' dir='ltr'><strong><em>quia:</em></strong></span> 
     </span>
    </p>
   </div>
   <div class='ocr_carea' id='block_1_91' title="bbox 617 5761 2197 5839">
    <p class='ocr_par' dir='ltr' id='par_1_91' title="bbox 617 5761 2197 5839">
     <span class='ocr_line' id='line_1_91' title="bbox 617 5761 2197 5839; baseline 0.012 -34"><span class='ocrx_word' id='word_1_643' title='bbox 617 5761 829 5820; x_wconf 80' lang='lat' dir='ltr'><strong><em>sumpta</em></strong></span> <span class='ocrx_word' id='word_1_644' title='bbox 853 5764 997 5819; x_wconf 89' lang='lat' dir='ltr'><strong><em>sunt,</em></strong></span> <span class='ocrx_word' id='word_1_645' title='bbox 1032 5765 1090 5812; x_wconf 88' lang='lat' dir='ltr'><strong><em>ut</em></strong></span> <span class='ocrx_word' id='word_1_646' title='bbox 1116 5768 1373 5829; x_wconf 88' lang='lat' dir='ltr'><strong><em>appareat</em></strong></span> <span class='ocrx_word' id='word_1_647' title='bbox 1395 5765 1780 5821; x_wconf 90' lang='lat' dir='ltr'><strong><em>necessarium.</em></strong></span> <span class='ocrx_word' id='word_1_648' title='bbox 1823 5767 2197 5839; x_wconf 82' lang='lat' dir='ltr'><strong><em>imperfectum</em></strong></span> 
     </span>
    </p>
   </div>
   <div class='ocr_carea' id='block_1_92' title="bbox 616 5846 2175 5921">
    <p class='ocr_par' dir='ltr' id='par_1_92' title="bbox 616 5846 2175 5921">
     <span class='ocr_line' id='line_1_92' title="bbox 616 5846 2175 5921; baseline 0.013 -22"><span class='ocrx_word' id='word_1_649' title='bbox 616 5850 776 5910; x_wconf 83' lang='lat' dir='ltr'><strong><em>vero,</em></strong></span> <span class='ocrx_word' id='word_1_650' title='bbox 809 5846 902 5914; x_wconf 89' lang='lat' dir='ltr'><strong><em>qui</em></strong></span> <span class='ocrx_word' id='word_1_651' title='bbox 932 5848 1133 5921; x_wconf 87' lang='lat' dir='ltr'><strong><em>indiget</em></strong></span> <span class='ocrx_word' id='word_1_652' title='bbox 1161 5860 1252 5907; x_wconf 89' lang='lat' dir='ltr'><strong><em>aut</em></strong></span> <span class='ocrx_word' id='word_1_653' title='bbox 1302 5853 1460 5911; x_wconf 87' lang='lat' dir='ltr'><strong><em>unius</em></strong></span> <span class='ocrx_word' id='word_1_654' title='bbox 1491 5864 1582 5911; x_wconf 91' lang='lat' dir='ltr'><strong><em>aut</em></strong></span> <span class='ocrx_word' id='word_1_655' title='bbox 1610 5857 1843 5917; x_wconf 85' lang='lat' dir='ltr'><strong><em>olurium</em></strong></span> <span class='ocrx_word' id='word_1_656' title='bbox 1864 5900 1881 5921; x_wconf 97' lang='lat'><strong><em>.</em></strong></span> <span class='ocrx_word' id='word_1_657' title='bbox 1929 5877 2047 5920; x_wconf 82' lang='lat' dir='ltr'><strong><em>uuae</em></strong></span> <span class='ocrx_word' id='word_1_658' title='bbox 2077 5877 2175 5920; x_wconf 81' lang='lat' dir='ltr'><strong><em>sun</em></strong></span> 
     </span>
    </p>
   </div>
   <div class='ocr_carea' id='block_1_93' title="bbox 2308 4627 3891 4705">
    <p class='ocr_par' dir='ltr' id='par_1_93' title="bbox 2308 4627 3891 4705">
     <span class='ocr_line' id='line_1_93' title="bbox 2308 4627 3891 4705; baseline 0.009 -23"><span class='ocrx_word' id='word_1_659' title='bbox 2308 4627 2520 4693; x_wconf 91' lang='lat' dir='ltr'><strong><em>inesse;</em></strong></span> <span class='ocrx_word' id='word_1_660' title='bbox 2548 4629 2595 4683; x_wconf 91' lang='lat' dir='ltr'><strong><em>si</em></strong></span> <span class='ocrx_word' id='word_1_661' title='bbox 2624 4629 2763 4684; x_wconf 89' lang='lat' dir='ltr'><strong><em>enim</em></strong></span> <span class='ocrx_word' id='word_1_662' title='bbox 2792 4631 2944 4699; x_wconf 89' lang='lat' dir='ltr'><strong><em>nulli,</em></strong></span> <span class='ocrx_word' id='word_1_663' title='bbox 2970 4646 3070 4687; x_wconf 87' lang='lat' dir='ltr'><strong><em>nec</em></strong></span> <span class='ocrx_word' id='word_1_664' title='bbox 3094 4648 3129 4705; x_wconf 88' lang='lat' dir='ltr'><strong><em>a_</em></strong></span> <span class='ocrx_word' id='word_1_665' title='bbox 3152 4634 3282 4688; x_wconf 91' lang='lat' dir='ltr'><strong><em>nulli</em></strong></span> <span class='ocrx_word' id='word_1_666' title='bbox 3308 4636 3467 4690; x_wconf 85' lang='lat' dir='ltr'><strong><em>inerit</em></strong></span> <span class='ocrx_word' id='word_1_667' title='bbox 3491 4637 3538 4690; x_wconf 78' lang='grc' dir='ltr'><strong>ὁ.</strong></span> <span class='ocrx_word' id='word_1_668' title='bbox 3574 4638 3628 4693; x_wconf 91' lang='lat' dir='ltr'><strong><em>Si</em></strong></span> <span class='ocrx_word' id='word_1_669' title='bbox 3652 4648 3825 4695; x_wconf 90' lang='lat' dir='ltr'><strong><em>autem</em></strong></span> <span class='ocrx_word' id='word_1_670' title='bbox 3856 4658 3891 4695; x_wconf 81' lang='grc' dir='ltr'><em>α</em></span> 
     </span>
    </p>
   </div>
   <div class='ocr_carea' id='block_1_94' title="bbox 2308 4716 3889 4792">
    <p class='ocr_par' dir='ltr' id='par_1_94' title="bbox 2308 4716 3889 4792">
     <span class='ocr_line' id='line_1_94' title="bbox 2308 4716 3889 4792; baseline 0.01 -20"><span class='ocrx_word' id='word_1_671' title='bbox 2308 4716 2467 4773; x_wconf 89' lang='lat' dir='ltr'><strong><em>alicui</em></strong></span> <span class='ocrx_word' id='word_1_672' title='bbox 2494 4733 2679 4774; x_wconf 89' lang='lat' dir='ltr'><strong><em>eorum</em></strong></span> <span class='ocrx_word' id='word_1_673' title='bbox 2702 4734 2821 4790; x_wconf 86' lang='lat' dir='ltr'><strong><em>quae</em></strong></span> <span class='ocrx_word' id='word_1_674' title='bbox 2848 4730 2973 4777; x_wconf 90' lang='lat' dir='ltr'><strong><em>sunt</em></strong></span> <span class='ocrx_word' id='word_1_675' title='bbox 2997 4722 3026 4775; x_wconf 74' lang='grc' dir='ltr'><strong>ὁ</strong></span> <span class='ocrx_word' id='word_1_676' title='bbox 3055 4737 3163 4778; x_wconf 91' lang='lat' dir='ltr'><strong><em>non</em></strong></span> <span class='ocrx_word' id='word_1_677' title='bbox 3214 4724 3376 4792; x_wconf 87' lang='lat' dir='ltr'><strong><em>inest,</em></strong></span> <span class='ocrx_word' id='word_1_678' title='bbox 3421 4741 3525 4782; x_wconf 90' lang='lat' dir='ltr'><strong><em>non</em></strong></span> <span class='ocrx_word' id='word_1_679' title='bbox 3555 4743 3777 4788; x_wconf 85' lang='lat' dir='ltr'><strong><em>necesse</em></strong></span> <span class='ocrx_word' id='word_1_680' title='bbox 3805 4741 3889 4787; x_wconf 85' lang='lat' dir='ltr'><strong><em>est</em></strong></span> 
     </span>
    </p>
   </div>
   <div class='ocr_carea' id='block_1_95' title="bbox 2310 4809 3885 4889">
    <p class='ocr_par' dir='ltr' id='par_1_95' title="bbox 2310 4809 3885 4889">
     <span class='ocr_line' id='line_1_95' title="bbox 2310 4809 3885 4889; baseline 0.008 -25"><span class='ocrx_word' id='word_1_681' title='bbox 2310 4818 2364 4864; x_wconf 91' lang='lat' dir='ltr'><strong><em>ct</em></strong></span> <span class='ocrx_word' id='word_1_682' title='bbox 2386 4809 2413 4861; x_wconf 87' lang='lat' dir='ltr'><strong><em>b</em></strong></span> <span class='ocrx_word' id='word_1_683' title='bbox 2444 4809 2601 4865; x_wconf 90' lang='lat' dir='ltr'><strong><em>alicui</em></strong></span> <span class='ocrx_word' id='word_1_684' title='bbox 2630 4827 2660 4864; x_wconf 88' lang='lat' dir='ltr'><strong><em>a</em></strong></span> <span class='ocrx_word' id='word_1_685' title='bbox 2696 4826 2801 4867; x_wconf 92' lang='lat' dir='ltr'><strong><em>non</em></strong></span> <span class='ocrx_word' id='word_1_686' title='bbox 2828 4812 3027 4880; x_wconf 89' lang='lat' dir='ltr'><strong><em>inesse,</em></strong></span> <span class='ocrx_word' id='word_1_687' title='bbox 3060 4823 3115 4869; x_wconf 92' lang='lat' dir='ltr'><strong><em>ut</em></strong></span> <span class='ocrx_word' id='word_1_688' title='bbox 3139 4815 3183 4868; x_wconf 86' lang='lat' dir='ltr'><strong><em>si</em></strong></span> <span class='ocrx_word' id='word_1_689' title='bbox 3215 4816 3244 4868; x_wconf 86' lang='lat' dir='ltr'><strong><em>b</em></strong></span> <span class='ocrx_word' id='word_1_690' title='bbox 3266 4816 3480 4886; x_wconf 92' lang='lat' dir='ltr'><strong><em>quidem</em></strong></span> <span class='ocrx_word' id='word_1_691' title='bbox 3512 4819 3581 4874; x_wconf 88' lang='lat' dir='ltr'><strong><em>sit</em></strong></span> <span class='ocrx_word' id='word_1_692' title='bbox 3609 4820 3825 4889; x_wconf 76' lang='lat' dir='ltr'><strong><em>animal,</em></strong></span> <span class='ocrx_word' id='word_1_693' title='bbox 3851 4840 3885 4877; x_wconf 81' lang='grc' dir='ltr'><em>α</em></span> 
     </span>
    </p>
   </div>
   <div class='ocr_carea' id='block_1_96' title="bbox 2311 4905 3889 4986">
    <p class='ocr_par' dir='ltr' id='par_1_96' title="bbox 2311 4905 3889 4986">
     <span class='ocr_line' id='line_1_96' title="bbox 2311 4905 3889 4986; baseline 0.014 -31"><span class='ocrx_word' id='word_1_694' title='bbox 2311 4917 2437 4958; x_wconf 87' lang='lat' dir='ltr'><strong><em>vero</em></strong></span> <span class='ocrx_word' id='word_1_695' title='bbox 2482 4905 2661 4972; x_wconf 86' lang='lat' dir='ltr'><strong><em>homo,</em></strong></span> <span class='ocrx_word' id='word_1_696' title='bbox 2705 4907 2866 4963; x_wconf 89' lang='lat' dir='ltr'><strong><em>homo</em></strong></span> <span class='ocrx_word' id='word_1_697' title='bbox 2912 4909 3054 4965; x_wconf 91' lang='lat' dir='ltr'><strong><em>enim</em></strong></span> <span class='ocrx_word' id='word_1_698' title='bbox 3098 4925 3204 4966; x_wconf 93' lang='lat' dir='ltr'><strong><em>non</em></strong></span> <span class='ocrx_word' id='word_1_699' title='bbox 3236 4915 3384 4969; x_wconf 91' lang='lat' dir='ltr'><strong><em>omni</em></strong></span> <span class='ocrx_word' id='word_1_700' title='bbox 3415 4916 3649 4986; x_wconf 86' lang='lat' dir='ltr'><strong><em>animali,</em></strong></span> <span class='ocrx_word' id='word_1_701' title='bbox 3696 4918 3889 4977; x_wconf 86' lang='lat' dir='ltr'><strong><em>animal</em></strong></span> 
     </span>
    </p>
   </div>
   <div class='ocr_carea' id='block_1_97' title="bbox 2312 4995 3022 5053">
    <p class='ocr_par' dir='ltr' id='par_1_97' title="bbox 2312 4995 3022 5053">
     <span class='ocr_line' id='line_1_97' title="bbox 2312 4995 3022 5053; baseline 0.011 -7"><span class='ocrx_word' id='word_1_702' title='bbox 2312 5006 2439 5047; x_wconf 85' lang='lat' dir='ltr'><strong><em>vero</em></strong></span> <span class='ocrx_word' id='word_1_703' title='bbox 2455 4995 2604 5049; x_wconf 87' lang='lat' dir='ltr'><strong><em>omni</em></strong></span> <span class='ocrx_word' id='word_1_704' title='bbox 2638 4996 2838 5052; x_wconf 87' lang='lat' dir='ltr'><strong><em>homini</em></strong></span> <span class='ocrx_word' id='word_1_705' title='bbox 2864 4998 3022 5053; x_wconf 86' lang='lat' dir='ltr'><strong><em>inest.</em></strong></span> 
     </span>
    </p>
   </div>
   <div class='ocr_carea' id='block_1_98' title="bbox 2924 5108 3271 5166">
    <p class='ocr_par' dir='ltr' id='par_1_98' title="bbox 2924 5108 3271 5166">
     <span class='ocr_line' id='line_1_98' title="bbox 2924 5108 3271 5166; baseline 0.006 -2"><span class='ocrx_word' id='word_1_706' title='bbox 2924 5108 3148 5165; x_wconf 86' lang='lat' dir='ltr'><strong>CAPUT</strong></span> <span class='ocrx_word' id='word_1_707' title='bbox 3188 5110 3271 5166; x_wconf 89' lang='lat' dir='ltr'><strong><em>Ill.</em></strong></span> 
     </span>
    </p>
   </div>
   <div class='ocr_carea' id='block_1_99' title="bbox 2512 5194 3635 5272">
    <p class='ocr_par' dir='ltr' id='par_1_99' title="bbox 2512 5194 3635 5272">
     <span class='ocr_line' id='line_1_99' title="bbox 2512 5194 3635 5272; baseline 0.012 -24"><span class='ocrx_word' id='word_1_708' title='bbox 2512 5194 2591 5250; x_wconf 83' lang='lat' dir='ltr'><strong><em>De</em></strong></span> <span class='ocrx_word' id='word_1_709' title='bbox 2619 5200 2941 5253; x_wconf 77' lang='lat' dir='ltr'><strong><em>conversione</em></strong></span> <span class='ocrx_word' id='word_1_710' title='bbox 2962 5202 3374 5272; x_wconf 83' lang='lat' dir='ltr'><strong><em>propositionum</em></strong></span> <span class='ocrx_word' id='word_1_711' title='bbox 3397 5204 3461 5258; x_wconf 81' lang='lat' dir='ltr'><strong><em>de</em></strong></span> <span class='ocrx_word' id='word_1_712' title='bbox 3485 5208 3635 5261; x_wconf 88' lang='lat' dir='ltr'><strong><em>modo</em></strong></span> 
     </span>
    </p>
   </div>
   <div class='ocr_carea' id='block_1_100' title="bbox 2383 5308 3887 5396">
    <p class='ocr_par' dir='ltr' id='par_1_100' title="bbox 2383 5308 3887 5396">
     <span class='ocr_line' id='line_1_100' title="bbox 2383 5308 3887 5396; baseline 0.01 -32"><span class='ocrx_word' id='word_1_713' title='bbox 2383 5308 2583 5366; x_wconf 88' lang='lat' dir='ltr'><strong><em>Eodem</em></strong></span> <span class='ocrx_word' id='word_1_714' title='bbox 2615 5320 2791 5368; x_wconf 90' lang='lat' dir='ltr'><strong><em>autem</em></strong></span> <span class='ocrx_word' id='word_1_715' title='bbox 2823 5315 2981 5370; x_wconf 92' lang='lat' dir='ltr'><strong><em>modo</em></strong></span> <span class='ocrx_word' id='word_1_716' title='bbox 3007 5330 3068 5371; x_wconf 91' lang='lat' dir='ltr'><strong><em>se</em></strong></span> <span class='ocrx_word' id='word_1_717' title='bbox 3098 5316 3315 5374; x_wconf 87' lang='lat' dir='ltr'><strong><em>habebit</em></strong></span> <span class='ocrx_word' id='word_1_718' title='bbox 3343 5319 3393 5373; x_wconf 93' lang='lat' dir='ltr'><strong><em>in</em></strong></span> <span class='ocrx_word' id='word_1_719' title='bbox 3418 5322 3737 5379; x_wconf 87' lang='lat' dir='ltr'><strong><em>necessariis</em></strong></span> <span class='ocrx_word' id='word_1_720' title='bbox 3768 5339 3887 5396; x_wconf 90' lang='lat' dir='ltr'><strong><em>pro-</em></strong></span> 
     </span>
    </p>
   </div>
   <div class='ocr_carea' id='block_1_101' title="bbox 2309 5401 3894 5482">
    <p class='ocr_par' dir='ltr' id='par_1_101' title="bbox 2309 5401 3894 5482">
     <span class='ocr_line' id='line_1_101' title="bbox 2309 5401 3894 5482; baseline 0.01 -27"><span class='ocrx_word' id='word_1_721' title='bbox 2309 5401 2678 5472; x_wconf 80' lang='lat' dir='ltr'><strong><em>positionibus,</em></strong></span> <span class='ocrx_word' id='word_1_722' title='bbox 2726 5418 2850 5459; x_wconf 90' lang='lat' dir='ltr'><strong><em>nam</em></strong></span> <span class='ocrx_word' id='word_1_723' title='bbox 2889 5405 3209 5463; x_wconf 89' lang='lat' dir='ltr'><strong><em>universalis</em></strong></span> <span class='ocrx_word' id='word_1_724' title='bbox 3240 5409 3454 5481; x_wconf 88' lang='lat' dir='ltr'><strong><em>quidem</em></strong></span> <span class='ocrx_word' id='word_1_725' title='bbox 3484 5414 3743 5482; x_wconf 89' lang='lat' dir='ltr'><strong><em>privativa</em></strong></span> <span class='ocrx_word' id='word_1_726' title='bbox 3775 5417 3894 5471; x_wconf 86' lang='lat' dir='ltr'><strong><em>uni-</em></strong></span> 
     </span>
    </p>
   </div>
   <div class='ocr_carea' id='block_1_102' title="bbox 2307 5495 3895 5577">
    <p class='ocr_par' dir='ltr' id='par_1_102' title="bbox 2307 5495 3895 5577">
     <span class='ocr_line' id='line_1_102' title="bbox 2307 5495 3895 5577; baseline 0.009 -29"><span class='ocrx_word' id='word_1_727' title='bbox 2307 5495 2582 5551; x_wconf 88' lang='lat' dir='ltr'><strong><em>versaliter</em></strong></span> <span class='ocrx_word' id='word_1_728' title='bbox 2611 5499 2959 5555; x_wconf 87' lang='lat' dir='ltr'><strong><em>convertitur.</em></strong></span> <span class='ocrx_word' id='word_1_729' title='bbox 2991 5499 3446 5559; x_wconf 85' lang='lat' dir='ltr'><strong><em>Afiirmativarnm</em></strong></span> <span class='ocrx_word' id='word_1_730' title='bbox 3469 5514 3649 5562; x_wconf 85' lang='lat' dir='ltr'><strong><em>autem</em></strong></span> <span class='ocrx_word' id='word_1_731' title='bbox 3668 5517 3895 5577; x_wconf 87' lang='lat' dir='ltr'><strong><em>utraque</em></strong></span> 
     </span>
    </p>
   </div>
   <div class='ocr_carea' id='block_1_103' title="bbox 2302 5589 3891 5666">
    <p class='ocr_par' dir='ltr' id='par_1_103' title="bbox 2302 5589 3891 5666">
     <span class='ocr_line' id='line_1_103' title="bbox 2302 5589 3891 5666; baseline 0.009 -23"><span class='ocrx_word' id='word_1_732' title='bbox 2302 5589 2711 5659; x_wconf 87' lang='lat' dir='ltr'><strong><em>particulariter.</em></strong></span> <span class='ocrx_word' id='word_1_733' title='bbox 2753 5591 2883 5645; x_wconf 87' lang='lat' dir='ltr'><strong><em>Nam</em></strong></span> <span class='ocrx_word' id='word_1_734' title='bbox 2936 5592 2978 5647; x_wconf 90' lang='lat' dir='ltr'><strong><em>si</em></strong></span> <span class='ocrx_word' id='word_1_735' title='bbox 3031 5607 3254 5650; x_wconf 86' lang='lat' dir='ltr'><strong><em>necesse</em></strong></span> <span class='ocrx_word' id='word_1_736' title='bbox 3303 5607 3383 5651; x_wconf 91' lang='lat' dir='ltr'><strong><em>est</em></strong></span> <span class='ocrx_word' id='word_1_737' title='bbox 3410 5615 3440 5651; x_wconf 90' lang='lat' dir='ltr'><strong><em>a</em></strong></span> <span class='ocrx_word' id='word_1_738' title='bbox 3472 5600 3604 5656; x_wconf 91' lang='lat' dir='ltr'><strong><em>nulli</em></strong></span> <span class='ocrx_word' id='word_1_739' title='bbox 3633 5599 3661 5653; x_wconf 75' lang='grc' dir='ltr'><strong><em>ὸ</em></strong></span> <span class='ocrx_word' id='word_1_740' title='bbox 3696 5602 3891 5666; x_wconf 77' lang='lat' dir='ltr'><strong><em>inesse,</em></strong></span> 
     </span>
    </p>
   </div>
   <div class='ocr_carea' id='block_1_104' title="bbox 2303 5683 3948 5752">
    <p class='ocr_par' dir='ltr' id='par_1_104' title="bbox 2303 5683 3948 5752">
     <span class='ocr_line' id='line_1_104' title="bbox 2303 5683 3948 5752; baseline 0.007 -18"><span class='ocrx_word' id='word_1_741' title='bbox 2303 5694 2521 5737; x_wconf 73' lang='lat' dir='ltr'><strong><em>necesse</em></strong></span> <span class='ocrx_word' id='word_1_742' title='bbox 2560 5690 2642 5737; x_wconf 89' lang='lat' dir='ltr'><strong><em>est</em></strong></span> <span class='ocrx_word' id='word_1_743' title='bbox 2683 5692 2735 5738; x_wconf 91' lang='lat' dir='ltr'><strong><em>et</em></strong></span> <span class='ocrx_word' id='word_1_744' title='bbox 2772 5683 2800 5737; x_wconf 88' lang='lat' dir='ltr'><strong><em>b</em></strong></span> <span class='ocrx_word' id='word_1_745' title='bbox 2830 5683 2959 5738; x_wconf 89' lang='lat' dir='ltr'><strong><em>nulli</em></strong></span> <span class='ocrx_word' id='word_1_746' title='bbox 2992 5701 3023 5737; x_wconf 78' lang='grc' dir='ltr'><em>α</em></span> <span class='ocrx_word' id='word_1_747' title='bbox 3053 5683 3270 5752; x_wconf 85' lang='lat' dir='ltr'><strong><em>inesse;</em></strong></span> <span class='ocrx_word' id='word_1_748' title='bbox 3306 5689 3351 5743; x_wconf 88' lang='lat' dir='ltr'><strong><em>si</em></strong></span> <span class='ocrx_word' id='word_1_749' title='bbox 3398 5691 3539 5745; x_wconf 87' lang='lat' dir='ltr'><strong><em>enim</em></strong></span> <span class='ocrx_word' id='word_1_750' title='bbox 3573 5692 3732 5747; x_wconf 88' lang='lat' dir='ltr'><strong><em>alicui</em></strong></span> <span class='ocrx_word' id='word_1_751' title='bbox 3764 5709 3890 5747; x_wconf 80' lang='lat' dir='ltr'><strong><em>cou-</em></strong></span> <span class='ocrx_word' id='word_1_752' title='bbox 3944 5717 3948 5721; x_wconf 58' lang='grc' dir='ltr'><strong><em>ε</em></strong></span> 
     </span>
    </p>
   </div>
   <div class='ocr_carea' id='block_1_105' title="bbox 2303 5774 3896 5849">
    <p class='ocr_par' dir='ltr' id='par_1_105' title="bbox 2303 5774 3896 5849">
     <span class='ocr_line' id='line_1_105' title="bbox 2303 5774 3896 5849; baseline 0.008 -20"><span class='ocrx_word' id='word_1_753' title='bbox 2303 5774 2479 5845; x_wconf 88' lang='lat' dir='ltr'><strong><em>tingit,</em></strong></span> <span class='ocrx_word' id='word_1_754' title='bbox 2508 5785 2561 5832; x_wconf 89' lang='lat' dir='ltr'><strong><em>et</em></strong></span> <span class='ocrx_word' id='word_1_755' title='bbox 2586 5794 2616 5829; x_wconf 92' lang='lat' dir='ltr'><strong><em>a</em></strong></span> <span class='ocrx_word' id='word_1_756' title='bbox 2637 5777 2793 5832; x_wconf 88' lang='lat' dir='ltr'><strong><em>alicui</em></strong></span> <span class='ocrx_word' id='word_1_757' title='bbox 2815 5777 2843 5830; x_wconf 74' lang='grc' dir='ltr'><em>Ι)</em></span> <span class='ocrx_word' id='word_1_758' title='bbox 2872 5779 3167 5849; x_wconf 86' lang='lat' dir='ltr'><strong><em>continget.</em></strong></span> <span class='ocrx_word' id='word_1_759' title='bbox 3193 5782 3248 5836; x_wconf 90' lang='lat' dir='ltr'><strong><em>Si</em></strong></span> <span class='ocrx_word' id='word_1_760' title='bbox 3276 5790 3453 5837; x_wconf 87' lang='lat' dir='ltr'><strong><em>autem</em></strong></span> <span class='ocrx_word' id='word_1_761' title='bbox 3477 5800 3541 5839; x_wconf 83' lang='lat' dir='ltr'><strong><em>ex</em></strong></span> <span class='ocrx_word' id='word_1_762' title='bbox 3579 5788 3896 5842; x_wconf 84' lang='lat' dir='ltr'><strong><em>necessitate</em></strong></span> 
     </span>
    </p>
   </div>
   <div class='ocr_carea' id='block_1_106' title="bbox 2304 5867 3895 5947">
    <p class='ocr_par' dir='ltr' id='par_1_106' title="bbox 2304 5867 3895 5947">
     <span class='ocr_line' id='line_1_106' title="bbox 2304 5867 3895 5947; baseline 0.011 -26"><span class='ocrx_word' id='word_1_763' title='bbox 2304 5883 2335 5921; x_wconf 80' lang='grc' dir='ltr'><strong><em>ιι</em></strong></span> <span class='ocrx_word' id='word_1_764' title='bbox 2361 5868 2506 5924; x_wconf 87' lang='lat' dir='ltr'><strong><em>omni</em></strong></span> <span class='ocrx_word' id='word_1_765' title='bbox 2557 5867 2639 5923; x_wconf 89' lang='lat' dir='ltr'><strong><em>vel</em></strong></span> <span class='ocrx_word' id='word_1_766' title='bbox 2687 5868 2843 5947; x_wconf 83' lang='lat' dir='ltr'><strong><em>alicui</em></strong></span> <span class='ocrx_word' id='word_1_767' title='bbox 2876 5871 2904 5924; x_wconf 77' lang='grc' dir='ltr'><strong>ὁ</strong></span> <span class='ocrx_word' id='word_1_768' title='bbox 2938 5870 3098 5933; x_wconf 83' lang='grc' dir='ltr'>ἰηεει,</span> <span class='ocrx_word' id='word_1_769' title='bbox 3146 5881 3193 5927; x_wconf 87' lang='lat' dir='ltr'><strong><em>et</em></strong></span> <span class='ocrx_word' id='word_1_770' title='bbox 3228 5872 3254 5925; x_wconf 79' lang='grc' dir='ltr'><strong>ὁ</strong></span> <span class='ocrx_word' id='word_1_771' title='bbox 3283 5874 3439 5933; x_wconf 89' lang='lat' dir='ltr'><strong><em>alicui</em></strong></span> <span class='ocrx_word' id='word_1_772' title='bbox 3486 5892 3762 5937; x_wconf 79' lang='lat' dir='ltr'><strong><em>anecesso</em></strong></span> <span class='ocrx_word' id='word_1_773' title='bbox 3812 5889 3895 5937; x_wconf 74' lang='lat' dir='ltr'><strong><em>est</em></strong></span> 
     </span>
    </p>
   </div>
  </div>
