4296 6266
379 374 480 434 6M

1016 370 1327 430 PRIORUM
1367 364 1911 427 ANALYTICORUM
1952 364 2403 430 ARISTOTELIS
2440 372 3016 433 INTERPRETATlO.

3549 375 3654 439 642

377 490 580 555 inesse,
595 483 779 541 namsi
797 498 976 540 nones
1002 479 1899 551 necessitateiuest,nequeaalieui
1925 479 1953 533 ιν
1984 483 2035 540 Α
2061 492 2393 549 consequens
2442 491 2544 548 est,
2595 486 2826 540 medium
2876 468 3007 544 vero
3047 487 3178 544 nulli
3215 493 3508 559 postremo,
3541 509 3652 550 non

377 597 446 638 es
476 581 792 637 necessitate
822 580 1000 636 inerit.
1027 580 1367 635 Particularis
1402 593 1530 633 vero
1562 577 1818 646 privativa
1853 590 1959 631 non

379 674 728 737 convertitur,
753 681 970 741 propter
990 671 1231 727 eamdem
1247 684 1482 735 causam,
1506 677 1720 739 propter
1736 682 1894 738 quam
1907 677 1961 723 et

380 781 540 836 supra
563 765 811 820 diximus.
831 764 888 818 ln
908 762 1334 832 contingentibus
1352 777 1499 827 vero,
1517 760 1767 831 quoniam
1783 757 1961 818 multi-

380 861 591 930 pliciter
627 859 820 914 dicitur
866 858 1195 926 contingere,
1233 872 1356 912 nam
1401 863 1455 910 et
1481 854 1862 920 necessarium,
1906 863 1960 909 et

379 967 487 1006 non
514 948 900 1016 necessarium,
942 957 994 1004 et
1043 947 1299 1018 possibile
1346 947 1660 1016 contingere
1698 945 1955 1012 dicimus;

381 1045 431 1097 in
461 1040 789 1096 atlirmativis
809 1039 1046 1109 quidem,
1069 1040 1316 1095 similiter
1341 1052 1399 1094 se
1423 1037 1640 1094 habebit
1656 1037 1954 1093 secundum

381 1135 774 1190 conversionem
802 1133 853 1186 in
884 1133 1150 1187 omnibus.
1168 1132 1300 1186 Nam
1323 1130 1369 1187 si
1396 1149 1428 1186 a
1447 1130 1592 1187 omni
1614 1138 1708 1185 aut
1736 1128 1896 1184 alicui
1928 1130 1957 1182 ὁ

378 1225 650 1294 contingit,
683 1233 733 1278 et
759 1224 786 1275 b
817 1223 976 1278 alicui
1006 1241 1036 1276 a
1060 1223 1342 1292 contingit,
1374 1222 1419 1276 si
1448 1222 1590 1278 enim
1619 1221 1775 1286 nulli,
1808 1235 1960 1278 neca

379 1317 506 1370 nulli
537 1317 588 1382 b,
619 1325 891 1371 ostensum
919 1323 1002 1370 est
1041 1319 1180 1369 enim
1233 1314 1335 1368 huc
1379 1315 1545 1382 prius.
1597 1315 1654 1369 ln
1700 1315 1959 1383 negativis

378 1423 504 1462 vero
550 1423 654 1462 non
697 1406 964 1470 similiter,
1014 1406 1106 1460 sed
1135 1420 1465 1475 quaecunque
1491 1404 1705 1473 quidem
1745 1405 1958 1458 contin-

379 1515 505 1569 gere
535 1499 800 1562 dicuntur,
828 1512 896 1551 ex
924 1512 990 1551 eo
1010 1497 1148 1564 quod
1180 1511 1244 1551 ex
1270 1496 1590 1551 necessitate
1613 1509 1719 1549 non
1752 1494 1953 1559 insunt,

380 1595 464 1648 vel
510 1595 561 1651 in
593 1608 658 1647 eo
688 1590 826 1661 quod
857 1605 962 1645 non
995 1605 1056 1645 ex
1099 1589 1417 1644 necessitate
1463 1590 1642 1644 insunt
1689 1587 1954 1642 similiter.

384 1686 453 1740 Ut
483 1685 527 1739 si
551 1686 668 1754 quis
685 1683 825 1736 dicat
849 1681 1119 1736 hominem
1142 1680 1454 1750 contingere
1472 1695 1577 1734 non
1599 1693 1718 1734 esse
1738 1693 1953 1748 equum,

381 1785 472 1829 aut
498 1775 676 1829 album
709 1773 837 1826 nulli
865 1772 1056 1827 tunicae
1087 1773 1281 1826 inesse.
1315 1773 1510 1826 Horum
1544 1772 1687 1827 enim
1712 1772 1814 1825 hoc
1839 1771 1958 1841 qui-

2065 575 2165 628 erit
2193 575 2536 645 syllogismus
2565 582 2978 636 extremitatum.
3030 583 3173 638 Nihil
3213 586 3354 639 enim
3403 599 3653 642 necessa-

2065 667 2201 722 rium
2227 669 2440 736 accidit,
2471 685 2536 726 eo
2561 673 2700 741 quod
2733 674 2846 728 hate
2871 684 3016 744 sunt,
3040 693 3160 732 nam
3189 687 3244 733 et
3265 680 3410 734 omni
3445 690 3496 736 et
3517 682 3651 737 nulli

2062 759 2320 830 contingit
2343 763 2574 830 primum
2604 775 2874 833 postremo
2904 768 3105 834 inesse,
3131 785 3298 840 quare
3320 789 3494 844 neque
3525 791 3652 846 par-

2065 849 2310 918 ticulare,
2347 867 2518 924 neque
2543 855 2843 913 universale
2877 859 2934 913 tit
2964 864 3348 919 necessarium.
3377 865 3509 921 Cum
3548 882 3649 922 au-

2064 951 2167 995 tem
2200 943 2329 997 nihil
2362 957 2442 1000 est
2472 949 2855 1015 necessarium,
2878 967 2973 1020 per
3001 951 3113 1007 haec
3141 969 3246 1008 non
3278 958 3378 1011 erit
3399 959 3649 1029 syllogis-

2063 1047 2202 1088 mus.
2254 1034 2493 1090 Termini
2525 1053 2654 1095 vero
2682 1041 2800 1110 ejus
2827 1044 2968 1111 quod
3015 1053 3098 1098 est
3124 1047 3266 1099 omni
3306 1047 3502 1115 inesse,
3536 1054 3649 1106 ani-

2062 1123 2190 1190 mal,
2217 1125 2398 1191 homo,
2429 1144 2637 1198 equus;
2666 1131 2783 1202 ejus
2812 1149 2936 1189 vero
2968 1136 3108 1206 quod
3138 1145 3220 1191 est
3247 1138 3396 1205 nulli,
3427 1142 3646 1210 animal,

2064 1214 2245 1282 homo,
2283 1217 2438 1286 lapis.
2489 1223 2711 1288 Quando
2755 1241 2884 1281 vero
2924 1242 3023 1282 nec
3047 1230 3278 1299 primum
3321 1230 3518 1297 medio,
3554 1249 3651 1288 nec

2062 1307 2298 1361 medium
2325 1319 2599 1377 postremo
2624 1315 2716 1369 ulli
2741 1318 2894 1382 inest,
2923 1335 3021 1374 nec
3045 1321 3122 1375 sic
3148 1322 3254 1376 erit
3283 1321 3649 1391 syllogismus.

2064 1396 2302 1453 Termini
2352 1416 2482 1457 vero
2530 1415 2586 1458 ut
2633 1408 2834 1474 inesse,
2862 1411 3106 1475 scientia,
3138 1411 3299 1479 linea,
3351 1414 3652 1481 medicina;

2064 1500 2122 1544 ut
2151 1506 2254 1546 non
2282 1495 2478 1562 inesse,
2524 1497 2766 1566 scientia,
2820 1500 2985 1570 linea,
3020 1503 3214 1558 unitas.
3252 1505 3652 1562 Universalibus

2064 1585 2223 1653 igitur
2251 1588 2602 1642 existentibus
2636 1592 2897 1657 terminis,
2942 1595 3278 1651 manifestum
3320 1609 3402 1653 est
3448 1601 3498 1654 in
3551 1601 3652 1655 hac

2064 1677 2231 1744 tigura
2255 1679 2466 1745 quando
2495 1681 2617 1745 erit,
2651 1692 2704 1735 et
2745 1683 2956 1752 quando
2990 1701 3095 1742 non
3146 1688 3250 1742 erit
3279 1689 3642 1762 syllogismus,

2063 1774 2118 1821 et
2169 1770 2418 1837 quoniam
2473 1786 2594 1825 cum
2642 1782 2725 1826 est
2764 1775 3125 1844 syllogismus,
3179 1783 3538 1864 necessarium
3571 1793 3653 1838 est

381 1867 500 1921 dem
527 1881 593 1919 ex
619 1864 935 1919 necessitate
961 1863 1119 1928 inest,
1154 1863 1284 1916 illud
1326 1877 1458 1917 vero
1488 1857 1594 1917 non
1624 1879 1687 1918 ex
1718 1865 1956 1918 necessi-
1993 1847 2043 1906 Β
2072 1861 2326 1914 terminos
2358 1862 2432 1916 sic
2462 1877 2520 1917 se
2551 1863 2770 1929 habere,
2801 1875 2856 1919 ut
2882 1865 3134 1934 diXimus,
3160 1847 3220 1924 εἶ
3243 1871 3321 1924 sic
3359 1885 3416 1928 se
3445 1873 3650 1928 habens

381 1970 487 2014 tate
509 1961 668 2026 inest,
698 1965 752 2013 et
776 1957 1018 2011 similiter
1044 1957 1372 2011 convertitur
1400 1954 1717 2026 propositio.
1752 1957 1881 2011 Nam
1914 1957 1961 2011 si

383 2050 639 2119 contingit
695 2049 821 2102 nulli
871 2047 1075 2102 homini
1103 2062 1294 2116 equum
1346 2049 1644 2112 inesse,,et
1689 2049 1961 2104 hominem

383 2144 638 2212 contingit
683 2142 812 2196 nulli
854 2155 992 2210 equo
1037 2143 1234 2206 inesse,
1281 2149 1335 2196 et
1375 2143 1420 2196 si
1469 2141 1646 2196 album
1702 2144 1964 2212 contingit

384 2235 516 2289 nulli
548 2234 759 2300 tunicae,
809 2242 861 2287 et
906 2233 1080 2287 tunica
1109 2231 1369 2300 contingit
1415 2233 1544 2286 nulli
1573 2233 1716 2298 albo,
1747 2235 1792 2288 si
1814 2235 1960 2290 enim

383 2329 536 2383 alicui
564 2327 888 2389 necessario,
914 2333 968 2380 et
993 2326 1166 2379 album
1190 2326 1382 2380 tunicae
1403 2325 1562 2380 alicui
1590 2327 1748 2381 inerit
1777 2341 1843 2381 ex
1869 2343 1965 2382 ne-

383 2421 650 2482 cessitate,
701 2418 801 2471 hoc
849 2418 991 2470 enim
1019 2427 1292 2471 ostensum
1339 2425 1421 2471 est
1459 2416 1639 2484 prius.
1696 2416 1965 2474 Similiter

385 2520 560 2564 autem
591 2519 645 2565 et
675 2510 727 2563 in
756 2509 1058 2578 particulari
1090 2510 1350 2577 negativa.
1385 2507 1726 2579 Quaecunque
1750 2526 1878 2565 vero
1907 2520 1967 2565 ut.

385 2603 438 2657 in
471 2601 725 2671 pluribus,
753 2610 806 2654 et
832 2601 883 2654 in
913 2614 976 2654 eo
1002 2599 1142 2668 quod
1172 2609 1292 2655 nata
1325 2607 1447 2655 sunt
1471 2600 1719 2655 dicuntur
1749 2601 1966 2656 contin-

384 2709 509 2762 gere
551 2693 841 2747 secundum
870 2707 1026 2760 quem
1056 2693 1271 2746 modum
1303 2692 1725 2748 determinamus
1747 2695 1964 2749 contiu-

386 2799 535 2855 gens,
586 2799 692 2837 non
738 2783 986 2838 similiter
1011 2798 1069 2838 se
1099 2783 1314 2838 habebit
1350 2784 1402 2837 in
1435 2786 1708 2853 privativis
1731 2799 1965 2840 conver-

385 2872 638 2927 siouibus.
669 2872 772 2927 Sed
799 2882 852 2928 et
874 2871 1190 2929 universalis
1214 2871 1426 2942 quidem
1459 2874 1722 2943 privativa
1771 2890 1966 2946 propo-

385 2965 508 3019 sitio
535 2979 640 3023 non
669 2965 1022 3031 convertitur,
1071 2965 1405 3033 particularis
1437 2980 1566 3021 vero
1606 2969 1962 3022 convertitur.

385 3054 496 3109 lloc
524 3066 700 3110 autem
742 3056 843 3109 erit
892 3055 1229 3110 manifestum
1275 3057 1487 3125 quando
1532 3057 1601 3111 de
1629 3059 1965 3128 contingenti

387 3145 645 3201 dicemus.
676 3145 824 3201 Nunc
852 3157 1028 3202 autem
1059 3147 1213 3202 nobis
1256 3155 1460 3202 tantum
1491 3149 1560 3203 sit
1589 3163 1710 3203 cum
1742 3149 1807 3204 iis
1840 3165 1962 3218 qua:

389 3240 526 3295 dicta
569 3251 713 3308 sunt,
767 3244 1122 3310 manifestum,
1181 3246 1434 3314 quoniam
1480 3247 1788 3314 contingere
1834 3247 1968 3304 nulli

388 3341 478 3387 aut
521 3333 679 3389 alicui
737 3349 839 3390 non
889 3336 1066 3390 inesse
1107 3335 1480 3390 aflirmativam
1529 3336 1690 3392 habet
1717 3339 1966 3408 ﬁguram,

386 3439 508 3481 nam
540 3437 593 3483 et
630 3429 888 3497 contingit
914 3429 1012 3497 ipsi
1040 3437 1123 3483 est
1144 3428 1389 3482 similiter
1415 3427 1710 3483 ordinatur.
1751 3429 1847 3484 Est
1872 3447 1970 3486 au-

388 3526 514 3584 tem,
545 3519 946 3590 quibuscunque
977 3518 1225 3588 adjacens
1272 3518 1612 3588 praedicatur,
1651 3520 1967 3576 afﬁrmatio-

387 3622 506 3663 nem
535 3624 745 3679 semper
773 3610 918 3676 facit,
942 3618 996 3664 et
1019 3611 1258 3674 omnino,
1284 3617 1341 3663 ut
1364 3617 1478 3663 :est
1503 3624 1612 3664 non
1635 3610 1854 3675 bonum,
1879 3613 1969 3667 vel

386 3709 467 3755 est
496 3714 600 3756 non
643 3700 842 3767 album,
876 3701 961 3756 vel
992 3700 1324 3770 simpliciter,
1360 3711 1441 3755 est
1469 3715 1577 3756 non
1608 3701 1740 3756 hoc.
1775 3701 1969 3757 Osten-

387 3792 538 3849 detur
579 3802 753 3848 autem
800 3803 855 3848 et
899 3792 1000 3847 hoc
1045 3809 1140 3863 per
1169 3793 1468 3865 sequentia,
1501 3795 1794 3850 secundum
1840 3811 1969 3852 con-

389 3887 667 3943 versiones
703 3894 879 3940 autem
904 3886 1150 3942 similiter
1179 3901 1236 3942 se
1261 3887 1533 3944 habebunt
1558 3889 1613 3943 in
1643 3889 1783 3945 aliis.

1010 3997 1232 4055 CAPUT
1273 4000 1365 4058 IV.

394 4089 473 4145 De
500 4090 662 4145 modis
716 4089 1040 4161 sylloyisticis
1080 4100 1133 4231 ei;
1157 4092 1463 4164 asyllogislis
1509 4094 1753 4149 absolutis
1789 4096 1968 4163 prima:

1135 4179 1296 4231 gurw.

1135 4179 1296 4231 θαι-ιε.

462 4275 554 4329 llis
599 4288 726 4330 vero
771 4273 1140 4330 determinatis
1171 4274 1408 4330 dicemus
1449 4278 1563 4346 jam
1612 4291 1707 4345 per
1754 4290 1873 4345 qua:
1912 4286 1970 4332 et

390 4367 600 4436 quando
649 4377 704 4422 et
743 4366 1011 4436 quomodo
1062 4367 1123 4423 lit
1155 4369 1328 4423 omnis
1367 4368 1726 4440 syllogismus,
1783 4377 1966 4439 postea

391 4470 525 4510 vero
571 4454 845 4512 dicendum
887 4457 954 4513 de
993 4457 1471 4514 demonstratione.
1508 4460 1660 4514 Prius
1699 4461 1841 4516 enim
1899 4461 1969 4515 de

389 4546 696 4617 syllogismo
726 4548 1007 4605 dicendum
1053 4565 1210 4620 quam
1259 4551 1326 4606 de
1367 4550 1844 4617 demonstratione,
1902 4568 1968 4608 eo

390 4641 533 4710 quod
557 4642 904 4699 universalior
931 4653 1014 4699 est
1040 4645 1404 4716 syllogismus,
1434 4661 1558 4702 nam
1580 4647 1967 4704 demonstratio

388 4734 990 4808 quidemsyllogismus
1040 4738 1257 4807 quidam
1300 4747 1410 4804 est;
1445 4740 1786 4810 syllogismus
1839 4757 1968 4797 vero

386 4840 496 4880 non
521 4826 696 4880 omnis
723 4827 1128 4883 demonstratio.
1161 4830 1386 4895 Quando
1415 4830 1574 4900 igitur
1610 4840 1721 4888 tres
1753 4834 1968 4888 termini

386 4915 466 4970 sic
486 4930 544 4971 se
565 4917 760 4974 habent
802 4920 868 4974 ad
903 4920 1151 4986 invicem,
1175 4929 1308 4977 utet
1328 4933 1632 4993 postremus
1678 4927 1746 4980 sit
1775 4927 1832 4981 in
1857 4936 1968 4982 toto

387 5009 583 5075 medio,
607 5019 660 5065 et
676 5011 884 5066 medius
907 5013 958 5067 in
978 5021 1087 5069 toto
1110 5015 1282 5084 primo
1299 5016 1590 5081 velsit,vel
1613 5033 1716 5073 non
1751 5019 1844 5085 sit,
1876 5033 1970 5076 ne-

385 5116 538 5158 cesse
558 5114 640 5159 eSt
665 5107 1059 5161 extremitatum
1083 5107 1376 5177 perlectum
1397 5125 1519 5166 esse
1567 5111 1965 5182 syllogismum.

384 5193 531 5250 Voce
561 5207 736 5253 autem
767 5198 1002 5255 medium
1031 5201 1173 5270 quod
1199 5211 1254 5257 et
1283 5203 1459 5273 ipsum
1491 5205 1543 5258 in
1575 5206 1700 5271 alio,
1731 5214 1790 5261 et
1817 5206 1964 5261 aliud

380 5285 437 5340 in
465 5287 580 5358 ipso
609 5297 713 5357 est,
743 5292 884 5360 quod
932 5302 985 5347 et
1016 5294 1284 5362 positione
1314 5296 1550 5351 medium
1577 5306 1686 5362 est;
1717 5305 1964 5352 extrema

380 5390 514 5432 vero
555 5381 700 5449 quod
745 5391 799 5436 et
837 5382 1012 5451 ipsum
1059 5386 1111 5440 in
1163 5386 1290 5454 alio,
1323 5395 1378 5442 et
1430 5388 1484 5443 in
1511 5403 1618 5458 quo
1663 5387 1806 5442 aliud
1858 5396 1961 5441 est.

378 5469 437 5525 Si
481 5473 624 5526 enim
660 5489 692 5525 a
739 5473 806 5527 de
853 5476 1000 5530 omni
1055 5477 1106 5546 b,
1151 5486 1207 5534 et
1257 5480 1285 5532 b
1330 5479 1397 5535 de
1445 5481 1592 5533 omni
1645 5497 1691 5543 τ,
1746 5493 1967 5538 necesse

375 5569 464 5614 est
524 5577 556 5613 a
604 5562 671 5615 de
720 5566 866 5618 omni
928 5583 955 5619 c
1007 5569 1308 5636 praedicari.
1367 5571 1520 5626 Prius
1576 5572 1716 5625 enim
1766 5571 1966 5626 dictum

377 5657 464 5706 est
519 5655 789 5721 quomodo
849 5657 916 5712 de
978 5663 1121 5715 omni
1177 5662 1421 5718 dicimus.
1486 5665 1742 5721 Similiter
1789 5675 1965 5721 autem

376 5750 435 5798 et
463 5744 508 5797 si
539 5759 570 5795 a
612 5744 678 5798 de
707 5747 852 5801 nullo
875 5748 924 5814 b,
963 5751 990 5803 ὁ
1017 5761 1194 5807 autem
1237 5753 1305 5808 de
1357 5757 1500 5810 omni
1542 5774 1590 5823 c,
1640 5759 1886 5828 quoniam
1937 5778 1966 5812 α

380 5834 509 5891 nulli
540 5837 766 5895 cinerit.
818 5839 876 5896 Si
902 5851 1079 5900 autem
1112 5846 1339 5913 primum
1373 5848 1584 5918 quidem
1612 5851 1756 5907 omni
1791 5852 1965 5907 medio

2069 1951 2406 2006 manifestum
2455 1955 2701 2023 quoniam
2748 1956 2849 2010 erit
2873 1959 3232 2027 syllogismus.
3266 1962 3321 2016 Si
3355 1975 3533 2019 autem
3563 1965 3650 2020 hic

2069 2043 2282 2111 quidem
2314 2047 2660 2101 terminorum
2706 2049 3096 2116 universaliter,
3140 2054 3276 2108 alius
3307 2071 3435 2110 vero
3487 2061 3651 2125 parti-

2071 2134 2326 2192 Culariter
2350 2137 2415 2192 ad
2445 2138 2625 2204 alium,
2651 2142 2861 2209 quando
2878 2143 3177 2198 universale
3198 2145 3409 2214 quidem
3435 2151 3651 2218 ponitur

2069 2225 2136 2278 ad
2169 2227 2420 2295 majorem
2449 2231 2835 2286 extremitatem
2863 2234 2939 2288 vel
2966 2235 3390 2303 prazdicativum,
3424 2239 3507 2292 vel
3542 2239 3648 2306 pri-

2069 2317 2324 2382 vativum,
2357 2321 2674 2388 particulare
2695 2338 2820 2378 vero
2841 2325 2908 2378 ad
2934 2325 3190 2382 minorem
3216 2330 3648 2398 przedicativum,

2074 2424 2298 2465 necesse
2341 2424 2424 2466 est
2465 2414 2828 2484 syllogismum
2890 2433 3009 2472 esse
3061 2419 3376 2488 perlectum.
3427 2422 3652 2489 Quando
3739 2485 3746 2496 ,

2074 2514 2202 2553 vero
2223 2502 2288 2555 ad
2312 2503 2571 2559 minorem
2595 2508 2677 2559 vel
2699 2506 2935 2574 quolibet
2965 2509 3124 2564 modo
3149 2511 3303 2566 aliter
3341 2520 3397 2567 se
3425 2512 3653 2569 habeant

2072 2594 2310 2658 termini,
2350 2596 2678 2664 impossibile
2707 2613 2805 2654 ρει.
2841 2599 2968 2653 Dico
2994 2610 3172 2656 autem
3197 2604 3452 2673 majorem
3476 2615 3652 2660 extre-

2071 2683 2308 2738 mitatem
2341 2686 2553 2754 quidem
2587 2687 2638 2741 in
2672 2704 2772 2757 qua
2805 2691 3036 2745 medium
3069 2701 3171 2759 est,
3206 2695 3466 2750 minorem
3504 2711 3653 2764 vero,

2072 2790 2189 2844 quas
2216 2777 2315 2830 sub
2343 2778 2518 2834 medio
2561 2788 2662 2834 est.
2695 2781 2824 2834 lusit
2871 2784 3012 2836 enim
3043 2801 3073 2834 (ι
3103 2785 3317 2853 quidem
3350 2787 3494 2840 omni
3539 2789 3588 2853 ὁ,
3622 2788 3650 2840 b

2071 2878 2250 2924 autem
2297 2871 2452 2925 alicui
2479 2889 2526 2938 ε,
2575 2886 2702 2942 ergo
2728 2873 2772 2926 si
2798 2883 2880 2928 est
2909 2875 2976 2928 de
3002 2876 3145 2929 omni
3179 2877 3476 2945 prcedicari,
3510 2879 3654 2946 quod

2072 2959 2125 3014 in
2159 2963 2417 3033 principio
2447 2964 2645 3018 dictum
2675 2974 2777 3032 est,
2810 2979 3030 3020 necesse
3059 2976 3139 3022 est
3165 2984 3195 3020 a
3227 2968 3380 3022 alicui
3405 2986 3431 3020 ε
3455 2971 3651 3024 inesse.

2072 3051 2142 3106 Et
2166 3053 2211 3107 si
2240 3070 2272 3106 a
2297 3055 2510 3123 quidem
2544 3056 2673 3110 nulli
2703 3056 2732 3108 b
2779 3055 2940 3120 inest,
2972 3058 3000 3109 ὸ
3021 3073 3147 3112 vero
3176 3057 3333 3112 alicui
3365 3074 3410 3123 c,
3439 3075 3656 3120 necesse

2071 3151 2154 3198 est
2183 3160 2214 3196 a
2243 3144 2401 3199 alicui
2422 3162 2448 3197 ε
2479 3161 2583 3200 non
2631 3146 2830 3213 inesse,
2861 3147 3273 3204 determinatum
3322 3160 3406 3205 est
3433 3151 3576 3204 enim
3602 3159 3656 3210 et

1994 3213 2044 3280 ο
2073 3234 2142 3290 de
2169 3235 2334 3303 nullo,
2367 3236 2633 3305 quomodo
2682 3236 2931 3305 dicimus,
2963 3255 3128 3310 quare
3181 3240 3286 3296 erit
3315 3241 3656 3312 syllogismul

2075 3327 2361 3397 perfectus.
2436 3329 2689 3385 Similiter
2771 3339 2950 3386 autem
2995 3341 3048 3387 et
3110 3333 3156 3387 si
3203 3332 3536 3388 indefinitum
3586 3335 3656 3392 sit

2077 3420 2106 3472 ὁ
2149 3437 2175 3473 c
2217 3421 2633 3491 praadicativum,
2680 3437 2804 3477 nam
2842 3423 2983 3478 idem
3031 3423 3134 3479 erit
3179 3424 3522 3494 syllogismus
3574 3427 3657 3481 in-

2075 3512 2296 3570 deﬁnito
2336 3524 2390 3570 et
2433 3515 2735 3586 particulari
2767 3525 2998 3586 sumpto.
3021 3518 3076 3573 Si
3099 3526 3276 3574 autem
3299 3519 3368 3574 ad
3390 3521 3653 3576 minorem

2077 3606 2470 3661 extremitatem
2518 3607 2821 3662 universale
2852 3617 3079 3677 ponatur
3121 3611 3203 3664 vel
3236 3611 3655 3678 praadicati/um,

2075 3698 2162 3753 vel
2213 3699 2554 3768 privativum,
2585 3713 2692 3755 non
2735 3699 2838 3755 erit
2863 3701 3204 3771 syllogismus
3231 3716 3404 3772 neque
3431 3718 3550 3758 cum
3578 3701 3651 3757 ai-

2075 3791 2361 3858 ﬁrmativa,
2407 3807 2580 3863 neque
2632 3793 2899 3862 negativa,
2954 3808 3125 3863 neque
3156 3794 3451 3864 indefinite,
3485 3809 3656 3866 neque

2074 3893 2410 3962 particularis
2440 3894 2528 3958 sit,
2555 3902 2609 3946 ut
2629 3892 2674 3946 si
2699 3909 2732 3944 a
2762 3892 2974 3959 quidem
3002 3892 3158 3946 alicui
3183 3894 3211 3943 b
3235 3879 3398 3961 inest,
3430 3895 3514 3949 vel
3547 3909 3655 3948 non

2076 3984 2237 4054 inest,
2271 3987 2298 4038 b
2328 3995 2501 4039 autem
2532 3983 2675 4038 omni
2715 4001 2742 4035 c
2777 3984 2932 4038 inest.
2966 3981 3204 4037 Termini
3236 3994 3294 4037 ut
3325 3987 3520 4049 inesse,
3561 3987 3654 4040 bo-

2075 4093 2226 4142 num,
2261 4077 2494 4140 habitus,
2551 4074 2867 4144 prudentia;
2914 4073 3003 4127 ubi
3054 4089 3158 4128 non
3203 4074 3402 4141 inesse,
3432 4076 3652 4144 bonum,

2075 4169 2321 4237 habitus,
2351 4167 2706 4236 indisciplina.
2739 4168 2973 4223 Rursum
3011 4165 3056 4222 si
3089 4167 3116 4219 ὁ
3143 4166 3358 4236 quidem
3391 4167 3521 4222 nulli
3549 4184 3597 4232 c,
3625 4184 3654 4223 ι

2076 4277 2204 4318 vero
2226 4263 2380 4318 alicui
2413 4262 2440 4315 b
2463 4263 2621 4330 incst,
2649 4261 2736 4318 vel
2765 4277 2869 4318 non
2899 4261 3057 4331 inest,
3085 4261 3170 4317 vel
3192 4277 3298 4316 non
3317 4263 3463 4317 omni
3492 4261 3653 4328 inest,

2077 4373 2176 4413 nec
2201 4358 2278 4412 sic
2297 4357 2774 4427 eritsyllogismus.
2794 4355 3036 4412 Termini
3057 4357 3201 4412 omni
3224 4356 3425 4424 inesse,
3449 4354 3653 4421 album,

2077 4463 2266 4518 equus,
2293 4463 2529 4519 cygnus;
2560 4449 2691 4503 nulli
2722 4450 2920 4516 inesse,
2947 4449 3145 4516 album,
3190 4462 3378 4517 equus,
3433 4460 3652 4502 corvus.

2077 4551 2220 4608 ldem
2248 4562 2423 4608 autem
2454 4561 2506 4608 et
2536 4553 2580 4606 si
2607 4569 2637 4606 a
2666 4553 2696 4605 ὁ
2724 4551 3052 4607 in'deiinitum
3098 4551 3186 4606 sit.
3213 4551 3322 4607 Nec
3350 4549 3560 4620 quando
3589 4549 3655 4606 ad

2077 4645 2333 4713 majorem
2383 4645 2775 4699 extremitatem
2816 4641 3032 4711 quidem
3084 4641 3383 4697 universale
3430 4650 3655 4711 ponatur

2076 4738 2158 4791 vel
2189 4735 2606 4806 praedicativum,
2637 4734 2723 4789 vel
2755 4733 3093 4803 privativum,
3126 4733 3191 4788 ad
3234 4733 3493 4789 minorem
3521 4746 3654 4788 vero

2076 4828 2394 4899 particulare
2438 4828 2775 4896 privativum,
2806 4840 2909 4882 non
2932 4827 3034 4882 erit
3059 4827 3406 4898 syllogismus
3437 4827 3520 4882 vel
3571 4825 3656 4880 iu-

2076 4922 2316 4990 deﬁnito,
2369 4923 2450 4976 vel
2484 4922 2791 4992 particulari
2825 4929 3059 4991 sumpto.
3092 4921 3252 4976 Velut
3284 4921 3330 4977 si
3379 4939 3409 4974 a
3435 4922 3652 4991 quidem

2077 5017 2218 5071 omni
2252 5016 2279 5068 b
2324 5015 2482 5082 inest,
2514 5015 2540 5065 b
2570 5022 2744 5068 autem
2787 5013 2941 5068 alicui
2992 5029 3019 5065 c
3056 5026 3164 5067 non
3214 5013 3372 5078 inest,
3424 5012 3506 5067 vel
3545 5025 3656 5066 non

2075 5109 2218 5163 omni
2245 5108 2402 5162 inest.
2432 5107 2529 5162 Cui
2561 5108 2704 5161 enim
2755 5105 2914 5160 alicui
2945 5119 3051 5160 non
3082 5107 3225 5160 inest
3273 5103 3526 5166 medium,
3552 5102 3656 5157 hoc

2074 5215 2233 5255 omne
2281 5210 2332 5254 et
2377 5200 2580 5254 nullum
2624 5208 2879 5268 sequatur
2907 5198 3158 5265 primum.
3211 5196 3479 5250 Ponantur
3504 5194 3654 5248 enim

2073 5290 2310 5354 termini,
2343 5291 2560 5355 animal,
2611 5289 2792 5353 homo,
2834 5287 3036 5353 album,
3068 5285 3262 5342 deinde
3291 5296 3345 5341 et
3369 5285 3437 5340 de
3463 5285 3655 5356 quibus

2073 5383 2210 5438 albis
2231 5396 2336 5436 non
2370 5382 2688 5450 praedicatur
2712 5380 2894 5444 homo,
2925 5387 3205 5433 sumantur
3225 5391 3425 5447 cygnus
3447 5385 3501 5431 et
3529 5376 3648 5438 nix;

2073 5491 2198 5546 ergo
2218 5475 2414 5529 animal
2433 5475 2499 5528 de
2515 5488 2619 5528 uno
2634 5471 2848 5542 quidem
2870 5469 3016 5524 omni
3037 5468 3382 5538 praedicatur,
3403 5467 3470 5522 de
3483 5467 3650 5521 altero

2071 5584 2199 5625 vero
2227 5569 2393 5633 nullo,
2438 5580 2598 5636 quare
2647 5579 2752 5617 non
2801 5562 2903 5616 erit
2951 5560 3311 5630 syllogismus.
3345 5558 3577 5613 Rursum
3619 5570 3652 5606 α

2071 5666 2284 5736 quidem
2318 5663 2449 5718 nulli
2480 5664 2507 5714 Ι)
2541 5661 2683 5722 insit,
2712 5658 2739 5709 b
2770 5669 2948 5712 autem
2980 5655 3138 5710 alicui
3183 5671 3209 5707 c
3258 5669 3365 5709 non
3410 5653 3553 5718 insit,
3599 5657 3653 5705 ct

2073 5759 2179 5812 sint
2211 5756 2444 5820 termini,
2478 5751 2850 5813 inanimatum,
2885 5741 3066 5810 homo,
3096 5744 3295 5810 album,
3348 5741 3539 5799 deinde
3562 5755 3652 5796 su-

2072 5856 2281 5905 mantur
2326 5847 2466 5911 alba,
2497 5845 2564 5905 de
2593 5841 2785 5911 quibus
2829 5857 2937 5900 non
2992 5838 3306 5910 praedicatur
3347 5837 3528 5898 homo,
3558 5848 3652 5908 cyv
