4296 6266
604 368 711 424 6ιὸ

1814 365 1934 422 AN.
1970 364 2179 424 MANL.
2221 362 2378 425 θεν.
2421 363 2646 423 ΒΟΕΤΙΙ

3753 357 3872 423 σω

604 500 740 560 gnua
767 494 821 542 et
863 498 980 547 nix;
1014 497 1139 538 nam
1167 479 1515 537 inanimatam
1560 478 1629 536 de
1658 477 1759 533 hoc
1783 478 1997 549 quidem
2027 478 2176 532 omni
2203 482 2258 541 Α
2279 481 2502 543 animal,
2533 479 2723 546 homo;
2750 494 2857 535 non
2888 480 3085 547 inesse,
3114 480 3279 548 linea,
3311 480 3530 547 anima.,
3564 481 3718 552 .apia.
3747 483 3855 540 Ma-

605 578 941 650 praadicatur,
990 574 1058 629 de
1088 575 1179 629 illo
1225 589 1350 629 vero
1398 573 1560 627 nullo.
1609 571 1882 641 Amplius:
1913 572 2171 641 quoniam

605 670 937 727 indefinitum
962 676 1045 724 est
1073 667 1225 723 alicui
1249 679 1431 721 eorum
1454 678 1572 735 quae
1592 674 1716 717 sunt
1735 679 1762 716 c
1787 679 1890 719 non
1920 664 2095 719 inesse
2118 663 2168 728 b,

605 780 788 822 verum
818 772 897 819 est
927 771 1103 817 autem
1139 769 1193 815 et
1223 758 1346 814 nulli
1373 759 1529 826 ineSI,
1555 768 1608 812 et
1632 756 1677 810 si
1710 772 1814 810 non
1842 757 2006 823 omni,
2041 772 2175 825 quo—

605 858 747 911 niam
776 855 931 909 alicui
981 868 1084 907 non
1125 848 1531 919 inest,sumptis
1572 856 1747 903 autem
1798 848 1879 902 his
1928 848 2173 903 terminis

604 948 747 1002 velut
776 946 905 1001 nulli
955 944 1143 1004 inesse,
1198 956 1301 993 non
1356 939 1414 993 ﬁt
1465 938 1803 1010 syllogismus
1851 938 1977 1007 (hoc
2028 939 2172 993 enim

605 1039 801 1093 dictum
828 1044 908 1089 est
932 1030 1097 1105 prius)
1128 1028 1637 1099 manifestum;ergo
1666 1029 2005 1099 estquoniam
2032 1028 2083 1083 in
2112 1044 2178 1085 eo

606 1132 745 1204 quod
774 1132 849 1185 sic
873 1145 931 1184 se
956 1128 1152 1182 habent
1182 1126 1390 1180 termini
1425 1139 1530 1178 non
1560 1123 1661 1178 erit
1689 1121 2057 1193 syllogismus,
2092 1137 2180 1177 es-

566 1228 569 1233 ’
605 1234 687 1281 set
711 1224 849 1277 enim
878 1230 931 1275 et
960 1221 1012 1274 in
1044 1219 1144 1273 bis.
1176 1217 1434 1273 Similiter
1459 1224 1633 1270 autem
1678 1214 2011 1281 ostendetur,
2041 1222 2096 1269 et
2131 1215 2180 1269 si

606 1313 903 1369 universale
936 1318 1160 1380 ponatur
1186 1307 1519 1379 privativum.
1556 1306 1739 1375 Neque
1775 1307 1918 1363 enim
1949 1305 1995 1359 si
2022 1306 2182 1360 ambo

606 1400 880 1458 intervalla
918 1398 1251 1469 particularia
1285 1396 1641 1467 przedicative,
1674 1395 1758 1451 vel
1809 1396 2069 1465 privativa
2098 1395 2184 1450 di-

606 1505 811 1555 cantur.
841 1506 930 1548 aut
954 1493 1051 1547 hoc
1074 1490 1285 1563 quidem
1311 1490 1729 1561 praedicativum,
1758 1488 1890 1543 illud
1913 1502 2042 1543 vero
2066 1488 2184 1557 pri-

611 1587 860 1649 vatis-um,
886 1586 965 1639 vel
992 1584 1091 1636 ltoc
1119 1581 1333 1651 quidem
1365 1580 1718 1645 indelinitum,
1744 1579 1873 1633 illud
1899 1593 2026 1634 vero
2054 1578 2187 1633 deﬁ-

608 1682 799 1747 nitum,
860 1678 943 1733 vel
994 1679 1150 1731 ambo
1204 1674 1497 1743 indeﬁnita,
1548 1690 1654 1729 non
1696 1674 1801 1729 erit
1839 1674 2205 1744 syllogismus.

608 1774 755 1829 nullo
778 1773 957 1827 modo.
990 1772 1223 1826 Termini
1246 1785 1371 1824 vero
1401 1784 1713 1824 communes
1761 1770 2023 1835 omnium,
2062 1768 2182 1823 ani-

2282 572 2533 626 nifestum
2564 586 2690 642 ergo
2719 573 2971 641 quoniam
3000 574 3046 627 si
3074 573 3134 627 ﬁt
3161 573 3506 644 syllogismus
3546 588 3613 629 ex
3644 575 3857 631 univer-

2281 664 2479 719 salibus
2507 662 2772 734 terminis,
2804 680 3025 720 necesse
3054 674 3135 720 est
3165 668 3422 721 terminos
3442 667 3521 721 sic
3550 681 3610 721 se
3642 666 3856 735 habere,

2281 765 2339 809 ut
2380 757 2431 811 in
2485 756 2744 823 principio
2792 757 3041 811 diximus.
3088 757 3263 812 Aliter
3288 757 3431 812 enim
3463 774 3522 812 se
3546 758 3861 815 habentibus

2284 848 2526 904 terminis
2557 863 2661 902 non
2707 848 2765 902 ﬁt
2809 850 3081 904 conclusio
3132 852 3459 905 necessaria.
3491 852 3546 907 Si
3582 864 3763 907 autem
3797 852 3863 907 ad

2283 941 2507 995 alterum
2550 940 2619 994 sit
2655 939 3029 994 universaliter
3058 940 3317 1005 medium,
3347 941 3562 1009 quando
3588 941 3659 996 ad
3691 941 3867 1010 majus

2285 1030 2498 1098 quidem
2524 1030 2679 1086 fuerit
2719 1030 3096 1109 universaliter
3123 1032 3205 1085 vel
3252 1031 3614 1100 pradicative,
3640 1033 3725 1089 vel
3756 1033 3867 1103 pri-

2286 1125 2478 1188 vative,
2508 1122 2573 1177 ad
2599 1123 2773 1177 minus
2799 1134 2976 1178 autem
3003 1134 3055 1178 et
3076 1122 3491 1193 particulariter,
3513 1136 3567 1178 et
3599 1129 3865 1192 opposita:

2286 1221 2573 1276 universali
2604 1221 2760 1290 (dico
2789 1230 2964 1275 autem
3012 1220 3300 1289 oppositae,
3322 1220 3367 1276 si
3406 1220 3707 1275 universale
3737 1219 3861 1289 qui-

2286 1312 2407 1367 dem
2462 1312 2777 1381 privativum
2830 1311 3148 1379 particulare
3200 1311 3640 1380 pradicativum,
3685 1310 3773 1365 vel
3815 1309 3863 1365 si

2290 1403 2597 1458 universale
2649 1400 3089 1471 priedicativutn,
3144 1403 3465 1471 particulare
3485 1402 3864 1475 privativum),

2291 1508 2513 1550 necesse
2540 1504 2623 1548 est
2651 1494 3016 1564 syllogismum
3040 1493 3156 1548 ﬁeri
3187 1495 3505 1563 privativum
3531 1495 3865 1564 particulari-

2291 1594 2395 1643 ter.
2424 1585 2556 1641 Nam
2595 1586 2639 1641 si
2666 1602 2718 1639 m
2747 1586 2875 1642 nulli
2900 1587 3113 1654 quidem
3143 1602 3201 1653 rt,
3230 1603 3266 1640 ε
3289 1596 3467 1642 autem
3509 1588 3664 1642 alicui
3708 1590 3861 1658 inest,

2291 1693 2513 1734 necesse
2538 1688 2620 1733 est
2644 1696 2679 1733 η
2705 1680 2864 1735 alicui
2884 1696 2920 1734 ας
2945 1696 3053 1735 non
3080 1682 3273 1737 inesse.
3293 1681 3554 1748 Quoniam
3576 1683 3722 1738 enim
3738 1697 3865 1737 con-

2292 1772 2516 1826 vertitur
2544 1770 2880 1839 privativum,
2916 1772 3048 1826 nulli
3078 1789 3127 1825 m
3156 1772 3338 1837 inerit,-
3372 1789 3407 1826 η
3436 1789 3484 1825 m
3514 1787 3643 1828 vero
3669 1787 3865 1843 suppo-

609 1866 736 1931 mal,
760 1866 956 1927 album,
980 1878 1166 1933 equus,
1196 1862 1417 1927 animal,
1443 1860 1645 1926 album,
1668 1860 1823 1929 lapis.
1841 1859 2180 1914 Manifestum
2212 1854 2265 1917 Ι
2290 1862 2517 1918 uehatur
2552 1863 2712 1918 alicui
2740 1879 2778 1917 π
2803 1864 3002 1929 inesse,
3044 1878 3210 1934 quare
3238 1880 3271 1917 η
3305 1865 3461 1918 alicui
3508 1879 3690 1919 eorum
3742 1881 3863 1935 quae

609 1967 691 2013 est
720 1957 880 2026 igitur
904 1970 969 2010 ex
996 1955 1060 2008 iis
1089 1969 1206 2023 qua!
1236 1953 1378 2007 dicta
1402 1960 1527 2006 sunt
1554 1952 1803 2019 quoniam
1831 1951 1876 2005 si
1907 1951 1978 2005 sit
2014 1951 2182 2021 syllo-

610 2050 811 2120 gismus
865 2048 919 2102 in
960 2047 1059 2102 hac
1099 2044 1261 2114 ﬁgura
1290 2043 1647 2115 particularis,
1680 2044 1931 2112 quoniam
1962 2057 2186 2099 necesse

610 2150 694 2199 est
736 2140 992 2197 terminos
1032 2138 1108 2193 sic
1136 2153 1196 2192 se
1226 2136 1444 2203 habere,
1491 2148 1546 2191 ut
1571 2136 1831 2189 diximus.
1853 2135 2022 2190 Aliter
2042 2135 2185 2190 enim

613 2247 673 2288 se
697 2230 1035 2295 habentibus,
1052 2228 1197 2283 nullo
1216 2226 1418 2301 [modo]
1436 2230 1509 2280 iit.
1535 2217 1715 2282 Palam
1738 2236 1913 2281 autem
1932 2226 2185 2296 quoniam

615 2336 803 2377 omnes
824 2321 912 2392 qui
938 2320 992 2375 in
1012 2322 1108 2374 hac
1127 2329 1249 2374 sunt
1274 2317 1572 2390 syllogismi
1594 2315 1814 2385 perfecti
1838 2326 1981 2383 sunt,
2000 2331 2187 2372 omnes

613 2414 755 2472 enim
782 2413 1130 2483 perliciuntur
1158 2427 1250 2481 per
1270 2426 1331 2466 ea
1352 2425 1470 2481 qua:
1494 2423 1561 2465 ex
1592 2407 1849 2478 principio
1872 2417 2184 2477 sumuntur,

536 2500 547 2515 ³
617 2512 671 2560 ει
698 2506 949 2574 quoniam
977 2503 1152 2558 omnia
1185 2502 1508 2571 problemata
1543 2500 1897 2556 ostenduntur
1928 2514 2023 2569 per
2052 2500 2199 2556 hanc

618 2596 838 2662 ﬁguram
874 2611 888 2648 :
921 2592 1111 2648 etenim
1144 2593 1290 2645 omni
1327 2600 1379 2645 et
1414 2590 1578 2655 nulli,
1614 2591 1772 2647 alicui
1803 2600 1859 2647 et
1898 2606 2004 2646 non
2030 2591 2191 2647 alicui

619 2685 814 2740 inesse.
843 2684 985 2740 Voco
1011 2692 1187 2739 autem
1214 2682 1514 2751 huiusmodi
1546 2686 1791 2753 figuram,
1830 2686 2079 2755 primam.

1244 2791 1470 2847 CAPUT
1510 2792 1576 2848 V.

798 2886 877 2942 De
901 2884 1206 2958 syllogismis
1234 2884 1479 2939 absolutis
1497 2884 1551 2938 in
1574 2886 1797 2939 secunda
1827 2886 2015 2957 ﬁgura.

690 2977 913 3045 Quando
958 2989 1086 3031 vero
1130 2974 1271 3030 idem
1324 2974 1445 3029 huic
1492 2975 1635 3029 omni
1676 2974 1913 3045 quidem,
1960 2976 2037 3031 illi
2068 2990 2197 3033 vero

624 3071 752 3128 nulli
784 3071 941 3135 inest,
972 3068 1056 3123 vel
1097 3067 1283 3137 utique
1307 3068 1476 3131 omni,
1508 3066 1593 3123 vel
1625 3068 1776 3137 nulli,
1812 3069 2034 3138 ﬁguram
2078 3069 2198 3137 qui-

624 3163 745 3219 dem
793 3159 1098 3231 huiusmodi
1146 3173 1280 3213 voco
1311 3158 1621 3213 secundam.
1655 3158 1886 3215 Medium
1913 3169 2091 3214 autem
2141 3159 2196 3213 in

624 3254 725 3321 hac
752 3253 874 3309 dico
912 3250 1054 3323 quod
1083 3250 1149 3306 de
1178 3258 1400 3320 utraque
1448 3250 1799 3321 praedicatur;
1830 3250 2198 3305 extremitates

623 3361 753 3416 vero
788 3347 853 3400 de
882 3345 1073 3414 quibus
1112 3343 1301 3399 dicitur
1332 3342 1455 3411 hoc,
1492 3344 1747 3413 majorem
1769 3343 1983 3412 quidem
2017 3350 2199 3399 extre-

627 3439 889 3501 mitatem,
932 3448 1049 3505 quae
1089 3435 1238 3503 juxta
1292 3434 1523 3490 medium
1563 3436 1731 3503 posita
1776 3445 1878 3497 est,
1933 3432 2197 3490 minorem

630 3542 787 3593 vero,
815 3541 934 3596 quae
963 3526 1169 3596 longius
1211 3526 1312 3580 sita
1360 3535 1443 3581 est
1467 3541 1497 3580 a
1528 3527 1725 3581 medio.
1768 3524 1989 3581 Ponitur
2016 3536 2197 3583 autem

629 3619 864 3679 medium
891 3617 1034 3674 foras
1073 3616 1285 3687 quidem
1330 3620 1765 3687 extremitatum,
1797 3617 2023 3685 primum
2068 3632 2201 3673 vero

629 3712 917 3784 positione.
939 3708 1210 3765 Perfectus
1239 3709 1399 3776 igitur
1418 3724 1525 3763 non
1554 3710 1658 3764 erit
1682 3709 2022 3778 syllogismus
2050 3708 2201 3765 nullo

630 3802 788 3859 modo
831 3803 887 3857 in
914 3802 1013 3856 hac
1042 3802 1228 3871 figura,
1270 3802 1520 3871 possibile
1546 3816 1678 3858 vero
1704 3801 1807 3856 erit
1834 3812 1889 3857 et
1922 3804 2201 3858 universa-

630 3896 799 3958 libus,
844 3904 898 3949 et
945 3909 1047 3948 non
1094 3894 1485 3950 universalihus
1532 3894 1883 3951 exiStentibus
1933 3897 2198 3953 terminis.

631 3984 1026 4044 Universalihus
1042 3985 1201 4056 igitur
1223 3988 1465 4043 terminis
1481 3987 1586 4043 erit
1607 3988 1965 4057 syllogismus,
1987 3990 2201 4059 quando

629 4080 857 4136 medium
890 4079 1010 4134 huic
1037 4077 1251 4149 quidem
1273 4082 1441 4144 omni,
1470 4078 1546 4134 illi
1569 4092 1699 4135 vero
1729 4080 1862 4135 nulli
1887 4080 2069 4145 inerit,
2100 4081 2202 4138 etsi

629 4171 696 4226 ad
724 4171 988 4225 utrumvis
1010 4172 1080 4225 sit
1104 4170 1445 4238 privativum,
1482 4170 1638 4224 aliter
1666 4185 1797 4226 vero
1842 4172 1989 4227 nullo
2018 4171 2200 4227 modo.

629 4263 950 4319 Prmdicetur
970 4263 1109 4317 enim
1126 4277 1178 4315 τη
1199 4262 1268 4314 de
1281 4278 1313 4313 η
1335 4261 1549 4329 quidem
1573 4263 1740 4329 nullo,
1758 4263 1875 4319 dea:
1890 4280 2016 4320 vero
2034 4266 2200 4337 omni,

630 4356 879 4429 quoniam
923 4353 1079 4423 igitur
1102 4353 1430 4420 convertitur
1458 4353 1712 4421 privativa
1732 4396 1747 4421 ,
1783 4356 1911 4410 nulli
1944 4373 1994 4409 ut
2046 4358 2204 4413 inerit

628 4469 684 4520 η,
714 4464 769 4509 at
797 4471 846 4508 m
868 4451 1014 4509 omni
1041 4467 1079 4505 ω
1102 4447 1521 4518 supponebatur,
1542 4463 1707 4516 quare
1735 4465 1768 4502 rt
1796 4450 1926 4504 nulli
1952 4465 1989 4503 ε
2009 4448 2197 4505 inerit:

626 4541 730 4602 hQC
756 4544 897 4597 enim
927 4550 1199 4598 ostensum
1223 4548 1306 4594 est
1327 4537 1491 4608 prius.
1525 4538 1754 4594 ltursum
1785 4539 1828 4593 si
1856 4554 1953 4592 mn
1986 4540 2202 4609 quidem

631 4633 774 4688 omni
799 4634 956 4701 inest,
984 4650 1021 4687 ω
1046 4647 1175 4689 vero
1204 4630 1352 4698 nulli,
1388 4646 1560 4701 neque
1584 4647 1618 4684 η
1645 4646 1682 4685 ω
1711 4630 1839 4686 nulli
1866 4632 2043 4687 inerit.
2068 4632 2200 4687 Nam

627 4723 670 4777 si
700 4740 749 4777 m
779 4722 904 4779 nulli
932 4739 988 4790 π,
1015 4737 1185 4792 neque
1208 4738 1244 4803 φ
1268 4721 1401 4777 nulli
1431 4739 1461 4776 η
1485 4721 1665 4790 inerit,
1697 4731 1751 4777 at
1776 4729 1902 4779 vero
1927 4740 1977 4778 m
2003 4724 2204 4779 omnin

628 4815 818 4878 inerat,
850 4828 1012 4883 quare
1040 4830 1076 4881 ;c
1119 4806 1245 4868 nulli
1277 4815 1452 4869 inerit.
1504 4814 1662 4869 Facta
1694 4826 1775 4869 est
1802 4817 1945 4871 enim
1991 4833 2203 4874 rursum

629 4901 797 4970 prima
820 4902 1006 4971 ﬁgura.
1025 4904 1285 4971 Quoniam
1302 4915 1479 4960 autem
1507 4904 1840 4962 convertitur
1862 4909 2201 4980 privativum,

628 5008 801 5050 neque
823 5010 854 5047 η
884 4994 1015 5049 nulli
1051 5010 1088 5049 π
1118 4995 1295 5063 inerit,
1327 5009 1491 5064 quare
1521 4998 1623 5050 erit
1652 4998 1790 5052 idem
1820 5000 2160 5070 syllogismus
2184 5042 2201 5071 ,

628 5090 710 5139 est
728 5094 903 5139 autem
932 5083 1214 5137 ostendere
1242 5082 1356 5137 haec
1388 5093 1443 5139 et
1472 5084 1537 5139 ad
1570 5086 1895 5155 impossibile
1922 5089 2200 5148 ducentes.

635 5170 894 5241 Quoniam
918 5189 1042 5246 ergo
1071 5175 1133 5229 ﬁt
1159 5174 1500 5246 syllogismus
1526 5180 1604 5231 sic
1649 5193 1707 5232 se
1739 5179 2057 5235 habentibus
2088 5192 2200 5240 ter-

626 5270 784 5324 minis
815 5258 1174 5336 manifestum,
1212 5269 1304 5325 sed
1352 5284 1454 5325 non
1485 5269 1772 5339 perfectus,
1802 5287 1908 5328 non
1942 5274 2086 5328 enim
2117 5290 2203 5331 so-

626 5364 735 5423 lum
761 5352 924 5424 exiis
967 5382 1086 5438 quae
1124 5366 1190 5423 ab
1218 5364 1369 5445 initio
1396 5376 1603 5437 sumpta
1647 5376 1789 5435 sunt,
1832 5368 1925 5424 sed
1969 5385 2036 5426 ex
2083 5372 2201 5429 aliis

626 5460 898 5527 perﬁcitur
929 5460 1310 5517 necessarium.
1361 5456 1419 5515 8i
1449 5468 1625 5515 autem
1656 5476 1706 5513 m
1748 5460 1817 5517 de
1846 5463 1989 5517 omni
2032 5481 2063 5517 η
2092 5474 2145 5519 ει
2165 5481 2203 5520 ω

626 5553 963 5621 praedicetur,
997 5571 1101 5611 non
1151 5554 1257 5612 erit
1294 5554 1652 5626 syllogismus.
1697 5554 1937 5611 Termini
1990 5557 2201 5627 inesse,

627 5645 953 5715 substantia,
987 5650 1216 5715 animal,
1242 5650 1379 5705 ratio
1409 5667 1423 5717 ;
1462 5666 1565 5705 non
1613 5650 1824 5715 inesse,
1859 5650 2155 5705 substantia
2184 5692 2201 5720 ,

628 5738 846 5800 animal.
869 5740 1024 5807 lapis,
1055 5743 1313 5809 medium,
1342 5744 1662 5799 substantia.
1691 5742 1801 5799 Nec
1828 5743 2041 5813 quando
2070 5743 2140 5797 de
2167 5758 2203 5795 η

624 5835 731 5883 ttae
752 5827 821 5887 de
848 5844 884 5884 ι
908 5829 1056 5889 nullo
1081 5832 1401 5903 praedicatur
1428 5850 1499 5891 ιη.
1532 5832 1771 5909 Termini
1802 5834 2000 5905 inesse,
2031 5833 2201 5902 linea,

2234 4596 2289 4658 D

2289 1964 2414 2010 sunt
2435 1970 2473 2008 π
2496 1968 2604 2010 non
2632 1954 2820 2011 inerit.
2858 1954 2943 2009 Fit
2970 1957 3112 2011 enim
3140 1956 3481 2026 syllogismus
3522 1972 3614 2025 per
3637 1957 3863 2027 primam

2289 2046 2535 2116 ﬁguram.
2568 2044 2772 2103 Rursus
2800 2048 2904 2103 sin
2934 2048 3151 2118 quidem
3190 2048 3338 2102 omni
3366 2063 3449 2115 ut,
3482 2064 3517 2102 ε
3553 2064 3679 2105 vero
3705 2049 3864 2108 alicui

2291 2154 2397 2195 non
2425 2141 2582 2205 inest,
2613 2155 2834 2197 necesse
2860 2153 2940 2197 est
2963 2142 3170 2196 nalicui
3194 2157 3231 2195 ε
3252 2156 3354 2196 non
3388 2143 3583 2198 inesse.
3612 2143 3745 2198 Nam
3766 2144 3811 2199 si
3830 2161 3867 2199 at

2293 2236 2435 2289 omni
2451 2236 2587 2290 inest
2606 2251 2659 2301 η,
2677 2235 2995 2304 ρτωάἰεειιιι·
3013 2245 3188 2289 autem
3198 2244 3253 2291 οι
3267 2250 3317 2287 m
3338 2236 3403 2288 de
3417 2238 3626 2302 omnin,
3645 2252 3868 2294 necesse

2293 2336 2376 2382 est
2401 2344 2451 2380 m
2471 2326 2615 2383 omni
2640 2343 2677 2382 ω
2706 2326 2905 2391 inesse,
2936 2326 3336 2395 supponebatur
3359 2335 3539 2381 autem
3571 2328 3729 2383 alicui
3756 2343 3865 2387 non

2293 2417 2491 2473 inesse.
2516 2417 2583 2471 Et
2621 2418 2666 2471 si
2697 2433 2746 2471 ut
2774 2418 2977 2472 nomni
3015 2415 3228 2486 quidem
3267 2418 3430 2484 inest,
3455 2433 3493 2471 π
3531 2428 3708 2475 autem
3757 2436 3864 2481 non

2294 2513 2462 2576 omni,
2483 2512 2585 2565 erit
2610 2511 2972 2581 syllogismus,
2991 2508 3243 2580 quoniam
3262 2525 3365 2564 non
3395 2510 3543 2565 omni
3570 2527 3607 2565 at
3636 2513 3781 2569 inest
3808 2529 3863 2569 η.

2296 2605 2692 2660 Demonstratio
2734 2615 2913 2658 autem
2950 2604 3160 2658 eadem.
3191 2602 3247 2657 Si
3288 2611 3469 2658 autem
3500 2604 3567 2659 de
3591 2620 3628 2658 π
3654 2606 3868 2675 quidem

2296 2699 2476 2764 omni,
2500 2697 2570 2753 de
2596 2715 2631 2751 rt
2660 2711 2787 2752 vero
2830 2711 2936 2751 non
2963 2695 3107 2749 omni
3154 2695 3475 2765 praedicatur
3502 2710 3551 2749 m
3571 2738 3588 2765 ,
3620 2712 3727 2752 non
3766 2700 3868 2755 erit

2297 2790 2660 2861 syllogismus.
2676 2787 2910 2843 Termini
2932 2786 3133 2850 inesse,
3153 2787 3370 2853 animal,
3399 2787 3720 2855 substantia,
3742 2803 3871 2844 cor-

2299 2901 2417 2942 vus.
2450 2886 2563 2942 Non
2589 2886 2788 2950 inesse,
2812 2882 3028 2947 animal,
3056 2882 3257 2947 album,
3287 2896 3506 2937 corvus.
3534 2883 3640 2938 Nec
3661 2884 3872 2953 quando

2297 2979 2366 3033 de
2384 2994 2421 3032 το
2443 2977 2659 3048 quidem
2692 2976 2862 3043 nullo,
2885 2976 2952 3030 de
2977 2992 3009 3028 η
3030 2988 3155 3029 vero
3179 2974 3379 3044 aliquo.
3406 2975 3640 3031 Termini
3674 2976 3872 3045 inesse,

2298 3071 2517 3139 animal,
2560 3068 2887 3135 substantia,
2920 3068 3076 3137 lapis.
3120 3066 3236 3121 Non
3267 3069 3460 3133 inesse,
3493 3068 3716 3134 animal,
3748 3068 3893 3124 sub-‘

2301 3164 2526 3230 stantia,
2561 3163 2804 3218 scientia.
2845 3160 3069 3226 Quando
3098 3160 3257 3230 igitur
3298 3160 3604 3228 oppositum
3631 3166 3713 3215 est
3753 3160 3873 3215 uni-

2302 3253 2514 3309 versale
2540 3251 2866 3323 particulari,
2898 3251 3097 3305 dictum
3124 3260 3206 3306 est
3239 3251 3453 3321 quando
3481 3252 3603 3317 erit,
3635 3260 3689 3306 et
3710 3264 3875 3319 quan-

2303 3345 2374 3403 do
2391 3360 2495 3401 non
2524 3346 2629 3401 erit
2652 3343 3009 3417 syllogismus.
3028 3342 3254 3410 Quando
3274 3352 3451 3399 autem
3475 3343 3666 3397 similis
3692 3344 3873 3413 ﬁguras

2303 3448 2495 3501 fuerint
2516 3444 2920 3514 propositiones,
2952 3452 3010 3497 ut
3037 3443 3209 3499 ambae
3236 3442 3502 3510 privatim
3530 3441 3613 3495 vel
3632 3440 3871 3495 afﬁrma-

2305 3537 2443 3598 tivae,
2476 3533 2623 3588 nullo
2642 3534 2801 3589 modo
2826 3534 2930 3588 erit
2958 3532 3315 3603 syllogismus.
3338 3532 3457 3588 Sint
3476 3531 3617 3587 enim
3644 3531 3873 3599 pritnutu

2305 3626 2596 3697 privativae,
2627 3634 2681 3679 et
2712 3623 3010 3680 universale
3054 3636 3282 3693 ponatur
3318 3623 3382 3678 ad
3408 3621 3661 3692 majorem
3698 3629 3876 3678 extre-

2304 3720 2560 3783 mitatem,
2591 3726 2648 3771 ut
2670 3734 2719 3770 m
2742 3732 2775 3769 η
2804 3716 3016 3786 quidem
3046 3716 3196 3784 nulli,
3215 3734 3251 3772 ω
3272 3723 3449 3771 autem
3481 3715 3636 3770 alicui
3658 3730 3764 3770 non
3795 3718 3877 3771 in-

2303 3810 2672 3878 sit:contingit
2690 3824 2817 3879 ergo
2830 3818 2885 3864 et
2902 3809 3070 3875 omni,
3093 3821 3146 3865 et
3170 3809 3299 3863 nulli
3317 3825 3352 3863 π
3373 3809 3547 3863 inesse
3570 3814 3620 3861 η.
3638 3807 3899 3865 Termini

2304 3902 2517 3972 quidem
2546 3901 2674 3955 nulli
2702 3904 2894 3966 inesse,
2926 3903 3156 3972 nigrum,
3189 3902 3299 3966 nix,
3333 3900 3550 3957 animal.
3572 3902 3730 3957 Omni
3754 3917 3878 3959 vero

2306 3998 2503 4062 inesse,
2534 4010 2639 4049 non
2669 4002 2752 4048 est
2788 4006 3019 4058 sumere,
3044 3994 3090 4050 si
3132 4011 3181 4047 m
3206 3994 3365 4049 alicui
3400 3994 3612 4065 quidem
3640 4010 3676 4048 π
3703 3994 3881 4061 inest,

2307 4085 2463 4142 alicui
2494 4095 2667 4141 autem
2693 4100 2817 4141 non.
2851 4084 2981 4139 Nam
3001 4085 3047 4141 si
3077 4086 3225 4139 omni
3265 4102 3303 4140 ω
3328 4086 3472 4140 inest
3494 4102 3548 4151 η,
3579 4095 3632 4140 ει
3659 4094 3708 4139 m
3728 4087 3887 4154 nulli,

2307 4196 2341 4233 η
2368 4180 2527 4234 etiam
2558 4194 2608 4231 m
2636 4176 2763 4231 nulli
2799 4193 2834 4230 π
2859 4176 3043 4239 inerit;
3077 4175 3171 4229 sed
3201 4175 3431 4243 positum
3459 4184 3573 4229 erat
3611 4175 3771 4227 alicui
3800 4175 3882 4228 in-

2307 4286 2446 4338 esse,
2479 4286 2584 4326 non
2631 4271 2787 4340 igitur
2812 4268 2890 4322 sic
2930 4280 3142 4322 sumere
3193 4265 3453 4333 contingit
3492 4264 3767 4318 terminos.
3798 4264 3880 4322 Ex

2309 4362 2584 4419 indeﬁnito
2624 4371 2797 4417 autem
2849 4358 3232 4415 ostendendum
3278 4368 3379 4415 est.
3418 4358 3697 4426 Quoniam
3729 4357 3879 4413 enim

2310 4474 2492 4514 verum
2514 4467 2596 4514 est
2614 4474 2665 4513 m
2687 4471 2791 4512 non
2818 4455 2993 4511 inesse
3012 4452 3168 4509 alicui
3191 4469 3249 4518 ε,
3264 4461 3319 4508 ει
3337 4453 3382 4508 si
3407 4450 3536 4507 nulli
3564 4450 3727 4518 inest,
3748 4451 3895 4509 nulli

2312 4567 2441 4608 vero
2477 4566 2598 4608 cum
2645 4549 2770 4605 insit
2818 4562 2923 4603 non
2968 4546 3069 4602 erit
3119 4545 3497 4616 syllogismus,
3540 4542 3883 4599 manifestum

2315 4643 2563 4714 quoniam
2595 4656 2771 4711 neque
2801 4655 2939 4696 nunc
2954 4640 3079 4696 erit.
3106 4639 3333 4693 Rursum
3354 4637 3397 4691 si
3427 4635 3801 4706 przedicativae,
3832 4644 3887 4693 et

2316 4736 2615 4793 universale
2657 4742 2886 4805 ponatur
2916 4734 3179 4797 similiter,
3213 4740 3271 4787 ut
3310 4748 3359 4785 ut
3404 4730 3551 4785 omni
3580 4730 3799 4801 quidem
3827 4746 3884 4794 η,

2314 4846 2349 4885 :t
2373 4841 2548 4886 autem
2588 4828 2741 4883 alicui
2773 4826 2920 4891 insit,
2944 4823 3205 4894 contingit
3235 4838 3363 4893 ergo
3396 4830 3452 4878 et
3477 4821 3646 4888 omni,
3678 4832 3733 4876 et
3755 4820 3887 4879 nulli

2313 4937 2350 4976 ω
2373 4922 2571 4977 inesse.
2597 4918 2839 4976 Termini
2868 4916 2997 4971 nulli
3030 4917 3227 4979 inesse,
3249 4913 3449 4979 album,
3474 4925 3698 4984 cygnus,
3729 4912 3884 4981 lapis.

2315 5013 2470 5067 Omni
2500 5027 2625 5067 vero
2654 5026 2761 5067 non
2787 5009 2889 5065 erit
2931 5020 3144 5063 sumere
3174 5004 3452 5070 terminos,
3494 5012 3711 5074 propter
3737 5018 3890 5059 eam-

2313 5101 2432 5158 dem
2462 5115 2675 5157 causam
2704 5115 2865 5172 quam
2908 5106 2962 5154 et
2990 5099 3159 5167 prius,
3191 5095 3286 5152 sed
3315 5112 3376 5151 es
3410 5094 3689 5151 indeﬁnito
3732 5109 3887 5148 mon-

2308 5193 2588 5249 strandum
2628 5201 2729 5248 est.
2759 5190 2813 5249 Si
2845 5200 3024 5247 autem
3051 5187 3355 5245 universale
3393 5186 3459 5242 ad
3498 5186 3759 5242 minorem
3790 5199 3890 5239 ει-

2309 5286 2631 5340 tremitatem
2663 5294 2766 5347 est,
2797 5292 2848 5338 et
2894 5298 2945 5336 m
2971 5298 3007 5336 ω
3046 5281 3260 5351 quidem
3294 5278 3459 5345 nulli,
3495 5296 3528 5332 η
3570 5292 3700 5333 vero
3728 5274 3890 5331 alicui

2308 5393 2415 5432 non
2467 5379 2638 5443 inest,
2679 5376 2940 5446 contingit
2982 5390 3051 5441 η,
3082 5382 3137 5429 ει
3181 5371 3327 5428 omni
3356 5378 3412 5425 et
3452 5368 3581 5425 nulli
3625 5368 3882 5424 xinesse.

2310 5469 2545 5524 Termini
2573 5469 2771 5537 inesse,
2792 5467 2994 5533 album,
3030 5464 3251 5531 animal,
3289 5478 3518 5528 corvus;
3546 5477 3652 5517 non
3691 5462 3891 5527 inesse,

2310 5561 2514 5628 album,
2544 5562 2701 5630 lapis,
2730 5576 2942 5615 corvus.
2978 5558 3236 5614 Similiter
3263 5566 3441 5612 autem
3473 5563 3529 5612 et
3554 5556 3600 5610 si
3628 5554 3891 5625 praedica-

2313 5654 2432 5708 tiva:
2463 5653 2659 5707 fuerint
2689 5646 3101 5721 propesitiones.
3132 5649 3368 5707 Termini
3419 5664 3525 5705 non
3566 5648 3770 5711 ine-se,
3809 5644 3893 5722 al-

2309 5742 2435 5797 bum
2458 5783 2473 5808 ,
2504 5744 2729 5811 animal,
2764 5745 2884 5809 nix;
2916 5742 3130 5808 inesse,
3162 5740 3339 5797 album
3362 5782 3376 5806 ,
3408 5738 3645 5802 animal,
3668 5747 3892 5806 cygnus.

2299 5833 2646 5895 Manifestum
2678 5844 2761 5894 est
2794 5835 2958 5907 igitur
2980 5835 3235 5905 quoniam
3265 5838 3307 5892 si
3346 5831 3537 5891 similis
3566 5831 3755 5901 ﬁgura:
3780 5825 3893 5889 sini
