4296 6266
389 324 488 380 545

1011 316 1312 378 PRIORUM
1349 314 1884 377 ANALYTICORUM
1924 314 2369 375 ARISTOTELIS
2405 314 2985 375 iNTERPRETATlO.

3557 318 3661 376 διο

389 438 781 509 propositiones
801 477 817 504 ,
849 442 902 491 et
943 435 1059 491 limo
1088 436 1302 506 quidem
1341 433 1686 497 universalis,
1722 432 1811 485 illa
1840 445 1969 486 vero
1994 432 2045 491 Α
2074 439 2249 484 autem
2280 430 2363 484 hic
2388 430 2603 500 quidem
2630 432 2703 485 sit
2729 430 3108 486 universaliter
3134 427 3203 485 ad
3227 429 3496 501 medium,
3524 400 3661 489 alter

391 528 761 599 particularis,
816 527 1065 597 quoniam
1096 527 1247 582 nullo
1296 525 1453 582 modo
1496 526 1555 579 fit
1605 523 1969 595 syllogismus.

390 623 499 679 Sed
529 638 629 677 nec
655 622 699 676 si
746 621 937 689 alicui,
966 622 1180 690 utrique
1210 621 1369 685 inest,
1414 620 1493 674 vel
1548 632 1652 673 non
1696 618 1853 679 inest,
1883 614 1971 669 vel

396 716 520 773 huic
562 714 779 784 quidem
809 714 968 776 inest.
1009 711 1085 767 illi
1128 728 1256 768 vero
1287 726 1413 777 non,
1450 709 1527 764 vel
1578 707 1753 763 neutri
1786 705 1967 773 omni,

392 809 476 863 Vel
505 805 812 862 indefinitas.
844 804 1081 859 Termini
1122 811 1298 858 autem
1340 814 1654 857 communes
1694 798 1931 853 oumium
1954 839 1971 865 ,

394 902 596 963 album,
626 897 844 963 animal,
892 897 1072 961 homo,
1104 894 1307 959 album,
1338 893 1563 958 animal,
1595 890 1971 945 inanimatum.

395 988 726 1046 Manifestum
749 995 833 1041 est
862 985 1020 1055 igitur
1048 1000 1113 1039 ex
1156 984 1427 1053 praedictis
1457 982 1707 1051 quoniam
1740 981 1785 1033 si
1809 978 1887 1033 sic
1914 993 1975 1033 se

394 1081 589 1134 habent
618 1077 828 1132 termini
859 1076 926 1130 ad
968 1076 1221 1140 invicem,
1253 1084 1311 1130 ut
1340 1075 1538 1128 dictum
1570 1079 1674 1135 est,
1713 1071 1771 1125 fit
1811 1070 1977 1141 syllo-

390 1173 595 1241 gismus
620 1184 685 1224 ex
728 1171 1072 1235 necessitate,
1100 1178 1157 1223 et
1190 1169 1234 1223 si
1273 1170 1331 1222 fit
1355 1167 1718 1238 syllogismus,
1749 1178 1976 1221 necesse

393 1269 474 1317 est
500 1261 760 1315 terminos
782 1262 863 1314 sic
883 1274 942 1313 se
970 1259 1191 1314 habere.
1225 1259 1407 1313 Palam
1436 1268 1614 1312 autem
1639 1266 1693 1312 et
1724 1256 1974 1326 quoniam

394 1367 583 1409 omnes
622 1352 921 1420 imperfecti
952 1363 1097 1414 sunt,
1128 1352 1216 1420 qui
1248 1352 1300 1405 in
1329 1351 1429 1405 bac
1466 1351 1633 1419 figura
1659 1357 1787 1403 sunt
1815 1349 1980 1419 syllo-

394 1444 575 1514 gismi;
594 1458 784 1498 omnes
801 1443 943 1497 enim
966 1443 1315 1511 perficiuntur
1329 1444 1615 1511 assumptis
1635 1440 1979 1511 quibusdam,

399 1550 521 1605 quas
549 1535 635 1589 vel
660 1534 845 1589 insunt
864 1534 1109 1589 terminis
1135 1548 1201 1588 ex
1230 1534 1569 1597 necessitate,
1598 1532 1679 1586 vel
1711 1542 1980 1603 ponuntur

400 1626 547 1681 velut
570 1625 925 1695 hypotlteses,
956 1634 1012 1679 ut
1040 1625 1252 1695 quando
1284 1640 1379 1694 per
1421 1623 1751 1693 impossibile
1797 1631 1980 1678 osten-

401 1716 600 1771 dimus.
632 1716 697 1771 Et
742 1717 993 1785 quoniam
1039 1731 1145 1772 non
1172 1715 1232 1770 lt
1255 1715 1607 1771 affirmativus
1639 1716 1979 1787 syllogismus

401 1897 501 1962 les,
533 1906 585 1952 et
604 1895 978 1965 particulares.

1012 1983 1236 2039 CAPUT
1277 1985 1364 2040 Vl.

627 2078 705 2131 De
728 2076 1036 2148 syllogismis
1080 2076 1326 2132 absolutis
1366 2079 1527 2132 tertia:
1556 2079 1758 2149 figurw.

477 2179 532 2235 Si
558 2189 732 2235 autem
756 2179 928 2234 eidem
959 2179 1060 2234 hoc
1086 2178 1297 2249 quidem
1325 2179 1491 2245 omni,
1524 2180 1651 2234 illud
1684 2195 1814 2235 vero
1852 2181 1982 2235 nulli

408 2273 565 2339 ἱηυει,
600 2271 681 2325 vel
712 2270 871 2325 ambo
899 2271 1044 2325 omni
1068 2270 1150 2325 vel
1181 2270 1331 2335 nulli,
1375 2271 1595 2340 figuram
1641 2272 1853 2342 quidem
1883 2273 1983 2327 hu-

408 2364 632 2435 iusmodi
675 2377 808 2417 voco
839 2363 1069 2419 tertiam.
1102 2364 1330 2418 Medium
1356 2374 1536 2431 autem
1576 2364 1628 2418 in
1681 2362 1779 2419 hac
1828 2366 1979 2434 dico,

408 2470 514 2525 quo
536 2454 693 2509 ambo
716 2453 1104 2524 praedicamus;
1136 2455 1501 2509 extremitates
1531 2469 1679 2525 vero,
1705 2472 1823 2525 quae
1852 2472 1987 2525 prmo

412 2547 655 2601 dicantur
677 2545 962 2614 ;majorem
994 2555 1170 2599 autem
1197 2545 1608 2612 extremitatem,
1631 2561 1748 2614 quae
1777 2547 1986 2615 longius

410 2649 494 2694 est
535 2638 749 2704 medie;
811 2639 1072 2693 minorem
1124 2651 1284 2703 vero,
1312 2651 1437 2707 quae
1485 2638 1723 2706 propius.
1764 2637 1988 2691 Ponitur

412 2742 589 2787 autem
617 2729 847 2785 medium
872 2729 1015 2784 foras
1045 2729 1256 2797 quidem
1288 2731 1707 2795 estremitatum,
1740 2729 1989 2783 ultimum

417 2835 549 2877 vero
596 2822 853 2891 positione
878 2830 982 2876 est.
1014 2819 1286 2876 Perfectus
1317 2822 1477 2891 igitur
1521 2836 1626 2875 non
1677 2822 1737 2875 fit
1772 2821 1993 2891 syllogi-

413 2929 593 2978 smus,
626 2928 724 2968 nec
746 2912 799 2967 in
831 2912 930 2967 hac
974 2911 1162 2982 figura,
1204 2912 1475 2981 possibilis
1500 2918 1628 2967 vero
1656 2913 1759 2967 erit
1792 2922 1845 2967 et
1876 2912 1993 2967 uni-

415 3007 716 3071 versaliter,
750 3015 804 3060 et
851 3020 956 3059 non
1001 3005 1371 3060 uuiversaliter
1421 3005 1666 3060 terminis
1717 2998 1996 3061 existenti-

418 3100 517 3157 bus
568 3097 634 3151 ad
685 3096 937 3151 medium.
990 3095 1373 3151 Universaliter
1420 3095 1633 3165 quidem
1688 3094 1901 3164 quando
1941 3092 1997 3152 et

2077 536 2204 576 vero
2234 520 2646 590 particulariter,
2677 521 2721 575 si
2752 531 2975 590 uterque
3012 521 3084 575 sit
3123 521 3528 591 praedicativus,
3561 536 3658 578 ne-
3743 502 3757 513 ’

2074 628 2227 668 cesse
2251 623 2330 668 est
2356 612 2473 667 fieri
2497 612 2895 680 syllogismum,
2924 621 2977 667 et
3006 614 3049 666 si
3080 613 3336 669 alteruter
3362 614 3431 668 sit
3451 615 3666 669 univer-

2081 703 2214 758 salis
2245 704 2627 767 terminorum;
2656 718 2779 756 nam
2808 703 2851 757 si
2882 719 2910 755 r
2935 702 3081 757 omni
3108 718 3132 756 ε
3162 703 3321 769 insit,
3352 723 3388 775 ρ
3410 720 3538 761 vero
3566 705 3667 759 ali-

2077 795 2165 849 cui
2195 811 2252 859 s,
2281 807 2501 849 necesse
2529 804 2610 847 est
2635 788 2689 848 et
2717 809 2751 863 ρ
2776 791 2936 848 alicui
2964 809 2992 844 r
3016 790 3221 858 inesse,
3256 810 3380 849 nam
3410 800 3663 865 quoniam

2079 884 2411 947 convertitur
2444 882 2789 951 affirmativa,
2824 882 2984 937 inerit
3010 899 3035 937 s
3065 883 3221 937 alicui
3252 902 3306 954 ρ,
3333 900 3499 954 quare
3528 900 3665 955 quo-

2079 974 2224 1029 niam
2267 992 2294 1029 r
2334 974 2481 1030 omni
2522 992 2548 1029 s
2586 975 2759 1041 inest,
2789 991 2814 1028 s
2843 984 3018 1029 autem
3046 974 3203 1029 alicui
3236 993 3289 1043 p,
3316 985 3369 1030 et
3395 993 3422 1028 r
3448 977 3603 1031 alicui
3632 995 3667 1048 p

2081 1066 2277 1135 inerit,
2306 1068 2474 1136 quare
2503 1075 2558 1121 et
2597 1083 2633 1135 p
2661 1065 2818 1121 alicui
2859 1082 2906 1118 r.
2956 1065 3189 1120 “meum
3228 1065 3274 1119 si
3311 1082 3339 1118 r
3364 1065 3520 1121 alicui
3546 1052 3605 1135 ε,
3634 1086 3668 1138 ρ

2083 1175 2211 1215 vero
2240 1159 2387 1216 omni
2427 1177 2451 1215 s
2480 1161 2638 1227 insit,
2668 1174 2891 1216 necesse
2930 1167 3013 1217 est
3056 1172 3107 1216 et
3147 1178 3178 1229 p
3218 1159 3377 1215 alicui
3405 1176 3433 1211 r
3459 1160 3668 1225 inesse,

2083 1266 2206 1307 nam
2232 1250 2375 1307 idem
2398 1252 2590 1308 modus
2611 1252 3104 1308 demonstrationis.
3126 1252 3219 1307 Est
3244 1260 3421 1307 autem
3446 1256 3670 1305 demon-

2083 1351 2258 1398 strare
2288 1353 2343 1398 et
2374 1358 2468 1423 per
2511 1343 2875 1412 impossibile,
2920 1353 2977 1399 et
3001 1343 3367 1413 expositione,
3413 1343 3672 1414 quemad-

2084 1426 2385 1489 modumin
2415 1434 2700 1505 prioribus.
2735 1435 2792 1491 Si
2818 1443 2997 1492 autem
3030 1451 3167 1491 unus
3196 1434 3410 1506 quidem
3438 1437 3509 1492 sit
3532 1447 3672 1507 prie-

2084 1524 2382 1593 dicativus,
2414 1525 2554 1581 alius
2576 1540 2706 1581 vero
2735 1526 3029 1595 privativus
3050 1567 3065 1593 ,
3094 1526 3465 1582 universaliter
3492 1534 3670 1581 autem

2086 1613 2494 1683 praedicativus,
2525 1615 2737 1684 quando
2781 1616 2957 1670 minor
2984 1616 3201 1686 quidem
3235 1615 3389 1670 fuerit
3415 1615 3674 1684 praedica-

2086 1705 2257 1771 tivus,
2288 1707 2391 1761 erit
2416 1705 2797 1776 syllogismus;
2831 1721 2954 1761 nam
2981 1707 3025 1761 si
3052 1724 3081 1759 r
3104 1707 3248 1761 omni
3279 1708 3331 1773 ε,
3362 1725 3395 1777 p
3422 1719 3552 1761 vero
3579 1705 3675 1760 ali-

298 1841 305 1849 .
401 1819 499 1875 per
521 1805 653 1859 hanc
682 1804 926 1874 ﬁguram,
957 1804 1051 1859 sed
1080 1819 1268 1861 omnes
1302 1805 1575 1876 privativi,
1605 1814 1660 1862 οι
1703 1807 1982 1863 universa-
2085 1797 2174 1851 cui
2204 1815 2228 1851 s
2257 1811 2365 1852 non
2393 1797 2561 1866 inest,
2613 1812 2839 1855 necesse
2877 1807 2958 1854 est
2982 1817 3017 1869 p
3051 1797 3211 1854 alicui
3238 1815 3265 1851 r
3308 1812 3411 1853 non
3460 1800 3670 1864 inesse,

2083 1886 2134 1941 si
2166 1886 2308 1941 enim
2340 1904 2374 1955 ρ
2401 1887 2547 1941 omni
2575 1904 2624 1955 r,
2672 1896 2727 1943 et
2752 1905 2780 1940 r
2809 1887 2954 1943 omni
2984 1905 3039 1957 ε,
3072 1896 3126 1944 et
3166 1908 3199 1959 p
3240 1888 3383 1943 omni
3424 1905 3450 1943 s
3478 1888 3669 1955 inerit,

2087 1977 2181 2032 sed
2213 1992 2319 2032 non
2347 1977 2540 2031 inerat.
2566 1976 2890 2033 Monstratur
2910 1987 3088 2035 autem
3110 1988 3161 2034 et
3190 1980 3308 2034 sine
3332 1978 3673 2047 deductione,
3722 2018 3727 2021 -

2086 2077 2135 2132 si
2165 2079 2403 2131 sumatur
2429 2076 2633 2147 aliquid
2670 2091 2855 2132 eorum
2884 2084 3003 2148 quae
3044 2086 3169 2132 sunt
3196 2093 3253 2143 ε,
3287 2078 3372 2133 c'ui
3402 2092 3433 2148 p
3461 2090 3569 2131 non
3593 2075 3675 2131 in-

2088 2186 2190 2233 est.
2241 2179 2464 2246 Quando
2512 2192 2639 2234 vero
2685 2179 2856 2249 major
2907 2178 3070 2235 fuerit
3116 2177 3521 2249 przedicativus,
3570 2180 3678 2234 non

2092 2277 2199 2332 erit
2224 2277 2597 2347 syllogismus,
2640 2285 2697 2331 ut
2727 2276 2772 2331 si
2814 2295 2847 2346 p
2888 2277 3015 2332 insit
3042 2278 3186 2332 omni
3216 2294 3276 2344 ε,
3312 2294 3338 2331 r
3367 2284 3544 2331 autem
3581 2268 3679 2329 ali-

2090 2376 2177 2431 cui
2198 2394 2222 2430 ε
2243 2392 2349 2432 non
2369 2378 2516 2432 insit.
2546 2376 2788 2431 Termini
2811 2391 2939 2432 vero
2967 2377 3111 2431 omni
3142 2378 3335 2442 inesse,
3360 2376 3678 2445 animatum,

2093 2473 2256 2528 homo
2279 2515 2294 2539 ,
2322 2464 2541 2529 animal.
2575 2474 2717 2529 Nulli
2747 2490 2911 2544 vero,
2943 2490 3050 2530 non
3076 2484 3161 2530 est
3184 2490 3396 2531 sumere
3421 2474 3679 2530 terminos

2092 2574 2139 2628 εί
2170 2591 2195 2625 r
2224 2577 2360 2628 inest
2386 2573 2546 2629 alicui
2574 2575 2792 2645 quidem
2817 2591 2868 2641 δ,
2897 2576 3059 2630 alicui
3083 2586 3263 2631 autem
3289 2591 3420 2635 non.
3450 2576 3509 2634 Si
3538 2576 3680 2633 enim

2094 2667 2243 2722 omni
2271 2684 2296 2722 s
2337 2669 2473 2722 inest
2505 2685 2559 2736 ρ,
2587 2684 2615 2722 r
2641 2678 2819 2723 autem
2846 2668 3008 2724 alicui
3033 2685 3058 2724 s
3078 2710 3095 2738 ,
3126 2678 3179 2724 et
3205 2686 3239 2739 p
3266 2669 3426 2725 inerit
3446 2669 3607 2725 alicui
3632 2685 3682 2737 ν,

2096 2758 2191 2813 sed
2218 2760 2448 2830 positum
2469 2768 2586 2814 erat
2606 2760 2735 2814 nulli
2753 2777 2778 2813 r
2800 2760 2997 2816 inesse.
3024 2760 3128 2815 Sed
3152 2761 3603 2832 quemadmodum
3626 2762 3683 2817 in

2099 2850 2374 2920 prioribus
2416 2851 2702 2906 dicendum
2743 2860 2861 2916 est;
2898 2864 3020 2905 nam
3065 2865 3185 2906 cum
3226 2850 3556 2906 indefinitum
3603 2860 3685 2908 est

2098 2940 2260 2994 alicui
2309 2955 2413 2994 non
2462 2940 2669 3007 inesse,
2704 2952 2760 2996 et
2805 2939 2948 3010 quod
2997 2941 3141 3013 nulli
3170 2940 3339 3008 inest,
3374 2954 3561 2996 verum
3600 2949 3686 2997 est

2102 3030 2282 3085 dicere
2310 3030 2463 3083 alicui
2492 3046 2599 3085 non
2623 3032 2799 3085 inesse
2817 3071 2832 3097 ,
2856 3031 2989 3085 nulli
3014 3046 3143 3086 vero
3167 3046 3291 3087 cum
3318 3033 3544 3096 inesset,
3575 3046 3684 3087 non

2032 3160 2069 3196 ._._
2104 3128 2222 3180 'erat
2247 3118 2618 3196 syllogismus;
2647 3123 2988 3179 manifestum
3014 3138 3144 3194 ergo
3167 3132 3271 3191 est,
3295 3123 3547 3194 quoniam
3579 3138 3686 3182 non

421 3209 456 3260 p
486 3201 541 3246 ct
568 3207 597 3243 r
625 3191 837 3244 inerunt
881 3189 1025 3244 omni
1053 3207 1107 3257 ε,
1138 3191 1385 3260 quoniam
1417 3190 1574 3245 alicui
1605 3206 1631 3242 r
1671 3191 1831 3245 inerit
1858 3209 1892 3263 p
1921 3207 1989 3247 ex
2019 3182 2071 3249 C
2102 3230 2117 3269 ε

1986 3238 1989 3246 ι
2019 3182 2071 3249 c
2102 3215 2209 3269 erit
2237 3182 2596 3285 syllogismus.
2632 3214 2689 3270 Si
2729 3224 2906 3269 autem
2939 3215 3231 3284 privativus
3260 3216 3330 3270 sit
3359 3215 3682 3271 universalis

423 3282 777 3347 necessitate,
806 3297 924 3336 nam
954 3284 1204 3353 quoniam
1256 3280 1587 3337 convertitur
1616 3282 1956 3350 praedicativa
1976 3328 1990 3353 ,

421 3374 580 3429 inerit
605 3389 630 3427 s
656 3371 809 3426 alicui
842 3389 887 3426 r.
914 3372 1091 3438 Quare
1115 3372 1367 3441 quoniam
1398 3387 1428 3442 ρ
1462 3371 1598 3427 inest
1624 3371 1770 3425 omni
1797 3389 1821 3425 δ
1841 3414 1856 3439 ,
1885 3382 1941 3428 et
1971 3392 1998 3430 s

420 3465 576 3521 alicui
603 3482 649 3531 r,
678 3479 896 3521 necesse
918 3474 1001 3521 est
1027 3483 1060 3535 p
1083 3465 1242 3521 alicui
1278 3482 1304 3518 r
1326 3465 1521 3519 inesse.
1555 3463 1638 3518 Fit
1658 3466 1803 3519 enim
1834 3466 1999 3535 syllo-

421 3556 619 3627 gismus
659 3572 754 3626 per
794 3559 1017 3627 primam
1067 3557 1311 3625 ﬁgurant.
1344 3556 1440 3612 Est
1467 3565 1645 3613 autem
1690 3567 1741 3614 et
1772 3574 1869 3629 per
1900 3561 2002 3614 im-

422 3654 708 3724 possibile,
752 3664 805 3711 et
846 3654 1180 3725 expositione
1226 3654 1998 3711 facere’demonstrationem:

422 3746 465 3800 si
498 3748 638 3801 enim
670 3747 828 3801 ambo
850 3748 996 3801 omni
1024 3765 1047 3801 δ
1076 3750 1255 3802 insunt
1277 3786 1294 3813 ,
1324 3747 1368 3802 si
1394 3755 1636 3803 sumatur
1663 3747 1875 3816 aliquod
1901 3762 2002 3803 eo-

424 3853 540 3893 rum
568 3854 689 3908 quae
717 3848 841 3892 sunt
868 3854 919 3904 s,
954 3850 1010 3892 ut
1035 3855 1070 3891 η
1111 3837 1234 3892 huic
1271 3846 1325 3893 et
1365 3855 1398 3901 ρ
1424 3834 1480 3892 ef
1517 3855 1544 3890 r
1574 3837 1786 3893 inerunt
1810 3852 1879 3894 ex
1906 3852 2008 3894 ne-

425 3932 707 3995 cessitate,
755 3946 918 3999 quare
955 3932 1115 3986 alicui
1145 3949 1171 3986 r
1202 3932 1358 3987 inerit
1384 3951 1438 4004 p.
1480 3932 1548 3989 Et
1587 3935 1631 3989 si
1661 3950 1688 3986 r
1714 3933 1856 3989 omni
1886 3934 2005 4005 qui-

428 4020 551 4075 dem
585 4039 641 4087 δ,
673 4039 706 4089 p
735 4030 911 4077 autem
940 4023 1118 4077 nullis
1145 4023 1318 4089 inest,
1346 4026 1449 4078 erit
1470 4025 1841 4095 syllogismus,
1873 4038 2007 4093 quo-

428 4111 571 4165 niam
598 4129 633 4181 p
660 4111 819 4167 alicui
844 4130 871 4165 r
897 4129 1000 4168 non
1043 4113 1207 4169 inerit
1235 4129 1299 4169 ex
1328 4115 1669 4173 necessitate.
1699 4114 1831 4169 Nam
1862 4114 2005 4169 idem

428 4204 614 4258 modus
647 4205 750 4258 erit
789 4204 1286 4272 demonstrationis,
1328 4220 1587 4263 conversa
1628 4223 1655 4260 r
1692 4222 1718 4260 s
1759 4204 2009 4275 proposi-

427 4294 588 4349 tione.
623 4296 945 4353 OSIendetur
970 4308 1147 4355 autem
1169 4307 1224 4354 et
1248 4314 1341 4368 per
1368 4299 1725 4370 impossibile,
1754 4298 2013 4370 quemad-

430 4386 643 4440 modum
667 4386 721 4441 in
745 4387 1028 4456 prioribus.
1057 4390 1110 4445 Si
1136 4400 1313 4446 autem
1334 4390 1465 4445 insit
1484 4407 1530 4457 r,
1564 4406 1583 4441 τ
1609 4392 1824 4460 quidem
1852 4388 2011 4453 nulli,

433 4495 467 4546 p
495 4493 620 4531 vero
647 4481 787 4533 omni
810 4497 832 4533 s
851 4524 864 4547 ,
890 4499 992 4536 non
1021 4485 1124 4538 erit
1147 4486 1513 4556 syllogismus.
1543 4483 1779 4539 Termini
1807 4486 2008 4551 inesse,

2107 3308 2402 3372 terminus,
2452 3303 2664 3375 quando
2707 3305 2879 3375 major
2916 3304 3133 3375 quidem
3164 3306 3457 3375 privativus
3486 3305 3684 3371 fuerit,

2107 3399 2283 3452 minor
2308 3408 2484 3452 autem
2511 3388 2884 3466 praedicativus
2909 3440 2925 3468 ,
2958 3397 3061 3453 erit
3080 3396 3440 3468 syllogismus.
3465 3396 3522 3453 Si
3544 3399 3689 3454 enim

2108 3509 2143 3567 ρ
2190 3490 2319 3545 nulli
2366 3506 2420 3555 s,
2469 3506 2496 3542 r
2543 3501 2723 3545 autem
2772 3490 2931 3545 alicui
2978 3490 3115 3546 inest
3161 3506 3216 3555 s,
3273 3499 3328 3545 et
3378 3508 3411 3561 p
3458 3490 3617 3545 alicui
3663 3506 3691 3545 r

2110 3592 2217 3638 non
2250 3583 2426 3638 inerit.
2470 3580 2702 3639 Rursum
2729 3585 2873 3640 enim
2902 3583 3073 3653 prima
3099 3582 3203 3638 erit
3232 3582 3430 3653 figura,
3458 3598 3484 3635 r
3511 3599 3536 3637 s
3568 3597 3691 3652 pro-

2110 3675 2379 3744 positione
2408 3689 2686 3731 couversa.
2725 3675 2948 3743 Quando
2977 3685 3155 3732 autem
3187 3676 3361 3731 minor
3388 3676 3550 3731 fuerit
3582 3675 3691 3745 pri-

2111 3766 2355 3831 vativus,
2384 3781 2489 3820 non
2529 3768 2633 3821 erit
2658 3767 3021 3837 syllogismus.
3066 3752 3301 3820 Termini
3344 3767 3554 3833 inesse,
3580 3767 3695 3821 ani-

2110 3855 2256 3921 mal,
2286 3858 2468 3924 liomo,
2507 3858 2700 3911 ferum.
2740 3857 2856 3911 Non
2906 3858 3114 3924 inesse,
3157 3856 3388 3923 animal,
3435 3858 3695 3926 scientia,

2111 3948 2311 4015 ferum,
2336 3949 2567 4004 medium
2598 3950 2650 4003 in
2673 3946 3132 4021 utrisqueferum.
3159 3947 3266 4000 Nec
3294 3949 3507 4023 quando
3532 3947 3693 4003 ambo

2116 4028 2363 4110 privativi
2393 4048 2681 4109 ponuntur,
2710 4048 2793 4093 est
2819 4046 2996 4092 autem
3024 4052 3158 4091 unus
3184 4036 3398 4106 quidem
3422 4037 3695 4093 universa-

2116 4132 2212 4196 lis,
2252 4131 2387 4186 alter
2418 4145 2543 4185 vero
2574 4129 2931 4201 particularis.
2964 4128 3202 4185 Termini
3229 4128 3405 4186 inesse
3427 4170 3442 4200 ,
3484 4130 3698 4200 quando

2118 4226 2293 4280 minor
2318 4232 2401 4280 est
2419 4223 2735 4280 universalis
2762 4222 2828 4278 ad
2856 4222 3112 4291 medium,
3144 4223 3362 4292 animal,
3400 4223 3557 4278 homo
3576 4263 3591 4289 ,
3619 4221 3698 4279 fee

2119 4331 2275 4383 rum,
2315 4331 2419 4370 non
2459 4314 2668 4381 inesse,
2698 4314 2927 4379 animal,
2961 4314 3212 4383 scientia,
3243 4312 3438 4371 ferum.
3482 4311 3704 4381 Quando

2120 4419 2300 4464 autem
2349 4408 2543 4477 major,
2575 4422 2681 4460 non
2729 4409 2903 4462 inesse
2931 4390 3178 4475 quidem,
3204 4419 3429 4473 corvus,
3471 4404 3596 4470 nix,
3623 4403 3705 4459 al-

2122 4498 2286 4565 bum;
2317 4498 2495 4553 inesse
2520 4512 2647 4551 vero
2676 4513 2781 4551 non
2810 4506 2891 4552 est
2920 4511 3134 4551 sumere
3163 4498 3206 4551 si
3236 4513 3264 4550 r
3300 4497 3458 4553 alicui
3487 4497 3705 4568 quidem

1177 4548 1194 4556 -
1288 4548 1314 4555 -
1992 4548 1998 4551 .
2124 4548 2286 4565 --πη
2317 4548 2490 4553 ---πη
3051 4548 3131 4551 ---
3164 4548 3243 4551 --.
3304 4548 3458 4553 πη--
3492 4548 3705 4568 γ----

432 4569 630 4625 ²¹¹Ῑ¹¹¹³¹
653 4614 667 4641 ι
712 4587 911 4643 equus.
960 4574 1155 4639 11011ιοί
1200 4592 1305 4631 non
1335 4577 1545 4642 inesse.
1576 4576 1807 4643 animal!
1842 4576 2017 4629 inani'
2042 4548 2099 4612 Β
2128 4592 2270 4648 inest
2294 4605 2349 4655 s,
2376 4578 2535 4643 alicui
2558 4596 2733 4642 autem
2762 4602 2865 4641 non
2894 4587 3052 4643 inest.
3084 4588 3140 4643 Si
3170 4590 3313 4668 enim
3342 4607 3375 4660 p
3402 4586 3546 4644 omni
3573 4606 3600 4642 r
3628 4591 3708 4645 in-

432 4670 662 4733 niatum,
710 4664 899 4734 homo,
942 4682 1117 4738 neque
1147 4670 1359 4739 quando
1393 4676 1553 4725 ambo
1589 4670 1658 4726 de
1687 4669 1836 4723 nullo
1876 4684 1901 4722 ι
1923 4669 2011 4723 di-

433 4764 653 4820 cuntur,
676 4773 781 4809 non
814 4758 917 4812 erit
962 4760 1322 4830 syllogismus.
1370 4762 1605 4818 Termini
1649 4763 1865 4827 inesse,
1895 4761 2012 4815 ani-

434 4847 569 4913 mal,
600 4862 796 4918 equus,
831 4850 1201 4919 inanimatum;
1233 4870 1339 4911 non
1366 4857 1572 4921 inesse,
1620 4854 1810 4919 homo,
1843 4868 2014 4923 equus

436 4938 813 5012 inauimatum,
852 4945 1114 5013 medium,
1152 4946 1526 5004 inanimatam.
1555 4948 1892 5005 Manifestum
1929 4958 2016 5004 est

436 5034 591 5102 igitur
619 5045 671 5088 et
700 5036 749 5088 iu
780 5036 878 5093 hac
910 5038 1074 5109 figura
1102 5050 1156 5095 et
1183 5044 1397 5111 quando
1427 5042 1562 5109 erit,
1592 5052 1646 5099 et
1666 5044 1881 5112 quando
1911 5056 2019 5098 non

435 5129 533 5179 erit
565 5128 900 5199 syllogismus
951 5146 1015 5185 ex
1063 5133 1457 5189 universalibus
1500 5136 1765 5190 terminis.
1794 5134 2021 5202 Quando

436 5217 575 5271 enim
599 5219 753 5273 ambo
778 5212 987 5276 termini
1014 5231 1141 5279 sunt
1163 5223 1509 5293 praedicativi,
1534 5226 1635 5279 erit
1657 5224 2021 5295 syllogismus,

436 5308 684 5374 quoniam
732 5310 869 5364 inest
896 5312 1053 5367 alicui
1078 5315 1387 5369 extremitas
1415 5316 1776 5382 extremitati;
1808 5314 2024 5384 quando

436 5413 564 5452 Vero
612 5401 851 5469 pl‘inliVl
872 5442 887 5467 ,
923 5420 1029 5457 non
1055 5406 1158 5459 erit
1194 5406 1567 5475 syllogismus;
1597 5406 1813 5475 quando
1842 5417 2022 5461 autem

435 5488 523 5547 hic
552 5492 765 5559 quidem
801 5495 1090 5563 privativus
1111 5538 1125 5562 ,
1156 5498 1242 5553 ille
1269 5514 1400 5554 vero
1428 5499 1808 5565 affirmativus;
1835 5499 1879 5554 si
1906 5513 2025 5554 ma-

433 5585 522 5656 jor
552 5583 766 5653 quidem
801 5585 957 5640 fuerit
985 5590 1291 5658 privativus,
1321 5594 1455 5649 alter
1489 5608 1619 5649 vero
1643 5594 1987 5649 affirmativus
2006 5633 2029 5659 ,

435 5678 545 5733 erit
566 5674 911 5746 syllogismus
933 5722 946 5748 ,
989 5682 1241 5748 quoniam
1284 5684 1442 5740 alicui
1474 5702 1579 5741 nun
1610 5688 1747 5743 inest
1774 5688 2031 5742 extremi-

436 5780 525 5830 tas
554 5769 903 5827 extremitati.
950 5770 1006 5827 Si
1053 5779 1232 5833 autem
1256 5791 1289 5833 e
1327 5791 1615 5846 converso,
1646 5793 1751 5837 non
1792 5781 1911 5835 erit.
1966 5778 2026 5835 Si

2127 4684 2229 4747 sit,
2257 4697 2285 4735 r
2312 4690 2490 4734 autem
2520 4678 2679 4732 alicui
2701 4694 2753 4745 s,
2782 4688 2835 4733 et
2864 4695 2896 4743 p
2926 4679 3081 4732 inerit
3105 4678 3261 4749 alicui
3284 4696 3330 4734 s.
3362 4680 3597 4735 Positum
3627 4688 3710 4736 est

2128 4780 2306 4826 autem
2355 4768 2513 4835 nulli,
2566 4768 2657 4823 sed
2706 4784 2774 4823 ex
2820 4766 3099 4824 indefinito
3146 4772 3552 4827 monstrandum
3599 4780 3702 4829 est.

2128 4865 2311 4935 Neque
2352 4862 2397 4918 si
2427 4870 2646 4933 uterque
2675 4860 2839 4917 alicui
2874 4856 3051 4917 medio
3083 4863 3253 4932 inest,
3282 4864 3365 4919 vel
3404 4880 3508 4919 non
3539 4865 3707 4929 inest,

2130 4959 2216 5015 vel
2241 4972 2377 5014 unus
2415 4955 2634 5027 quidem
2666 4957 2831 5025 inest,
2865 4957 3002 5012 alter
3027 4973 3156 5013 vero
3182 4974 3288 5013 non
3317 4959 3483 5023 inest,
3515 4956 3596 5011 vel
3627 4956 3713 5011 hic

2131 5052 2351 5122 quidem
2390 5051 2581 5119 alicui,
2620 5049 2711 5105 ille
2757 5065 2891 5107 vero
2933 5065 3036 5104 non
3074 5049 3256 5115 omni,
3301 5050 3383 5105 vel
3412 5046 3711 5114 indefinite,

2134 5144 2284 5200 nullo
2312 5144 2469 5199 modo
2494 5145 2597 5199 erit
2618 5142 2979 5213 syllogismus.
3006 5142 3244 5197 Termini
3267 5151 3443 5197 autem
3464 5155 3710 5196 commu~

2136 5248 2235 5289 nes
2264 5234 2532 5299 omnium,
2562 5233 2788 5299 animal,
2826 5234 2983 5287 homo
3007 5271 3021 5298 ,
3047 5231 3260 5299 album,
3290 5232 3514 5297 animal,
3544 5229 3688 5287 inani
3755 5282 3758 5286 .

2136 5332 2373 5392 matum,
2418 5326 2618 5380 album.
2652 5323 2987 5379 Manifestum
3019 5329 3101 5376 est
3125 5321 3306 5391 igitur,
3338 5330 3394 5377 et
3431 5322 3484 5377 in
3516 5321 3616 5378 hac
3655 5321 3718 5377 fl-

2135 5429 2299 5484 gura,
2330 5415 2543 5485 quando
2570 5415 2670 5469 erit
2696 5455 2711 5480 ,
2742 5421 2797 5468 et
2836 5410 3048 5482 quando
3079 5426 3184 5466 non
3215 5413 3315 5467 erit
3343 5413 3712 5483 syllogismus,

2132 5513 2195 5561 et
2235 5505 2482 5575 quoniam
2525 5504 2843 5560 habentibus
2883 5518 2942 5558 se
2972 5502 3248 5574 terminis,
3281 5513 3337 5560 ut
3365 5504 3564 5560 dictum
3600 5514 3716 5574 est,

2140 5601 2201 5653 iit
2231 5600 2574 5669 syllogismus
2602 5613 2668 5653 ex
2704 5597 3042 5666 necessitate,
3073 5603 3130 5652 et
3158 5598 3204 5653 si
3248 5598 3316 5653 sit
3345 5598 3681 5670 syllogismus
3701 5638 3717 5666 ,

2139 5704 2362 5745 necesse
2396 5698 2476 5742 est
2519 5688 2775 5743 terminos
2804 5686 2882 5742 sic
2918 5703 2977 5745 se
3017 5690 3230 5745 habere.
3276 5690 3611 5749 Manifestum
3638 5701 3722 5748 est

2146 5780 2307 5839 etiam
2331 5819 2348 5849 ,
2376 5779 2500 5848 quia
2528 5792 2718 5841 omnes
2746 5778 3045 5848 imperfecti
3067 5789 3192 5841 sunt
3220 5781 3274 5843 in
3303 5784 3402 5841 hac
3426 5790 3590 5856 ngare
3612 5782 3727 5854 syl-

2080 5870 2118 5886 κ
