4296 6266
671 288 772 349 647

1865 284 1976 343 AN.
2018 286 2224 345 MANL.‘
2267 285 2422 346 SEV.
2463 285 2692 344 BOETII

3825 280 3935 343 648

669 405 876 478 logismi
898 446 912 471 ,
962 414 1148 458 omnes
1198 400 1341 458 enim
1387 392 1734 471 perﬁciuntur
1779 399 2094 469 quibusdam
2150 416 2237 456 as-
2264 404 2314 463 Α
2343 411 2397 457 et
2424 401 2489 457 ad
2517 416 2612 457 eos
2641 401 2732 471 qui
2758 417 2825 457 ex
2867 400 3053 458 eadem
3096 410 3219 459 sunt
3248 400 3452 473 ﬁgura,
3484 406 3539 459 et
3565 400 3632 457 ad
3657 399 3885 458 invicem
3913 442 3934 472 ,

668 496 913 566 sumptis.
948 495 1013 549 Et
1041 494 1290 564 quoniam
1319 492 1632 564 syllogizare
1657 490 1956 545 universale
1986 505 2082 559 per
2110 490 2247 545 hanc

668 587 887 658 ﬁguram
919 588 1025 643 non
1054 586 1189 655 erit,
1219 599 1389 657 neque
1417 582 1738 655 privativum
1758 622 1773 651 ,
1805 596 1981 652 neque
2011 578 2249 637 afﬁrma-

666 682 850 735 tivum.

1260 826 1485 885 CAPUT
1536 827 1647 882 νυ.

704 944 780 998 De
808 942 964 998 tribus
990 939 1168 1012 ﬁguris
1197 948 1243 995 et
1270 939 1533 993 indirectis
1547 937 1854 1009 syllogismis
1875 935 1942 990 ad
1958 934 2197 991 invicem.

737 1104 916 1159 Palam
966 1111 1145 1157 autem
1193 1111 1249 1156 et
1302 1100 1553 1170 quoniam
1602 1098 1661 1154 in
1714 1098 1965 1155 omnibus
2016 1098 2239 1169 ﬁguris,

665 1192 946 1264 aliquando
976 1207 1080 1248 non
1114 1192 1169 1247 ﬁt
1201 1191 1559 1263 syllogismus.
1596 1193 1730 1248 Cum
1763 1192 2091 1261 prmdicativi
2117 1192 2240 1262 qui-

662 1288 783 1342 dem
805 1325 821 1353 ,
860 1286 944 1342 vel
978 1284 1215 1354 privativi
1256 1295 1381 1339 sunt
1406 1285 1614 1354 utrique
1642 1285 1887 1351 termini,
1919 1294 1975 1340 et
2006 1287 2242 1355 particu-

660 1380 831 1444 lares,
884 1378 1016 1433 nihil
1064 1377 1283 1432 omnino
1331 1375 1391 1430 ﬁt
1443 1376 1829 1431 necessarium.
1881 1377 2012 1431 Cum
2062 1386 2239 1431 autem

662 1469 1063 1540 prmdicativus,
1088 1476 1144 1523 et
1170 1467 1489 1535 privativus,
1518 1476 1572 1522 et
1600 1467 1974 1524 universaliter
1994 1480 2241 1538 sumptus

663 1560 981 1631 privativus,
1013 1573 1226 1628 semper
1250 1557 1308 1612 ﬁt
1337 1558 1677 1628 syllogismus
1712 1558 1935 1613 minoris
1976 1561 2237 1615 extremi-

660 1652 784 1706 tatis
810 1651 878 1704 ad
902 1651 1157 1718 majorem
1181 1688 1196 1713 ,
1227 1654 1286 1703 ut
1314 1648 1358 1702 si
1387 1664 1420 1701 a
1445 1648 1659 1718 quidem
1689 1650 1833 1703 omni
1862 1649 1891 1702 ὁ
1919 1649 2001 1704 vel
2039 1651 2196 1706 alicui
2218 1692 2233 1717 ,

660 1740 690 1793 b
733 1750 909 1794 autem
957 1739 1088 1793 nulli
1135 1754 1197 1804 c;
1244 1738 1520 1793 conversis
1558 1739 1699 1793 enim
1745 1739 2234 1809 prepositionibus,
2267 1778 2316 1840 Β

660 1845 883 1887 necesse
908 1837 990 1884 est
1018 1846 1044 1883 c
1081 1830 1238 1893 alicui
1264 1846 1296 1883 a
1323 1845 1428 1884 non
1459 1829 1655 1884 inesse.
1688 1830 1947 1887 Similiter
1973 1840 2152 1886 autem
2185 1841 2241 1887 et

659 1920 713 1975 in
753 1918 871 1973 aliis
912 1918 1126 1988 ﬁguris,
1175 1933 1388 1987 semper
1427 1918 1571 1973 enim
1600 1919 1659 1971 lit
1689 1933 1785 1989 per
1828 1921 2238 1977 conversionem

659 2011 1022 2082 syllogismus.
1067 2010 1247 2064 Palam
1291 2012 1451 2065 etiam
1495 2011 1745 2079 quoniam
1775 2011 2109 2067 indeﬁnitum
2143 2028 2240 2083 pro

656 2104 1001 2175 praedicativo
1032 2103 1335 2173 particulari
1366 2104 1632 2173 positum,
1665 2104 1912 2159 eumdem
1944 2103 2101 2160 faciet
2130 2108 2240 2178 syl-

659 2197 942 2268 logismum
973 2197 1026 2251 in
1052 2197 1302 2252 omnibus
1344 2195 1547 2266 ﬁguris.
1593 2196 1928 2253 Manifestum
1966 2209 2144 2255 autem
2184 2210 2239 2257 et

658 2291 907 2362 quoniam
954 2305 1140 2345 omnes
1187 2290 1483 2360 imperfecti
1531 2291 1828 2361 syllogismi
1883 2293 2233 2361 perﬁciuntur

657 2396 755 2451 per
786 2382 1011 2450 primam
1049 2381 1292 2450 ﬁguram.
1337 2381 1442 2436 Aut
1481 2383 1623 2436 enim
1667 2385 1963 2450 ostensive,
2010 2395 2101 2440 aut
2144 2402 2240 2457 per

654 2469 989 2537 impossibile
1026 2469 1346 2523 clauduntur
1386 2484 1593 2525 omnes.
1642 2471 1902 2543 Utrinque
1954 2484 2132 2531 autem
2180 2478 2239 2532 ﬁt

655 2559 827 2628 prima
852 2557 1036 2623 ﬁgura.
1062 2555 1131 2609 Et
1151 2558 1419 2611 ostensive
1442 2558 1654 2622 quidem
1680 2560 1928 2630 perfectis
1947 2604 1963 2631 ,
1986 2564 2238 2632 quoniam

656 2659 755 2715 per
792 2645 1197 2699 conversionem
1248 2645 1632 2703 claudebantur
1678 2664 1899 2720 omnes,
1954 2657 2239 2711 conversio

656 2744 834 2790 autem
865 2733 1086 2803 primam
1116 2734 1337 2791 faciebat
1365 2736 1608 2806 ﬁguram,
1634 2756 1731 2810 per
1755 2743 2087 2812 impossibile
2112 2762 2240 2803 vero

657 2825 1066 2892 demonstratis,
1095 2828 1344 2895 quoniam
1390 2829 1561 2897 posito
1608 2828 1744 2885 falso
1789 2833 2135 2903 syllogismus
2181 2836 2242 2892 ﬁt

657 2931 758 2987 per
786 2916 1015 2986 primam
1040 2914 1283 2986 ﬁguram.
1319 2916 1386 2973 Ut
1416 2919 1471 2973 in
1515 2928 1787 2990 postrema
1821 2925 2015 2994 ﬁgura,
2047 2927 2091 2981 si
2127 2944 2158 2981 a
2187 2937 2242 2983 et

659 3008 690 3060 b
733 3008 878 3062 omni
918 3024 946 3065 ο
989 3008 1203 3077 insunt,
1248 3012 1496 3080 quoniam
1526 3031 1557 3067 a
1585 3014 1744 3071 alicui
1775 3016 1803 3070 b
1833 3018 2001 3088 inest,
2036 3035 2160 3076 nam
2192 3022 2240 3077 si

2353 502 2406 548 et
2435 492 2500 548 ad
2525 506 2619 548 eos
2643 493 2731 563 qui
2758 507 2824 548 ex
2850 493 2971 548 aliis
3001 503 3126 549 sunt
3154 493 3355 565 ﬁguris.
3408 502 3411 507 '

2935 602 3161 661 CAPUT
3200 604 3335 661 Vill.

2488 692 2568 749 De
2589 695 2900 766 syllogismis
2925 713 2989 751 ex
3013 697 3297 752 necessario
3323 698 3378 751 in
3401 696 3563 752 tribus
3592 697 3794 770 figuris.

2417 808 2680 874 Quoniam
2705 819 2882 864 autem
2912 808 3179 865 diversum
3210 818 3295 865 est
3322 810 3536 878 inesse,
3566 819 3623 866 et
3648 826 3717 866 ex
3749 824 3929 866 neces-

2348 898 2505 954 sitate
2533 899 2708 955 inesse
2727 940 2741 966 ,
2774 909 2829 955 et
2852 902 3165 972 contingere
3192 902 3371 958 inesse
3395 903 3541 974 (nam
3565 902 3733 958 multa
3755 904 3933 959 insunt

2346 990 2593 1059 quidem,
2622 1006 2728 1047 non
2757 999 2933 1047 tamen
2962 1008 3028 1048 ex
3056 995 3412 1060 necessitate,
3446 993 3550 1049 alia
3582 1009 3714 1050 vero
3760 1010 3935 1066 neque

2347 1095 2416 1136 ex
2459 1082 2777 1138 necessitate
2802 1123 2816 1149 ,
2848 1098 3019 1153 neque
3056 1084 3239 1140 insunt
3264 1083 3517 1152 omnino,
3545 1084 3812 1155 contingit
3837 1101 3935 1141 au-

2348 1178 2455 1225 tent
2485 1170 2684 1241 inesse)
2710 1212 2726 1237 ,
2758 1173 3101 1228 manifestum
3130 1175 3383 1245 quoniam
3419 1182 3474 1229 et
3503 1173 3847 1245 syllogismus
3875 1176 3931 1236 in

2346 1276 2668 1331 unoquoque
2694 1262 2884 1317 borum
2924 1263 3170 1321 diversus
3192 1274 3308 1333 est,
3330 1273 3386 1320 et
3409 1279 3519 1319 non
3548 1264 3793 1319 similiter
3820 1265 3927 1319 lia-

2328 1352 2598 1414 ,bentibus
2625 1368 2683 1407 sc
2709 1354 2971 1423 terminis,
3001 1356 3095 1410 sed
3124 1356 3210 1410 hic
3236 1355 3451 1425 quidem
3495 1370 3561 1411 ex
3584 1356 3927 1422 necessariis,

2345 1444 2437 1499 ille
2469 1461 2596 1502 vero
2622 1461 2687 1502 ex
2718 1448 2783 1501 iis
2808 1461 2927 1515 qua:
2958 1447 3276 1516 simpliciter
3306 1451 3507 1513 insunt,
3538 1448 3628 1503 ille
3653 1456 3830 1502 autem
3859 1462 3928 1504 ex

2343 1538 2792 1609 contingentibus.
2822 1541 2960 1609 Ergo
2988 1540 3040 1594 in
3069 1542 3385 1597 necessariis
3406 1541 3620 1612 quidem
3646 1541 3758 1597 fere
3779 1541 3924 1597 simi-

2342 1629 2467 1684 liter
2495 1645 2553 1685 se
2586 1629 2784 1697 habet,
2815 1639 2870 1685 et
2901 1632 2951 1684 in
2995 1631 3060 1686 iis
3099 1633 3189 1702 qui
3234 1632 3436 1687 insunt.
3486 1633 3747 1690 Similiter
3781 1633 3923 1688 enim

2342 1721 2530 1792 positis
2559 1723 2832 1789 terminis,
2867 1732 2923 1777 et
2953 1724 3006 1776 in
3050 1724 3117 1777 iis
3149 1739 3269 1793 qua:
3310 1725 3523 1790 insunt,
3551 1736 3605 1780 et
3636 1725 3689 1780 in
3717 1726 3781 1781 iis
3806 1740 3923 1797 qua:

2344 1826 2411 1866 ex
2438 1811 2759 1867 necessitate
2794 1812 2978 1867 insunt
3014 1812 3096 1868 vel
3116 1828 3221 1868 non
3255 1814 3466 1880 insunt,
3494 1824 3549 1870 et
3571 1816 3703 1883 erit,
3736 1825 3922 1872 etnon

2342 1904 2445 1959 erit
2484 1905 2843 1982 syllogismus.
2872 1903 3069 1961 Verum
3098 1905 3319 1961 distabit
3358 1906 3413 1961 in
3454 1922 3519 1962 eo
3546 1907 3685 1977 quod
3712 1907 3922 1978 adjacet

2341 1995 2583 2051 terminis
2625 2011 2689 2049 ex
2720 1995 3041 2051 necessitate
3070 1996 3278 2064 inesse,
3310 1998 3393 2053 vel
3424 2012 3531 2054 non
3561 1998 3765 2066 inesse,
3795 2015 3921 2056 nam

2340 2094 2394 2139 et
2441 2086 2759 2152 privativum
2788 2086 3037 2142 similiter
3064 2089 3415 2153 convertitur,
3460 2098 3517 2144 et
3547 2080 3597 2143 in
3629 2099 3740 2145 toto
3767 2105 3919 2157 esse,

2341 2183 2395 2229 et
2419 2173 2485 2228 de
2514 2176 2663 2229 omni
2694 2175 2942 2230 similiter
2969 2176 3385 2247 assignabimus.
3418 2177 3561 2247 Ergo
3587 2178 3639 2232 in
3663 2179 3782 2233 aliis
3807 2179 3920 2249 qui-

2339 2265 2459 2318 dem
2508 2266 2695 2320 eodem
2746 2265 2907 2321 modo
2959 2266 3274 2321 ostendetur
3318 2281 3412 2336 per
3461 2270 3871 2325 conversionem
3899 2311 3915 2337 ,

2339 2356 2589 2425 quoniam
2620 2356 2895 2411 conclusio
2925 2357 3225 2411 necessaria
3249 2399 3264 2424 ,
3297 2358 3563 2427 quomodo
3594 2360 3646 2413 in
3678 2373 3746 2415 eo
3772 2360 3920 2431 quod

2338 2457 2420 2501 est
2449 2448 2650 2502 inesse.
2684 2447 2738 2500 In
2770 2446 2945 2502 media
2972 2458 3147 2503 autem
3180 2446 3344 2517 figura
3373 2449 3585 2519 quando
3615 2450 3776 2506 fuerit
3800 2454 3920 2509 uni-

2338 2541 2565 2595 versalis
2601 2539 2953 2607 afﬁrmativa,
2988 2539 3324 2609 particularis
3372 2557 3498 2597 vero
3541 2542 3836 2612 privativa,
3868 2553 3922 2600 et

2340 2644 2554 2685 rursum
2599 2633 2650 2684 in
2694 2630 2849 2684 tertia
2891 2631 3104 2698 quando
3135 2633 3451 2687 universalis
3480 2634 3695 2704 quidem
3728 2635 3921 2704 praedi-

2341 2722 2513 2776 cativa
2532 2764 2545 2789 ,
2579 2722 2912 2792 particularis
2933 2736 3064 2777 vero
3089 2724 3346 2792 prtvativa
3363 2765 3379 2790 ,
3409 2739 3515 2779 non
3543 2724 3790 2781 similiter
3816 2728 3922 2783 erit

2343 2801 2767 2878 demonstratio,
2797 2810 2890 2865 sed
2933 2825 3154 2866 necesse
3191 2819 3274 2866 est
3316 2825 3676 2885 exponentes,
3708 2815 3796 2869 cui
3824 2816 3921 2871 ali-

2343 2905 2430 2959 cui
2465 2914 2747 2973 utrumque
2770 2918 2877 2959 non
2906 2904 3077 2971 inest,
3107 2904 3174 2960 de
3201 2905 3301 2960 hoc
3332 2905 3512 2963 facere
3536 2908 3918 2979 syllogismum.

2344 2998 2458 3053 Erit
2487 2999 2632 3053 enim
2664 2999 2999 3055 necessarius
3037 2997 3093 3053 in
3127 3000 3246 3054 hoc.
3279 3001 3335 3055 Si
3365 3012 3543 3057 autem
3571 3003 3643 3059 de
3680 3007 3919 3075 exposito

569 3111 577 3121 '
657 3096 791 3152 nulli
826 3106 883 3153 et
919 3097 947 3152 ι
976 3101 1118 3154 omni
1149 3116 1206 3169 c,
1243 3102 1370 3156 nulli
1396 3118 1424 3157 c
1453 3104 1613 3160 inerit
1652 3123 1714 3174 a,
1743 3109 1838 3163 sed
1870 3109 2041 3165 inerat
2068 3113 2233 3168 omni.
2265 3140 2315 3207 ο
2343 3103 2422 3150 θδι
2450 3092 2822 3207 ηθθεεδξτίυεν
2842 3092 2950 3195 ξπίί
2970 3101 3023 3147 ⁸⁸
3047 3092 3226 3207 de)!”
3256 3094 3457 3207 aliti“?
3491 3097 3625 3207 θείη
3649 3098 3752 3207 P00
3780 3101 3921 3207 σαρξὶ

658 3188 915 3253 Similiter
942 3199 1119 3246 autem
1150 3192 1203 3247 in
1231 3192 1369 3249 aliis.
1404 3194 1499 3249 Est
1536 3196 1698 3250 etiam
1743 3199 2003 3256 reducere
2047 3217 2235 3261 omnes

657 3278 993 3350 syllogismos
1011 3280 1078 3336 ad
1101 3280 1430 3341 universales
1451 3288 1790 3358 syllogismos
1813 3294 1997 3361 prima:
2023 3295 2231 3365 figurae.

657 3366 790 3421 Nam
830 3369 923 3437 qui
968 3379 1093 3424 sunt
1132 3371 1186 3425 in
1226 3375 1461 3431 secunda
1492 3378 1657 3447 ﬁgura
1680 3420 1695 3445 ,
1728 3380 2069 3437 manifestum
2099 3400 2235 3454 quo-

657 3457 799 3513 niam
826 3472 921 3528 per
948 3458 1072 3515 illos
1096 3463 1465 3536 perﬁciuntur,
1496 3483 1680 3523 verum
1711 3485 1815 3525 non
1847 3472 2095 3527 similiter
2121 3489 2237 3531 om-

657 3565 786 3618 nes,
831 3552 925 3608 sed
978 3554 1308 3614 universales
1365 3561 1578 3630 quidem
1631 3563 1891 3632 privativa
1938 3580 2232 3635 conversa;

658 3644 1058 3713 particularium
1086 3658 1264 3705 autem
1294 3660 1517 3722 utraque
1556 3667 1652 3723 per
1684 3654 1751 3709 ad
1781 3656 2112 3726 impossibile
2145 3674 2233 3714 re-

659 3743 985 3800 ductionem.
1034 3746 1137 3814 Qui
1183 3762 1311 3804 vero
1358 3751 1414 3804 in
1458 3751 1628 3820 prima
1676 3763 1801 3808 sunt
1846 3755 2230 3828 particulares,

658 3833 1007 3901 perﬁciuntur
1032 3836 1247 3907 quidem
1276 3852 1372 3908 per
1395 3853 1474 3894 se.
1507 3838 1604 3894 Est
1629 3851 1806 3897 autem
1835 3851 1888 3899 et
1919 3859 2015 3914 per
2043 3860 2235 3905 secun-

658 3923 782 3980 dam
812 3924 1037 3997 ﬁguram
1073 3930 1357 3985 ostendere
1387 3930 1451 3985 ad
1488 3931 1812 4001 impossibile
1843 3935 2129 4005 ducentes,
2178 3948 2235 3994 ut

656 4014 705 4070 si
730 4031 762 4069 a
787 4016 934 4071 omni
969 4017 1021 4082 b,
1053 4026 1107 4073 et
1137 4017 1166 4071 ὁ
1190 4018 1347 4073 alicui
1375 4034 1436 4086 c,
1462 4021 1718 4089 quoniam
1747 4039 1779 4077 a
1808 4023 1966 4080 alicui
1993 4042 2021 4079 ε
2052 4026 2231 4084 inerit.

656 4102 716 4161 Si
739 4108 883 4162 enim
910 4108 1074 4174 nulli,
1102 4110 1131 4163 b
1161 4119 1337 4167 autem
1377 4115 1525 4169 omni
1551 4160 1565 4185 ,
1599 4117 1733 4173 nulli
1765 4135 1792 4173 c
1822 4121 1983 4178 inerit
2024 4122 2075 4181 b.
2121 4124 2236 4180 Hoc

656 4203 798 4259 enim
829 4204 1026 4262 scimus
1054 4221 1153 4278 per
1180 4211 1467 4267 secundam
1496 4213 1741 4283 ﬁguram.
1769 4218 2027 4278 Similiter
2052 4232 2233 4281 autem

656 4302 711 4351 et
749 4296 803 4352 in
830 4298 1090 4367 privativa
1117 4301 1219 4356 erit
1247 4302 1663 4375 demonstratio;
1698 4310 1743 4363 si
1770 4313 1913 4369 enim
1941 4330 1973 4367 a
2004 4315 2131 4370 nulli
2165 4316 2193 4368 b
2214 4356 2231 4383 ,

655 4396 711 4446 et
748 4390 777 4443 b
819 4392 976 4480 alicui
1020 4410 1049 4448 ο
1088 4396 1263 4464 inest,
1312 4412 1347 4450 ιι
1390 4399 1548 4455 alicui
1592 4418 1621 4455 c
1665 4417 1773 4458 non
1803 4407 1941 4474 erit,
1970 4422 2093 4462 nam
2124 4410 2233 4463 sia

2343 3193 2427 3238 est
2468 3183 2798 3253 expositum,
2841 3182 3016 3252 ipsum
3044 3184 3260 3251 quidem
3291 3186 3425 3242 illud
3467 3189 3664 3259 aliquid
3701 3201 3803 3248 est.
3838 3191 3921 3248 Fit

2340 3284 2520 3333 autem
2546 3284 2771 3345 uterque
2794 3274 3135 3346 syllogismus
3165 3277 3218 3332 in
3247 3280 3461 3349 propria
3494 3281 3679 3352 ﬁgura.

2987 3385 3169 3443 APUT
3208 3387 3301 3443 IX.

2987 3385 3121 3441 APU
3208 3387 3301 3443 1X.

2337 3472 2418 3527 De
2440 3473 2614 3528 mixtis
2641 3489 2708 3528 ea:
2735 3489 2839 3529 una
2854 3385 3213 3535 necfssarieret
3231 3480 3397 3536 altera
3420 3481 3651 3537 absoluta
3671 3485 3723 3539 in
3745 3486 3914 3562 prima
3966 3540 3967 3547 η

3030 3571 3221 3643 ﬁgura.

2406 3675 2615 3733 Accidit
2653 3686 2831 3736 autem
2882 3681 3206 3755 quandoque
3249 3695 3302 3742 et
3340 3686 3505 3743 altera
3548 3689 3915 3760 propositione

2337 3771 2641 3827 necessaria
2665 3811 2681 3838 ,
2728 3775 3091 3831 necessarium
3136 3777 3254 3833 ﬁeri
3290 3779 3687 3851 syllogismum,
3729 3798 3915 3842 verum

2337 3872 2447 3913 non
2491 3860 2781 3931 utralibet,
2824 3864 2920 3920 sed
2952 3879 3074 3935 qum
3119 3868 3188 3923 ad
3219 3870 3479 3941 majorem
3524 3876 3915 3933 extremitatem

2336 3962 2436 4016 est,
2487 3961 2546 4008 ut
2582 3955 2689 4010 sia
2726 3957 2977 4027 quidem,
3005 3960 3034 4014 b
3069 3976 3137 4017 ex
3177 3967 3502 4023 necessitate
3538 3981 3806 4040 sumptum
3838 3980 3918 4027 est

2338 4041 2536 4113 inesse,
2563 4046 2651 4101 vel
2678 4062 2785 4104 non
2817 4049 3017 4118 inesse,
3049 4052 3078 4105 b
3103 4062 3281 4110 autem
3312 4073 3340 4109 c
3368 4059 3548 4115 inesse
3580 4071 3812 4129 tantum;
3841 4065 3917 4118 sic

2338 4133 2482 4189 enim
2502 4138 2730 4207 sumptis
2744 4142 3192 4209 prapositionibus
3209 4160 3274 4198 ex
3294 4150 3614 4203 necessitate
3634 4166 3668 4202 a
3683 4152 3841 4205 inerit
3864 4169 3911 4221 c,

2336 4226 2423 4283 vel
2473 4243 2583 4284 non
2624 4233 2744 4285 erit.
2771 4230 2902 4286 Nam
2931 4236 3179 4303 quoniam
3231 4237 3377 4291 omni
3410 4239 3438 4290 ὁ
3477 4253 3545 4292 ex
3590 4240 3914 4297 necessitate

2338 4320 2512 4388 inest,
2545 4321 2628 4377 vel
2657 4334 2763 4377 non
2792 4322 2932 4378 inest
2972 4340 3024 4391 α,
3069 4341 3096 4377 c
3133 4332 3314 4381 autem
3345 4327 3544 4398 aliquid
3570 4343 3755 4385 eorum
3789 4347 3911 4402 qum

2338 4418 2468 4467 sunt
2494 4411 2545 4480 ὁ,
2575 4421 2656 4467 est
2682 4411 3024 4469 manifestum
3051 4416 3304 4485 quoniam
3341 4428 3395 4475 et
3440 4434 3467 4473 c
3496 4435 3562 4477 ex
3592 4424 3915 4480 necessitate

656 4480 801 4535 omni
840 4498 898 4582 θ’,
932 4484 962 4538 b
988 4495 1164 4542 autem
1208 4488 1340 4543 nulli
1369 4488 1545 4564 inest,
1575 4494 1705 4550 nulli
1744 4513 1771 4550 c
1814 4496 1972 4554 inerit
2014 4500 2064 4554 ιν.
2108 4500 2440 4569 HmcDerit
2490 4502 2719 4559 alterum
2772 4502 2982 4560 horum.
3031 4480 3089 4561 Si
3134 4516 3316 4563 autem
3370 4525 3404 4563 α
3460 4510 3489 4564 b
3544 4511 3757 4582 quidem
3806 4529 3914 4571 non

656 4579 834 4629 autem
856 4574 956 4631 fuit
976 4580 1150 4636 media
1172 4582 1371 4652 ﬁgura;
1401 4600 1566 4656 quare
1585 4591 1837 4658 quoniam
1859 4592 1948 4662 qui
1981 4594 2033 4648 in
2057 4595 2231 4653 media

654 4674 781 4721 sunt
808 4667 1131 4739 syllogismi,
1159 4687 1346 4731 omnes
1386 4677 1713 4737 reducuntur
1744 4681 1796 4737 in
1834 4684 2018 4753 prima:
2048 4688 2234 4757 ﬁgurae

654 4760 985 4818 universales
1020 4764 1377 4839 syllogismos,
1423 4771 1513 4840 qui
1552 4788 1680 4830 vero
1722 4777 2069 4845 particulares
2109 4791 2235 4836 sunt

652 4851 706 4905 in
748 4852 952 4938 prima,
998 4855 1065 4908 ad
1112 4870 1205 4911 eos
1246 4860 1334 4927 qui
1383 4871 1509 4916 sunt
1548 4865 1600 4918 in
1645 4866 1851 4933 media,
1892 4868 2234 4926 manifestum

654 4949 738 4998 est
770 4944 1021 5014 quoniam
1059 4953 1115 4999 et
1156 4950 1502 5015 particulares
1542 4955 1860 5011 reducentur
1902 4957 1967 5010 ad
2008 4972 2105 5012 eos
2142 4960 2235 5029 qui

652 5031 704 5086 in
750 5034 920 5103 prima
965 5033 1133 5103 ﬁgura
1180 5048 1302 5093 sunt
1348 5042 1680 5100 universales
1719 5046 2091 5115 syllogismos;
2134 5052 2231 5119 qui

652 5136 781 5179 vero
802 5132 925 5179 sunt
953 5124 1005 5177 in
1030 5128 1179 5181 tertia
1201 5168 1216 5194 ,
1241 5143 1361 5185 cum
1390 5133 1717 5190 universales
1742 5137 1850 5190 sint
1875 5136 2091 5205 quidem
2120 5147 2231 5195 ter-

650 5212 813 5281 mini,
854 5214 1035 5270 statim
1067 5216 1416 5286 perﬁciuntur
1464 5240 1556 5292 per
1595 5225 1717 5281 illos
1757 5227 2120 5297 syllogismos.
2173 5233 2232 5289 Si

650 5312 831 5359 autem
861 5306 1239 5376 particulares,
1263 5322 1546 5369 sumuntur
1569 5331 1662 5385 per
1689 5298 2036 5387 particulares
2064 5325 2230 5397 syllo-

651 5396 852 5464 gismos
901 5397 1087 5465 prima:
1133 5402 1349 5472 ﬁgurae,
1381 5407 1475 5461 sed
1506 5407 1560 5461 lii
1590 5409 1793 5466 reducti
1823 5424 1946 5470 sunt
1974 5417 2042 5471 ad
2074 5396 2224 5486 illos,

649 5497 818 5552 quare
842 5494 895 5541 et
922 5489 1094 5545 tertiae
1123 5491 1306 5562 ﬁgura:
1337 5497 1702 5564 particulares.
1736 5500 2072 5564 Manifestum
2102 5525 2245 5579 ergo.

650 5577 903 5651 quoniam
932 5595 1119 5638 omnes
1146 5586 1469 5644 reducentur
1498 5590 1551 5645 in
1583 5593 1765 5661 prima:
1795 5597 1974 5667 ﬁgura:
2013 5577 2229 5656 univer-

651 5664 795 5754 sales
834 5671 1193 5741 syllogismos.
1242 5678 1404 5749 igitur
1449 5680 1743 5754 syllogismi
1790 5664 1966 5745 inesse
2006 5692 2087 5745 vel
2118 5708 2225 5746 non

652 5750 828 5812 inesse
855 5767 1229 5841 ostendentes,
1261 5771 1460 5832 dictum
1479 5750 1878 5846 estquomodo
1908 5798 1967 5840 se
1993 5784 2222 5845 habent.

2336 4595 2657 4663 necessaria,
2690 4595 2719 4652 ὸ
2746 4613 2774 4650 c
2802 4606 2978 4654 autem
3007 4601 3334 4669 necessaria,
3368 4618 3479 4661 non
3507 4604 3611 4660 erit
3638 4606 3916 4663 conclusio

2335 4691 2663 4745 necessaria.
2710 4688 2845 4747 Nam
2871 4693 2917 4749 si
2958 4701 3040 4750 est
3061 4734 3077 4761 ,
3109 4694 3305 4751 accidit
3331 4714 3363 4752 a
3391 4698 3549 4754 alicui
3576 4701 3604 4754 ὁ
3646 4700 3825 4758 inesse
3851 4718 3917 4759 ex

2336 4782 2695 4850 necessitate,
2755 4798 2853 4854 per
2897 4786 3121 4855 primam
3176 4798 3230 4844 et
3259 4791 3469 4846 tertiam
3498 4791 3759 4863 ﬁguram,
3816 4780 3931 4852 hoc

2336 4888 2512 4935 autem
2532 4878 2746 4948 falsum,
2771 4881 3033 4953 contingit
3059 4884 3203 4939 enim
3228 4886 3334 4942 tale
3356 4901 3475 4944 esse
3496 4889 3525 4943 ὁ
3554 4889 3638 4944 cui
3662 4892 3917 4959 possibile

2336 4977 2420 5025 est
2465 4986 2497 5024 a
2541 4969 2672 5025 nulli
2727 4971 2922 5029 inesse.
2968 4975 3211 5045 Amplius
3256 4988 3433 5034 autem
3476 4990 3531 5035 et
3556 4997 3625 5037 ex
3671 4986 3916 5040 terminis

2334 5062 2679 5119 manifestum
2704 5066 2957 5134 quoniam
2998 5082 3107 5124 non
3135 5070 3238 5125 erit
3279 5072 3552 5129 conclusio
3581 5078 3912 5144 necessaria;

2338 5162 2395 5208 ut
2418 5154 2465 5209 si
2488 5172 2521 5208 a
2550 5154 2763 5225 quidem
2791 5158 2863 5213 sit
2889 5168 3088 5230 motus,
3122 5161 3150 5214 b
3173 5173 3352 5220 autem
3384 5167 3454 5222 sit
3475 5168 3701 5235 animal,
3730 5169 3782 5224 in
3809 5184 3915 5240 que

2334 5252 2512 5300 autem
2527 5262 2555 5298 c
2577 5246 2755 5313 homo,
2772 5262 3001 5318 namque
3013 5251 3173 5309 homo
3186 5256 3381 5311 animal
3393 5268 3475 5315 est
3488 5273 3555 5314 ex
3571 5261 3916 5327 necessitate,

2337 5347 2580 5395 movetur
2599 5348 2780 5396 autem
2810 5344 3009 5400 animal
3031 5362 3136 5403 non
3160 5362 3226 5404 ex
3252 5354 3592 5422 necessitate,
3624 5371 3790 5427 quare
3818 5372 3915 5413 nec

2337 5428 2519 5488 homo.
2565 5430 2826 5488 Similiter
2862 5447 3040 5492 autem
3084 5450 3139 5495 et
3165 5442 3209 5495 si
3236 5443 3495 5511 privativa
3522 5446 3650 5500 sita
3698 5449 3760 5517 b;
3790 5463 3912 5503 nam

2335 5519 2520 5576 eadem
2552 5522 2962 5583 demonstratio.
2993 5527 3050 5583 In
3094 5532 3501 5601 particularibus
3529 5547 3707 5595 autem
3748 5541 3915 5611 syllo-

2334 5609 2539 5677 gismis,
2569 5614 2613 5668 si
2639 5615 2956 5673 universalis
2983 5623 3197 5686 quidem
3226 5634 3309 5681 est
3336 5632 3661 5699 necessaria,
3696 5642 3751 5689 et
3780 5609 3914 5689 con-

2240 5758 2249 5767 .
2335 5701 2505 5757 clusio
2545 5709 2649 5760 erit
2695 5712 3030 5778 necessaria;
3086 5718 3131 5769 si
3185 5727 3362 5775 autem
3394 5723 3757 5792 particularis,
3807 5740 3915 5779 non
