4296 6266
352 342 463 398 ἥ49

996 330 1301 389 Pntonuu
1341 314 2375 388 ANALthconun‘amsromus
2414 324 2987 383 INTERPRETATIO.

3523 325 3632 380 650

349 452 668 513 universalis
708 450 1026 523 propositio.
1076 448 1158 506 Sit
1193 456 1373 503 autem
1400 447 1575 517 primo
1620 445 1942 499 universalis
1968 446 2022 505 Α
2049 452 2194 508 sunt,
2221 460 2248 495 c
2272 456 2377 496 non
2408 440 2565 495 inerit
2594 440 2643 493 b.
2667 439 2900 493 Rursum
2933 440 3005 493 sit
3034 437 3399 509 praedicativa,
3431 447 3485 495 et
3515 442 3635 495 uni-

350 545 680 609 nccessaria,
708 553 764 598 et
792 559 825 597 a
861 541 1076 613 quidem
1104 539 1249 595 omni
1277 540 1307 593 b
1333 538 1461 594 insit
1484 552 1548 593 ex
1588 537 1934 603 necessitate,

352 641 384 694 ὁ
413 647 591 694 autem
611 634 772 691 alicui
802 652 829 688 ο
853 634 986 689 insit
1004 632 1197 697 solum,
1231 645 1454 689 necesse
1472 639 1556 686 est
1575 644 1702 700 ergo
1723 646 1754 682 a
1778 628 1935 684 alicui

350 746 382 782 ε
401 733 580 786 inesse
603 741 670 783 ex
691 723 1033 789 necessitate,
1054 736 1178 777 nam
1200 737 1227 773 c
1246 721 1345 777 sub
1366 721 1394 774 ὁ
1421 728 1524 789 est,
1548 719 1576 773 Ι)
1597 727 1773 774 autem
1792 717 1938 773 omni

351 840 387 876 α
417 822 591 876 inerat
616 833 683 874 ex
707 816 1051 873 necessitate.
1094 813 1356 869 Similiter
1381 820 1560 868 autem
1590 821 1645 868 et
1673 812 1719 866 si
1758 811 1937 881 priva-

356 916 497 969 tivus
526 910 870 983 syllogismus
896 908 986 975 sit,
1021 921 1144 962 nam
1172 906 1362 962 eadem
1390 906 1496 961 erit
1522 904 1939 961 demonstratio.

355 1007 414 1061 Si
442 1015 618 1059 autem
663 1000 999 1071 particularis
1033 1008 1117 1056 est
1142 999 1480 1067 necessaria,
1524 1011 1632 1053 non
1659 997 1765 1053 erit
1806 1010 1938 1051 con~

350 1098 523 1154 clusio
572 1094 912 1159 necessaria,
960 1093 1093 1149 nihil
1144 1093 1288 1149 enim
1332 1091 1665 1162 impossibile
1712 1089 1939 1159 evenit,

355 1188 803 1261 quemadmodum
854 1202 953 1244 nec
1004 1188 1057 1242 in
1108 1186 1503 1244 universalibus
1554 1182 1888 1256 syllogismis
1925 1224 1939 1244 .

354 1282 598 1337 similiter
647 1288 828 1335 autem
850 1286 907 1335 et
943 1277 995 1333 in
1041 1276 1335 1347 privativis.
1396 1274 1671 1345 Termini,
1720 1281 1933 1341 motus,

354 1373 576 1441 animal,
606 1371 814 1428 album.

984 1479 1211 1537 CAPUT
1250 1477 1319 1534 Χ.

362 1600 443 1656 De
460 1600 630 1656 mixtis
650 1612 715 1655 ea:
730 1613 835 1674 una
854 1595 1139 1674 necessaria
1158 1601 1207 1647 et
1226 1593 1389 1647 altera
1409 1590 1637 1646 absoluta
1650 1590 1704 1644 in
1723 1589 1947 1645 secunda
2003 1572 2017 1584 ’

1056 1666 1248 1736 ﬁgura.

435 1789 491 1841 In
520 1783 753 1841 secunda
783 1791 961 1837 autem
994 1780 1160 1850 ﬁgura
1191 1779 1236 1834 si
1267 1778 1531 1847 privativa
1572 1776 1789 1848 quidem
1820 1791 1947 1846 pro-

363 1879 559 1949 positio
601 1874 926 1933 universalis
955 1872 1027 1929 sit
1061 1882 1117 1927 et
1160 1873 1463 1927 necessaria
1486 1911 1502 1938 ,
1540 1870 1811 1927 conclusio
1841 1871 1947 1926 erit

362 1972 692 2028 necessarii.
726 1969 783 2025 Si
830 1977 1008 2024 autem
1037 1966 1379 2038 praedicativa
1402 2004 1421 2031 ,
1465 1980 1571 2020 non
1619 1964 1944 2022 necessaria.

369 2065 453 2118 Sit
481 2064 625 2118 enim
655 2060 882 2131 primum
913 2058 1166 2130 privativa
1196 2056 1521 2123 necessaria,
1556 2064 1611 2113 et
1630 2074 1661 2110 a
1682 2056 1710 2109 b
1731 2057 1948 2124 quidem

376 2154 507 2209 nulli
537 2151 830 2221 contingat,
860 2167 887 2203 ε
916 2158 1089 2206 autem
1117 2150 1243 2204 insit
1272 2156 1510 2213 tantum;
1538 2148 1788 2218 quoniam
1820 2162 1950 2218 ergo

362 2247 689 2301 convertitur
715 2242 1005 2313 privativa,
1035 2249 1089 2297 et
1116 2241 1144 2294 b
1175 2240 1305 2295 nulli
1335 2256 1367 2293 a
1394 2240 1679 2310 contingit,
1716 2257 1747 2294 a
1770 2248 1950 2294 autem

363 2338 510 2392 omni
538 2353 564 2390 c
592 2336 751 2403 inest,
784 2348 951 2404 quare
981 2332 1115 2387 nulli
1143 2348 1169 2385 c
1198 2332 1455 2402 contingit
1484 2332 1533 2400 ὁ,
1580 2347 1701 2385 nam
1732 2347 1759 2384 c
1788 2334 1886 2385 sub
1920 2348 1954 2384 a

365 2440 467 2485 est.
517 2427 778 2484 Similiter
802 2436 981 2480 autem
1012 2435 1065 2481 et
1092 2425 1137 2479 si
1163 2424 1228 2479 ad
1258 2440 1284 2476 c
1316 2431 1541 2491 ponatur
1587 2423 1907 2492 privativum
1934 2463 1949 2489 ,

367 2537 489 2578 nam
517 2520 564 2575 si
585 2536 616 2573 α
645 2536 670 2572 c
692 2519 822 2574 nulli
845 2518 1140 2588 contingit,
1170 2526 1226 2573 et
1252 2533 1279 2570 c
1306 2517 1436 2571 nulli
1465 2534 1496 2570 a
1518 2515 1714 2586 poterit
1748 2514 1951 2580 inesse,

367 2630 399 2667 η
425 2620 603 2668 autem
635 2611 779 2665 omni
809 2609 836 2663 b
866 2610 1026 2665 inest.
1058 2609 1236 2675 Quare
1264 2607 1395 2663 nulli
1420 2622 1606 2663 eorum
1634 2622 1754 2676 quae
1781 2615 1905 2661 sunt
1924 2608 1954 2661 b

369 2704 628 2774 contingit
657 2720 705 2767 c,
738 2703 797 2758 lit
821 2703 965 2758 enim
996 2702 1166 2771 prima
1197 2701 1384 2772 figura.
1413 2700 1645 2755 Rursum
1676 2715 1784 2755 non
1826 2713 1955 2769 ergo

370 2794 592 2866 nequeb
629 2795 727 2864 ipsi
751 2812 799 2861 c,
843 2794 1177 2850 convertitur
1196 2793 1340 2847 enim
1382 2791 1649 2848 similiter.
1684 2789 1743 2847 Si
1772 2798 1953 2846 autem

373 2888 711 2961 prredicativa
754 2886 1048 2957 propositio
1077 2893 1160 2941 est
1186 2883 1520 2951 necessaria,
1553 2896 1660 2938 non
1692 2882 1795 2937 erit
1820 2896 1955 2938 con-

369 2983 535 3040 clusio
558 2981 879 3047 necessaria,
909 2978 1037 3034 insit
1064 2976 1208 3033 enim
1230 2992 1261 3029 a
1291 2975 1438 3031 omni
1458 2976 1488 3028 b
1520 2989 1586 3030 ex
1611 2972 1954 3041 necessitate,

371 3091 396 3129 ε
426 3084 603 3128 autem
633 3071 766 3128 nulli
792 3070 921 3127 insit
951 3077 1157 3124 tantum
1178 3110 1191 3133 ,
1224 3082 1482 3123 conversa
1509 3081 1638 3136 ergo
1666 3065 1952 3135 privativa,

2047 534 2295 600 versalis,
2321 541 2376 586 ct
2404 530 2731 596 necessaria,
2755 537 2811 584 et
2836 538 3063 598 ponatur
3089 528 3153 582 ad
3187 529 3215 581 ὁ
3246 528 3461 599 quidem
3493 544 3638 597 prta.

2047 624 2359 691 dicativum,
2394 622 2439 676 si
2466 634 2596 689 ergo
2622 636 2655 673 a
2683 618 2829 673 omni
2862 619 2891 672 b
2921 634 2987 674 ex
3019 603 3338 675 necessitate
3388 619 3560 684 inest,
3610 636 3640 675 c

2047 726 2226 773 autem
2258 714 2420 770 alicui
2448 727 2555 769 non
2580 713 2742 776 inest,
2771 711 3025 781 quoniam
3055 726 3159 765 non
3185 710 3348 767 inerit
3370 712 3396 764 b
3424 712 3581 766 alicui
3612 727 3641 765 ο

2047 808 2420 875 manifestum,
2451 806 2546 863 sed
2576 820 2685 862 non
2714 819 2783 861 ex
2804 804 3147 860 necessitate.
3174 802 3305 857 Nam
3331 805 3492 861 iidem
3526 816 3639 859 ter-

2046 902 2181 957 mini
2214 908 2373 955 crunt
2398 897 2465 953 ad
2488 894 3030 958 demonstrationem,
3055 894 3145 964 qui
3168 892 3221 948 in
3250 895 3643 950 universalibus

2048 989 2411 1063 syllogismis:
2446 987 2540 1043 sed
2568 1000 2666 1042 nec
2698 987 2744 1041 si
2774 984 3036 1055 privativa
3067 983 3370 1038 necessaria
3404 994 3485 1039 est
3515 999 3644 1053 par-

2050 1081 2343 1138 ticnlariter
2374 1087 2623 1149 sumpta,
2669 1076 2771 1133 erit
2815 1076 3092 1135 conclusio
3135 1072 3461 1130 necessaria.
3508 1075 3640 1130 Nam

2051 1189 2152 1245 per
2182 1171 2400 1229 eosdem
2432 1170 2698 1227 terminos
2725 1167 3140 1224 demonstratio.

2664 1304 2889 1361 CAPUT
2932 1305 3020 1360 XI.

2127 1419 2203 1475 De
2226 1418 2536 1490 syllogismis
2557 1418 2729 1473 mixtis
2751 1433 2814 1471 ea:
2836 1418 2997 1471 altera
3027 1419 3313 1473 necessaria
3336 1426 3383 1471 et
3411 1417 3576 1473 altera

2485 1489 2722 1543 absoluta
2754 1489 2806 1541 in
2835 1490 2983 1544 tertia
3027 1490 3214 1561 ﬁgura.

2124 1602 2184 1657 ln
2217 1609 2485 1673 postrema
2518 1610 2697 1655 autem
2724 1600 2890 1669 ﬁgura
2921 1578 3168 1655 terminis
3192 1599 3406 1669 quidem
3432 1601 3647 1656 univer-

2055 1693 2260 1750 salibus
2293 1692 2359 1748 ad
2392 1691 2660 1753 medium,
2696 1699 2750 1746 et
2781 1690 3140 1760 praedicativis
3184 1689 3425 1760 utrisque
3456 1706 3649 1761 propo-

2053 1784 2370 1851 sitionibus,
2410 1783 2458 1838 si
2488 1781 2741 1837 utrolibet
2770 1781 2841 1836 sit
2885 1782 3225 1848 necessaria,
3275 1787 3330 1836 et
3374 1782 3650 1838 conclusio

2052 1880 2159 1935 erit
2186 1876 2514 1932 necessaria.
2549 1875 2606 1931 Si
2637 1882 2817 1930 autem
2847 1874 2963 1929 haec
3004 1873 3222 1943 quidem
3253 1874 3323 1929 sit
3348 1874 3609 1943 privativa
3629 1917 3645 1942 ,

2053 1971 2145 2027 illa
2171 1984 2300 2026 vero
2329 1968 2690 2039 praedicativa,
2725 1966 2941 2035 quando
2965 1966 3223 2034 privativa
3244 1966 3461 2036 quidem
3486 1966 3650 2023 fuerit

2055 2061 2396 2137 necessaria,
2425 2068 2479 2115 et
2518 2059 2793 2115 conclusio
2814 2059 2919 2115 erit
2945 2058 3274 2123 necessaria,
3299 2058 3513 2129 quando
3552 2073 3647 2114 au-

2056 2163 2165 2211 tem
2191 2153 2557 2225 praedicativa,
2591 2167 2701 2208 non
2726 2152 2832 2209 erit
2858 2152 3183 2209 necessaria.
3215 2152 3338 2207 Sint
3362 2152 3504 2208 enim
3536 2154 3648 2221 pri-

2057 2260 2208 2301 mum
2253 2255 2497 2314 utraeque
2541 2241 2900 2313 praedicativte
2931 2241 3357 2312 propositiones.
3387 2251 3444 2296 et
3468 2259 3497 2293 η
3526 2251 3581 2297 et
3621 2241 3650 2295 ιι

2055 2336 2205 2390 omni
2257 2334 2497 2401 cinsint,
2549 2336 2857 2389 necessaria
2908 2343 3087 2388 autem
3127 2336 3197 2387 sit
3226 2350 3267 2387 ta
3294 2350 3351 2399 c,
3397 2333 3651 2402 quoniam

2056 2438 2190 2495 ergo
2217 2427 2245 2478 ὸ
2274 2424 2420 2479 omni
2451 2440 2477 2477 c
2500 2424 2658 2488 inest,
2687 2433 2786 2479 etc
2809 2423 2969 2479 alicui
2992 2423 3020 2476 b
3042 2423 3221 2490 inerit,
3251 2438 3315 2478 eo
3354 2424 3493 2493 quod
3521 2440 3653 2479 con-

2062 2518 2296 2572 vertitur
2322 2516 2647 2572 universalis
2694 2516 3110 2585 particulariter.
3140 2517 3318 2582 Quare
3348 2519 3391 2572 si
3442 2534 3473 2569 a
3514 2518 3656 2573 inest

2060 2608 2208 2664 omni
2236 2625 2263 2662 c
2287 2625 2354 2665 ex
2377 2610 2723 2673 necessitate,
2748 2618 2803 2664 et
2831 2625 2858 2663 c
2885 2609 3044 2665 alicui
3076 2609 3127 2676 ὁ,
3157 2618 3211 2664 et
3240 2627 3271 2662 a
3301 2610 3464 2664 alicui
3498 2611 3525 2664 b
3562 2626 3656 2667 ne-

2061 2701 2356 2757 cessarium
2405 2700 2621 2764 inesse,
2656 2715 2780 2754 nam
2813 2702 2841 2753 b
2863 2700 2964 2755 sub
2993 2717 3019 2753 c
3054 2709 3154 2756 est.
3185 2701 3268 2756 Fit
3299 2702 3459 2771 igitur
3487 2702 3657 2772 prima

2062 2792 2255 2862 ﬁgura.
2282 2791 2541 2847 Similiter
2577 2802 2755 2847 autem
2786 2791 3124 2857 ostendetur,
3163 2801 3217 2847 et
3258 2794 3302 2847 si
3330 2794 3358 2846 ὁ
3383 2810 3410 2846 c
3435 2805 3518 2848 est
3554 2811 3653 2850 ne-

2062 2882 2325 2948 cessaria,
2349 2883 2686 2937 convertitur
2706 2882 2850 2937 enim
2874 2898 2900 2935 c
2929 2882 3085 2936 alicui
3116 2898 3170 2949 a,
3200 2897 3365 2951 quare
3386 2883 3433 2938 si
3454 2885 3599 2939 omni
3628 2902 3658 2941 ο

2066 2974 2207 3028 inest
2228 2974 2256 3026 ὁ
2286 2987 2354 3028 ex
2377 2973 2719 3037 necessitate,
2752 2979 2810 3026 et
2835 2988 2868 3024 a
2897 2973 3055 3026 alicui
3080 2972 3107 3025 ὑ
3131 2973 3291 3028 inerit
3311 2989 3379 3028 cx
3415 2976 3656 3032 necessi-

2067 3071 2195 3118 tate.
2224 3063 2457 3118 ltursum
2478 3063 2547 3116 sit
2576 3079 2608 3116 a
2632 3079 2659 3115 ο
2688 3062 2902 3131 quidem
2927 3064 3208 3132 privativa,
3242 3066 3270 3119 ὁ
3297 3082 3323 3118 c
3350 3083 3478 3123 vero
3508 3069 3655 3126 afﬁr-

373 3167 435 3221 lit
461 3166 630 3235 prima
656 3164 845 3235 ﬁgura.
893 3164 1178 3219 Ostensum
1207 3170 1291 3217 est
1319 3168 1498 3215 autem
1526 3159 1581 3214 in
1612 3158 1785 3227 prima
1825 3172 1962 3228 quo-
1986 3192 2036 3257 ρ
2066 3155 2286 3220 mativa,
2336 3154 2642 3210 necessaria
2672 3164 2849 3211 autem
2880 3157 3139 3225 privativa
3162 3200 3176 3224 ,
3218 3161 3479 3230 quoniam
3529 3180 3657 3236 ergo

376 3256 524 3321 niam
551 3269 675 3311 cum
706 3268 813 3309 non
854 3261 935 3310 est
972 3254 1280 3310 necessaria
1318 3267 1437 3323 qum
1461 3251 1528 3305 ad
1579 3250 1844 3320 majorem
1873 3258 1961 3306 est

374 3347 628 3421 privativa
650 3388 666 3414 ,
716 3362 813 3402 nec
841 3345 1116 3401 conclusio
1145 3343 1249 3400 erit
1276 3343 1579 3399 necessaria
1600 3382 1615 3408 ,
1648 3356 1819 3412 quare
1849 3355 1952 3397 nec

376 3439 431 3495 in
458 3439 545 3495 bis
582 3440 682 3494 erit
701 3452 767 3494 ex
809 3435 1150 3493 necessitate.
1185 3435 1429 3504 Amplius
1459 3443 1640 3489 autem
1668 3432 1714 3487 si
1745 3434 1965 3488 conclu-

380 3534 463 3593 sio
485 3542 567 3589 est
595 3532 897 3591 necessaria
920 3572 934 3599 ,
963 3529 1160 3586 accidit
1188 3545 1215 3582 c
1255 3529 1415 3583 alicui
1458 3544 1489 3581 a
1530 3541 1636 3582 non
1675 3525 1854 3582 inesse
1896 3541 1967 3582 ex

379 3625 698 3682 necessitate
719 3663 737 3692 ,
779 3625 823 3678 si
853 3623 997 3678 enim
1028 3622 1055 3673 b
1088 3620 1216 3674 nulli
1248 3636 1274 3672 c
1307 3618 1448 3674 inest
1495 3632 1561 3673 ex
1609 3617 1964 3682 necessitate,

382 3733 554 3790 neque
577 3734 604 3771 c
633 3717 767 3772 nulli
793 3717 820 3769 b
842 3715 1004 3770 inerit
1025 3730 1093 3769 ex
1119 3711 1459 3777 necessitate,
1488 3711 1517 3763 b
1542 3720 1720 3765 autem
1748 3708 1903 3764 alicui
1934 3724 1968 3762 α

383 3826 603 3869 necesse
630 3819 714 3866 est
743 3810 940 3875 inesse,
973 3804 1237 3875 siquidem
1268 3812 1323 3860 et
1346 3820 1379 3857 a
1403 3802 1550 3858 omni
1577 3804 1604 3856 ὁ
1634 3817 1700 3858 ex
1724 3800 1968 3857 necessi-

382 3915 493 3960 tate
543 3906 736 3967 inerat,
770 3914 936 3970 quare
956 3915 983 3953 c
1014 3912 1236 3953 necesse
1269 3906 1347 3951 cst
1380 3895 1539 3951 alicui
1568 3890 1736 3950 anon
1765 3896 1966 3961 inesse,

384 3995 483 4051 sed
510 3993 641 4069 nibil
665 3991 912 4062 prohibet
932 4006 965 4042 a
997 3987 1300 4056 huiusmodi
1325 3987 1570 4056 accipere
1590 4026 1606 4053 ,
1636 3986 1721 4041 cui
1750 3985 1894 4040 omni
1941 4000 1969 4037 ο

386 4086 660 4155 contingat
685 4084 881 4139 inesse.
916 4079 1159 4150 Amplius
1179 4087 1232 4134 et
1257 4078 1303 4133 si
1324 4078 1578 4135 terminos
1611 4085 1873 4149 ponentes
1901 4074 1972 4130 sit

384 4175 706 4243 ostendere,
756 4171 1007 4243 quoniam
1058 4170 1331 4225 conclusio
1382 4185 1486 4225 non
1541 4179 1620 4225 est
1667 4166 1972 4224 necessaria

387 4270 723 4340 simpliciter.
760 4266 829 4321 Et
860 4266 941 4319 his
957 4263 1330 4331 existentibus,
1362 4261 1723 4319 necessarium
1753 4268 1810 4314 ut
1841 4261 1914 4313 sit
1936 4274 1970 4312 α

386 4362 622 4427 animal,
656 4360 683 4413 b
715 4372 837 4414 vero
867 4359 1060 4425 homo,
1106 4373 1132 4411 c
1159 4365 1335 4411 autem
1366 4355 1547 4410 album
1569 4395 1585 4421 ,
1626 4362 1681 4409 et
1721 4351 1972 4408 similiter

389 4452 784 4523 propositiones
817 4458 1045 4519 sumptae
1089 4450 1232 4514 sint,
1273 4447 1535 4516 contingit
1583 4446 1727 4501 enim
1772 4442 1972 4500 animal

2068 3247 2400 3304 convertitur
2421 3246 2763 3314 al‘lirmativa,
2786 3248 2889 3304 erit
2913 3266 2940 3302 c
2964 3250 3127 3304 alicui
3148 3250 3197 3316 b,
3224 3268 3252 3303 a
3271 3260 3449 3307 autem
3470 3257 3600 3310 nulli
3630 3273 3661 3311 ο

2066 3353 2136 3395 ex
2162 3337 2511 3407 necessitate,
2543 3353 2718 3408 neque
2743 3354 2775 3393 a
2804 3338 2960 3395 alicui
2990 3341 3018 3393 b
3042 3340 3202 3396 inerit
3226 3358 3291 3397 ex
3313 3346 3657 3411 necessitate,
3750 3338 3753 3341 ’

2069 3446 2196 3486 nam
2227 3431 2256 3485 b
2277 3432 2376 3487 sub
2398 3447 2424 3483 c
2440 3440 2546 3489 est.
2572 3431 2629 3489 Si
2660 3443 2839 3488 autem
2871 3433 3210 3501 praedicativa
3233 3435 3303 3491 sit
3324 3442 3659 3507 necessaria,

2052 3538 2180 3587 non
2194 3523 2585 3580 eritconclusio
2600 3525 2924 3592 necessaria.
2939 3526 3019 3581 Sit
3035 3526 3178 3581 enim
3204 3528 3231 3580 b
3252 3545 3280 3583 c
3316 3531 3663 3599 prmdicativa

2068 3625 2129 3673 et
2148 3618 2448 3673 necessaria
2466 3658 2481 3681 ,
2518 3634 2594 3672 ac
2616 3626 2795 3674 autem
2827 3621 3082 3689 privativa
3108 3630 3164 3676 et
3195 3637 3301 3678 non
3334 3628 3664 3693 ncccssaria,

2069 3718 2328 3784 quoniam
2354 3729 2482 3785 ergo
2508 3717 2843 3771 convertitur
2864 3718 3181 3773 altirmativa
3202 3757 3218 3784 ,
3250 3718 3409 3773 inerit
3437 3729 3489 3774 ct
3521 3737 3547 3773 c
3567 3718 3664 3774 ali-

2069 3807 2160 3862 cui
2184 3806 2212 3859 b
2236 3822 2307 3862 ex
2331 3809 2670 3863 necessitate.
2704 3809 2883 3875 Quare
2909 3808 2955 3863 si
2981 3826 3014 3861 a
3034 3810 3250 3877 quidem
3297 3810 3427 3865 nulli
3473 3826 3663 3867 eorum

2071 3900 2588 3968 qumsuntcinest,c
2607 3910 2788 3953 autem
2801 3898 2957 3953 alicui
2990 3913 3174 3953 eorum
3201 3915 3321 3966 qua:
3347 3910 3472 3955 sunt
3506 3904 3534 3955 ὁ
3557 3913 3611 3958 et
3635 3920 3669 3958 a

2073 3988 2231 4042 alicui
2253 4003 2440 4043 eorum
2458 4002 2575 4057 qua:
2590 3994 2717 4042 sunt
2753 3987 2781 4039 ὁ
2805 4001 2910 4041 non
2942 3988 3133 4051 inerit,
3151 3989 3246 4042 sed
3266 4003 3370 4043 non
3390 4006 3453 4044 ex
3478 4006 3669 4047 neces-

2075 4080 2259 4135 sitate.
2284 4082 2575 4135 Ostensum
2608 4088 2693 4133 est
2720 4079 2864 4135 enim
2909 4079 2962 4133 in
2994 4080 3167 4148 prima
3214 4080 3380 4151 figura
3412 4086 3670 4151 quoniam

2079 4173 2341 4245 privativa
2367 4171 2739 4242 propositione
2763 4174 3093 4239 necessaria,
3119 4188 3219 4229 ncc
3246 4176 3523 4230 conclusio
3563 4178 3671 4234 crit

2078 4264 2402 4322 necessaria.
2432 4263 2677 4334 Amplius
2704 4272 2884 4321 autem
2910 4274 2965 4320 et
2992 4281 3088 4335 per
3119 4267 3378 4323 terminos
3399 4269 3468 4321 sit
3496 4270 3667 4324 mani-

2080 4358 2296 4425 festum,
2329 4358 2398 4413 sit
2428 4357 2573 4412 enim
2600 4374 2632 4411 a
2672 4358 2890 4428 quidem
2922 4359 3121 4414 bonum
3155 4360 3208 4415 in
3237 4376 3344 4430 quo
3374 4363 3402 4415 b
3431 4362 3629 4419 animal
3649 4405 3666 4428 ,

2079 4467 2106 4503 c
2128 4459 2306 4506 autem
2359 4464 2528 4516 equus
2548 4491 2564 4516 ,
2597 4464 2727 4518 ergo
2758 4437 2958 4505 bunum
2990 4452 3205 4520 quidem
3230 4453 3491 4523 contingit
3537 4457 3672 4513 nulli

389 4543 525 4599 nulli
551 4542 672 4597 albo
724 4541 898 4596 inesse
922 4582 936 4605 ,
985 4554 1095 4594 non
1143 4538 1305 4594 inerit
1333 4552 1462 4607 ergo
1490 4551 1593 4592 nec
1630 4536 1791 4591 homo
1837 4532 1971 4589 nulli
1997 4563 2054 4628 Β
2082 4558 2220 4613 equo
2259 4542 2436 4596 inesse
2468 4581 2484 4606 ,
2540 4540 2740 4594 animal
2790 4554 2920 4594 vero
2951 4555 3171 4595 necesse
3209 4554 3291 4595 ρει
3332 4546 3474 4597 omni
3530 4561 3671 4615 equo

390 4636 537 4703 albo,
568 4634 659 4688 sed
697 4646 799 4687 non
824 4647 889 4686 ex
922 4631 1264 4687 necessitate.
1295 4628 1570 4697 Contingit
1604 4627 1748 4683 enim
1795 4624 1971 4680 homi-

392 4742 514 4782 nem
546 4724 656 4779 lieri
688 4724 888 4790 album,
914 4735 1021 4777 non
1054 4731 1229 4775 tamen
1253 4718 1427 4773 donec
1455 4717 1655 4771 animal
1688 4716 1823 4770 nulli
1853 4716 1973 4770 albo

391 4817 541 4880 insit,
567 4822 734 4885 quare
756 4829 878 4870 cum
908 4814 1025 4867 lucc
1050 4811 1179 4877 sint,
1212 4809 1517 4866 necessaria
1548 4809 1653 4863 erit
1678 4806 1974 4871 conclusio,

392 4906 706 4976 simpliciter
730 4916 906 4961 autem
929 4918 1033 4958 non
1066 4902 1387 4959 necessaria.
1416 4900 1678 4957 Similiter
1709 4906 1885 4953 autem
1918 4912 1980 4953 se

391 4998 609 5054 habebit
632 5007 686 5053 et
711 4999 764 5052 in
794 4994 1204 5065 particularibus
1230 4992 1587 5064 syllogismis,
1624 4989 1839 5061 quando
1870 4988 1979 5059 pri-

391 5092 565 5145 vativa
614 5090 828 5160 quidem
877 5086 1201 5157 propositio,
1251 5093 1308 5139 et
1334 5082 1654 5138 universalis
1686 5080 1879 5145 fuerit,
1926 5088 1983 5136 et

389 5183 692 5239 necessaria
721 5222 737 5248 ,
795 5189 852 5234 et
898 5177 1180 5233 conclusio
1228 5176 1334 5231 erit
1382 5174 1704 5230 necessaria.
1756 5172 1982 5239 Quando

385 5286 567 5329 autem
592 5272 937 5344 praedicativa
963 5268 1283 5326 universalis
1310 5266 1471 5339 fuerit
1502 5264 1806 5322 necessaria
1826 5306 1840 5331 ,
1870 5264 1982 5334 prio

385 5368 561 5421 v..tiva
615 5381 741 5421 vero
785 5364 1120 5434 particularis
1172 5376 1282 5418 non
1325 5361 1663 5426 necessaria,
1712 5372 1823 5413 non
1881 5357 1985 5412 erit

384 5455 668 5512 conclusio
707 5454 1029 5509 necessaria.
1060 5454 1145 5511 Sit
1170 5454 1319 5509 enim
1350 5451 1581 5522 primum
1614 5450 1893 5520 privativa,
1929 5458 1987 5505 et

378 5544 712 5604 universalis
742 5545 1064 5610 necessaria,
1094 5556 1150 5601 et
1176 5563 1210 5601 a
1238 5546 1267 5599 b
1288 5544 1507 5615 quidem
1539 5543 1670 5599 nulli
1708 5543 1986 5614 contingat

375 5641 595 5701 inesse,
624 5652 650 5686 ε
675 5642 853 5689 autem
885 5635 1042 5689 alicui
1074 5637 1223 5701 insit,
1266 5635 1518 5707 quoniam
1549 5652 1674 5706 ergo
1705 5639 1983 5692 converti-

377 5741 479 5785 tur
501 5725 757 5797 privativa
778 5766 793 5792 ,
822 5730 878 5780 et
904 5724 933 5777 Ι)
964 5725 1093 5779 nulli
1132 5744 1165 5779 a
1189 5725 1464 5796 continget
1495 5726 1671 5784 inesse
1692 5770 1707 5795 ,
1740 5745 1771 5781 a
1803 5738 1979 5785 autem

376 5818 551 5877 alicui
581 5835 607 5872 ο
631 5817 791 5886 inest,
817 5828 985 5887 quare
1013 5829 1078 5870 ex
1107 5817 1427 5874 necessitate
1445 5818 1602 5877 alicui
1632 5834 1820 5878 eorum
1864 5836 1982 5892 qua

846 5934 1117 5995 Panos.
1149 5936 1372 6001 LXIV.

2080 4634 2281 4694 inesse,
2312 4628 2409 4685 sed
2435 4644 2543 4683 non
2569 4642 2792 4683 necesse
2819 4638 2903 4683 est
2929 4629 3142 4698 aliquod
3173 4631 3369 4685 animal
3403 4649 3507 4687 non
3548 4652 3673 4692 esse

2081 4723 2303 4784 bonum,
2336 4718 2603 4787 siquidem
2632 4718 2895 4789 contingit
2926 4734 3087 4774 omne
3117 4735 3243 4776 csse
3292 4722 3507 4777 bonum.
3560 4729 3671 4783 Aut

2084 4814 2128 4869 si
2156 4827 2260 4867 non
2287 4810 2389 4866 hoc
2412 4808 2693 4878 possibile,
2727 4808 2823 4865 sed
2850 4808 3097 4879 vigilare,
3125 4811 3206 4868 vel
3229 4812 3462 4870 dormire
3492 4820 3674 4872 termi-

2087 4920 2215 4961 num
2246 4903 2573 4974 ponendum.
2598 4902 2772 4958 Omne
2811 4902 2954 4958 enim
2981 4902 3183 4959 animal
3214 4908 3561 4976 susceptibtle
3589 4921 3676 4966 est

2090 4996 2302 5051 horum.
2328 4994 2385 5050 Si
2438 4994 2596 5064 igitur
2649 4994 2865 5050 termini
2908 4994 3285 5052 universaliter
3312 4998 3377 5051 ad
3437 5000 3673 5057 mediunt

2086 5091 2215 5157 sint,
2245 5089 2446 5144 dictum
2473 5097 2557 5143 est
2583 5087 2797 5158 quando
2819 5087 2923 5143 erit
2952 5090 3229 5145 conclusio
3266 5094 3590 5147 necessaria.
3618 5094 3677 5151 Si

2087 5191 2263 5237 autem
2291 5180 2379 5236 hic
2406 5180 2624 5250 quidem
2652 5180 3002 5248 universalis,
3036 5181 3126 5236 ille
3157 5198 3286 5238 vero
3312 5184 3671 5253 particularis.

2091 5272 2464 5345 prmdicativus
2499 5280 2724 5343 uterque
2748 5314 2763 5340 ,
2797 5272 3010 5344 quando
3035 5272 3356 5329 universalis
3387 5273 3551 5330 fuerit
3579 5291 3678 5330 ne-

2093 5364 2382 5431 cessarius,
2413 5371 2468 5419 et
2506 5364 2785 5418 conclusio
2826 5364 2927 5419 erit
2958 5365 3281 5419 necessaria.
3328 5366 3679 5422 Demonstra-

2095 5457 2169 5511 tio
2197 5463 2373 5511 autem
2404 5454 2591 5510 eadem
2615 5470 2733 5525 quae
2757 5456 2924 5524 prius,
2951 5456 3282 5511 convertitur
3307 5457 3449 5514 enim
3475 5466 3530 5514 et
3560 5474 3681 5528 par-

2100 5546 2337 5602 ticularis
2380 5546 2720 5602 afﬁrmativa.
2750 5546 2807 5600 Si
2838 5560 2965 5616 ergo
3011 5561 3231 5602 necesse
3276 5558 3360 5604 est
3396 5549 3424 5601 b
3462 5551 3611 5604 omni
3653 5566 3683 5604 ι

2092 5639 2307 5703 inesse,
2352 5654 2385 5691 a
2414 5646 2590 5692 autem
2621 5638 2721 5691 sub
2766 5652 2793 5690 ε
2833 5647 2946 5706 est,
2974 5652 3194 5695 necesse
3224 5649 3305 5693 cst
3353 5640 3382 5692 b
3427 5642 3585 5694 alicui
3645 5659 3681 5697 ts

2094 5731 2292 5786 inesse.
2322 5729 2379 5786 Si
2418 5740 2594 5786 autem
2627 5730 2656 5782 b
2682 5729 2840 5785 alicui
2865 5748 2897 5785 a
2919 5775 2932 5798 ,
2975 5741 3029 5787 et
3050 5749 3081 5787 a
3111 5731 3269 5787 alicui
3315 5736 3342 5786 ὑ
3375 5734 3551 5789 inesse
3580 5750 3679 5791 ne-

2092 5822 2419 5894 cessarium,
2472 5820 2802 5881 convertitur
2827 5824 2994 5882 enim.
3022 5823 3280 5884 Similiter
3310 5834 3485 5882 autem
3528 5836 3582 5882 et
3627 5827 3676 5881 si

3133 5938 3211 5999 21
