4296 6266
714 376 815 434 ωι

1941 356 2053 415 ΑΝ.
2094 354 2300 423 MANL.
2338 353 2491 422 sev.
2530 334 2757 411 notarit

3874 352 3979 410 852

717 512 748 548 a
777 509 801 544 ο
826 492 895 544 sit
938 483 1235 541 necessaria
1264 478 1601 543 universalis,
1649 490 1771 539 nam
1818 475 1846 528 b
1884 473 1983 528 sub
2013 488 2039 525 c
2090 480 2191 527 est.
2236 470 2293 539 Si
2321 471 2369 535 Α
2399 482 2614 524 necesse
2638 481 2743 522 non
2772 479 2892 521 esse
2910 505 2926 531 ,
2971 463 3159 521 eadem
3186 470 3365 529 erunt,
3394 461 3481 519 vel
3509 464 3783 535 sequentia
3812 479 3872 521 se
3896 468 3980 523 in-

717 592 894 637 autem
916 571 1256 646 particularis
1274 580 1355 625 est
1378 572 1700 633 necessaria,
1746 580 1854 621 non
1883 564 1988 619 erit
2019 561 2293 617 conclusio

718 667 1044 729 necessaria.
1075 665 1160 722 Sit
1180 664 1322 721 enim
1354 662 1383 716 b
1412 679 1439 716 ο
1463 659 1803 730 particularis
1830 666 1885 712 et
1908 653 2234 718 necessaria,
2263 667 2296 703 a

716 775 899 820 autem
919 762 1045 816 insit
1070 759 1213 814 omni
1241 774 1290 822 ο,
1319 771 1426 817 non
1455 765 1635 823 tamen
1664 768 1727 817 ex
1762 751 2114 814 necessitate,
2159 761 2296 801 con-

716 870 875 911 versa
898 866 1026 923 ergo
1046 850 1075 904 ὁ
1097 866 1125 903 c
1148 849 1317 920 prima
1346 846 1402 903 ﬁt
1433 847 1622 916 ﬁgura,
1652 855 1707 909 et
1730 841 2056 900 universalis
2076 838 2294 910 quidem

720 945 1015 1019 propositio
1036 958 1141 999 non
1164 941 1491 1006 necessaria,
1528 937 1872 1007 particularis
1898 946 2074 991 autem
2109 946 2299 993 neces-

717 1039 887 1102 saria,
917 1033 1128 1106 quando
1174 1041 1353 1089 autem
1387 1032 1465 1085 sic
1492 1044 1555 1097 se
1582 1028 1849 1083 habebant
1878 1023 2294 1095 propositiones,

718 1143 827 1183 non
868 1132 986 1183 erat
1029 1123 1301 1179 conclusio
1358 1118 1693 1185 necessaria,
1750 1131 1918 1187 quare
1949 1131 2047 1173 nec
2081 1114 2135 1175 in
2187 1113 2295 1173 his.

716 1217 955 1286 Amplius
978 1225 1157 1269 autem
1188 1221 1244 1268 et
1284 1228 1350 1277 ex
1378 1211 1618 1267 terminis
1648 1209 2011 1267 monile-stum.
2039 1209 2122 1265 Sit
2150 1205 2293 1267 enim

716 1330 746 1366 a
776 1312 989 1381 quidem
1018 1305 1255 1376 vigilatio
1275 1347 1288 1369 ,
1337 1305 1364 1356 b
1395 1311 1570 1357 autem
1617 1303 1766 1371 bipes
1788 1344 1803 1366 ,
1837 1303 1887 1356 itt
1917 1317 2022 1371 quo
2048 1308 2225 1354 autem
2266 1315 2295 1352 ο

714 1403 945 1467 animal,
987 1414 1115 1469 ergo
1146 1400 1173 1451 b
1219 1397 1373 1451 alicui
1404 1412 1430 1448 c
1460 1410 1680 1450 necesse
1708 1406 1789 1450 est
1820 1396 1994 1449 inesse
2015 1434 2029 1459 ,
2054 1410 2085 1446 a
2113 1402 2289 1447 autem

715 1495 861 1550 omni
912 1508 938 1545 ε
969 1489 1261 1559 contingit,
1295 1498 1348 1542 et
1377 1506 1408 1541 a
1439 1504 1542 1541 non
1574 1487 1875 1541 necessario
1906 1486 1953 1550 θ,
1996 1500 2102 1539 non
2146 1484 2289 1537 enim

716 1597 937 1638 necesse
966 1590 1047 1636 est
1086 1580 1316 1648 aliquem
1349 1577 1597 1647 bipedem
1635 1576 1870 1629 dormire
1918 1576 1999 1629 vel
2052 1574 2289 1642 vigilare.

718 1676 974 1733 Similiter
1025 1681 1203 1725 autem
1255 1683 1350 1737 per
1401 1666 1617 1721 eosdem
1678 1665 1936 1719 terminos
1981 1662 2295 1718 ostendetur

715 1768 874 1822 etiam
902 1765 947 1818 si
980 1780 1011 1816 a
1053 1778 1080 1813 c
1116 1762 1185 1814 sit
1212 1757 1543 1828 particularis
1570 1766 1623 1810 et
1664 1755 1982 1809 necessaria.
2019 1753 2074 1807 Si
2109 1761 2287 1806 autem

2402 564 2588 618 vicem.
2646 563 2721 616 De
2764 561 2911 615 omni
2954 559 3098 617 enim
3145 557 3454 624 afﬁrmatio,
3481 558 3566 614 vel
3591 561 3799 628 negatio
3828 576 3977 617 vera.

2400 655 2516 711 Erit
2561 668 2689 727 ergo
2734 653 3047 721 contingens
3078 650 3463 714 necessarium,
3514 660 3569 704 et
3596 666 3702 704 non
3734 666 3979 705 necessa-
4069 702 4079 719 ,

2401 749 2537 805 rium
2563 746 2899 819 contingens.
2940 744 3150 801 Accidit
3191 754 3373 798 autem
3401 756 3593 797 omnes
3622 758 3743 812 qua
3787 759 3979 797 secun-

2397 839 2523 893 dum
2568 838 2882 906 contingere
2939 844 3067 891 sunt
3126 832 3519 903 prepositioncs
3591 834 3832 887 converti
3879 834 3977 887 sibi

2397 932 2627 987 invicem
2650 972 2667 997 ,
2716 931 2837 987 dico
2862 940 3039 987 autem
3068 943 3176 982 non
3204 926 3551 981 atﬁrmativas
3576 926 3857 995 negativis.
3884 925 3977 979 sed

2400 1036 2730 1093 qntccunque
2777 1020 3145 1079 al’ﬁrntativam
3190 1016 3385 1071 habent
3416 1015 3638 1084 ﬁguram
3685 1016 3976 1069 secundum

2399 1116 2783 1185 oppositionem
2810 1152 2824 1178 ,
2871 1122 2929 1169 ut
2966 1127 3026 1166 ea
3068 1124 3187 1180 qua:
3216 1119 3295 1163 est
3320 1106 3579 1176 contingit
3604 1122 3728 1161 esse
3768 1108 3817 1161 ei
3861 1121 3979 1176 qua:

2399 1218 2480 1262 est
2505 1207 2765 1277 contingit
2793 1220 2896 1262 non
2930 1220 3070 1267 esse.
3107 1214 3162 1263 et
3187 1217 3251 1261 ea
3274 1217 3392 1267 qth
3421 1210 3504 1255 est
3538 1201 3796 1268 contingit
3829 1199 3979 1253 omni

2399 1297 2448 1352 ei
2477 1312 2595 1366 quae
2644 1304 2728 1357 est
2770 1295 3031 1364 contingit
3085 1292 3251 1360 nulli,
3300 1292 3384 1345 vel
3430 1306 3536 1345 non
3566 1291 3743 1353 omni,
3774 1302 3826 1345 et
3855 1305 3981 1357 qua:

2402 1386 2578 1449 alicui,
2625 1395 2677 1439 et
2719 1401 2835 1454 qum
2866 1399 2970 1438 non
3008 1381 3194 1447 alicui,
3237 1382 3425 1435 eodem
3460 1390 3633 1439 autem
3665 1379 3823 1443 modo
3848 1390 3902 1432 ιιι
3926 1381 3980 1432 in

2405 1476 2546 1530 aliis.
2589 1476 2848 1541 Quoniam
2900 1473 3043 1533 enim
3090 1471 3229 1545 quod
3278 1479 3361 1527 εει
3404 1472 3718 1538 contingens
3766 1484 3869 1521 non
3900 1478 3981 1524 cst

2402 1568 2761 1623 necessarium
2785 1609 2798 1633 ,
2843 1577 2897 1620 et
2922 1564 3065 1635 quod
3096 1550 3199 1617 non
3228 1572 3311 1618 est
3340 1563 3697 1617 necessarium
3731 1561 3981 1631 possibile

2398 1670 2481 1715 est
2512 1676 2618 1714 non
2671 1673 2791 1714 esse
2816 1700 2829 1723 ,
2879 1655 3218 1719 manifestum
3265 1654 3528 1724 quoniam-
3565 1654 3608 1706 si
3652 1653 3907 1723 contingit
3947 1670 3980 1706 α

2400 1754 2575 1807 inesse
2606 1752 2657 1818 ὁ,
2690 1748 2949 1818 contingit
2976 1758 3029 1801 et
3072 1761 3175 1801 non
3200 1746 3375 1799 inesse
3399 1785 3413 1807 ,
3442 1752 3497 1798 et
3524 1743 3568 1797 si
3598 1743 3742 1796 omni
3771 1743 3979 1796 contin-

718 1860 803 1913 hic
829 1857 1040 1927 quidem
1070 1852 1415 1907 terminorum
1446 1850 1517 1902 sit
1544 1846 1946 1915 prmdicativos,
1978 1844 2068 1898 ille
2110 1844 2291 1912 priva-
2318 1839 2368 1901 B
2399 1844 2473 1914 git
2502 1844 2699 1908 inesse,
2748 1850 2804 1894 et
2851 1839 2995 1893 omni
3043 1836 3304 1904 contingit
3348 1849 3450 1887 non
3482 1834 3676 1887 inesse.
3721 1833 3981 1887 Similiter

717 1953 856 2003 tivus
885 1955 939 2001 t-t
960 1941 1313 2004 necessarius.
1344 1939 1557 2009 quando
1578 1936 1900 1993 universalis
1925 1935 2083 1989 fuerit
2108 1934 2289 2003 priva-

719 2042 856 2093 tivus
885 2048 939 2092 et
977 2032 1339 2097 necessarius,
1369 2043 1422 2084 et
1440 2029 1717 2085 conclusio
1741 2027 1843 2082 erit
1876 2026 2197 2081 necessaria.
2230 2025 2288 2097 Si

717 2131 856 2187 enim
889 2146 921 2182 α
945 2126 1074 2182 nulli
1096 2141 1121 2178 c
1143 2141 1207 2180 ex
1230 2122 1550 2179 necessitate
1571 2119 1851 2187 contingit,
1876 2119 1904 2171 b
1926 2128 2103 2185 autem
2131 2093 2291 2170 alicui

720 2240 746 2276 c
771 2225 940 2285 inest,
997 2231 1215 2272 necesse
1250 2223 1332 2269 est
1360 2230 1391 2266 a
1417 2210 1575 2267 alicui
1615 2210 1642 2264 b
1673 2224 1779 2263 non
1820 2209 2027 2273 inesse,
2077 2205 2290 2275 quando

720 2326 894 2371 autem
920 2310 1234 2367 allirmativa
1261 2304 1563 2364 necessaria
1591 2310 1821 2374 ponetur
1840 2301 1923 2356 vel
1948 2299 2290 2364 universalis,

722 2407 802 2459 vel
830 2403 1195 2473 particularis,
1231 2400 1315 2454 vel
1363 2396 1620 2467 privativa
1652 2392 2021 2463 particularis,
2055 2406 2159 2444 non
2190 2390 2293 2444 erit

718 2472 992 2553 conclusio
1039 2491 1361 2549 necessaria.
1396 2491 1526 2543 Nam
1557 2488 1657 2541 alia
1690 2472 1903 2553 quidem
1954 2482 2139 2538 eadem
2173 2495 2291 2551 qua

719 2602 772 2647 et
794 2592 847 2645 in
874 2589 1135 2659 prioribus
1158 2586 1417 2640 dicemus.
1443 2581 1683 2639 Termini
1726 2588 1901 2633 autem
1927 2593 2047 2632 cum
2078 2576 2293 2631 univer-

714 2685 845 2738 salis
892 2681 1107 2751 quidem
1153 2676 1469 2731 afﬁrmativa
1518 2683 1601 2728 est
1640 2671 1979 2733 necessaria,
2026 2666 2287 2737 vigilatio,

714 2773 935 2838 animal,
970 2771 1159 2835 homo,
1205 2766 1434 2823 medium
1460 2766 1659 2819 homo:
1690 2777 1809 2817 cum
1853 2772 2030 2815 autem
2060 2760 2294 2829 particu-

724 2865 852 2918 laris
876 2860 1216 2933 prtedicativa
1230 2857 1550 2923 necessaria,
1572 2854 1837 2921 vigilatio,
1854 2851 2076 2917 animal,
2093 2850 2293 2904 album.

722 2956 933 3011 Animal
961 2953 1104 3008 enim
1134 2966 1353 3006 necesse
1383 2942 1463 3005 est
1492 2947 1653 3002 alicui
1682 2945 1803 3001 albo
1830 2946 2027 3010 inesse,
2059 2944 2298 3012 vigilatio

720 3057 902 3104 autem
929 3045 1181 3114 contingit
1216 3042 1343 3097 nulli
1364 3083 1377 3107 ,
1404 3052 1457 3097 et
1485 3055 1591 3095 non
1614 3052 1837 3094 necesse
1859 3045 1941 3093 est
1976 3034 2134 3089 alicui
2184 3033 2297 3087 ani-

717 3146 843 3199 mali
870 3158 973 3197 non
998 3141 1171 3194 inesse
1192 3137 1567 3207 vigilationem.
1587 3131 1812 3200 Quando
1834 3140 2008 3184 autem
2037 3128 2296 3197 privativa

2395 1950 2571 1992 autem
2606 1947 2659 1991 et
2705 1937 2757 1990 in
2792 1933 3203 2005 particularibus
3231 1930 3705 2002 al'ﬁrmationibus,
3740 1944 3860 1983 nam
3887 1945 3979 1984 ea-

2396 2029 2519 2083 dem
2570 2027 2979 2081 demonstratio.
3018 2023 3155 2078 Snnt
3187 2031 3362 2075 autem
3395 2020 3694 2089 huiusmodi
3739 2021 3978 2089 proposi-

2396 2123 2571 2175 tiones
2602 2118 2977 2191 przedicativrc,
3006 2130 3126 2170 nam
3168 2114 3479 2182 contingere
3500 2112 3548 2165 ei
3582 2110 3721 2181 quod
3748 2120 3829 2165 est
3859 2125 3978 2166 esse

2396 2214 2641 2268 similiter
2688 2213 2922 2282 ponitur,
2973 2208 3421 2277 quemadmodum
3468 2207 3665 2261 dictum
3692 2216 3773 2260 est
3808 2207 3974 2275 prius.

2398 2312 2771 2368 Determinatis
2821 2320 2995 2363 autem
3045 2309 3148 2374 his,
3200 2321 3408 2362 rursum
3449 2305 3675 2359 dicimus
3723 2306 3975 2372 quoniam

2395 2405 2703 2472 contingere
2729 2402 2937 2455 duobus
2962 2400 3134 2454 modis
3162 2398 3354 2453 dicitur
3381 2414 3393 2449 :
3428 2412 3534 2451 uno
3563 2389 3799 2469 quideni,
3829 2399 3975 2466 quod

2394 2496 2704 2564 plerumque
2736 2494 2794 2547 ﬁt
2843 2502 2895 2548 et
2943 2492 3139 2560 deiicit,
3191 2476 3975 2556 necessarium-utcanescere

2393 2586 2667 2641 hominem
2693 2626 2709 2651 ,
2764 2584 2848 2640 vel
2879 2583 3097 2654 augeri,
3131 2582 3211 2637 vel
3244 2582 3441 2647 minui,
3473 2582 3554 2635 vel
3587 2581 3803 2635 omnino
3833 2582 3975 2651 quod

2396 2685 2577 2731 natum
2614 2686 2862 2732 estesse.
2906 2676 3017 2729 lioc
3047 2675 3188 2729 enim
3222 2688 3327 2727 non
3357 2674 3663 2728 continuum
3697 2673 3853 2741 habet
3883 2688 3978 2727 ne-

2398 2768 2710 2834 cessarium,
2761 2782 2826 2823 eo
2874 2764 3015 2835 quod
3050 2781 3153 2819 non
3188 2780 3399 2839 semper
3428 2775 3512 2819 est
3540 2764 3720 2827 homo,
3749 2781 3869 2818 cum
3900 2773 3978 2819 ta-

2400 2881 2522 2920 men
2572 2865 2730 2919 homo
2775 2872 2886 2927 est,
2926 2871 3016 2914 aut
3057 2875 3120 2915 ex
3163 2859 3500 2929 necessitate,
3531 2869 3622 2912 aut
3650 2867 3708 2912 ιιι
3736 2857 3786 2929 in
3819 2857 3978 2927 pluri-

2401 2958 2499 3027 bus
2528 2966 2627 3013 est.
2673 2956 2795 3010 Alio
2819 2964 2994 3009 autem
3025 2953 3184 3007 modo
3215 2952 3474 3006 inﬁnitum
3499 2991 3512 3015 ,
3543 2950 3682 3027 quod
3712 2960 3763 3004 et
3792 2950 3888 3013 sic,
3918 2956 3972 3003 et

2402 3064 2507 3104 non
2557 3049 2634 3103 sic
2677 3046 2961 3117 possibile,
3012 3052 3069 3098 ut
3108 3044 3305 3119 animal
3355 3042 3648 3107 ambulare,
3682 3042 3764 3119 vel
3793 3040 3976 3094 ambu-

2404 3141 2549 3196 lante
2576 3138 2690 3195 ﬁeri
2741 3147 2942 3193 motum
2992 3144 3185 3215 teme,
3215 3134 3300 3189 vel
3330 3134 3549 3191 omnino
3574 3120 3718 3209 quod
3747 3146 3869 3187 casu
3898 3131 3973 3197 ﬁt,

721 3234 1059 3306 particularis
1087 3238 1171 3285 est
1216 3204 1516 3283 necessaria
1539 3265 1553 3289 ,
1605 3224 1789 3293 bipes,
1836 3228 2031 3286 motus,
2064 3218 2293 3281 animal,
2318 3204 2370 3283 ς
2403 3250 2417 3288 ι

2403 3233 2535 3289 nihil
2568 3233 2708 3288 enim
2740 3229 2906 3299 magis
2932 3226 3008 3282 sic
3040 3204 3220 3282 natum
3252 3236 3355 3291 est,
3383 3225 3465 3279 vel
3496 3204 3813 3279 econtrnrio.
3841 3222 3985 3277 Con-‘

723 3329 958 3383 medium
999 3322 1215 3377 animal.
1260 3318 1591 3373 Manifestum
1630 3314 1790 3383 igitur
1817 3309 2066 3379 quoniam
2113 3308 2297 3362 inesse

720 3418 935 3482 quidem
990 3428 1093 3464 non
1141 3420 1222 3464 est
1274 3408 1645 3476 syllogismus,
1694 3403 1740 3455 si
1784 3408 2024 3467 utraeque
2054 3399 2299 3465 proposi-

717 3494 893 3556 tiones
924 3514 1025 3554 non
1079 3506 1203 3549 sunt
1256 3497 1305 3547 in
1334 3509 1400 3547 eo
1429 3492 1568 3559 quod
1611 3499 1694 3544 est
1734 3489 1912 3541 inesse
1934 3527 1947 3548 ,
1983 3486 2290 3567 necessaria

716 3604 844 3643 vero
891 3594 1001 3651 est,
1050 3592 1103 3637 et
1128 3584 1294 3635 altera
1338 3580 1509 3633 solum
1550 3577 1816 3632 existente
1859 3573 2184 3629 necessaria.
2236 3574 2294 3627 in

716 3680 958 3748 utrisque
1001 3685 1180 3729 autem
1230 3669 1565 3723 altirmativis
1606 3676 1660 3722 et
1701 3668 1975 3735 privativis
2012 3664 2297 3720 existenti-

718 3772 819 3824 bus
872 3764 1197 3837 syllogismis
1240 3772 1459 3821 necesse
1494 3769 1577 3815 est
1606 3759 1829 3814 alteram
1870 3757 2295 3826 propositionem

715 3860 944 3913 similem
1004 3871 1125 3911 esse
1169 3851 1525 3910 conclusioni.
1570 3851 1698 3906 Dico
1723 3858 1901 3904 autem
1941 3848 2204 3910 similem,
2250 3847 2297 3901 si

716 3952 897 4005 inesse
927 3947 1139 4013 quidem
1166 3987 1181 4012 ,
1238 3942 1611 3999 inexistentem
1633 3982 1647 4006 ,
1679 3939 1727 3995 si
1749 3950 1928 3995 autem
1960 3938 2295 4000 necessaria,

715 4039 1097 4098 necessariam.
1130 4038 1306 4105 Quare
1333 4048 1387 4093 et
1427 4036 1527 4090 hoc
1556 4034 1752 4103 palam,
1776 4033 2026 4103 quoniam
2056 4045 2161 4084 non
2190 4030 2295 4084 erit

717 4133 989 4192 conclusio
1007 4145 1178 4199 neque
1195 4129 1518 4193 necessaria,
1538 4143 1713 4197 neque
1736 4129 1932 4192 inesse,
1955 4141 2060 4180 non
2083 4132 2289 4193 sumpta

719 4228 806 4281 vel
832 4220 1153 4286 necessaria,
1178 4221 1263 4274 vel
1288 4236 1404 4289 qua:
1430 4220 1603 4274 inesse
1624 4219 1887 4287 signiﬁcet
1907 4216 2295 4289 propositione.

718 4317 880 4389 Igitur
909 4316 975 4370 de
1008 4312 1323 4369 necessario
1352 4311 1622 4381 quomodo
1653 4312 1745 4377 ﬁt,
1771 4320 1828 4365 et
1855 4324 2015 4379 quam
2045 4308 2297 4362 dimicen-

717 4411 841 4465 tiam
868 4406 1057 4462 habeat
1083 4405 1147 4459 ad
1180 4404 1389 4465 inesse,
1422 4398 1757 4454 sufﬁcienter
1784 4413 1922 4467 pene
1960 4398 2158 4453 dictum
2190 4404 2297 4451 est.

1308 4597 1534 4654 CAPUT
1581 4597 1691 4652 XII.

1060 4740 1135 4795 De
1167 4740 1475 4810 contingenti
1516 4755 1617 4797 non
1645 4739 1953 4801 necessario.

790 4917 863 4972 De
886 4916 1229 4984 contingente
1261 4920 1443 4967 autem
1468 4920 1586 4981 post
1622 4911 1736 4963 lucc
1762 4910 2019 4971 dicemus,
2062 4906 2296 4978 quando,

718 5022 771 5068 et
799 5008 1085 5081 quomodo,
1113 5015 1168 5061 et
1188 5019 1280 5076 per
1309 5019 1426 5073 qum
1455 5003 1557 5056 erit
1582 5002 1937 5071 syllogismus.
1970 4999 2095 5052 Dico
2123 5008 2300 5052 autem

718 5103 1048 5168 contingere,
1079 5107 1132 5151 et
1162 5094 1503 5164 contingens,
1554 5107 1657 5160 quo
1689 5105 1792 5142 non
1823 5090 2083 5143 existente
2117 5103 2302 5161 neces-

700 5190 883 5257 sario,
931 5188 1106 5257 posito
1160 5194 1335 5238 autem
1383 5168 1588 5246 inesse,
1640 5179 1769 5233 nihil
1814 5180 1915 5232 erit
1959 5187 2171 5248 propter
2203 5178 2304 5235 hoc

718 5280 1075 5351 impossibile.
1114 5277 1246 5332 Nam
1277 5274 1635 5330 necessarium
1689 5271 1962 5341 acquivoce
1994 5272 2303 5344 contingere

719 5372 941 5425 dicitur.
974 5369 1237 5437 Quoniam
1269 5376 1447 5420 autem
1474 5366 1574 5419 hoc
1604 5374 1685 5418 est
1706 5366 2046 5434 contingens,
2081 5367 2305 5433 monile.

720 5472 861 5521 stum
907 5478 978 5519 ex
1023 5460 1468 5517 afﬁrmationibus
1506 5469 1562 5513 et
1608 5459 1985 5527 negationibns
2023 5459 2298 5531 oppositis.

722 5554 854 5611 Nam
904 5569 1013 5610 non
1061 5552 1322 5621 contingit
1350 5564 1505 5613 esse,
1538 5566 1641 5603 non
1676 5550 1925 5627 possibile
1952 5566 2093 5612 esse,
2125 5559 2177 5603 et
2208 5550 2311 5601 im-

727 5647 984 5719 possibile
1028 5658 1168 5713 esse,
1213 5653 1266 5698 et
1313 5656 1536 5698 necesse
1577 5650 1657 5697 est
1688 5658 1789 5695 non
1823 5657 1974 5706 esse,
2006 5641 2086 5692 vel
2119 5638 2303 5691 eadem

728 5754 896 5812 sunt,
927 5744 1010 5799 vel
1054 5749 1348 5810 sequuntur
1397 5753 1455 5792 se
1502 5740 1761 5795 invicem.
1798 5754 1957 5808 quare
1988 5745 2041 5803 ct
2070 5734 2307 5804 opposita

730 5834 817 5891 his
848 5834 1106 5906 contingit
1136 5845 1277 5901 esse,
1325 5838 1379 5890 et
1424 5842 1530 5883 non
1573 5829 1913 5899 impossibile
1940 5840 2078 5891 esse,
2121 5835 2169 5880 et
2204 5839 2306 5879 non

2402 3325 2627 3379 vertitur
2674 3336 2803 3391 ergo
2852 3330 2905 3375 et
2952 3317 3242 3373 secundum
3290 3318 3561 3387 oppositas
3593 3309 3977 3385 propositiones

2404 3426 2683 3482 utrumque
2725 3413 3066 3481 contingens,
3117 3424 3222 3463 non
3262 3417 3435 3462 tamen
3463 3406 3647 3460 eodem
3677 3403 3853 3464 modo,
3882 3403 3977 3471 sed

2399 3504 2540 3574 quod
2584 3511 2764 3557 natum
2814 3502 3028 3569 quidem
3077 3509 3301 3555 estesse
3327 3499 3373 3553 ei
3400 3496 3538 3567 quod
3563 3510 3666 3549 non
3691 3510 3755 3548 ex
3791 3508 3979 3549 neces-

2400 3594 2555 3648 sitate
2582 3606 2725 3646 esse.
2779 3591 2871 3646 Sic
2898 3593 3041 3647 enim
3075 3589 3332 3659 contingit
3358 3602 3459 3642 non
3490 3599 3773 3641 canescere
3804 3583 3980 3637 homi-

2399 3700 2543 3740 nem.
2593 3684 2855 3739 lnﬁnitum
2906 3693 3085 3739 autem
3132 3683 3181 3739 ei
3223 3681 3361 3752 quod
3405 3679 3532 3734 nihil
3565 3693 3733 3747 mags
3761 3678 3863 3744 sic,
3894 3676 3979 3731 vel

2399 3776 2493 3830 illo
2521 3776 2701 3831 modo.
2743 3775 3029 3844 Disciplina
3062 3785 3267 3839 autem,
3306 3780 3360 3828 et
3383 3771 3718 3847 syllogismus
3748 3769 3978 3823 demon-

2400 3879 2754 3948 strativus,ex
2781 3878 3002 3934 inﬁnitis
3032 3877 3248 3948 quidem
3276 3892 3380 3932 non
3406 3885 3587 3941 εει,εο
3612 3870 3752 3943 quod
3779 3868 3979 3924 inordi-

2402 3981 2583 4026 natum
2605 3982 2687 4028 est
2717 3974 2972 4037 medium,
3003 3986 3071 4025 ex
3118 3970 3183 4024 iis
3228 3984 3355 4024 vero
3383 3982 3502 4038 quae
3530 3974 3657 4021 nata
3685 3972 3809 4018 sunt
3837 3976 3977 4025 esse,

2402 4089 2539 4144 pene
2564 4075 2834 4130 orationes
2888 4080 2941 4128 et
2993 4068 3453 4129 considerationes
3488 4065 3620 4120 ﬁunt
3651 4063 3718 4120 de
3748 4063 3827 4129 sic
3854 4076 3983 4117 con-

2403 4177 2761 4245 tingentibus,
2793 4191 2855 4228 ex
2892 4173 2994 4226 illis
3024 4180 3201 4233 autem
3226 4167 3479 4236 possibile
3507 4164 3721 4235 quidem
3753 4171 3833 4215 est
3863 4160 3984 4217 ﬁeri

2404 4270 2790 4340 syllogismum.
2823 4279 2927 4318 non
2959 4272 3133 4319 tamen
3164 4260 3300 4314 solet
3328 4257 3514 4327 quaeri.
3548 4256 3670 4308 llmc
3697 4268 3824 4322 ergo
3846 4252 3983 4307 deﬁ-

2406 4361 2616 4415 nientur
2658 4356 2839 4433 magis
2870 4354 2921 4409 in
2964 4349 3334 4428 sequentibus,
3357 4360 3499 4401 nunc
3523 4356 3700 4399 autem
3731 4343 3980 4413 dicemus

2407 4450 2619 4521 quando
2646 4458 2698 4511 et
2728 4424 3017 4518 quomodo,
3040 4451 3094 4499 et
3118 4443 3238 4512 quis
3260 4442 3362 4495 erit
3385 4438 3728 4509 syllogismus
3753 4452 3821 4492 ex
3850 4451 3983 4497 con-

2325 4562 2381 4645 p
2409 4544 2731 4617 ﬁngentibus
2762 4537 3233 4613 propositionibus.
3274 4533 3537 4604 Quoniam
3566 4540 3748 4587 autem
3774 4531 3982 4600 contin-

2336 4623 2349 4651 ’⁵
2413 4652 2542 4707 gere
2585 4635 2686 4691 hoc
2730 4633 2856 4697 huic
2900 4635 3078 4696 inesse
3117 4627 3397 4697 dupliciter
3444 4632 3529 4680 est
3560 4623 3842 4691 accipere.
3892 4629 3983 4689 ειη

2408 4729 2551 4784 enim
2606 4726 2689 4783 cui
2743 4727 2881 4785 inest
2925 4725 3048 4791 hoc,
3076 4731 3167 4783 aut
3187 4720 3272 4783 cui
3296 4717 3556 4788 contingit
3585 4717 3755 4786 ipsum
3785 4716 3982 4781 inesse,

2411 4833 2533 4873 nam
2564 4818 2633 4875 de
2660 4831 2765 4888 quo
2792 4817 2855 4882 b,
2880 4833 2913 4869 α
2949 4814 3283 4882 contingere,
3312 4812 3500 4873 horum
3528 4808 3753 4873 alterum
3781 4805 3983 4875 signiti-

2410 4919 2516 4976 cat,
2547 4918 2640 4963 aut
2668 4907 2735 4964 de
2763 4922 2870 4977 quo
2906 4905 3102 4969 dicitur
3130 4904 3184 4969 lt,
3225 4910 3313 4957 aut
3340 4901 3412 4961 de
3436 4912 3541 4968 quo
3570 4896 3828 4967 contingit
3853 4895 3981 4963 dici,

2413 5001 2480 5055 de
2527 5014 2633 5070 quo
2681 5009 2859 5054 autem
2890 4998 2940 5060 ὁ,
2967 5014 3002 5052 a
3030 4994 3363 5067 contingere,
3392 4999 3489 5046 aut
3506 4988 3650 5045 omni
3676 4989 3703 5041 b
3737 4988 3984 5057 possibile

2413 5094 2588 5148 inesse
2634 5108 2688 5157 α,
2739 5090 2877 5168 nihil
2916 5087 3115 5147 dill‘ert.
3162 5084 3497 5157 Manifestum
3541 5083 3700 5152 igitur
3736 5081 3984 5150 quoniam

2412 5182 2698 5252 dupliciter
2738 5181 2942 5237 dicetur
2989 5196 3023 5233 ο
3071 5179 3217 5243 omni
3247 5178 3275 5231 ὁ
3307 5178 3483 5237 inesse
3506 5174 3832 5243 contingere.
3875 5172 3985 5226 Pri-

2413 5290 2557 5330 mum
2605 5288 2735 5344 ergo
2779 5274 3020 5335 dicemus
3072 5272 3116 5329 si
3162 5271 3229 5326 de
3256 5282 3363 5339 quo
3392 5285 3418 5323 ο
3446 5265 3701 5335 contingit
3729 5265 3780 5327 b,
3831 5274 3883 5318 et
3921 5262 3986 5313 du

2412 5386 2517 5440 quo
2568 5368 2596 5425 b
2641 5366 2901 5439 contingit
2939 5383 2995 5432 α,
3036 5354 3159 5434 quis
3187 5362 3285 5423 erit
3309 5405 3324 5430 ,
3350 5369 3406 5421 et
3424 5360 3597 5430 qualis
3628 5356 3984 5428 syllogismus,

2415 5464 2492 5519 sic
2523 5460 2667 5516 enim
2701 5468 2939 5529 utrmque
2967 5455 3371 5528 propositiones.
3389 5458 3671 5508 sumuntur
3698 5446 3987 5505 secundum

2411 5551 2727 5622 contingere
2748 5592 2762 5616 ,
2789 5550 3002 5621 quando
3029 5560 3206 5613 autem
3238 5547 3304 5601 de
3330 5560 3435 5615 quo
3479 5545 3506 5598 b
3542 5551 3628 5598 est
3651 5538 3905 5607 contingit
3936 5552 3987 5602 σ,

2416 5643 2529 5696 haec
2556 5643 2770 5717 quidem
2805 5644 2999 5706 inesse,
3030 5642 3118 5695 illa
3150 5653 3278 5703 vero
3305 5636 3636 5703 contingens,
3677 5646 3838 5701 quare
3860 5643 3888 5681 a
3916 5628 3988 5682 εἰς

2415 5732 2628 5787 milibus
2685 5733 2866 5805 ﬁguris
2912 5732 3295 5801 incipiendum,
3338 5724 3782 5801 quemadmodum
3831 5728 3882 5775 et
3932 5718 3990 5779 in

2412 5822 2549 5877 aliis.
