4296 6266
314 293 418 351 655

892 393 1118 453 CAPUT
1155 391 1292 448 XIII.

366 521 442 576 De
469 516 785 591 syllogismis
815 531 876 570 ex
903 511 1143 651 ambt’tibus
1170 484 1569 576 contingentibus
1595 503 1648 556 in
1676 503 1841 572 prima

1064 597 1212 651 gnra.

1064 597 1212 652 gnra.

388 703 611 771 Quando
639 715 768 771 ergo
793 715 824 752 a
853 696 1112 764 contingit
1136 691 1282 747 omni
1322 691 1369 755 ὁ,
1399 697 1453 746 et
1477 688 1504 741 b
1530 686 1674 742 omni
1704 701 1751 748 c,
1785 684 1899 754 syl-

320 800 577 871 logismus
617 795 720 850 erit
761 791 1024 862 perfectus
1049 831 1064 854 ,
1095 787 1344 855 quoniam
1390 800 1423 836 a
1467 780 1724 848 contingit
1753 777 1900 831 omni

321 893 570 946 cinesse.
606 888 717 942 Hoc
751 895 928 940 autem
973 879 1313 936 manifestum
1341 884 1517 931 estex
1561 871 1898 937 deﬁnitione,

325 993 446 1037 nam
482 980 792 1048 contingere
821 974 967 1029 omni
997 972 1172 1026 inesse
1217 970 1296 1024 sic
1327 965 1658 1022 dicebamus.
1699 961 1904 1018 Simili-

325 1085 406 1127 tcr
431 1080 604 1126 autem
648 1077 703 1123 et
742 1067 786 1122 si
817 1084 848 1120 a
878 1064 1090 1136 quidem
1131 1061 1390 1130 contingit
1429 1057 1556 1112 nulli
1587 1055 1635 1121 ly,
1668 1053 1696 1108 b
1721 1061 1902 1108 autem

327 1165 470 1219 omni
518 1179 567 1228 c,
609 1161 862 1232 quoniam
894 1175 926 1212 a
954 1157 1214 1224 contingit
1255 1153 1382 1208 nulli
1415 1168 1463 1206 c.
1487 1149 1618 1205 Nam
1648 1149 1714 1202 de
1740 1163 1845 1216 quo
1873 1145 1906 1198 ο

326 1255 601 1324 contingit,
629 1271 659 1306 η
690 1267 799 1306 non
849 1250 1181 1319 contingere,
1231 1245 1331 1298 hoc
1361 1253 1476 1298 erat
1498 1242 1698 1296 nullum
1727 1238 1907 1291 dimit-

329 1356 441 1404 tere
466 1345 567 1401 sub
597 1346 624 1399 b
653 1340 1096 1415 contingentium.
1139 1335 1363 1402 Quando
1393 1341 1568 1387 autem
1592 1348 1623 1383 a
1652 1327 1912 1397 contingit

330 1438 474 1492 omni
503 1435 553 1498 b,
587 1434 614 1487 ὁ
634 1441 812 1488 autem
843 1430 972 1484 nulli
1009 1445 1057 1493 c,
1090 1442 1184 1496 per
1208 1434 1446 1492 sumptas
1466 1422 1682 1491 quidem
1711 1433 1909 1488 prope.-

332 1530 553 1584 sitiones
605 1525 783 1579 nullus
833 1523 892 1575 ﬁt
932 1519 1294 1590 syllogismus,
1338 1527 1595 1569 conversa
1626 1521 1802 1564 autem
1827 1507 1857 1561 ὁ
1885 1521 1914 1560 ο

334 1618 629 1675 secundum
678 1615 990 1682 contingere
1017 1653 1030 1676 ,
1088 1611 1146 1664 llt
1190 1609 1331 1663 idem
1379 1603 1830 1676 quemadmodum
1860 1609 1914 1654 et

339 1711 509 1781 prius,
533 1707 784 1779 quoniam
818 1705 960 1760 enim
1001 1699 1262 1769 contingit
1289 1698 1318 1750 ὁ
1348 1697 1478 1751 nulli
1508 1713 1535 1749 c
1565 1696 1758 1762 inesse,
1783 1707 1915 1747 con-

337 1802 489 1870 tingit
528 1805 581 1854 et
627 1796 772 1851 omni
820 1795 1015 1848 inesse.
1099 1791 1210 1844 Iloc
1264 1798 1439 1841 autem
1493 1787 1693 1839 dictum
1741 1783 1910 1853 prius.

339 1893 512 1958 Quare
543 1889 586 1942 si
638 1887 666 1939 b
697 1885 910 1956 quidem
938 1881 1081 1937 omni
1109 1898 1157 1944 c,
1181 1898 1212 1933 α
1250 1888 1426 1933 autem
1451 1879 1594 1931 omni
1622 1876 1671 1939 ὁ,
1703 1889 1914 1930 rursum

251 2047 255 2050 ,
341 1983 482 2037 idem
509 1979 566 2033 lit
593 1976 952 2048 syllogismus.
970 1970 1230 2029 Similiter
1250 1979 1427 2023 autem
1452 1969 1553 2022 etsi
1580 1967 1645 2020 ad
1667 1975 1919 2032 utrasque

343 2070 737 2145 propositiones
774 2065 984 2136 negatio
1021 2071 1247 2133 ponatur
1275 2075 1395 2114 cum
1422 2059 1738 2127 contingere
1777 2056 1920 2125 (dico

345 2174 524 2219 autem
555 2169 614 2216 ut
633 2161 678 2215 si
700 2175 732 2213 a
753 2157 1008 2228 contingit
1035 2154 1164 2208 nulli
1193 2154 1241 2216 ὸ,
1266 2162 1322 2208 et
1350 2153 1379 2205 ὁ
1405 2151 1532 2205 nulli
1560 2150 1807 2220 c),igitur
1829 2155 1923 2217 per

347 2261 588 2323 sumptas
613 2249 828 2322 quidem
863 2246 1248 2318 propositiones
1274 2243 1450 2298 nullus
1482 2241 1539 2295 ﬁt
1561 2241 1922 2312 syllogismus,

350 2343 624 2402 conversis
652 2352 864 2419 autem,
879 2351 1064 2393 rursus
1108 2336 1249 2391 idem
1292 2337 1394 2390 erit
1421 2333 1511 2403 qui
1535 2345 1586 2388 et
1619 2333 1784 2401 prius.
1819 2328 1926 2383 Ma-

351 2435 601 2490 nifestum
631 2439 715 2486 est
740 2430 899 2499 igitur
927 2427 1178 2498 quoniam
1210 2425 1494 2495 negatione
1525 2425 1696 2493 posita
1722 2421 1790 2476 ad
1825 2420 1927 2475 mi-

357 2540 542 2584 norem
584 2522 992 2586 extremitatem,
1023 2519 1106 2574 vel
1135 2519 1199 2573 ad
1227 2527 1475 2585 utrasque
1507 2513 1927 2585 propositiones,

358 2625 449 2672 aut
477 2629 580 2670 non
613 2613 670 2667 lit
694 2613 1060 2683 syllogismus,
1100 2619 1191 2664 aut
1219 2610 1278 2663 lit
1298 2609 1535 2678 quidem,
1563 2607 1658 2662 sed
1684 2621 1789 2659 non
1808 2619 1934 2674 per-

360 2709 562 2775 fectus,
586 2723 649 2763 ex
674 2707 1025 2762 conversione
1053 2706 1193 2759 enim
1227 2705 1283 2758 lit
1309 2702 1691 2758 necessarium.
1753 2703 1810 2756 Si
1842 2716 1936 2755 au-

362 2807 470 2854 tem
515 2798 630 2852 hate
676 2798 889 2868 quidem
939 2798 1367 2872 prepositionum
1437 2793 1752 2847 universalis
1780 2834 1793 2854 ,
1845 2792 1938 2848 illa

361 2904 490 2945 vero
541 2886 873 2959 particularis
919 2896 1181 2950 sumatur,
1215 2885 1279 2938 ad
1313 2884 1569 2952 majorem
1599 2883 1812 2953 quidem
1840 2898 1937 2937 ex-

363 2979 681 3036 tremitatem
733 2977 903 3047 posita
951 2975 1276 3038 universali,
1308 2974 1647 3044 syllogismus
1682 2973 1784 3027 erit
1815 2986 1940 3041 per-

365 3067 700 3125 tertus.Nam
729 3070 774 3122 si
802 3084 833 3120 a
859 3066 1005 3122 omni
1036 3065 1063 3119 b
1091 3065 1374 3134 contingit,
1403 3066 1431 3117 ι
1459 3075 1634 3118 autem
1667 3064 1820 3118 alicui
1849 3081 1941 3130 c,a

929 278 1232 370 PRIQBUM
1262 267 1813 335 ’ANALYTICOIIUM
1852 258 2308 330 ARISTOTELIS
2347 251 2918 318 INTERPRETATIO.

1911 387 1967 452 Α
1994 377 2138 432 tibus
2167 388 2224 426 se
2254 370 2498 428 terminis
2518 410 2532 434 ,
2573 368 2752 424 nullus
2781 367 2840 420 ﬁt
2865 363 3228 442 syllogismus,
3259 375 3382 426 nam
3408 360 3583 416 Omnis

1995 463 2340 537 syllogismus
2386 459 2468 514 vel
2521 457 2637 527 ejus
2667 457 2806 530 quod
2831 464 2914 510 est
2944 455 3120 514 inesse
3147 460 3250 520 est,
3281 451 3368 542 vel
3394 465 3462 505 ex
3493 466 3588 504 ne-

1997 557 2248 612 cessitate
2278 551 2362 606 vel
2391 549 2726 616 contingere,
2759 560 2863 598 non
2893 554 2978 599 est
3000 553 3175 598 autem
3205 542 3322 612 ejus
3345 541 3481 611 quod
3507 549 3592 604 est

3475 244 3581 312 (ἱὅῷ

2005 649 2180 698 inesse
2206 683 2220 707 ,
2269 654 2444 709 neque
2473 636 2759 692 necessarii
2787 677 2802 702 ,
2836 635 3173 689 manifestum
3201 633 3449 706 quoniam
3482 649 3591 688 non

2002 745 2104 802 est,
2137 748 2259 788 nam
2285 729 2638 784 afﬁrmativus
2669 725 2992 780 interimitur
3027 724 3311 794 privativa,
3337 735 3390 779 et
3414 727 3594 796 priva-

2005 830 2146 884 tivus
2172 823 2512 890 aliirmativo,
2560 819 2881 892 relinquitur
2911 832 3038 888 ergo
3068 812 3185 892 ejus
3215 817 3358 898 quod
3385 819 3596 872 contin-

2004 936 2130 992 gere
2179 933 2341 984 esse,
2390 916 2493 971 hoc
2531 924 2708 969 autem
2762 911 3111 981 impossibile.
3186 910 3468 967 Ostensum
3512 922 3596 970 est

2005 1015 2146 1070 enim
2173 1010 2426 1083 quoniam
2477 1008 2556 1063 sic
2597 1022 2657 1062 se
2703 1003 3024 1061 habentibus
3070 1002 3333 1072 terminis,
3368 1012 3421 1058 et
3450 1005 3602 1060 omni

2007 1114 2287 1176 postremo
2317 1101 2544 1171 primum
2574 1112 2796 1154 necesse
2833 1095 3032 1162 inesse,
3058 1104 3108 1150 et
3138 1092 3267 1149 nulli
3293 1095 3604 1164 contingere

2010 1199 2210 1262 inesse,
2241 1207 2409 1265 quare
2440 1205 2547 1246 non
2579 1190 2685 1245 erit
2727 1189 2844 1259 ejus
2868 1187 3014 1259 ‘quod
3044 1199 3127 1243 est
3154 1188 3471 1255 contingere
3497 1189 3606 1257 syl-

2012 1289 2270 1360 logismus
2298 1327 2313 1351 ,
2361 1300 2483 1340 nam
2532 1282 2894 1338 necessarium
2948 1297 3051 1335 uno
3103 1292 3218 1336 erat
3263 1281 3601 1349 contingens.

2013 1371 2351 1438 Manifestum
2383 1387 2561 1434 autem
2593 1387 2648 1432 et
2677 1377 2929 1450 quoniam
2966 1391 3087 1429 cum
3114 1373 3448 1429 universales
3480 1382 3608 1434 sunt

2017 1472 2232 1530 termini
2277 1472 2328 1526 in
2374 1469 2806 1538 contingentibus
2856 1466 3342 1538 prepositionilius,
3391 1465 3610 1538 semper

2018 1563 2076 1620 ﬁt
2125 1557 2468 1634 syllogismus
2515 1561 2567 1613 in
2612 1559 2783 1628 prima
2833 1559 3021 1626 ﬁgura,
3054 1557 3167 1611 sive
3196 1565 3320 1610 sunt
3348 1558 3611 1626 prirdica-

2022 1659 2114 1712 tivi
2143 1699 2156 1720 ,
2207 1656 2318 1708 she
2363 1650 2632 1724 privativi.
2675 1649 2872 1704 Verum
2901 1665 2965 1702 ex
3002 1649 3366 1718 prmtlicativis
3395 1648 3613 1714 quidem

1946 1749 1996 1824 Β
2024 1747 2294 1818 perfectus
2321 1786 2335 1809 ,
2368 1759 2437 1798 ex
2471 1742 2749 1814 privativis
2775 1750 2951 1794 autem
2983 1738 3349 1810 imperfectus.
3392 1741 3617 1807 Uportet

2021 1852 2199 1893 autem
2249 1836 2560 1904 contingere
2602 1847 2817 1890 sumere
2867 1847 2971 1884 non
3024 1833 3074 1884 in
3124 1831 3468 1892 necessariis,
3519 1828 3616 1884 sed

2023 1933 2319 1988 secundum
2346 1932 2543 1984 dictam
2575 1928 2961 1994 definitionem,
3012 1926 3293 1995 aliquoties
3325 1933 3502 1978 autem
3534 1924 3617 1977 ls-

2026 2033 2102 2077 tet
2133 2021 2456 2091 Ilujttsmtidi.

2615 2153 2841 2209 CAPUT
2886 2153 3020 2208 XIV’.

2035 2250 2109 2305 De
2127 2249 2438 2320 syllogismis
2477 2262 2540 2300 ea
2566 2262 2668 2298 una
2704 2246 2936 2320 absoluta
2964 2255 3010 2297 et
3037 2246 3198 2302 altera
3225 2243 3543 2314 contingente
3567 2244 3623 2305 ias

2633 2318 2800 2384 prima
2825 2316 3012 2386 ﬁgura.

2105 2433 2161 2488 Si
2188 2440 2367 2486 autem
2399 2430 2515 2485 haec
2548 2429 2764 2498 quidem
2798 2429 2975 2485 inesse
2995 2471 3008 2492 ,
3041 2429 3132 2483 illa
3158 2441 3288 2488 vero
3315 2428 3626 2498 contingere

2035 2534 2284 2582 sumatur
2333 2525 2762 2595 prepositionum
2788 2563 2805 2588 ,
2854 2524 3069 2592 quando
3115 2538 3238 2592 qua:
3263 2522 3329 2578 ad
3364 2522 3629 2591 [IIIij

2035 2618 2254 2689 quidem
2305 2618 2698 2672 extremitatem
2741 2617 3053 2685 contingere
3089 2614 3470 2683 signiﬁcaverit
3505 2627 3632 2684 per,

2041 2710 2164 2766 lecti
2192 2720 2350 2764 erunt
2389 2724 2580 2764 omnes
2609 2707 2943 2778 syllogismi,
2975 2714 3030 2761 et
3057 2706 3420 2776 conti-gentis
3441 2720 3633 2762 secum

2039 2801 2170 2855 dum
2217 2801 2413 2855 dictam
2462 2799 2965 2859 deterinatiouem
2996 2838 3011 2863 ,
3049 2799 3266 2868 quando
3294 2809 3470 2854 antem
3513 2813 3632 2867 qua

2036 2894 2108 2946 ait
2137 2892 2398 2946 minorem
2423 2933 2436 2954 ,
2469 2901 2524 2946 et
2549 2889 2844 2959 imperfecti
2873 2903 3085 2955 omnes,
3117 2897 3172 2944 et
3199 2887 3444 2956 privstivi
3468 2888 3634 2959 syllo-

2041 2982 2222 3052 gismi,
2254 2998 2359 3036 non
2408 2981 2766 3050 cuutingentis
2813 2979 3111 3034 secundum
3155 2977 3350 3036 dictam
3380 2977 3634 3040 detentis-

2046 3080 2340 3140 nationem,
2371 3074 2466 3130 sed
2497 3073 2613 3142 ejus
2655 3072 2797 3142 quod
2827 3081 2911 3128 est
2939 3071 3106 3135 nulli,
3137 3080 3228 3126 aut
3255 3086 3360 3127 non
3389 3071 3536 3136 omni
3565 3086 3636 3134 ex

367 3161 526 3216 alicui
555 3175 583 3211 c
609 3158 900 3228 contingit,
946 3159 1046 3211 hoc
1087 3165 1262 3211 autem
1295 3156 1631 3209 mani-lestnm
1657 3169 1723 3209 ex
1753 3155 1941 3208 delini-

1992 3123 2013 3146 η
2046 3122 2340 3140 -----------ν
2372 3122 2466 3130 η-
2502 3122 2611 3142 ν..--
2658 3122 2797 3142 -.-ν-
2833 3122 2908 3128 --γ
3138 3122 3226 3126 η-
3255 3122 3359 3127 ν--η
3568 3122 3635 3134 ,ην

1992 3161 2015 3198 ¹⁴
2045 3165 2369 3221 necessitate
2414 3165 2613 3218 inesse.
2665 3164 2720 3219 Si
2750 3163 2894 3218 enim
2946 3162 3099 3225 nulli,
3143 3170 3234 3216 aut
3256 3178 3362 3216 non
3392 3161 3537 3222 omni
3561 3175 3635 3224 es

370 3253 518 3306 tione
541 3247 916 3317 contingentis.
960 3247 1188 3301 Rursum
1229 3247 1272 3300 si
1311 3262 1343 3297 a
1381 3231 1639 3313 contingit
1672 3244 1806 3298 nulli
1834 3243 1885 3310 b,
1913 3245 1942 3296 ὁ

370 3352 548 3396 autem
594 3340 853 3410 contingit
892 3338 1047 3393 alicui
1087 3353 1115 3391 c
1154 3337 1368 3399 inesse,
1401 3348 1622 3390 necesse
1649 3344 1731 3388 est
1756 3350 1788 3387 a
1813 3348 1944 3388 con-

373 3436 574 3505 tingere
619 3432 771 3488 alicui
820 3448 848 3484 c
897 3445 1000 3484 non
1063 3428 1259 3483 inesse.
1338 3427 1729 3481 Demonstratio
1763 3435 1942 3505 autem

370 3501 554 3580 eadem
583 3539 700 3594 qua:
729 3523 781 3577 in
813 3521 916 3577 his.
967 3520 1022 3576 Si
1055 3531 1231 3574 autem
1264 3518 1519 3588 privativa
1547 3501 1790 3572 sumatur
1820 3533 1942 3585 par-

375 3615 609 3671 ticularis
657 3613 970 3685 propositio,
1015 3609 1330 3667 universalis
1378 3617 1554 3664 autem
1601 3610 1943 3675 atﬂrmativa,

377 3709 636 3776 positione
680 3715 858 3762 autem
904 3697 1155 3759 similiter
1202 3717 1262 3757 se
1309 3701 1537 3756 habeant
1568 3700 1944 3771 (utaquidem

373 3798 518 3854 omni
565 3798 596 3852 ὁ
639 3799 936 3868 contingat,
981 3797 1011 3851 b
1050 3807 1225 3852 autem
1273 3796 1430 3850 alicui
1471 3811 1498 3849 ο
1545 3796 1818 3864 contingat
1841 3810 1946 3850 non

374 3889 600 3956 inesse),
625 3901 719 3956 per
757 3896 1000 3956 sumptas
1040 3885 1254 3956 quidem
1295 3885 1684 3956 prOpesitiones
1733 3899 1842 3940 non
1891 3886 1950 3940 iit

376 3979 693 4038 manifestus
735 3979 1095 4051 syllogismus,
1133 3993 1387 4034 conversa
1415 3989 1591 4034 autem
1625 3978 1948 4048 particularl,

377 4083 436 4129 et
486 4069 662 4143 posito
705 4070 736 4126 ι
777 4069 938 4126 alicui
985 4086 1014 4124 ο
1058 4069 1366 4140 contingere
1410 4071 1608 4136 inesse,
1637 4070 1820 4126 eadem
1852 4070 1955 4123 erit

376 4165 654 4222 conclusio
694 4177 814 4235 quas
854 4172 910 4219 et
951 4164 1146 4233 prius,
1174 4163 1616 4232 quemadmodum
1661 4164 1716 4218 in
1746 4164 1809 4217 iis
1836 4176 1955 4231 quas

381 4271 446 4313 es
477 4255 755 4326 principio.
798 4255 856 4311 Si
884 4267 1060 4310 autem
1097 4270 1216 4325 qua:
1246 4255 1310 4309 ad
1352 4255 1608 4325 majorem
1641 4256 1956 4310 extremita-

384 4360 490 4405 tem
519 4349 854 4419 particularis
891 4357 1152 4413 sumatur,
1200 4340 1320 4419 qua!
1353 4349 1418 4402 ad
1449 4350 1710 4402 minorem
1745 4351 1958 4400 univer-

382 4440 536 4505 salis,
563 4439 674 4494 sive
716 4449 954 4510 utraeque
993 4449 1273 4494 sumantur
1318 4439 1671 4508 aﬂlrmativar,
1707 4441 1822 4493 sive
1853 4441 1958 4507 pri-

382 4533 596 4599 sativa,
625 4532 738 4588 sive
764 4547 870 4588 non
895 4533 1088 4587 similis
1113 4533 1296 4602 ﬁgurae
1315 4575 1331 4600 ,
1361 4532 1472 4586 sive
1493 4540 1735 4600 utrmque
1765 4531 1956 4585 indcii-
1985 4531 2000 4568 4

385 4627 542 4687 n‘tte,
577 4622 658 4678 vel
689 4622 1066 4692 particulares,
1097 4623 1245 4677 nullo
1283 4622 1440 4676 modo
1465 4624 1566 4676 erit
1593 4622 1958 4693 syllogismus.

386 4715 526 4771 Nihil
551 4715 694 4770 enim
727 4715 972 4784 prohibet
1017 4715 1044 4768 ὸ
1089 4715 1471 4769 transcendere
1516 4731 1567 4777 α,
1615 4725 1800 4768 etnon
1829 4729 1965 4782 prte-

385 4806 551 4862 dicari
579 4807 647 4862 de
672 4808 867 4877 aequis,
900 4807 953 4860 in
996 4821 1101 4876 quo
1129 4806 1271 4860 enim
1303 4806 1332 4859 ὁ
1363 4805 1689 4861 transcendit
1728 4822 1760 4856 α
1791 4813 1966 4858 sumat

383 4917 436 4965 ο,
469 4899 589 4954 huic
613 4914 787 4969 neque
813 4899 981 4964 omni,
1017 4909 1186 4967 neque
1210 4898 1364 4963 nulli,
1390 4913 1562 4967 neque
1589 4897 1768 4962 alicui,
1795 4909 1966 4964 neque

385 5005 493 5046 non
521 4991 678 5048 alicui
707 4991 965 5060 contingit
990 5005 1022 5041 a
1055 4989 1262 5059 inesse,
1295 4989 1557 5060 siquidem
1585 4997 1970 5043 convertuntur

385 5086 680 5140 secundum
729 5085 1042 5154 contingere
1091 5084 1504 5152 pr0positiones,
1557 5091 1610 5136 et
1653 5082 1681 5134 b
1730 5081 1972 5149 pluribus

385 5177 652 5252 contingit
678 5191 834 5247 quam
866 5192 898 5230 α
928 5176 1127 5230 inesse.
1156 5175 1400 5242 Amplius
1429 5183 1606 5228 autem
1636 5190 1700 5229 ex
1731 5174 1973 5228 terminis

386 5259 731 5325 manilestum
779 5276 902 5331 est,
947 5281 1069 5320 nam
1115 5267 1194 5321 sie
1218 5280 1278 5320 se
1305 5265 1624 5320 habentibus
1657 5266 1973 5334 propositio-

386 5358 549 5414 nibus
591 5358 822 5427 primum
876 5368 1148 5424 postremo
1177 5366 1231 5409 et
1261 5355 1387 5408 nulli
1419 5354 1675 5423 contingit
1698 5395 1712 5420 ,
1745 5369 1797 5408 et
1827 5353 1972 5406 omni

379 5466 455 5505 ex
505 5447 824 5502 necessitate
877 5450 1074 5502 inesse.
1141 5447 1379 5500 Termini
1431 5455 1609 5498 autem
1665 5457 1973 5498 communes

377 5538 657 5602 omnium,
707 5537 884 5592 inesse
928 5537 1142 5606 quidem
1176 5552 1242 5590 ex
1272 5537 1608 5598 necessitate,
1652 5535 1869 5598 animal,
1900 5535 1976 5588 al-

377 5632 544 5695 bum,
591 5617 754 5680 homo
779 5667 792 5690 ,
843 5641 947 5680 nou
995 5631 1305 5695 contingere
1343 5641 1490 5691 vero,
1521 5627 1737 5688 animal,
1772 5626 1970 5694 album,

379 5722 582 5779 vestis.
627 5716 960 5774 Manifestum
996 5720 1156 5789 igitur
1183 5721 1434 5786 quoniam
1470 5721 1569 5774 hoc
1594 5719 1749 5774 modo
1778 5719 1973 5774 haben-

2048 3256 2371 3312 necessitate
2401 3256 2713 3324 contingere
2733 3254 2982 3319 dicimus,
3017 3262 3068 3308 et
3093 3252 3245 3316 nulli.
3274 3260 3330 3307 et
3356 3266 3460 3312 non
3486 3252 3635 3314 enini

2048 3351 2245 3406 inesse.
2307 3349 2594 3418 Contingat
2640 3349 2783 3402 enim
2831 3365 2863 3400 α
2906 3346 3051 3401 omni
3081 3346 3130 3409 ὁ,
3163 3345 3392 3400 bautem
3437 3344 3582 3398 omni
3609 3357 3639 3406 μ

2051 3452 2280 3509 ponatur
2312 3441 2520 3504 inesse,
2564 3438 2816 3508 quoniam
2848 3436 3006 3507 igitur
3032 3435 3132 3490 sub
3158 3433 3186 3487 ὁ
3216 3445 3300 3490 est
3329 3450 3376 3499 c,
3401 3451 3435 3487 α
3461 3443 3642 3490 autem

2048 3531 2310 3599 contingit
2359 3533 2504 3586 omni
2551 3530 2598 3593 b,
2642 3528 2987 3584 manifestum
3037 3527 3292 3597 quoniam
3339 3535 3460 3582 ets
3489 3525 3643 3582 oxuni

2049 3622 2314 3690 contingit
2341 3639 2392 3689 a,
2426 3622 2483 3675 ﬁt
2510 3635 2638 3691 ergo
2669 3620 2939 3690 perfectus
2963 3619 3330 3690 syllogismus.
3381 3618 3641 3675 Similiter

2050 3722 2228 3768 autem
2260 3721 2455 3767 etcum
2483 3712 2743 3781 privativa
2771 3721 2847 3765 est
2877 3726 2908 3762 a
2937 3710 2964 3765 ὁ
2994 3711 3321 3777 prepositio,
3354 3707 3382 3762 ὁ
3405 3724 3431 3762 ι
3458 3718 3642 3773 autem

2052 3802 2408 3868 nfﬁrmativa,
2460 3812 2514 3857 et
2558 3801 2674 3856 lure
2713 3800 2928 3869 quidem
2968 3801 3316 3870 contingere,
3366 3798 3453 3852 illa
3516 3812 3645 3854 vero

2056 3897 2237 3950 inesse
2264 3903 2524 3956 sumetur.
2560 3890 2828 3961 perfectus
2855 3890 2956 3945 erit
2976 3891 3350 3959 syllogismus,
3385 3894 3641 3960 quoniam

2055 4002 2086 4037 α
2115 3986 2375 4052 contingit
2398 3981 2529 4038 nulli
2555 3997 2583 4034 c
2612 3979 2811 4036 inesse.
2868 3978 3128 4044 Quoniam
3175 3992 3303 4047 ergo
3335 3978 3510 4034 inesse
3543 3994 3645 4048 po-

2059 4079 2166 4133 sito
2194 4077 2259 4130 ad
2293 4075 2553 4129 minorem
2606 4073 3008 4128 extremitatem
3032 4110 3048 4134 ,
3091 4069 3312 4140 perfecti
3347 4069 3645 4142 syllogismi
3717 4057 3724 4061 ’

2063 4171 2225 4232 ﬁunt,
2259 4165 2620 4221 manifestum.
2661 4163 2812 4229 Quod
2841 4167 3016 4218 autem
3047 4162 3332 4222 contraria:
3359 4175 3417 4218 se
3447 4159 3648 4216 haben-

2065 4275 2144 4316 tes
2185 4271 2340 4315 erunt
2387 4257 2707 4328 syllogismi,
2761 4272 2854 4325 per
2883 4251 3646 4325 impossibilemonstrandum

2064 4365 2161 4410 est.
2190 4351 2344 4405 simul
2371 4358 2546 4404 autem
2575 4350 2677 4402 erit
2713 4347 3054 4402 manifestum
3087 4357 3142 4401 et
3165 4347 3414 4418 quoniam
3448 4345 3646 4410 imper-

2067 4446 2187 4500 fecti
2208 4485 2220 4507 ,
2274 4458 2392 4496 nam
2420 4445 2657 4496 ostensio
2684 4456 2786 4494 non
2816 4456 2878 4494 ex
2908 4440 3137 4509 Sumptis
3169 4437 3644 4506 propositionibus.

2075 4535 2304 4590 Primum
2337 4543 2514 4586 autem
2546 4531 2827 4600 dicendum
2851 4531 3102 4598 quoniam
3133 4531 3176 4582 si
3207 4543 3328 4588 cum
3361 4538 3442 4582 est
3471 4547 3524 4593 α,
3557 4543 3654 4587 ne—

2067 4640 2218 4679 cesse
2245 4631 2327 4677 est
2353 4639 2469 4676 esse
2507 4622 2554 4686 ὁ,
2578 4631 2770 4674 etcum
2797 4619 3054 4688 possibile
3074 4628 3155 4674 est
3176 4634 3294 4673 esse
3319 4637 3373 4684 α,
3401 4619 3656 4690 possibile

2069 4720 2166 4774 erit
2200 4717 2226 4771 ὁ
2259 4733 2319 4769 ex
2367 4715 2704 4770 necessitate.
2741 4714 2823 4786 Sit
2847 4714 2990 4766 enim
3023 4711 3098 4768 sit:
3127 4726 3186 4766 se
3212 4711 3532 4770 habentibus
3562 4726 3650 4764 re-

2075 4813 2168 4867 liu~
2202 4820 2256 4864 ut
2306 4809 2356 4864 in
2404 4823 2507 4878 quo
2546 4807 2758 4876 quidem
2808 4823 2840 4858 a
2892 4805 3168 4874 pos:ibile,
3200 4803 3253 4860 in
3286 4820 3390 4872 quo
3419 4813 3593 4859 autem
3625 4801 3655 4856 ὁ

2077 4899 2441 4972 impossibile,
2475 4899 2517 4952 si
2548 4913 2673 4967 ergo
2699 4897 2841 4950 aliud
2872 4895 3126 4975 possibile
3155 4895 3366 4964 quidem
3397 4906 3502 4961 eet,
3533 4908 3654 4948 cum

2077 4991 2328 5062 possibile
2375 5005 2518 5056 esse,
2564 4989 2735 5058 ipsum
2788 4988 2919 5050 liet,
2972 4985 3078 5040 hoc
3125 5001 3255 5040 vero
3303 4984 3655 5054 impossibile,

2077 5082 2328 5154 quoniam
2373 5081 2730 5150 impossibile,
2777 5094 2881 5134 non
2934 5078 3118 5159 utique
3148 5078 3258 5143 fiet,
3292 5078 3447 5131 simul
3479 5084 3656 5130 autem

2080 5175 2126 5227 si
2159 5190 2188 5225 τι
2221 5172 2496 5241 po-sihile,
2532 5180 2588 5226 et
2612 5171 2638 5223 b
2665 5169 3018 5238 impossibile,
3050 5169 3323 5238 continget
3364 5165 3479 5223 ﬂeri
3526 5183 3660 5236 pra:-

2079 5277 2158 5322 ter
2188 5266 2237 5333 b,
2285 5265 2330 5318 si
2377 5273 2552 5320 autem
2588 5263 2701 5318 ﬁeri
2729 5272 2784 5318 et
2815 5277 2954 5318 esse.
3006 5261 3135 5316 Nam
3169 5259 3312 5330 quod
3343 5260 3417 5325 fit,
3445 5259 3664 5331 quando

2082 5359 2280 5412 factum
2311 5367 2391 5411 est
2416 5398 2429 5422 ,
2476 5365 2578 5412 est.
2623 5356 2843 5424 Oportet
2872 5360 3046 5407 autem
3079 5352 3324 5422 accipere
3355 5366 3461 5405 non
3491 5351 3664 5406 solum

2082 5453 2134 5505 in
2157 5449 2503 5519 generatione
2536 5447 2787 5517 possibile
2812 5455 2867 5500 et
2897 5443 3247 5514 impossibile,
3279 5443 3372 5498 sed
3403 5453 3456 5498 et
3483 5445 3536 5498 in
3569 5459 3666 5498 ve-

2082 5555 2198 5593 rum
2233 5553 2384 5603 esse,
2438 5549 2491 5592 et
2523 5539 2573 5592 in
2606 5520 2747 5606 quod
2777 5544 2898 5589 actu
2925 5543 3036 5599 est,
3080 5543 3132 5588 et
3162 5549 3482 5604 quocunque
3507 5534 3668 5589 modo

2082 5629 2399 5698 simpliciter
2425 5627 2581 5682 aliter
2611 5625 2806 5680 dicitur
2849 5625 3123 5692 possibile,
3151 5624 3204 5678 in
3237 5625 3487 5682 omnibus
3518 5627 3663 5682 enim

2053 5768 2058 5773 .
2084 5720 2335 5775 similiter
2365 5733 2423 5773 se
2455 5717 2689 5774 habebit.
2721 5717 2960 5785 Amplius
2987 5731 3108 5773 cum
3139 5725 3220 5772 est
3249 5733 3300 5781 τι,
3333 5715 3359 5770 b
3389 5731 3530 5782 esse.
3562 5727 3670 5774 nun
