4296 6266
322 349 423 403 ϋ57

1003 342 1305 399 PRIORUM
1346 339 1894 398 ANALYTICORUM
1932 340 2386 399 ARISTOTELIS
2422 340 2997 401 iNTEBPRETATIO.

3490 348 3598 403 658

323 466 431 518 tiva
456 501 470 529 ,
518 462 742 515 omnino
785 458 888 516 erit
935 459 1274 531 syllogismus
1300 456 1665 528 imperfectus.
1710 456 1907 511 Verum
1936 457 1989 516 A
2016 472 2134 525 nes,
2166 458 2475 527 sitprimum
2501 461 2760 528 privativa
2784 465 3107 533 necessaria,
3123 465 3450 537 etaquidem
3464 465 3598 524 nuli!

323 556 375 611 hi
406 555 622 625 quidem
655 570 747 623 per
777 553 1103 623 impossibile
1130 550 1502 615 Ostenduntur,
1545 547 1623 602 illi
1652 562 1782 603 vero
1811 562 1904 617 per

280 646 283 647 ⁷
326 649 737 705 conversionem
765 646 1150 715 contingentis,
1199 641 1646 712 quemadmodum
1674 642 1726 694 in
1758 638 1904 709 prio-

326 743 501 799 ribus.
544 741 660 795 Erit
687 749 864 794 autem
900 737 1240 808 syllogismus
1264 751 1357 805 per
1385 734 1819 800 conversionem,
1854 741 1909 789 et

326 834 541 904 quando
580 831 900 886 universalis
949 829 1161 899 quidem
1210 828 1275 883 ad
1307 826 1565 898 majorem
1592 827 1906 882 extremita-

330 936 437 983 tem
467 927 636 997 posita
659 923 1041 993 signiﬁcaverit
1069 923 1266 989 inesse,
1299 922 1381 976 vel
1406 936 1510 976 non
1542 922 1740 985 inesse,
1786 933 1909 989 par-

328 1018 561 1076 ticularis
589 1031 717 1072 vero
742 1029 863 1070 cum
890 1014 963 1068 sit
994 1013 1275 1083 privativa,
1301 1021 1542 1067 sumatur
1569 1010 1904 1080 contingens,

328 1121 385 1167 ut
406 1113 445 1166 si
477 1128 510 1163 α
533 1108 747 1176 quidem
776 1092 919 1163 omni
951 1105 978 1158 b
1007 1105 1169 1173 inest,
1198 1104 1283 1160 vel
1315 1118 1422 1159 non
1460 1104 1622 1170 inest,
1655 1103 1682 1155 b
1730 1109 1907 1156 autem

327 1202 481 1257 alicui
512 1199 775 1269 contingit
820 1211 926 1252 non
979 1197 1188 1263 inesse,
1239 1208 1499 1250 conversa
1522 1193 1663 1247 enim
1695 1192 1722 1245 b
1745 1208 1794 1256 c,
1823 1204 1910 1247 se-

327 1298 555 1354 cundum
606 1293 918 1362 contingere
965 1291 1025 1346 fit
1074 1286 1436 1360 syllogismus.
1476 1282 1701 1352 Quando
1730 1290 1908 1338 autem

330 1408 433 1448 non
467 1393 645 1446 inesse
693 1400 934 1445 sumetur
964 1386 1362 1459 particulariter
1394 1382 1565 1453 posita
1595 1380 1908 1451 propositio,

328 1500 436 1539 non
471 1485 573 1540 erit
618 1483 983 1554 syllogismus.
1053 1478 1291 1535 Termini
1324 1479 1518 1542 inesse,
1562 1474 1765 1538 album,
1798 1475 1911 1527 ani-

328 1579 489 1643 mal,
518 1578 637 1642 nix;
670 1592 777 1631 non
822 1576 1000 1631 inesse
1044 1585 1245 1640 autem,
1293 1572 1497 1638 album,
1544 1569 1762 1634 animal,
1795 1570 1903 1638 pix,

327 1687 425 1741 per
453 1670 787 1726 indefinitum
833 1669 976 1724 enim
1008 1676 1091 1722 est
1115 1666 1371 1721 sumenda
1410 1661 1817 1717 demonstratio.
1850 1659 1911 1716 Si

327 1770 506 1815 autem
558 1758 862 1814 universale
899 1757 1117 1828 quidem
1164 1764 1390 1827 ponatur
1428 1754 1499 1809 ad
1526 1754 1787 1808 minorem
1813 1766 1907 1807 ex-

328 1852 657 1907 tremitatem
685 1892 699 1917 ,
730 1850 1049 1920 particulare
1073 1858 1251 1903 autem
1284 1846 1349 1900 ad
1372 1844 1625 1915 majorem
1658 1846 1769 1898 sive
1799 1841 1907 1913 pri-
1936 1842 1985 1902 B

329 1941 560 1996 vativutn
590 1984 604 2008 ,
651 1940 769 1996 sive
822 1938 1195 1995 affirmativum
1224 1983 1237 2005 ,
1271 1939 1386 1992 sive
1410 1936 1745 2006 contingens,
1793 1935 1906 1988 sive

329 2033 509 2088 inesse
557 2031 821 2085 utrumvis
845 2070 861 2096 ,
912 2029 1057 2084 nullo
1084 2027 1243 2083 modo
1269 2028 1370 2082 erit
1396 2025 1757 2097 syllogismus.
1800 2024 1906 2080 Nec

330 2136 450 2176 cum
483 2120 830 2192 particulares
855 2163 870 2186 ,
922 2120 1007 2176 vel
1050 2119 1343 2175 indefinitae
1372 2127 1635 2188 ponentur
1665 2118 1909 2189 proposi-

330 2213 524 2280 tiones,
571 2214 686 2268 sive
731 2213 1043 2282 contingere
1093 2221 1321 2282 sumpta:
1345 2253 1360 2279 ,
1396 2212 1508 2268 sive
1546 2213 1722 2268 inesse
1747 2255 1761 2280 ,
1813 2227 1909 2269 seu

331 2304 675 2374 permutatim
694 2344 708 2367 ,
754 2319 852 2359 nec
880 2304 959 2358 sic
988 2305 1093 2359 erit
1122 2304 1493 2375 syllogismus,
1523 2306 1909 2361 demonstratio

332 2403 505 2450 autem
535 2393 723 2450 eadem
750 2409 871 2464 quin
899 2395 950 2448 in
982 2393 1268 2464 prioribus.
1292 2395 1529 2450 Termini
1556 2404 1733 2450 autem
1760 2410 1907 2450 com—

331 2498 521 2539 munes
538 2485 713 2540 inesse
736 2484 972 2555 quidem,
996 2500 1063 2540 ex
1091 2487 1429 2554 necessitate,
1452 2486 1669 2550 animal,
1700 2486 1905 2555 album,

333 2575 525 2641 homo;
576 2592 683 2631 non
717 2576 1025 2645 contingere
1054 2591 1203 2643 vero,
1228 2577 1448 2644 animal,
1479 2578 1681 2645 album,
1708 2578 1906 2632 tunica.

333 2666 669 2723 Manifestum
720 2679 803 2724 est
849 2668 1010 2738 igitur
1043 2668 1296 2737 quoniam
1327 2668 1613 2723 universali
1640 2660 1813 2737 posito
1840 2666 1909 2722 ad

333 2761 588 2830 majorem
614 2762 1008 2817 extremitatem
1039 2744 1251 2833 semper
1292 2762 1394 2819 erit
1433 2762 1794 2833 syllogismus,
1841 2761 1910 2817 ad

332 2852 593 2909 minorem
625 2860 800 2909 autem
831 2870 1124 2924 nunquam.
1827 2840 1831 2844 ”

933 2966 1163 3023 CAPUT
1200 2966 1314 3021 XV.

415 3055 600 3111 Mixtio
628 3058 894 3112 necessarii
924 3066 969 3111 et
1001 3057 1334 3127 contingenti:
1363 3072 1418 3110 ιη
1447 3057 1611 3126 prima
1639 3057 1823 3126 ﬁgura.

404 3167 628 3234 Quando
655 3177 827 3223 autem
854 3168 968 3223 inec
978 3168 1190 3238 quidem
1207 3167 1626 3239 propositionum
1640 3180 1703 3221 ex
1718 3159 1909 3220 neces;

334 3260 493 3314 sitate
522 3261 725 3326 inesse,
767 3262 849 3316 vel
898 3277 1003 3314 non
1051 3261 1260 3328 inesse,
1310 3260 1402 3314 illa
1433 3274 1561 3315 vero
1600 3259 1910 3328 contingere

302 3352 305 3355 ⁴
335 3350 615 3420 significat,
635 3352 995 3423 syllogismus
1025 3354 1239 3419 quidem
1268 3351 1370 3406 erit
1398 3352 1501 3404 hoc
1527 3349 1685 3406 modo
1708 3348 1911 3405 haben-

336 3442 475 3496 tibus
505 3458 563 3499 se
587 3444 850 3499 terminis.
882 3444 948 3498 Et
975 3444 1263 3513 perfectus,
1304 3441 1520 3513 quando
1548 3441 1614 3495 ad
1648 3443 1908 3497 minorem

336 3536 727 3591 extremitatem
769 3545 999 3605 ponetur
1038 3535 1361 3591 necessnria.
1387 3534 1676 3589 Conclusio
1704 3542 1907 3601 autem,

336 3627 377 3680 si
406 3626 726 3697 prmdicativi
757 3637 882 3682 sunt
910 3628 1122 3698 quidem
1154 3627 1395 3692 termini,
1440 3626 1826 3695 contingentis,
1856 3634 1913 3682 et

336 3730 440 3768 non
479 3716 655 3771 inesse
681 3716 805 3781 erit,
832 3716 943 3771 sive
964 3716 1340 3771 universaliter
1359 3757 1374 3781 ,
1406 3715 1518 3769 sive
1544 3729 1651 3768 non
1680 3714 1908 3769 univer-

337 3806 517 3860 saliter
548 3815 844 3875 ponantur,
877 3806 921 3860 si
951 3815 1126 3860 autem
1157 3806 1263 3860 sint
1295 3806 1395 3860 hoc
1423 3806 1638 3874 quidem
1679 3804 1911 3858 afﬁrma-

338 3897 525 3960 tivum,
544 3896 672 3949 illud
690 3911 818 3950 vero
832 3896 1170 3965 privativum,
1184 3897 1393 3965 quando
1405 3895 1778 3951 affirmativum
1797 3894 1912 3964 qui-

337 3986 460 4041 dem
477 3985 1031 4052 fueritnecessarium,
1046 3996 1100 4041 et
1119 3987 1472 4055 contingentis
1495 3988 1595 4041 erit
1610 3984 1910 4051 conclusio,

336 4086 392 4132 ct
422 4092 527 4129 non
555 4077 671 4145 ejus
710 4076 847 4145 quod
876 4086 957 4131 est
986 4092 1093 4131 non
1125 4078 1318 4131 inesse.
1348 4076 1567 4144 Quando
1596 4085 1775 4130 autem
1803 4074 1913 4143 pri-

338 4170 568 4221 vativum
598 4168 978 4233 necessarium,
995 4176 1047 4222 et
1069 4166 1421 4237 ronlingentis
1442 4183 1545 4221 non
1571 4173 1781 4227 esse,et
1807 4178 1912 4218 non

338 4262 549 4326 inesse,
601 4261 713 4314 sive
756 4260 1119 4327 universales,
1170 4263 1282 4314 sive
1310 4274 1415 4313 non
1450 4258 1777 4312 universales
1807 4255 1916 4310 sint

340 4353 574 4408 termini.
623 4350 940 4421 Contingere
992 4360 1169 4405 autem
1220 4352 1272 4405 in
1320 4350 1666 4404 conclusione
1722 4346 1914 4402 eodem

338 4443 504 4497 modo
533 4441 893 4511 accipiendum
925 4451 1007 4496 est
1026 4457 1132 4512 quo
1174 4442 1225 4495 in
1269 4441 1553 4510 prioribus.
1585 4440 1712 4508 Ejus
1735 4448 1913 4493 autem

338 4531 480 4601 quod
514 4541 595 4585 est
620 4546 687 4585 ex
722 4534 1045 4586 necessitate
1093 4546 1198 4585 non
1231 4532 1429 4596 inesse,
1482 4545 1585 4583 non
1615 4530 1717 4584 erit
1748 4528 1915 4599 syllo-

1926 3210 1983 3278 ’C

2010 551 2285 621 contingat
2312 551 2339 605 ὁ
2369 566 2432 605 ex
2456 553 2799 622 necessitate,
2833 556 2860 607 b
2890 565 3068 613 autem
3093 560 3363 630 contingat
3387 558 3595 629 omnic,

2012 660 2234 701 necesse
2271 657 2353 702 cst
2396 648 2557 716 igitur
2586 666 2616 702 a
2654 650 2781 703 nulli
2812 666 2839 703 c
2878 649 3077 709 inesse.
3124 652 3359 710 Ponatur
3391 657 3534 712 enim
3564 672 3598 711 ο

2013 739 2190 794 inesse
2213 748 2306 794 aut
2330 741 2500 809 omni,
2519 749 2612 795 aut
2632 740 3060 812 alicui,positum
3090 754 3267 801 autem
3293 758 3374 803 est
3403 767 3434 803 a
3464 750 3597 807 nulli

2012 838 2327 907 contingere
2358 841 2407 901 b,
2437 840 2689 909 quoniam
2718 856 2848 911 ergo
2877 844 3207 899 convertitur
3233 847 3517 916 privativa,
3542 856 3598 904 et

2013 931 2041 982 b
2066 931 2194 985 nulli
2222 950 2252 985 a
2289 934 2571 1002 contingit,
2613 950 2644 986 a
2669 944 2846 989 autem
2880 937 3112 1005 positum
3134 946 3220 992 est
3245 938 3421 995 inesse
3449 957 3476 995 ε
3504 948 3595 996 aut.

2011 1023 2156 1107 omni
2176 1064 2191 1089 ,
2214 1033 2307 1077 aut
2327 1024 2508 1091 alicui,
2536 1039 2698 1093 quare
2723 1026 2880 1091 nulli,
2908 1036 3001 1081 aut
3025 1042 3130 1083 non
3160 1029 3306 1084 omni
3328 1046 3355 1082 c
3382 1033 3597 1088 continc-

2013 1122 2102 1182 get
2140 1113 2168 1167 ὁ
2211 1114 2389 1169 inesse
2414 1156 2429 1179 ,
2474 1117 2567 1170 sed
2601 1118 3007 1186 supponebatur
3042 1120 3189 1175 omni
3220 1135 3283 1175 cx
3314 1119 3596 1191 principio.

2014 1204 2352 1260 Manifestum
2386 1216 2562 1262 autem
2590 1211 2840 1278 quoniam
2886 1220 2941 1266 ct
2970 1212 3085 1282 ejus
3115 1214 3255 1284 quod
3281 1221 3363 1269 cst
3388 1213 3599 1268 contin-

2012 1308 2141 1363 gere
2170 1312 2273 1350 non
2298 1296 2478 1352 inesse
2504 1298 2563 1353 lit
2587 1299 2951 1371 syllogismus,
2981 1302 3244 1373 siquidem
3266 1319 3370 1359 non
3394 1303 3595 1361 inesse.

2012 1394 2243 1451 Rursum
2266 1398 2336 1452 sit
2360 1399 2675 1455 affirmativa
2692 1402 2909 1471 quidem
2938 1406 3232 1473 propositio
3263 1406 3593 1473 necessaria,

2013 1496 2067 1542 et
2088 1505 2120 1541 a
2141 1488 2357 1559 quidem
2388 1492 2664 1562 contingat
2693 1493 2823 1548 nulli
2853 1495 2881 1547 b
2915 1495 3125 1563 inesse,
3179 1498 3206 1549 b
3246 1507 3422 1554 autem
3469 1498 3597 1554 insit

2012 1591 2157 1644 omni
2203 1608 2230 1644 c
2256 1606 2323 1646 ex
2358 1593 2698 1648 necessitate.
2741 1594 2881 1664 Ergo
2922 1596 2980 1649 fit
3003 1596 3347 1668 syllogismus
3374 1600 3594 1668 quidem

2013 1681 2303 1750 perfectus,
2328 1684 2420 1739 sed
2452 1700 2556 1738 non
2584 1678 2703 1754 ejus
2723 1688 2864 1756 quod
2886 1697 2971 1742 est
2996 1704 3103 1743 non
3134 1690 3331 1757 inesse,
3356 1692 3448 1746 sed
3481 1690 3601 1760 eius

2013 1773 2155 1843 quod
2198 1783 2282 1829 est
2318 1777 2631 1847 contingere
2661 1793 2767 1832 non
2809 1779 3007 1835 inesse.
3057 1778 3185 1835 Nam
3218 1790 3273 1836 et
3301 1782 3599 1850 propositio

2012 1868 2090 1921 sic
2120 1878 2333 1937 sumpta
2366 1878 2606 1940 est,qua:
2634 1871 2701 1926 ad
2730 1873 2987 1942 majorem
3010 1883 3092 1929 cst
3112 1878 3599 1943 extremitatem,et
3624 1931 3632 1934 Α

2010 1958 2077 2012 ad
2110 1960 2445 2029 impossibile
2486 1976 2591 2017 non
2621 1972 2703 2018 est
2732 1964 2930 2021 ducere
2974 1986 2985 2019 :
3037 1982 3158 2021 nam
3210 1968 3254 2023 si
3304 1978 3533 2037 ponatur
3562 1984 3597 2020 α

2010 2050 2191 2107 inesse
2221 2053 2313 2107 ulli
2341 2070 2403 2119 ς,
2456 2055 2691 2123 positum
2736 2066 2820 2111 est
2865 2066 3042 2113 autem
3091 2066 3146 2115 et
3174 2076 3205 2111 a
3237 2059 3597 2129 bcontingere

2011 2144 2141 2199 nulli
2174 2144 2352 2200 inesse
2376 2186 2390 2209 ,
2446 2145 2577 2201 nihil
2608 2147 2804 2202 accidit
2849 2163 2945 2218 per
2974 2150 3088 2205 haec
3132 2149 3485 2221 impossibile.
3538 2152 3621 2207 Si.

2012 2243 2189 2289 autem
2212 2234 2280 2289 ad
2310 2236 2573 2317 minorem
2597 2240 2994 2295 extremitatem
3018 2249 3249 2311 ponatur
3274 2242 3595 2311 privativum

2012 2326 2225 2395 quando
2249 2329 2560 2398 contingere
2577 2330 2793 2399 quidem
2820 2331 3223 2399 significaverit,
3251 2332 3595 2403 syilogismus

2013 2419 2232 2487 eritper
2275 2420 2705 2487 conversionem,
2736 2422 3189 2491 quemadmodum
3221 2425 3273 2478 in
3304 2424 3595 2494 prioribus.

2013 2510 2237 2576 Quando
2253 2520 2430 2566 autem
2455 2526 2560 2566 non
2577 2512 2909 2583 contingere,
2939 2529 3047 2570 non
3059 2516 3237 2571 eritex
3249 2517 3596 2584 necessitate,
3626 2564 3627 2567 η

2014 2614 2115 2655 nec
2134 2601 2347 2670 quando
2367 2611 2590 2672 utraque
2615 2604 2829 2673 quidem
2865 2608 3161 2676 pr0positio
3182 2608 3462 2678 privativa,
3486 2623 3598 2664 non
3630 2642 3633 2647 ν

2016 2704 2100 2749 est
2128 2704 2306 2749 autem
2332 2690 2650 2766 contingens
2677 2699 2821 2767 quod
2848 2699 2912 2751 ad
2946 2700 3211 2756 minorem
3232 2709 3333 2756 est.
3360 2700 3600 2759 Termini

2014 2794 2192 2842 autem
2214 2785 2392 2842 inesse
2413 2788 3247 2858 quidem,album,animal,nix;
3280 2807 3389 2846 non
3418 2792 3599 2849 inesse
3634 2840 3635 2843 η

2014 2879 2254 2949 quidem,
2280 2880 2482 2948 album,
2511 2882 2729 2949 animal,
2757 2884 2867 2952 pix.
2903 2882 3106 2939 Eodem
3138 2893 3317 2939 autem
3345 2885 3506 2940 modo
3532 2899 3598 2940 se
3628 2932 3633 2937 .

2015 2973 2251 3038 habebit,
2268 2981 2322 3027 et
2343 2974 2393 3027 in
2414 2975 2819 3041 particularibus
2835 2977 3182 3047 syllogismis.
3199 2978 3424 3045 Quando
3445 2978 3593 3033 enim

2016 3068 2456 3139 fueritprivativa
2483 3070 2880 3136 necessaria,et
2895 3071 3171 3126 conclusio
3199 3070 3430 3141 eritejus
3451 3070 3597 3141 quod

2013 3168 2096 3216 est
2114 3175 2218 3216 non
2243 3162 2448 3229 inesse,
2467 3171 2524 3216 ut
2545 3163 2592 3216 si
2614 3179 2645 3215 a
2666 3165 2883 3232 quidem
2915 3164 3045 3218 nulli
3078 3164 3106 3217 ὸ
3136 3165 3398 3234 contingit
3418 3165 3598 3220 inesse

2013 3266 2081 3307 ex
2105 3252 2443 3318 necessitate,
2466 3254 2496 3307 ὁ
2524 3264 2702 3308 autem
2731 3253 2886 3309 alicui
2907 3272 2934 3308 c
2953 3256 3225 3326 contingat
3254 3256 3429 3311 inesse
3449 3297 3464 3321 ,
3495 3270 3596 3312 ne-
3630 3288 3635 3295 ~

2016 3358 2169 3416 cesse
2196 3352 2279 3400 est
2307 3361 2340 3397 a
2364 3346 2525 3400 alicui
2554 3361 2740 3401 eorum
2781 3362 2901 3416 qua:
2928 3356 3053 3402 sunt
3093 3366 3119 3401 c
3159 3365 3264 3403 non
3296 3349 3496 3404 inesse.
3539 3349 3600 3406 Si

2016 3436 2156 3491 enim
2175 3453 2208 3489 a
2224 3437 2366 3491 omni
2384 3453 2411 3490 c
2433 3434 2594 3504 inest,
2614 3438 2744 3492 nulli
2783 3447 2959 3493 autem
2979 3440 3240 3510 contingit
3258 3439 3311 3507 b,
3333 3449 3388 3496 et
3410 3442 3438 3493 b
3459 3441 3597 3496 nulli
3630 3468 3637 3487 ι

2016 3544 2049 3581 a
2087 3528 2349 3597 contingit
2376 3528 2552 3584 inesse
2585 3547 2596 3581 :
2631 3540 2797 3597 quare
2824 3530 2869 3585 si
2910 3530 3057 3585 omni
3086 3546 3113 3583 c
3139 3531 3280 3586 inest
3318 3548 3381 3596 a,
3409 3531 3538 3585 nulli
3571 3545 3601 3583 ο

2017 3621 2277 3690 contingit
2292 3623 2343 3688 b,
2360 3622 2452 3676 sed
2476 3623 2704 3692 positum
2726 3623 3015 3677 eratalicui
3030 3624 3358 3694 contingere.
3373 3623 3599 3690 Quando

2017 3722 2193 3769 autem
2222 3715 2556 3783 particularis
2581 3715 2906 3770 aifirmativa
2937 3717 3239 3771 necessaria
3268 3716 3444 3779 fuerit,
3479 3730 3601 3785 quae
3628 3762 3631 3765 γ

2018 3805 2072 3859 in
2103 3807 2364 3874 privativo
2392 3815 2473 3861 est
2500 3807 2843 3878 syllogismo,
2873 3816 2928 3860 ut
2948 3809 2976 3859 b
3008 3824 3054 3871 c,
3078 3817 3169 3860 aut
3199 3807 3518 3861 universalis
3544 3808 3600 3862 in
3630 3850 3633 3855 λ

2017 3895 2360 3961 affirmativo,
2394 3905 2502 3950 uta
2530 3897 2592 3963 ὁ,
2629 3911 2736 3949 non
2767 3894 2871 3948 erit
2900 3896 3078 3950 inesse
3108 3896 3467 3965 syllogismus.
3494 3898 3600 3951 Deo
3630 3924 3633 3927 ι

2018 3987 2335 4040 monstratio
2361 3996 2540 4039 autem
2571 3984 2759 4039 eadem
2792 3999 2911 4053 quae
2938 3984 2991 4037 in
3020 3984 3304 4053 prioribus.
3333 3986 3387 4039 Si
3417 3996 3598 4041 autem

2020 4078 2319 4133 universale
2346 4076 2561 4145 quidem
2581 4084 2811 4145 ponatur
2832 4075 2897 4128 ad
2921 4074 3185 4129 minorem
3204 4076 3598 4132 extremitatem

2020 4169 2102 4224 vel
2132 4166 2508 4222 affirmativum
2541 4166 2623 4221 vel
2652 4165 2970 4239 privativum
3002 4167 3338 4237 contingens,
3362 4167 3597 4237 particu-

2020 4263 2319 4317 lareautem
2338 4259 2718 4327 necessarium,
2741 4275 2846 4315 non
2868 4259 2969 4315 erit
2984 4260 3345 4331 syllogismus.
3362 4257 3601 4315 Termint

2021 4362 2198 4408 autem
2224 4355 2401 4409 inesse
2430 4354 2647 4422 quidem
2670 4368 2737 4408 ex
2760 4351 3102 4411 necessitate,
3145 4351 3371 4417 animal,
3398 4351 3599 4415 album,

2021 4447 2222 4511 homo;
2268 4461 2373 4499 non
2404 4447 2715 4514 contingere
2743 4454 2946 4510 autem,
2979 4442 3209 4507 animal,
3257 4442 3435 4497 album
3456 4485 3470 4509 ,
3517 4453 3600 4496 tu-

2024 4537 2159 4590 nica.
2209 4535 2433 4602 Quando
2482 4536 2723 4589 similiter
2766 4532 3067 4588 universale
3107 4530 3322 4600 quidem
3375 4541 3457 4587 est
3502 4547 3599 4588 ne-

339 4622 564 4691 gismus,
596 4623 738 4676 aliud
767 4624 909 4678 enim
934 4632 1016 4677 est
1045 4638 1151 4677 non
1190 4636 1257 4677 ex
1289 4622 1609 4676 necessitate
1637 4620 1833 4684 inesse,
1865 4626 1920 4673 ct

2024 4628 2336 4691 cessarium,
2373 4626 2689 4696 particulare
2707 4633 2882 4679 autem
2915 4624 3393 4692 contingens,cum
3426 4623 3602 4692 priva-

338 4729 403 4766 ex
428 4713 748 4767 necessitate
785 4728 890 4767 non
924 4713 1122 4771 inesse.
1152 4712 1413 4779 Quoniam
1444 4712 1605 4782 igitur
1634 4712 1919 4765 universa-

339 4804 479 4858 libus
508 4804 845 4859 affirmativis
880 4804 1231 4860 existentibus
1276 4804 1518 4859 terminis
1555 4818 1662 4858 non
1697 4802 1755 4856 fit
1792 4816 1921 4856 con-

338 4897 507 4951 clusio
548 4898 843 4952 necessaria
864 4940 877 4965 ,
911 4898 1250 4952 manifestum
1281 4913 1295 4953 :
1336 4898 1462 4951 insit
1491 4897 1635 4951 enim
1666 4912 1696 4949 a
1721 4888 1866 4949 omni
1892 4892 1921 4945 b

337 5003 408 5043 ex
444 4989 779 5053 necessitate,
813 4988 841 5041 b
864 4998 1038 5043 autem
1070 4990 1343 5059 contingat
1369 4989 1510 5043 omni
1544 5004 1591 5054 c,
1619 4988 1723 5041 erit
1760 4984 1922 5055 igitur

336 5077 677 5147 syllogismus
715 5079 1091 5148 imperfectus,
1132 5082 1385 5149 quoniam
1412 5098 1443 5133 a
1473 5078 1732 5148 contingit
1769 5076 1917 5132 omni

337 5187 365 5223 c
391 5170 587 5226 inesse.
612 5172 873 5236 Quoniam
893 5181 1067 5239 autem
1097 5173 1463 5239 imperfectus,
1490 5189 1554 5227 ex
1581 5172 1919 5227 demonstra-

337 5261 486 5317 tione
511 5264 708 5331 palam,
740 5265 927 5320 eodem
966 5268 1106 5321 enim
1132 5266 1291 5321 modo
1317 5265 1627 5319 ostendetur
1653 5278 1757 5332 quo
1782 5271 1839 5317 et
1867 5262 1920 5315 in

336 5354 627 5422 prioribus.
652 5356 880 5409 Rursum
902 5375 932 5408 a
962 5358 1179 5426 quidem
1207 5355 1635 5425 contingatomni
1669 5355 1696 5405 b
1722 5356 1920 5427 inesse,

333 5448 365 5500 ὁ
398 5458 579 5499 autem
602 5448 746 5499 omni
765 5465 789 5499 c
818 5447 945 5501 insit
969 5464 1034 5502 ex
1063 5447 1516 5513 necessitate,erit
1547 5447 1724 5515 itaque
1746 5444 1923 5516 syllo—

330 5542 565 5611 gismus,
592 5541 841 5607 quoniam
875 5558 905 5593 a
934 5543 1206 5611 contingat
1234 5545 1378 5597 omni
1410 5563 1433 5596 ε
1461 5545 1658 5609 inesse,
1692 5541 1785 5595 sed
1817 5555 1923 5594 non

330 5634 597 5701 quoniam
632 5631 790 5695 inest,
824 5640 878 5685 et
903 5636 1170 5699 perfectus
1194 5636 1406 5702 quidem
1428 5678 1442 5701 ,
1473 5635 1565 5689 sed
1597 5650 1701 5687 non
1734 5635 1927 5702 imper-

332 5725 553 5787 fectus,
606 5723 784 5776 statim
819 5726 958 5777 enim
1008 5726 1278 5794 perficitur
1328 5745 1391 5785 ex
1448 5729 1707 5798 princpio
1736 5741 1929 5796 propo-

331 5814 575 5878 sitionis.
605 5813 663 5872 Si
687 5824 863 5873 autem
891 5832 995 5873 non
1032 5819 1221 5875 similis
1257 5821 1436 5893 ﬁgura:
1469 5818 1577 5877 sint
1614 5818 1933 5893 propositio-

2025 4720 2190 4774 tivum
2217 4717 2433 4787 quidem
2460 4726 2541 4771 est
2562 4715 2883 4780 universale,
2909 4716 3086 4769 inesse
3115 4714 3330 4783 quidem
3362 4716 3598 4785 termini,

2028 4808 2245 4873 animal,
2288 4807 2493 4874 album,
2526 4822 2756 4879 corvusi;
2787 4821 2891 4861 non
2921 4806 3119 4871 inesse,
3153 4807 3373 4872 animal,
3395 4807 3598 4874 album,

2029 4899 2289 4970 pix.Cum
2310 4908 2487 4953 autem
2513 4896 2909 4963 affirmativum,
2927 4896 3103 4951 inesse
3122 4896 3357 4965 quidem,
3375 4897 3600 4963 animal,

2029 4992 2232 5056 album,
2248 5007 2472 5062 cygnus;
2487 5006 2592 5046 non
2611 4993 2922 5061 contingere
2942 4999 3143 5058 autem,
3159 4990 3375 5056 animal,
3400 4990 3603 5057 album;

2029 5087 2141 5139 nix.
2188 5084 2297 5138 Nec
2324 5083 2539 5152 quando
2565 5082 2857 5137 indefinitrc
2883 5088 3165 5136 sumuntur
3188 5082 3601 5159 prapositiones,

2029 5185 2122 5230 aut
2162 5184 2402 5243 utraeque
2437 5174 2788 5242 particulares
2810 5213 2825 5237 ,
2873 5186 2977 5225 non
3004 5171 3081 5224 sic
3112 5171 3214 5224 erit
3240 5170 3600 5239 syllogismus.

2030 5265 2266 5321 Termini
2292 5274 2467 5318 autem
2480 5277 2808 5326 communes,
2834 5261 3008 5316 inesse
3032 5260 3495 5330 quidem,anirnal,
3529 5261 3603 5314 οι.

2031 5361 2180 5426 bum,
2199 5358 2361 5412 homo
2379 5374 2393 5423 ;
2413 5374 2516 5413 non
2538 5358 2713 5413 inesse
2733 5366 2936 5421 autem,
2959 5356 3175 5419 animal,
3199 5355 3400 5421 album,
3432 5357 3604 5410 inani-

2033 5458 2255 5504 malum.
2275 5449 2404 5504 Nam
2426 5458 2479 5504 et
2508 5446 2705 5502 animal
2724 5446 2877 5501 alicui
2891 5445 3030 5513 albo,
3048 5454 3101 5498 et
3120 5444 3295 5499 album
3312 5445 3605 5499 inanimato

2030 5542 2184 5597 alicui
2214 5552 2297 5597 est
2325 5540 2895 5607 necessariuminesse,
2914 5547 2968 5593 et
2992 5552 3099 5593 non
3119 5538 3379 5607 contingit
3403 5521 3606 5605 inesse,‘
3636 5570 3641 5579 ν

2024 5626 2087 5688 et
2111 5635 2162 5687 in
2183 5632 2511 5700 contingenti
2533 5630 2799 5693 similiter,
2818 5645 2982 5698 quare
3010 5629 3076 5683 ad
3098 5628 3273 5683 omnia
3300 5629 3458 5683 utiles
3476 5638 3601 5683 sunt

2036 5725 2265 5781 termini.
2280 5722 2610 5777 Manifestum
2625 5736 2751 5791 ergo
2765 5737 2830 5777 ex
2846 5722 2909 5777 iis
2921 5737 3039 5793 quae
3051 5721 3188 5776 dicta
3204 5720 3609 5790 sunt,quoniam
3634 5762 3635 5765 η

2037 5816 2279 5877 similiter
2322 5814 2639 5882 habentibus
2666 5831 2726 5876 se
2769 5816 3045 5886 terminis,
3076 5821 3131 5882 et
3169 5813 3221 5871 in
3248 5826 3315 5871 eo
3342 5812 3482 5885 quod
3526 5817 3609 5869 est
