4296 6266
648 429 758 487 ϐὕθ

1883 403 1999 462 ΑΝ.
2036 399 2241 457 ΚΑΜ...
2280 398 2430 456 SEV.
2474 396 2694 453 BOETII

3824 393 3942 449 660.

649 552 850 609 laesae.
878 550 935 598 et
962 539 1016 594 in
1044 533 1387 598 necessariis,
1408 539 1463 586 et
1483 528 1564 595 lit,
1588 535 1765 584 etnon
1781 523 1841 579 lit
1865 520 2230 593 syllogismus,
2263 516 2313 576 Α
2337 498 2479 583 cipio
2505 512 2870 578 deﬁnivimus,
2898 526 3005 566 non
3035 510 3207 566 solum
3230 524 3294 564 ex
3324 508 3638 564 necessitate
3665 508 3816 563 alicui
3846 506 3920 562 in-

649 644 1017 699 verumtatnen
1046 628 1343 684 secundum
1357 624 1533 678 inesse
1553 619 1769 691 quidem
1786 616 1958 687 posita
1977 611 2241 683 privativa

648 730 1042 809 propositione,
1075 727 1191 795 eius
1219 723 1360 794 quod
1389 730 1473 776 est
1506 718 1820 786 contingere
1845 723 1962 769 erat
1991 708 2241 781 syllogis—

648 838 795 897 n'IIs,
815 825 1111 884 secundum
1125 820 1489 877 necessarium
1514 824 1692 870 autem
1725 809 2010 880 privativa,
2029 812 2084 858 et
2110 816 2239 857 con-

650 924 882 992 tingere.
911 928 1090 975 etnon
1113 917 1310 971 inesse.
1326 911 1509 967 Palam
1520 916 1699 963 autem
1720 914 1776 961 et
1789 901 2041 973 quoniam
2053 909 2242 951 omnes

557 1032 561 1039 '
648 1010 953 1083 imperfecti
981 1006 1311 1080 syllogismi,
1353 1011 1409 1058 et
1446 998 1721 1072 quomodo
1764 992 2113 1065 perﬁciuntur
2144 1000 2243 1056 per

649 1104 939 1177 praedictas
967 1101 1181 1170 ﬁguras.

1243 1223 1466 1280 CAPUT
1511 1220 1652 1277 XVI.

654 1326 734 1385 De
759 1322 1068 1399 syllogismis
1103 1334 1165 1373 es:
1203 1316 1447 1457 ambagus
1486 1308 1900 1385 contingentibus
1930 1304 1983 1359 in
2016 1300 2242 1359 secunda

784 1440 790 1445 ι
1390 1403 1539 1457 gara.

784 1440 790 1445 .
1350 1403 1539 1461 ﬁgura.

654 1696 1033 1766 syllogismus,
1082 1691 1195 1744 sive
1234 1687 1345 1741 sint
1385 1680 1741 1736 afﬁrmativaa,
1787 1672 1901 1727 sive
1941 1666 2240 1739 privativm,

654 1788 770 1842 sive
784 1781 1134 1845 universales,
1150 1779 1263 1833 sive
1286 1762 1898 1845 particttl.lres.Quando
1920 1769 2098 1813 autern
2130 1756 2244 1808 btrc

2343 618 2484 669 esse,
2514 604 2607 658 sed
2638 612 2691 658 et
2731 620 2794 658 ex
2830 604 3153 658 necessitate
3189 601 3346 656 alicui
3384 616 3489 655 non
3517 602 3693 655 inesse
3715 614 3928 654 sumen-

2343 693 2491 749 dum.
2524 694 2635 746 lloc
2675 703 2854 747 autem
2886 701 3123 762 sumpto,
3169 691 3305 746 nihil
3349 691 3543 745 accidit
3581 686 3925 759 impossibile,

2343 800 2508 854 quare
2533 801 2636 859 non
2660 786 2718 839 lit
2739 786 3114 854 syllogismus.
3132 781 3466 836 Manifestum
3490 797 3615 850 ergo
3640 795 3704 835 ex
3729 781 3793 834 iis
3812 793 3929 849 qum

2345 877 2484 931 dicta
2523 886 2645 930 sunt
2685 877 2937 943 quoniam
2986 891 3091 930 non
3134 874 3466 929 convertitur
3506 872 3787 941 privativa.
3820 870 3929 924 Hoc

2345 980 2520 1023 autem
2549 979 2761 1023 ostenso
2791 978 3014 1037 ponatur
3039 985 3087 1029 a,
3122 969 3149 1020 ὁ
3178 967 3392 1036 quidem
3420 966 3735 1031 contingere
3777 962 3928 1032 nulli,

2348 1078 2374 1114 c
2401 1076 2527 1115 vero
2570 1062 2733 1127 ornni,
2771 1076 2861 1131 per
2892 1061 3298 1115 conversionem
3330 1072 3459 1128 ergo
3488 1072 3596 1112 non
3622 1058 3726 1110 erit
3768 1055 3933 1127 syllo-

2346 1155 2567 1227 gismus.
2605 1153 2809 1207 Dictum
2850 1162 2933 1207 est
2971 1152 3115 1206 enim
3159 1151 3409 1220 queuiam
3454 1163 3560 1202 non
3600 1147 3933 1201 convertitur

2348 1244 2655 1312 hujusmodi
2680 1245 2998 1313 propositio.
3031 1243 3135 1298 Sed
3163 1257 3259 1297 nec
3286 1257 3384 1311 per
3424 1238 3773 1309 impossibile,
3808 1253 3934 1292 nam

2348 1338 2526 1408 posito
2556 1338 2583 1388 b
2608 1337 2756 1390 omni
2786 1352 2813 1388 ι
2841 1336 3157 1403 contingere
3192 1334 3392 1398 inesse,
3424 1330 3561 1387 nihil
3594 1330 3788 1385 accidit
3830 1329 3934 1383 fal-

2350 1443 2491 1492 sum,
2525 1430 2795 1495 continget
2816 1428 2957 1480 enim
2986 1444 3018 1479 α
3044 1435 3100 1480 et
3129 1425 3272 1480 omni
3302 1432 3358 1479 et
3376 1422 3507 1477 nulli
3538 1438 3565 1475 ο
3591 1421 3790 1475 inesse.
3811 1419 3939 1473 0m-

2352 1521 2482 1574 nino
2511 1531 2687 1573 autem
2724 1518 2769 1572 si
2809 1526 2893 1571 est
2931 1517 3289 1587 syllogismus,
3320 1513 3497 1583 palam
3536 1512 3785 1580 quoniam
3810 1524 3939 1564 con-

2352 1615 2563 1680 tingens
2593 1610 2715 1679 erit,
2748 1624 2815 1664 eo
2854 1613 2998 1679 quoi
3039 1616 3227 1661 neutra
3262 1605 3688 1676 propositionum
3729 1608 3935 1668 sumpta

2354 1714 2436 1756 est
2462 1706 2511 1755 in
2536 1717 2601 1755 eo
2628 1701 2769 1771 quod
2797 1709 2882 1755 est
2912 1700 3109 1762 inesse,
3140 1703 3195 1753 et
3225 1695 3312 1750 hic
3335 1694 3419 1750 vel
3449 1691 3822 1755 afﬂrmativus,
3853 1688 3935 1743 vel

2353 1795 2683 1862 privativus:
2726 1803 2915 1847 neutro
2944 1799 3123 1845 autem
3164 1785 3324 1841 modo
3354 1783 3611 1856 possibile
3640 1791 3744 1847 est,
3787 1778 3933 1835 afﬁr-

656 1879 875 1949 quidetn
907 1878 1102 1939 inesse,
1135 1873 1223 1925 illa
1256 1880 1385 1923 vero
1410 1864 1726 1931 contingere
1754 1853 2053 1925 signiﬁcat,
2087 1847 2240 1900 al‘lir-
2274 1900 2327 1949 η
2353 1847 2371 1862 ⁸
2470 1895 2477 1902 _
2505 1908 2514 1921 ν
2839 1889 2849 1898 ,
2998 1902 3008 1911 1
3354 1847 3371 1856 -
3538 1878 3550 1888 ,
3830 1874 3841 1886 ,

2028 1943 2037 1949 .
2145 1940 2173 1949 ..
2352 1902 2552 1948 tuatua
2573 1906 2716 1945 enim
2741 1898 2932 1949 posito,
2949 1882 3258 1941 Ostendetur
3282 1895 3376 1949 per
3402 1889 3656 1934 terminos
3680 1889 3841 1946 quom

2272 1900 2327 1963 Β
2352 1895 2552 1948 mative
2573 1906 2716 1945 etum
2741 1889 2932 1957 posito,
2949 1882 3258 1941 ostendetur
3282 1895 3376 1950 per
3402 1882 3656 1934 terminos
3680 1882 3935 1946 quoniam

654 1940 853 2023 litati"
877 1966 1093 2036 quidem
1114 1961 1287 2036 inesse
1314 1954 1669 2027 signiﬁcante,
1686 1959 1953 2015 nunquam
1965 1940 2239 2010 eritsyllo.

655 2031 1169 2134 glsmus,vprivativa
1203 2048 1491 2107 universali
1523 2046 1821 2106 existente,
1854 2046 2089 2103 semper.
2134 2031 2241 2084 Eo-

656 2120 783 2209 dem
811 2120 972 2206 modo
998 2148 1054 2202 et
1070 2144 1286 2216 quando
1313 2141 1429 2194 hac
1454 2135 1674 2207 quidem
1699 2144 1763 2186 es
1795 2125 2135 2184 necessitate,
2156 2120 2243 2174 illa

656 2256 789 2300 vero
817 2212 1137 2312 coniungere
1163 2243 1499 2295 assumatur,
1528 2234 1739 2297 oportet
1782 2230 1961 2276 autem
1992 2225 2048 2271 et
2076 2216 2130 2268 in
2164 2212 2245 2265 his

658 2333 908 2402 accipere
940 2311 2027 2401 qeo'dlneonclttsionibusestcomingens
2064 2317 2247 2373 quern-

658 2397 1032 2483 κωδύαωῇ
1062 2417 1350 2488 prioribus.
1391 2414 1629 2467 Primum
1652 2406 1813 2477 igitur
1853 2397 2246 2457 ostendendum

660 2517 911 2588 quoniam
945 2526 1053 2567 non
1081 2508 1415 2565 convertitur
1452 2507 1506 2558 in
1537 2495 1906 2568 contingenti,
1960 2490 2245 2561 privativa,

660 2580 723 2664 tit
746 2609 795 2661 si
814 2618 851 2660 a
872 2603 1134 2671 contingit
1162 2600 1293 2653 nulli
1325 2599 1374 2660 ὁ,
1413 2610 1518 2649 non
1553 2604 1776 2648 necesse
1796 2597 1879 2643 est
1908 2594 1962 2640 et
1991 2584 2019 2636 ὁ
2039 2580 2249 2638 contin-

661 2710 795 2769 gere
824 2694 959 2751 nam
977 2706 1031 2747 ι.
1060 2670 1295 2746 i’cnatur
1314 2689 1457 2743 enim
1489 2685 1593 2738 hoc
1624 2692 1682 2737 et
1703 2681 1979 2747 contingat
2005 2675 2033 2727 ι
2062 2670 2193 2727 nulli
2218 2685 2253 2724 a

661 2761 865 2855 inesse,
880 2798 1012 2855 ergo
1022 2781 1277 2853 quoniam
1290 2782 1680 2834 convertuntur
1691 2786 1815 2842 quas
1826 2778 1950 2824 sunt
1961 2768 2016 2821 in
2028 2779 2097 2820 eo
2109 2761 2251 2833 quod

663 2890 751 2940 est
774 2880 1090 2947 mingere
1114 2872 1505 2929 attimationes
1528 2862 1921 2936 negationibus,
1952 2868 2009 2913 et
2036 2863 2254 2911 contra-

661 2975 788 3039 ria,
822 2980 879 3027 et
900 2945 1355 3038 «nutrimenta,
1402 2962 1429 3016 ὁ
1453 2969 1631 3015 autem
1658 2952 1922 3023 contingit
1950 2948 2084 3006 nulli
2113 2963 2144 2999 α
2168 2945 2249 2999 in-

663 3036 809 3134 esse,
849 3036 1201 3120 maiiesiunt
1226 3066 1313 3114 est
1343 3056 1597 3127 quoniam
1622 3058 1679 3105 et
1705 3046 1852 3103 omni
1880 3062 1915 3098 α
1934 3037 2195 3109 contingit
2223 3036 2252 3089 b

665 3129 867 3219 inesse.
902 3158 1017 3211 Hoc
1041 3163 1219 3209 autem
1250 3151 1443 3205 falsum
1471 3155 1574 3200 est.
1617 3142 1736 3198 Non
1761 3137 1907 3195 enim
1935 3135 1985 3191 ai
2005 3135 2107 3188 hoc
2130 3129 2253 3185 huic

666 3252 818 3308 cuni
857 3247 1121 3315 contingit
1138 3289 1152 3312 ,
1204 3252 1271 3297 et
1297 3244 1397 3294 hoc
1424 3238 1547 3293 huic
1568 3235 1841 3300 cntingat
1864 3226 2255 3303 necessarium,

667 3358 837 3415 quave
867 3354 979 3395 non
1004 3336 1338 3394 convertitur
1358 3330 1639 3402 privativa.
1662 3324 1907 3393 Amplius
1927 3326 2105 3375 autem
2122 3317 2172 3370 ni

667 3406 923 3506 pratum
946 3446 983 3483 ο
1001 3429 1216 3497 quidem
1245 3425 1555 3492 contingere
1584 3418 1719 3474 nulli
1736 3418 1785 3480 ὸ,
1810 3415 1839 3468 b
1859 3425 2039 3468 autem
2053 3406 2259 3479 alicuin

671 3498 741 3581 es
768 3520 1089 3576 "cessitate
1117 3532 1223 3574 non
1250 3516 1449 3577 inesse,
1470 3521 1529 3567 at
1559 3510 1740 3565 album
1763 3504 1983 3577 quidem
1997 3498 2261 3566 contingit

672 3609 1041 3670 omaihemiui
1054 3621 1160 3665 non
1178 3608 1373 3669 inesse,
1392 3614 1516 3658 nam
1534 3601 1781 3656 etiaesse
1790 3594 2061 3651 hominem
2077 3597 2259 3643 autem

673 3710 789 3762 non
798 3714 989 3760 verum
998 3700 1295 3764 estdicere,
1306 3690 1835 3768 qumiameontingit
1843 3686 1975 3742 nulli
1988 3684 2131 3747 albo,
2145 3681 2261 3750 plu-

676 3798 833 3857 ribus
869 3796 1013 3851 etrint
1050 3809 1119 3850 es
1158 3792 1479 3848 necessitate
1524 3802 1633 3842 non
1681 3785 1855 3846 inest,
1897 3773 2261 3834 necessarium

680 3896 864 3944 altern
890 3901 1001 3942 non
1027 3888 1199 3940 inerat
1216 3882 1553 3951 contingens.
1582 3875 1690 3933 Sed
1718 3887 1819 3929 nec
1848 3886 1917 3926 ex
1946 3863 2265 3937 impossibili

678 3980 928 4037 ostendet
947 3984 1289 4043 convertens,
1317 3986 1374 4029 ut
1398 3974 1443 4028 si
1473 3972 1595 4042 quis
1621 3974 1771 4038 putet
1796 3961 2047 4035 quoniam
2072 3958 2265 4013 falsum

681 4084 767 4131 est
802 4076 830 4128 ὁ
858 4073 1173 4142 contingere
1201 4069 1333 4124 mili
1354 4084 1386 4120 a
1416 4067 1628 4128 inesse,
1674 4072 1863 4115 verum
1904 4070 2014 4110 non
2057 4050 2268 4108 contin-

680 4178 809 4235 gere
836 4162 966 4218 nulli
997 4178 1053 4229 α,
1082 4159 1371 4215 afﬁrmatio
1391 4155 1533 4210 enim
1561 4163 1617 4209 et
1647 4150 1883 4222 negatio,
1906 4149 2145 4202 siautem
2165 4142 2268 4196 hoc

683 4266 897 4323 verum,
913 4268 980 4308 ex
993 4251 1315 4307 necessitate
1335 4247 1494 4302 alicui
1515 4263 1547 4299 a
1567 4247 1747 4298 inesse
1758 4242 1807 4310 lt,
1822 4255 1990 4311 quare
2001 4247 2095 4294 eta
2109 4233 2267 4289 alicui

685 4347 715 4400 ὸ
736 4348 914 4402 inesse
936 4386 950 4409 ,
994 4346 1096 4398 hoc
1123 4351 1301 4411 autem
1326 4336 1679 4405 impossibile.
1716 4333 1832 4386 Non
1857 4332 1999 4385 enim
2028 4328 2072 4380 si
2102 4343 2134 4379 α
2160 4338 2271 4378 non

685 4435 951 4506 contingit
978 4433 1110 4489 nulli
1137 4433 1167 4486 ὁ
1189 4474 1203 4497 ,
1244 4440 1465 4484 necesse
1490 4436 1574 4480 est
1600 4442 1633 4477 α
1656 4422 1815 4475 alicui
1846 4421 1876 4472 ι
1906 4419 2106 4473 inesse.
2138 4414 2272 4469 Nam

688 4540 799 4581 non
835 4526 1145 4595 contingere
1188 4520 1319 4576 nulli
1349 4518 1545 4574 dicitur
1569 4512 1884 4583 dupliciter,
1928 4511 2031 4564 hoc
2054 4506 2272 4576 quidem

687 4617 733 4671 si
765 4631 828 4671 ex
860 4615 1183 4670 necessitate
1210 4609 1368 4666 alicui
1400 4609 1576 4673 inest,
1606 4601 1737 4659 illud
1764 4614 1895 4656 vero
1916 4598 1962 4653 si
1989 4614 2053 4654 ex
2083 4610 2273 4652 neces-

688 4710 845 4764 sitate
860 4707 1021 4762 alicui
1046 4720 1153 4761 non
1176 4707 1343 4760 inest.-
1362 4700 1496 4756 Nam
1518 4698 1661 4769 quod
1685 4710 1751 4753 ex
1775 4694 2097 4751 necessitate
2113 4691 2273 4747 alicui

687 4814 877 4854 eorum
903 4811 1026 4868 quae
1051 4805 1179 4852 sunt
1200 4812 1233 4850 α
1261 4811 1368 4850 non
1406 4794 1577 4861 inest,
1625 4804 1733 4845 non
1758 4797 1845 4845 est
1867 4798 2055 4843 verum
2094 4784 2277 4841 dicere

690 4890 941 4959 quatiunt
982 4889 1128 4943 omni
1157 4884 1421 4953 contingit
1448 4898 1556 4938 non
1584 4882 1795 4947 inesse,
1822 4875 2274 4950 quemadmodum

690 4992 791 5039 nec
818 4980 974 5035 alicui
1002 4980 1140 5033 inest
1168 4991 1235 5035 ex
1274 4974 1633 5038 necessitate,
1676 4973 1929 5041 quoniam
1969 4969 2115 5022 omni
2144 4980 2299 5027 con-,

611 5120 614 5124 λ
690 5076 849 5147 tingit
871 5074 1070 5130 hvesse.
1101 5072 1159 5128 Si
1178 5083 1307 5138 ergo
1330 5069 1525 5139 aliquis
1551 5075 1701 5138 putet
1729 5066 1983 5136 quoniam
2012 5059 2278 5128 contingit

691 5168 879 5223 cornei
894 5168 927 5221 ά
948 5167 1149 5232 inesse,
1166 5179 1231 5219 ea
1249 5161 1573 5218 necessitate
1589 5158 1745 5214 alicui
1761 5171 1867 5211 non
1881 5156 2063 5210 inesse
2075 5152 2275 5220 ipsum,

692 5262 891 5319 falanva
908 5267 1103 5325 seruet,
1122 5254 1269 5313 omni
1293 5254 1438 5312 enim
1456 5255 1616 5323 inest,
1634 5252 1684 5307 si
1707 5248 2002 5317 contingat,
2025 5243 2122 5307 sed
2145 5256 2279 5312 quo.

692 5355 839 5411 niam
869 5350 1191 5422 quibusdam
1225 5361 1293 5403 en
1332 5344 1661 5402 necessitate
1694 5342 1864 5406 inest,
1916 5345 2138 5409 propter
2177 5334 2279 5388 hoc

695 5445 922 5501 dicimus
951 5457 1063 5499 non
1086 5442 1236 5496 omni
1263 5439 1596 5508 contingere.

764 5536 945 5603 Quare
982 5536 1033 5590 ei
1066 5532 1206 5604 quod
1245 5540 1337 5587 est
1368 5528 1686 5598 contingere
1713 5523 1864 5579 omni
1895 5522 2097 5587 inesse,
2132 5526 2193 5573 et
2215 5530 2279 5571 ea

696 5642 821 5697 quae
846 5634 932 5683 est
958 5640 1025 5682 ea
1046 5623 1364 5680 necessitate
1391 5620 1552 5677 alicui
1580 5619 1783 5684 inesse,
1804 5612 2114 5685 opponitur,
2137 5617 2192 5663 et
2220 5621 2283 5661 ea

698 5730 821 5785 quo
840 5725 925 5773 est
943 5730 1011 5773 ex
1032 5713 1347 5771 necessitate
1375 5710 1534 5767 alicui
1558 5725 1664 5766 non
1686 5710 1895 5772 inesse,
1918 5701 2167 5758 similiter
2190 5711 2287 5749 au-

701 5811 814 5859 tem
838 5815 895 5860 et
921 5807 971 5860 ei
998 5820 1127 5874 qua
1145 5812 1235 5860 est
1251 5802 1569 5871 contingere
1598 5799 1752 5856 nulli.
1781 5795 1964 5852 Palam
1996 5806 2125 5860 ergo
2152 5802 2287 5856 quo-

702 5893 847 5955 niam
870 5894 940 5952 ad
955 5895 1039 5955 sic
1053 5894 1397 5965 contingens,
1414 5898 1473 5950 at
1491 5906 1599 5950 non
1618 5889 1962 5958 «manus,
1984 5891 2042 5941 at
2064 5880 2119 5939 iu
2136 5877 2289 5948 prin-

2350 1998 2457 2038 non
2488 1982 2749 2050 contingit
2776 1978 2989 2041 inesse;
3020 1972 3282 2043 privatim
3306 1978 3511 2036 autem,
3540 1964 3787 2035 quoniam
3807 1976 3936 2017 con-

2351 2076 2523 2130 clusio
2554 2089 2659 2128 non
2689 2082 2773 2128 est
2795 2071 3134 2138 contingens,
3178 2063 3273 2121 sed
3317 2058 3647 2116 riecessaria.
3691 2056 3775 2113 Sit
3794 2054 3936 2110 enim

2353 2184 2386 2221 a
2413 2165 2626 2237 quidem
2668 2164 2868 2225 allium,
2911 2160 2938 2212 ὸ
2985 2134 3168 2213 autem
3212 2153 3393 2217 homo,
3439 2151 3493 2205 in
3536 2161 3645 2217 quo
3691 2153 3867 2200 autem
3903 2134 3936 2195 'c

2352 2234 2543 2330 equus,
2573 2272 2703 2326 ergo
2728 2255 2906 2309 album
2937 2270 2966 2303 (ι
2990 2247 3252 2315 contingit
3279 2244 3400 2297 huic
3429 2240 3643 2311 quidem
3665 2237 3836 2304 omni,
3860 2234 3937 2290 illi

2353 2366 2482 2407 vero
2514 2349 2643 2402 nulli
2673 2347 2870 2407 inesse,
2895 2341 2989 2397 sed
3015 2339 3043 2401 b
3076 2351 3247 2407 neque
3277 2336 3453 2389 inesse
3481 2330 3743 2400 contingit
3766 2343 3815 2392 ο,
3845 2341 3941 2381 ne-

2352 2458 2458 2512 que
2480 2457 2586 2496 non
2616 2440 2810 2494 inesse.
2845 2434 3107 2501 Quoniam
3134 2430 3293 2499 igitur
3324 2427 3499 2480 inesse
3524 2437 3630 2477 non
3660 2419 3939 2491 possibile,

2352 2511 2439 2587 est
2475 2531 2836 2591 manifestum,
2862 2526 3039 2580 nullus
3059 2522 3204 2577 enim
3234 2531 3406 2586 equus
3438 2515 3625 2577 homo,
3646 2511 3743 2566 sed
3765 2523 3943 2579 neque

2354 2625 2669 2691 contingere
2685 2634 2793 2675 non
2817 2619 3012 2680 inesse,
3029 2625 3247 2668 necesse
3262 2608 3500 2663 estenim
3523 2602 3726 2658 nullum
3744 2614 3943 2670 equum

2357 2714 2637 2770 hominem
2652 2723 2796 2775 esse,
2831 2703 3191 2763 necessarium
3222 2708 3403 2754 autem
3435 2711 3542 2750 non
3570 2704 3690 2749 erat
3723 2691 3940 2749 contine

2356 2820 2511 2876 gens,
2526 2816 2630 2858 non
2651 2800 2808 2871 igitur
2830 2799 2886 2851 lit
2905 2788 3261 2867 syllogismus.
3283 2788 3544 2845 Similiter
3560 2793 3740 2841 autem
3761 2793 3943 2839 osten-

2357 2898 2537 2962 detur,
2556 2907 2610 2950 et
2639 2894 2684 2947 si
2727 2908 2757 2947 e
2780 2903 3043 2945 converso
3074 2898 3298 2953 ponatur
3330 2882 3606 2951 privativa,
3631 2886 3685 2931 et
3713 2876 3759 2931 si
3786 2882 3946 2931 utne-

2359 3004 2464 3058 que
2493 2985 2811 3040 allirnutivc
2844 2988 3127 3048 ponantur,
3149 2976 3233 3029 vel
3260 2971 3539 3044 privative,
3557 2982 3677 3021 nam
3711 2980 3803 3033 per
3825 2978 3944 3019 eos-

2361 3056 2487 3137 dem
2539 3076 2799 3133 terminos
2863 3072 2966 3126 erit
3002 3063 3415 3123 demonstratio.
3471 3063 3535 3114 lit
3577 3056 3788 3130 quando
3832 3057 3945 3109 lucc

2357 3173 2575 3243 quidem
2605 3164 2947 3227 universalis,
2980 3156 3070 3214 illa
3104 3172 3232 3211 vero
3264 3153 3624 3224 particularis,
3659 3149 3744 3203 vel
3788 3158 3945 3201 utra:-

2281 3280 2333 3345 α
2360 3282 2466 3339 que
2496 3262 2865 3336 particulares,
2896 3257 2979 3311 vel
3021 3250 3337 3315 indeﬂuizm,
3373 3259 3464 3303 aut
3513 3245 3750 3317 qualibet
3790 3239 3947 3295 modo

2403 3359 2453 3369 ··π
2650 3353 2711 3369 --μ
2733 3350 2798 3369 με-
2822 3354 2845 3369 έ
2861 3344 3110 3369 Ann-Mn:
3133 3339 3523 3369 ,κ-ιυιηιάιςηηηε
3573 3348 3782 3369 “mm...
3801 3332 3944 3369 ηηεη,

2364 3332 2521 3413 aliter
2542 3350 2802 3421 contingit
2822 3344 3110 3417 permutari
3133 3339 3545 3412 propositiones,
3573 3348 3782 3402 semper
3801 3332 3945 3384 enim

2363 3447 2465 3502 erit
2496 3458 2589 3514 per
2617 3441 2837 3495 eosdem
2870 3434 3129 3490 terminos
3154 3425 3561 3485 demonstratio.
3606 3422 3947 3477 Manifestum

2363 3510 2509 3606 ergo-
2543 3534 2798 3602 quoniam
2849 3527 3090 3594 utrisque
3145 3515 3603 3591 propositionibus
3650 3510 3947 3568 secundum

2363 3627 2674 3695 contingere
2697 3618 2905 3690 positis,
2940 3616 3116 3671 nullus
3143 3615 3202 3667 tit
3221 3610 3579 3683 syllogismus.

2942 3720 3169 3786 CAPUT
3216 3718 3379 3781 XVII.

2440 3830 2624 3888 Mixtio
2654 3826 2875 3882 absoluti
2903 3834 2948 3878 et
2981 3821 3315 3891 contingenti;
3344 3819 3400 3872 in
3428 3814 3656 3871 secunda
3685 3812 3857 3883 ﬁgura

2439 3938 2497 3995 Si
2522 3948 2700 3991 autem
2732 3931 2901 3986 altera
2930 3928 3147 4000 quidem
3170 3925 3371 3988 inesse,
3402 3920 3572 3981 altera
3596 3929 3726 3972 vero
3750 3913 3955 3968 contin~

2368 4043 2498 4101 gere
2540 4024 2825 4095 signiﬁcat,
2868 4018 3210 4091 praedicativa
3256 4012 3474 4083 quidem
3524 4011 3703 4064 inesse
3754 4004 3959 4074 posita,

2370 4124 2632 4199 privativa
2651 4134 2779 4177 vero
2802 4119 3139 4186 contingere,
3172 4122 3443 4178 nunquam
3465 4105 3569 4159 erit
3588 4102 3959 4173 syllogismus,

2373 4198 2493 4276 sive
2522 4212 2912 4276 universaliter,
2946 4209 3061 4263 sive
3100 4198 3492 4274 particulariter
3534 4200 3815 4249 sumantur
3846 4198 3959 4244 ter-

2374 4313 2527 4377 mini,
2556 4294 2941 4365 demonstratio
2964 4311 3141 4355 autem
3171 4292 3380 4354 cadem,
3403 4297 3457 4341 et
3477 4300 3575 4354 per
3599 4282 3817 4337 eosdem
3850 4290 3958 4335 ter.

2374 4372 2569 4459 minos.
2593 4396 2815 4465 Quando
2835 4400 3010 4446 autem
3034 4382 3347 4441 al‘ﬁrmativa
3374 4376 3593 4448 quidem
3620 4372 3957 4439 contingere,

2375 4462 2639 4565 privativa
2679 4491 2875 4549 inesse,
2903 4480 3006 4535 erit
3044 4475 3406 4548 syllogismus.
3446 4467 3702 4523 Sumatur
3753 4462 3899 4518 enim
3928 4476 3961 4514 a

2380 4587 2407 4637 b
2432 4586 2647 4655 quidem
2680 4578 2809 4635 nulli
2834 4578 3031 4637 inesse,
3059 4586 3085 4623 c
3112 4581 3238 4621 vero
3261 4563 3441 4618 omnia
3473 4556 3808 4625 contingere,
3835 4566 3960 4607 con-

2299 4655 2363 4720 n
2382 4646 2534 4734 versa
2566 4689 2692 4742 ergo
2724 4668 3000 4741 privativa,
3031 4665 3059 4716 b
3090 4662 3227 4717 inest
3254 4655 3385 4711 nulli
3412 4670 3466 4719 a,
3490 4668 3524 4705 α
3550 4656 3730 4704 autem
3760 4646 3905 4700 omni
3934 4657 3961 4698 ο

2384 4736 2748 4836 contingebat,
2767 4762 2827 4815 lit
2845 4774 2973 4827 ergo
2997 4752 3360 4826 syllogismus,
3382 4743 3634 4815 quoniam
3653 4739 3681 4792 b
3702 4736 3962 4805 contingit

2385 4863 2515 4919 nulli
2559 4827 2606 4929 5,
2648 4827 2742 4926 per
2786 4853 3012 4924 primum
3051 4853 3294 4916 ligurem.
3341 4836 3602 4897 Similiter
3627 4842 3802 4888 autem
3832 4838 3887 4885 et
3916 4827 3965 4883 si

2384 4955 2451 5009 ad
2493 4968 2520 5005 ε
2558 4922 2799 5020 ponatur
2835 4941 3113 5013 privativa.
3151 4936 3210 4992 Si
3234 4944 3414 4989 autem
3439 4939 3681 4996 utraeque
3715 4925 3825 4978 sint
3855 4922 3964 4991 pri-

2386 5043 2594 5105 vativat,
2621 5036 2888 5107 signiﬁcet
2912 5040 3090 5087 autem
3119 5028 3231 5082 haec
3260 5022 3475 5093 quidem
3508 5032 3617 5073 non
3650 5018 3847 5077 inesse,
3876 5010 3963 5065 illa

2384 5148 2513 5189 vero
2533 5131 2845 5196 contingere
2872 5139 2981 5179 non
3002 5122 3199 5181 inesse,
3229 5129 3323 5185 per
3346 5127 3408 5167 ea
3432 5108 3649 5179 quidem
3674 5118 3794 5174 quae
3819 5115 3967 5158 sum-

2382 5235 2473 5297 pta
2502 5231 2628 5279 sunt
2654 5219 2784 5275 nihil
2830 5213 3027 5269 accidit
3058 5206 3441 5285 necessarium,
3482 5209 3743 5254 conversa
3787 5201 3966 5247 autem

2384 5286 2681 5374 secundum
2729 5311 3046 5376 contingere
3094 5296 3461 5372 propositione
3502 5292 3562 5346 lit
3600 5286 3965 5360 syllogismus,

2385 5408 2634 5480 quoniam
2676 5403 2703 5455 b
2744 5397 3004 5467 contingit
3044 5392 3174 5447 nulli
3210 5408 3236 5443 ο
3275 5388 3475 5453 inesse,
3518 5376 3965 5452 quemadmodum

2388 5481 2876 5572 in'prioribns,erit
2898 5491 3039 5545 enim
3070 5498 3280 5541 rursum
3311 5480 3482 5550 prima
3510 5470 3770 5545 ﬁgura.Si
3788 5476 3967 5524 autem

2391 5563 2630 5665 utrinque
2654 5595 2919 5661 ponantur
2949 5578 3324 5653 prmdicativae,
3352 5587 3456 5628 non
3480 5568 3584 5625 erit
3606 5563 3967 5655 syllogismus.

2392 5687 2627 5745 Termini
2656 5682 2868 5753 quidem
2898 5679 3075 5731 inesse
3104 5672 3328 5734 sanitas,
3350 5677 3538 5734 equus,
3558 5650 3737 5713 homo.
3766 5650 3970 5708 Eodem

2394 5742 2572 5838 autem
2602 5742 2762 5834 modo
2790 5788 2847 5828 se
2877 5767 3097 5825 habebit
3126 5774 3180 5819 et
3211 5765 3261 5818 in
3289 5751 3697 5831 particularibus
3725 5742 3973 5838 syllogis-

2396 5873 2521 5929 mis.
2577 5866 2802 5937 Quando
2860 5869 3038 5919 autem
3086 5858 3193 5914 erit
3241 5848 3557 5910 sllirmativa
3598 5844 3805 5905 inesse,
3857 5833 3976 5895 sive
