4296 6266
1044 367 1347 428 PRIORUM
1383 352 1921 424 ANALYTICORUM
1964 346 2413 422 ARISTOTELIS
2462 365 3037 424 INTERPRETATIO.

3542 364 3647 419 662

372 466 762 545 universliiter,
808 481 917 534 sire
948 470 1344 551 p‘at'ticnlariter
1372 485 1602 550 sumpta,
1646 476 1821 533 nullus
1851 477 1954 533 erit
1981 482 2032 540 Α
2061 493 2164 532 non
2186 480 2380 544 inesse,
2398 479 2671 534 Conversis
2694 489 2870 535 autem
2890 479 3361 550 propositionibus,
3381 470 3407 533 6
3429 480 3646 550 quidem

374 575 753 645 syllogismus;
782 573 881 626 hoc
912 580 1089 626 autem
1118 573 1385 637 similiter,
1409 581 1461 626 et
1485 586 1579 639 per
1601 568 1814 625 eosdem
1849 578 1955 623 ter-

379 668 552 719 minos
579 666 997 729 demonstratur,
1031 664 1220 733 quibus
1249 674 1301 717 et
1332 664 1497 732 prius.
1528 661 1749 727 Quando
1778 670 1955 714 autent

377 765 433 810 et
465 756 746 823 privativa,
776 755 877 808 erit
912 770 1006 820 per
1044 755 1475 820 conversionem,
1504 750 1955 821 quemadmodum

382 846 433 899 iu
460 847 743 915 prioribus.
776 847 1001 899 llursnm
1036 846 1081 899 si
1111 846 1271 898 ambo
1300 845 1513 913 quidem
1545 843 1819 896 intervalla
1854 844 1963 911 pri-

381 941 555 993 vativa
597 952 895 1001 sumantur,
941 939 1315 991 universaliter
1355 948 1532 990 autem
1565 937 1703 1006 quod
1743 948 1845 989 non
1878 937 1960 989 in-

384 1043 526 1091 esse,
550 1044 611 1081 ex
648 1028 772 1094 ipsis
800 1028 1011 1095 quidem
1044 1026 1497 1095 propositionibus
1525 1042 1626 1079 non
1655 1027 1758 1080 erit
1782 1039 1966 1080 neces-

387 1120 582 1172 sarium
607 1158 621 1181 ,
656 1133 913 1173 conversa
946 1130 1123 1172 autem
1156 1119 1489 1187 contingenti
1519 1121 1660 1172 sicut
1690 1120 1743 1171 in
1776 1118 1968 1187 primi-

385 1212 504 1276 bus,
547 1213 649 1265 erit
688 1212 1051 1283 syllogismus.
1098 1212 1154 1266 Si
1203 1222 1381 1265 autem
1428 1212 1603 1266 inesse
1639 1210 1852 1279 quidem
1899 1210 1969 1263 sit

359 1285 678 1372 .prirvativa,
727 1305 1122 1370 particulariter
1155 1301 1370 1370 quidem
1416 1311 1669 1370 sumpta,
1717 1316 1821 1353 non
1868 1300 1972 1354 erit

389 1394 751 1465 syllogismus,
788 1410 959 1462 neque
992 1392 1349 1461 przcdirativa,
1380 1408 1547 1460 neque
1576 1391 1828 1458 privativa
1860 1391 1974 1443 exi-

401 1493 572 1539 stente
600 1487 763 1538 altera
796 1486 1179 1553 propositione.
1227 1482 1334 1536 Nec
1365 1482 1579 1550 quando
1609 1491 1847 1547 utraeque
1882 1494 1974 1549 po-

395 1583 595 1628 nuntur
620 1571 933 1636 iudeiinitae,
964 1576 1043 1626 vel
1072 1573 1430 1637 al'lirmativm,
1461 1574 1540 1626 vel
1575 1574 1852 1641 negativae,
1885 1580 1977 1624 aut

396 1650 777 1736 particularesi
811 1666 1207 1720 demonstratio
1233 1674 1406 1719 autem
1433 1665 1619 1721 eadem
1648 1672 1701 1719 et
1737 1680 1828 1735 per
1856 1679 1975 1720 eos-

396 1759 517 1813 dem
546 1756 819 1812 terminos.
1216 1744 1225 1749 ⁷’

952 1868 1179 1923 CAPU'I‘
1234 1868 1421 1924 XVIII.

439 1959 930 2015 Mixtio'necessarii
965 1969 1010 2012 at
1050 1961 1383 2030 conlingsntis
1414 1960 1466 2013 in
1498 1960 1722 2015 secunda
1751 1960 1938 2030 ﬁgura.

470 2072 527 2126 Si
564 2077 745 2125 autem
783 2069 897 2123 hac
930 2068 1144 2136 quidem
1185 2068 1604 2136 propositionum
1643 2083 1705 2121 ex
1750 2069 1978 2123 necessi-

406 2170 535 2226 tate,
566 2162 650 2215 illa
676 2175 807 2215 vero
826 2161 1139 2227 contingere
1165 2158 1449 2228 significat,
1478 2160 1739 2225 privativa
1768 2160 1982 2226 quidem

403 2252 728 2319 necessaria,
750 2251 860 2304 erit
876 2252 1237 2320 syllogismus,
1263 2264 1365 2303 non
1390 2251 1561 2304 solum
1590 2254 1837 2319 quoniam
1858 2267 1986 2305 con-

405 2345 559 2414 tingit
588 2360 692 2398 non
725 2346 924 2406 inesse,
956 2345 1051 2397 sed
1079 2351 1135 2397 et
1152 2346 1405 2412 quoniam
1429 2358 1533 2397 non
1560 2346 1716 2406 inest,
1750 2343 1985 2419 al‘lirtna-

406 2439 511 2491 tiva
537 2448 713 2489 autem
746 2450 855 2488 non
877 2438 998 2487 erit.
1034 2436 1271 2488 Ponatur
1292 2444 1468 2487 autem
1494 2450 1527 2486 a
1557 2435 1586 2487 ι
1613 2435 1825 2504 quidem
1854 2435 1984 2489 nulli

408 2528 583 2582 inesse
606 2543 671 2582 ex
699 2528 1041 2592 necessitate,
1071 2542 1098 2578 c
1123 2536 1300 2580 autem
1330 2513 1475 2579 omni
1499 2528 1829 2595 contingere,
1858 2542 1991 2580 eone

412 2632 567 2673 versa
589 2631 719 2686 ergo
742 2617 1020 2686 privativa,
1049 2625 1101 2670 et
1125 2619 1153 2668 ὑ
1173 2617 1301 2670 nulli
1327 2633 1357 2668 α
1384 2618 1561 2683 inerit,
1586 2612 1706 2668 a’au
1734 2632 1817 2671 em
1842 2617 1990 2670 omni

377 2705 381 2709 ’
409 2726 436 2764 e
462 2708 824 2779 contingebat.
850 2708 932 2761 Fit
957 2708 1117 2777 igitur
1146 2724 1355 2761 rursum
1390 2723 1482 2777 per
1511 2708 1734 2776 primam
1768 2709 1993 2777 figuram

411 2801 1039 2871 syllogismus,quouiam
1065 2800 1091 2853 ὸ
1114 2802 1374 2870 contingit
1401 2801 1531 2853 nulli
1559 2816 1586 2853 c
1608 2801 1802 2854 inesse.
1823 2800 1991 2854 Simul

316 2902 321 2905 '
410 2902 589 2948 autem
638 2891 976 2947 manifestum
1022 2892 1271 2959 quoniam
1320 2906 1490 2959 neque
1533 2890 1667 2944 inest
1709 2891 1734 2941 b
1775 2891 1902 2943 nulli
1943 2908 1990 2951 c,

413 2996 638 3056 ponatur
677 2985 819 3039 enim
860 2986 1055 3049 inesse,
1102 2996 1231 3052 ergo
1271 2982 1316 3035 si
1348 2997 1380 3034 α
1420 2982 1548 3035 nulli
1590 2981 1619 3033 b
1658 2981 1936 3049 contingit,
1966 2982 1995 3031 ὁ

413 3090 587 3131 autem
629 3075 768 3130 inest
811 3074 970 3129 alieni
1021 3089 1067 3137 ο,
1114 3088 1146 3126 α
1191 3073 1349 3126 alicui
1382 3089 1408 3124 ε
1440 3086 1545 3126 non
1582 3074 1857 3141 contingit,
1900 3070 1997 3125 sed

414 3170 559 3222 omni
610 3167 903 3235 ponebatur
946 3171 1280 3234 contingere.
1343 3162 1543 3217 Eodem
1606 3172 1782 3216 autem
1836 3161 1995 3215 modo

2066 570 2195 624 nulli
2246 573 2418 624 inl'SSC
2459 586 2511 634 a,
2556 589 2584 625 o
2614 579 2789 625 autem
2834 574 2977 626 omni
3015 589 3041 625 ο
3085 574 3365 641 centingit,
3401 570 3461 625 ﬁt
3490 572 3651 642 igitur

2066 661 2233 728 prima
2268 662 2454 737 ﬁgura,
2486 673 2537 715 et
2560 662 2601 715 si
2629 662 2691 714 ad
2718 680 2744 714 c
2780 674 3001 729 ponatur
3033 664 3351 732 privativum
3383 664 3648 718 similiter.

2067 755 2120 809 Si
2148 756 2323 806 autem
2351 755 2704 822 pricdicativze
2730 760 3011 822 ponantur,
3027 773 3131 811 non
3156 759 3260 811 erit
3281 757 3647 828 syllogismus,

2069 859 2186 898 nam
2218 844 2333 913 ejus
2364 847 2503 913 quod
2530 856 2611 899 est
2639 862 2740 899 non
2768 847 2945 901 inesse
2967 888 2981 911 ,
3025 857 3116 901 aut
3143 847 3258 917 ejus
3292 850 3432 919 quod
3474 859 3554 902 est
3584 864 3653 902 ex

2069 942 2384 993 necessitate
2408 954 2511 992 non
2538 940 2737 1005 inesse,
2758 941 3098 994 manifestum
3121 943 3369 1010 quoniam
3396 958 3501 995 non
3528 942 3649 1009 erit,

2070 1048 2133 1083 eo
2162 1029 2299 1099 quod
2343 1047 2372 1083 n
2416 1036 2445 1084 η
2488 1040 2695 1099 sumpta
2727 1033 2797 1085 sit
2830 1032 3083 1099 privativa
3116 1033 3428 1101 propositio,
3476 1049 3653 1101 neque

2073 1124 2125 1176 in
2147 1136 2210 1176 eo
2233 1122 2373 1191 quod
2402 1132 2483 1175 est
2514 1125 2705 1186 inesse,
2730 1136 2901 1193 neque
2924 1123 2974 1175 in
3005 1138 3071 1177 eo
3100 1121 3240 1192 quod
3270 1133 3351 1176 est
3377 1139 3438 1176 ex
3472 1139 3658 1177 ncces-

2072 1216 2227 1268 sitate
2258 1214 2455 1276 inesse,
2482 1214 2573 1268 sed
2612 1230 2781 1281 neque
2804 1214 2920 1282 ejus
2941 1213 3083 1283 quod
3114 1221 3194 1269 est
3216 1215 3526 1282 contingere
3553 1228 3657 1264 non
3698 1210 3701 1211 ⁷

2077 1307 2271 1367 inesse,
2306 1321 2369 1359 ex
2405 1306 2722 1359 necessitate
2752 1304 2892 1358 enim
2929 1307 3006 1358 sic
3036 1318 3093 1359 se
3124 1302 3459 1368 habentibus,
3496 1302 3522 1354 b
3554 1319 3661 1354 non
3698 1370 3705 1373 ν

2079 1398 2234 1450 inerit
2255 1412 2299 1461 ε,
2335 1404 2391 1447 ut
2417 1395 2459 1448 si
2491 1412 2521 1446 (ι
2544 1395 2755 1462 quidem
2789 1408 3015 1465 ponatur
3044 1396 3244 1460 album,
3274 1396 3327 1448 in
3351 1411 3455 1465 quo
3483 1404 3661 1447 autem
3698 1387 3702 1391 ’

2077 1490 2104 1541 b
2132 1502 2350 1558 cygnus.
2382 1489 2431 1541 in
2460 1501 2565 1555 quo
2586 1500 2762 1542 autem
2789 1504 2815 1540 c
2842 1488 3019 1554 homo,
3065 1504 3237 1558 neque
3284 1489 3655 1557 oppositurum

2080 1580 2508 1642 al‘l'irmationum,
2535 1581 2785 1649 quoniam
2810 1588 3182 1649 ostensum‘est
3204 1580 3231 1632 ὁ
3252 1596 3313 1634 ex
3345 1582 3546 1635 neces~i
3574 1590 3662 1634 ate

2084 1678 2185 1723 ttOn
2218 1671 2458 1738 iues~ec,
2485 1685 2588 1723 non
2620 1686 2748 1739 ergo
2781 1672 2837 1725 ﬁt
2862 1672 3202 1741 syllogismus
3229 1672 3465 1727 omnino.
3501 1673 3663 1726 Simi-

2087 1764 2204 1816 liter
2221 1772 2397 1815 autem
2422 1776 2479 1813 su
2505 1760 2718 1815 habebit
2735 1771 2787 1815 et
2816 1762 2865 1815 in
2892 1763 3297 1830 particularihus
3316 1761 3660 1833 syllogismis.

2008 1850 2061 1912 Β
2087 1855 2308 1922 Quando
2337 1862 2512 1908 autem
2544 1853 2699 1908 fuerit
2733 1855 3010 1922 piivativa,
3041 1867 3093 1909 et
3122 1856 3456 1920 universalis,
3479 1867 3529 1910 et
3574 1872 3665 1909 ne<

2086 1948 2341 2009 cessaris,
2381 1952 2595 2013 semper
2632 1948 2734 1999 erit
2772 1946 3139 2016 Syllogismus,
3183 1957 3235 2001 et
3265 1947 3378 2015 ejus
3408 1950 3546 2016 quod
3584 1958 3665 2003 est
3708 1938 3711 1941 ’

2086 2038 2397 2106 contingere
2432 2051 2536 2089 non
2570 2035 2766 2098 inesse,
2807 2047 2859 2089 et
2906 2036 3020 2104 ejus
3050 2037 3190 2106 quod
3219 2047 3300 2091 est
3330 2052 3431 2089 non
3470 2041 3662 2101 inesse,

2087 2128 2477 2181 demonsrratio
2508 2133 2682 2179 autem
2725 2141 2817 2195 per
2857 2126 3283 2180 conversionem.
3318 2126 3539 2192 Quando
3568 2142 3668 2178 au-

2090 2229 2194 2273 tem
2222 2218 2559 2281 afﬁrmativa,
2579 2231 2874 2283 nunquam,
2893 2215 3079 2269 eodem
3103 2224 3279 2269 autem
3306 2216 3464 2268 modo
3488 2226 3668 2267 osten~

2088 2308 2244 2361 detur
2275 2322 2381 2376 quo
2418 2313 2473 2360 et
2512 2306 2564 2359 in
2596 2304 3003 2369 unchrsalibus,
3036 2313 3090 2359 et
3118 2316 3212 2373 per
3238 2305 3452 2358 eosdem
3484 2306 3666 2358 termi~

2091 2414 2211 2453 nos.
2238 2398 2344 2452 Nec
2372 2397 2587 2467 quando
2619 2404 2859 2463 utrasque
2889 2404 3173 2450 sumuntur
3196 2396 3530 2461 alllrmative,
3549 2412 3671 2453 nam

2090 2504 2141 2546 et
2174 2493 2330 2559 hujus
2359 2492 2548 2545 eadem
2580 2491 2986 2555 demouswatio,
3020 2496 3136 2559 qua“:
3160 2498 3219 2543 et
3254 2492 3418 2559 prius.
3448 2491 3670 2557 Quando

2097 2594 2333 2651 utrmque
2362 2582 2575 2653 quidem
2612 2581 2901 2650 privativa‘e,
2932 2580 3246 2634 universalis
3273 2589 3447 2635 autem
3476 2591 3528 2633 et
3580 2594 3672 2633 ne~

2094 2676 2348 2733 cessaria,
2394 2686 2513 2737 qum
2555 2686 2659 2725 non
2701 2673 2877 2724 inesse
2923 2671 3205 2739 signiﬁcat,
3245 2686 3337 2739 per
3372 2685 3430 2723 ea
3459 2671 3673 2738 quidem

2094 2779 2213 2831 qua:
2253 2771 2459 2828 sumpta
2506 2772 2645 2827 sunt,
2683 2778 2787 2815 non
2832 2762 2936 2815 erit
2985 2762 3369 2824 necessarium,
3415 2774 3674 2816 conversa

2095 2866 2273 2908 autem
2306 2852 2597 2908 secundum
2629 2852 2937 2920 coiitingere
2965 2852 3347 2919 propositione,
3379 2853 3479 2904 erit
3507 2852 3675 2919 syllo-

2098 2949 2320 3015 gismus,
2351 2944 2797 3011 quemadmodum
2824 2944 2876 2998 in
2910 2942 3193 3012 prioribus.
3227 2942 3283 2998 Si
3309 2953 3484 2997 autem
3517 2951 3676 2995 utrae-

2098 3055 2200 3105 que
2233 3036 2548 3098 indetinitar,
2582 3035 2660 3088 vel
2706 3035 3053 3104 particularcs
3091 3041 3388 3097 sumantur,
3435 3048 3540 3085 non
3570 3031 3676 3089 erit

2098 3128 2464 3197 syllogismus,
2500 3126 2885 3180 demonstratio
2911 3135 3088 3181 autem
3118 3127 3328 3191 eadem,
3359 3136 3410 3180 et
3434 3140 3528 3194 per
3555 3140 3674 3180 eos-
3718 3160 3721 3163 »

418 3217 899 3324 ganeas}...
924 3217 1317 3325 assa...
1345 3254 1686 3323 pana...
2024 3225 2071 3289 ο
2102 3222 2221 3320 usam
2564 3217 2899 3325 διειπείτεειυιιξ
2942 3218 3098 3325 sane
3126 3232 3190 3273 εκ
3222 3218 3491 3325 pimus
3544 3231 3675 3319 uo-

416 3348 498 3405 Sit
526 3348 863 3417 pradicativa
893 3348 1110 3418 quidem
1141 3347 1465 3408 necessaria,
1493 3344 1658 3397 altera
1684 3354 1862 3396 autem
1888 3342 1995 3410 pri-

417 3443 607 3505 vativa,
629 3450 686 3497 et
711 3440 1047 3509 contingam,
1073 3444 1127 3493 et
1154 3455 1187 3492 a
1216 3437 1244 3490 θ
1273 3435 1548 3504 coiitingat
1578 3434 1729 3499 nulli,
1761 3449 1788 3485 c
1815 3441 1995 3486 autem

418 3536 558 3588 omni
587 3534 715 3588 insit
742 3547 807 3589 ex
838 3534 1185 3594 necessitate,
1208 3530 1285 3584 sic
1304 3544 1432 3599 ergo
1458 3528 1775 3581 habentibus
1803 3540 1860 3580 se
1891 3536 1998 3581 tero

418 3626 597 3691 minis.
628 3624 806 3679 nullus
831 3624 934 3679 erit
960 3624 1330 3694 syllogismus,
1358 3618 1552 3674 accidit
1581 3620 1725 3673 enim
1759 3620 1785 3670 b
1812 3632 1877 3673 ex
1901 3630 1996 3672 ne-

420 3720 665 3773 cessitate
703 3732 810 3771 non
852 3720 1049 3772 inesse.
1103 3716 1181 3771 Sit
1210 3715 1351 3769 enim
1381 3726 1412 3765 α
1442 3711 1658 3781 quidem
1697 3711 1897 3777 album,
1944 3710 1999 3764 in

422 3822 526 3874 quo
574 3816 749 3861 autem
785 3809 837 3870 ο,
871 3806 1059 3868 homo,
1098 3805 1152 3861 in
1198 3818 1303 3873 quo
1353 3818 1477 3857 vero
1511 3817 1559 3865 ε,
1600 3816 1823 3872 cygnus,
1875 3812 2001 3871 ergo

422 3898 604 3952 album
648 3912 829 3966 cygno
865 3897 1082 3964 quidem
1112 3908 1177 3950 ex
1223 3896 1542 3950 necessitate
1590 3895 1747 3961 inest,
1800 3893 2001 3948 homini

425 3996 604 4039 autem
626 3986 883 4053 contingit
911 3985 1067 4048 nulli,
1097 3994 1150 4039 et
1180 3985 1338 4039 homo
1359 3982 1487 4038 nulli
1517 3997 1688 4054 cygno
1713 3997 1781 4037 ex
1812 3998 2001 4037 neces-

429 4079 605 4131 sitate.
648 4076 909 4142 Quoniam
937 4076 1098 4143 igitur
1133 4076 1248 4143 eius
1287 4076 1427 4145 quod
1452 4085 1535 4130 est
1561 4076 1873 4145 contingere
1901 4088 2009 4128 non
2084 4124 2087 4127 .

428 4182 510 4227 est
536 4174 902 4243 syllogismus,
932 4172 1270 4228 ntanil‘estum
1299 4156 1401 4237 est,
1432 4189 1553 4228 nam
1586 4189 1651 4227 ex
1686 4174 2008 4227 necessitate

429 4282 533 4322 non
558 4277 673 4322 erat
695 4269 1029 4337 contingens.
1056 4267 1167 4322 Sed
1196 4277 1371 4322 tamen
1405 4282 1508 4321 non
1543 4266 1852 4327 necessarii.
1885 4278 2009 4318 nam

430 4361 790 4413 necessarium
821 4371 911 4414 aut
939 4374 1005 4415 ex
1038 4360 1273 4427 utrisque
1305 4359 1644 4422 necessariis,
1675 4367 1763 4411 aut
1786 4372 1848 4412 es
1896 4359 2007 4426 pri-

434 4448 605 4502 vativa
649 4451 947 4504 necessaria
984 4450 1349 4517 contingebat.
1397 4450 1637 4518 Amplius
1677 4459 1729 4504 et
1760 4450 2010 4517 possibile

433 4546 516 4593 est
536 4538 599 4592 iis
624 4538 808 4606 positis
825 4544 853 4592 ὁ
878 4542 1053 4595 inesse
1074 4556 1120 4592 ο.
1142 4541 1281 4594 Nihil
1303 4540 1447 4593 enim
1476 4540 1720 4607 prohibet
1742 4557 1770 4592 ε
1793 4540 2008 4608 quidem

2106 3317 2246 3365 nam
2282 3311 2536 3378 privativa
2562 3308 2774 3389 quidem
2807 3308 3123 3365 universalis
3152 3309 3322 3378 posita
3350 3307 3675 3373 necessaria,

2102 3418 2314 3470 semper
2361 3402 2414 3455 iit
2456 3402 2816 3473 syllogismus,
2862 3418 2968 3456 non
3010 3403 3181 3458 solum
3225 3402 3362 3471 eius,
3407 3400 3549 3472 quod
3596 3409 3678 3460 est

2100 3496 2410 3562 contingere
2434 3509 2538 3548 non
2570 3493 2769 3560 inesse,
2791 3493 2885 3549 sed
2912 3502 2969 3549 et
2999 3508 3106 3548 non
3132 3494 3328 3559 inesse,
3359 3492 3679 3548 aliirmativa

2101 3596 2278 3638 autem
2305 3600 2596 3654 nunquam.
2624 3584 2692 3639 Et
2711 3586 2962 3655 quoniam
2987 3585 3176 3642 eodem
3206 3585 3364 3640 modo
3395 3600 3453 3639 se
3478 3584 3681 3639 haben-

2105 3676 2264 3735 tibus,
2316 3685 2367 3729 (ι
2404 3675 2455 3729 in
2488 3676 2823 3741 necessariis,
2866 3684 2921 3731 et
2949 3676 3003 3731 in
3034 3676 3100 3731 iis
3126 3690 3248 3746 quis
3287 3676 3488 3740 insunt,
3530 3675 3584 3728 lit
3624 3682 3679 3729 et

2104 3784 2209 3821 non
2254 3769 2308 3820 lit
2351 3767 2688 3837 syllogismus
2764 3766 2943 3822 Palam
2999 3775 3053 3823 et
3089 3770 3339 3838 quoniam
3384 3767 3680 3837 imperfecti

2103 3873 2290 3912 OllllleS
2321 3865 2446 3911 sunt
2472 3857 2790 3926 syllogismi,
2821 3864 2877 3912 et
2900 3856 3155 3927 quoniam
3182 3872 3370 3913 omnes
3398 3858 3682 3928 perﬁciun-

2107 3959 2191 4003 tur
2217 3963 2311 4018 per
2340 3946 2619 4015 praedictas
2646 3946 2861 4015 ﬁguras.
3424 3956 3427 3959 ‘

2706 4051 2930 4134 eaeor
2967 4068 3106 4134 χιιι.

2181 4171 2255 4226 οε
2277 4172 2584 4243 syllogismis
2612 4186 2673 4225 ea:
2698 4169 2940 4310 antbgbus
2963 4171 3361 4243 contingentibus
3390 4172 3442 4226 in
3471 4174 3618 4227 tertia

2841 4257 2989 4313 gnra.

2185 4356 2239 4410 in
2272 4362 2541 4424 pestrema
2568 4364 2744 4409 autem
2774 4354 2965 4424 ﬁgura,
2992 4364 3046 4411 et
3072 4355 3312 4425 utrisque
3334 4358 3685 4426 contingenli~

2112 4448 2229 4508 bus,
2272 4458 2323 4500 et
2357 4448 2543 4511 altera,
2585 4448 2685 4501 erit
2725 4447 3086 4517 syllogismus.
3120 4447 3340 4514 Quando
3378 4463 3506 4518 ergo
3564 4462 3687 4503 con-

2116 4541 2187 4592 tin
2226 4552 2317 4592 ere
2348 4539 2650 4608 signiﬁcant
2691 4541 3100 4607 prepositiones,
3160 4551 3213 4593 et
3268 4540 3538 4595 conclusio
3587 4542 3689 4599 erit

434 4630 533 4683 sub
575 4603 779 4694 besse,
809 4647 844 4683 α
869 4639 1048 4684 autem
1091 4631 1119 4683 ὁ
1163 4630 1377 4698 quidem
1415 4603 1558 4683 omni
1606 4603 1938 4697 contingere,
1984 4643 2011 4680 ο
2038 4603 2095 4665 υ
2116 4603 2445 4695 contingens.
2479 4629 2543 4682 Et
2568 4603 2933 4695 q'uando'haec
2958 4628 3170 4697 quidem
3222 4633 3550 4701 contingere,
3604 4634 3691 4691 illa

435 4736 563 4775 vero
604 4736 672 4777 ex
701 4722 1026 4776 necessitate
1052 4721 1248 4785 inesse,
1279 4731 1332 4772 ut
1361 4719 1429 4772 sit
1458 4717 1672 4786 quidem
1698 4734 1725 4769 c
1752 4718 1951 4786 vigilia,
1983 4716 2014 4769 ι

436 4823 612 4868 autem
644 4814 863 4877 animal.
898 4814 953 4866 in
980 4826 1087 4881 qua
1117 4822 1294 4865 autem
1326 4828 1356 4863 a
1385 4819 1579 4863 motus.
1618 4811 1746 4863 Nam
1779 4810 2013 4878 vigilanti

424 4903 648 4971 quidem
692 4920 755 4958 es
796 4904 1114 4960 necessitate
1154 4905 1291 4956 inest
1339 4912 1532 4965 motus,
1576 4902 1787 4953 animali
1837 4909 2017 4954 autem

440 4996 566 5047 nulli
590 4994 877 5063 contingit,
909 5003 963 5049 et
989 5009 1147 5047 nume
1171 4994 1396 5060 vigilans
1426 4996 1640 5046 animal.
1678 4992 2013 5045 Manifestum

440 5100 565 5151 ergo
586 5086 834 5152 quoniam
864 5100 968 5138 non
989 5085 1104 5153 ejus
1129 5085 1269 5152 quod
1292 5095 1374 5139 est
1399 5101 1500 5137 non
1530 5087 1725 5147 inesse,
1752 5085 2019 5154 siquidem

441 5178 515 5229 sic
540 5191 600 5231 se
632 5177 950 5232 habentibus
980 5179 1241 5239 tenuius,
1272 5191 1490 5231 necesse
1520 5189 1597 5229 est
1629 5179 1821 5241 inesse,
1848 5190 2021 5244 neque

441 5277 615 5319 autem
657 5270 1018 5335 «‘ppositarum
1050 5267 1488 5329 afﬁrmationum,
1528 5282 1691 5333 quare
1718 5269 1889 5321 nullus
1918 5269 2025 5323 erit

441 5359 800 5428 syllogismus.
846 5359 1102 5415 Similiter
1143 5368 1317 5411 autem
1365 5358 1696 5421 ostendetur,
1729 5368 1780 5409 et
1827 5374 1856 5410 e
1895 5372 2023 5410 con-

442 5464 600 5504 verso
637 5450 805 5515 posita
835 5448 1169 5504 allirmativa.
1285 5459 1459 5503 autem
1492 5449 1681 5502 similis
1709 5452 1887 5517 ligurar
1916 5449 2021 5504 sint

443 5539 865 5608 propositiones,
895 5555 1017 5593 cum
1059 5540 1327 5605 privativa!
1377 5542 1503 5600 sint,
1534 5554 1745 5605 semper
1775 5539 2019 5607 lit'syllo-

442 5634 674 5703 gismus.
697 5646 955 5686 cenversa
982 5632 1271 5685 secundum
1297 5634 1606 5698 contingere
1639 5632 2019 5700 propositione,

444 5722 898 5795 quemadmodum
943 5725 996 5775 in
1040 5723 1321 5788 prioribus.
1365 5724 1419 5776 Si
1468 5734 1717 5781 sumatur
1752 5724 1893 5777 enim
1926 5742 1957 5776 α
1993 5728 2022 5776 ο

448 5821 666 5895 quidem
682 5836 753 5879 ex.
774 5819 1094 5877 necessitate
1119 5832 1222 5872 non
1253 5820 1449 5886 inesse,
1472 5837 1500 5875 ο
1519 5831 1693 5876 autem
1716 5823 2025 5892 contingere

2120 4736 2243 4777 vero
2267 4723 2461 4786 inesse,
2497 4736 2522 4773 s
2546 4717 2744 4773 militer
2769 4720 2869 4773 erit
2887 4720 3244 4790 syllogi~mus.
3272 4724 3491 4787 Quando
3516 4732 3691 4781 autem

2118 4814 2281 4867 altera
2312 4810 2523 4880 ponitur
2556 4809 2875 4875 neces~aria,
2914 4810 2961 4863 si
3011 4810 3319 4864 allirmativa
3348 4813 3555 4879 quidem
3586 4828 3692 4867 non

2117 4904 2216 4958 erit
2239 4903 2533 4967 conclusio,
2562 4902 3101 4969 ueque'necess'aria,
3160 4917 3329 4972 neque
3388 4905 3580 4960 inesse.
3636 4904 3695 4962 Si

2118 5008 2290 5052 autem
2316 4998 2591 5068 privativa,
2615 4994 2728 5063 ejus
2758 4994 2896 5065 quod
2920 5005 2998 5050 est
3024 4998 3317 5051 noninesse
3337 4997 3699 5068 eritsyllogis-

2126 5105 2263 5157 mus,
2318 5067 2764 5159 quemadmodum
2792 5086 2845 5141 in
2895 5074 3196 5157 prioribus.
3237 5087 3562 5143 Sumendum
3603 5105 3694 5143 au.

2124 5190 2297 5235 temet
2327 5181 2486 5234 'mhis
2529 5180 2792 5243 similiter,
2848 5178 2987 5249 quod
3032 5188 3115 5233 est
3170 5181 3220 5233 in
3268 5180 3697 5234 conclusionibus

2122 5274 2338 5341 coming
2374 5289 2454 5326 ns.
2490 5272 2605 5327 Sint
2635 5284 2761 5340 ergo
2787 5271 3011 5340 primum
3041 5273 3426 5341 contingentes,
3458 5282 3511 5325 et
3539 5289 3568 5324 a
3598 5271 3697 5325 eti

2125 5372 2249 5419 cont
2274 5375 2427 5431 ngam
2463 5365 2611 5417 omni
2640 5380 2664 5415 ι’
2694 5366 2886 5429 inesse,
2920 5363 3168 5432 quoniam
3204 5377 3332 5433 ergo
3368 5363 3698 5419 convertitur

2126 5456 2438 5509 aliirm‘a‘tiva
2473 5455 2873 5523 particulaiiter,
2901 5452 2928 5507 ὁ
2954 5459 3132 5508 autem
3180 5456 3322 5509 Omni
3352 5472 3380 5508 c
3412 5456 3693 5527 contingit.

2124 5561 2174 5602 et
2199 5565 2225 5599 ε
2252 5549 2409 5601 alicui
2439 5548 2466 5599 ὁ
2493 5550 2765 5615 contingit,
2791 5550 2955 5614 quare
2978 5545 3021 5598 si
3046 5560 3078 5598 a
3106 5546 3315 5613 quidem
3345 5550 3487 5601 omni
3515 5564 3542 5601 c
3567 5550 3699 5603 cono'

2126 5638 2297 5706 tingit,
2329 5653 2355 5690 ε
2379 5648 2550 5691 auten
2582 5638 2735 5689 alieni
2774 5634 2821 5697 ὁ,
2875 5640 2929 5690 et
2964 5652 2993 5687 a
3039 5630 3195 5689 alicui
3243 5634 3271 5689 ὁ
3310 5638 3588 5709 contingit,
3640 5639 3699 5695 iit

2127 5732 2263 5781 enim
2300 5728 2460 5794 prima
2490 5728 2670 5796 ﬁgura.
2717 5727 2779 5781 Et
2804 5729 2848 5781 si
2879 5736 2910 5779 α
2949 5726 3159 5797 quidem
3205 5730 3463 5801 contingit
3512 5731 3640 5787 nulli
3670 5747 3698 5787 ϐ

2128 5822 2323 5886 inesse,
2355 5820 2382 5875 θ
2414 5826 2589 5880 autem
2616 5818 2763 5879 omni
2788 5834 2814 5873 ο
2838 5821 3133 5895 contingat,
3170 5830 3389 5884 necesse
3417 5833 3499 5883 est
3546 5836 3579 5882 α
3600 5823 3699 5884 all.
