4296 6266
585 355 687 413 663

1817 356 1944 410 AN.‘
1964 354 2168 410 MANL.
2214 349 2363 410 SEV.
2408 347 2626 407 BOETII

3744 354 3850 410 664-

579 477 665 530 cui
697 475 724 529 b
764 484 1069 545 contingere
1096 487 1199 528 non
1234 471 1431 538 inesse,
1456 473 1557 527 erit
1586 472 1729 527 enim
1753 486 1965 527 rursum
1998 473 2169 541 prima
2197 469 2248 529 Α
2275 485 2306 520 a
2332 468 2478 522 omni
2503 483 2528 520 c
2552 481 2618 521 ει
2640 466 2959 523 necessitate
3003 467 3179 522 inerit.
3214 465 3326 521 Hoc
3352 474 3526 522 autem
3578 475 3848 524 ostensum

579 567 744 638 ﬁgura
776 583 870 635 per
891 565 1314 619 conversionem.
1345 564 1398 619 Si
1422 573 1596 618 autem
1629 573 1864 632 utrmque
1894 561 2165 631 privativa:

576 669 867 729 ponantur,
896 673 961 712 ex
1003 658 1083 712 his
1112 658 1323 727 quidem
1353 674 1471 728 quze
1496 667 1707 727 sumpta
1737 666 1862 712 sunt
1902 672 2005 710 non
2065 658 2166 710 erit

575 751 966 816 necessarium,
1035 749 1308 804 conversis
1359 756 1534 804 autem
1586 746 2039 818 propositionibus
2064 746 2166 801 erit

575 842 941 912 syllogismus,
973 839 1423 910 quemadmodum
1479 842 1531 896 in
1555 840 1846 910 prioribus.
1876 840 1928 894 Si
1959 839 2101 894 enim
2133 854 2165 891 a

575 941 630 988 et
654 933 681 986 b
713 934 1029 1003 contingunt
1055 950 1081 986 ε
1112 948 1216 988 non
1235 933 1432 1000 inesse,
1464 934 1506 990 si
1541 941 1926 988 transmutatur
1953 933 2165 986 coutin-

575 1041 705 1096 gere
729 1043 835 1082 non
863 1027 1055 1089 inesse,
1091 1040 1300 1080 rursum
1317 1025 1419 1081 erit
1448 1027 1616 1095 prima
1640 1027 1805 1095 ﬁgura
1826 1040 1920 1094 per
1941 1039 2166 1080 conver-

572 1119 806 1173 sionem.
830 1119 885 1174 Si
909 1127 1087 1173 autem
1115 1119 1198 1172 hic
1217 1119 1432 1188 quidem
1455 1119 1804 1174 terminorum
1831 1130 1914 1174 est
1944 1118 2162 1172 univer-

573 1211 721 1277 salis,
752 1211 840 1265 ille
863 1226 994 1266 vero
1020 1211 1377 1280 particularis,
1401 1213 1590 1267 eodem
1621 1214 1780 1268 modo
1825 1229 1885 1268 se
1920 1214 2165 1270 habenti-

572 1302 674 1356 bus
704 1303 942 1356 tcrminis
975 1319 1080 1372 quo
1104 1304 1299 1368 inesse,
1334 1313 1388 1358 et
1417 1305 1537 1369 erit,
1567 1315 1616 1361 et
1662 1321 1765 1360 non
1797 1306 1898 1360 crit
1925 1306 2165 1376 syllogis-

572 1408 716 1448 mus.
773 1395 1057 1462 Contingat
1089 1395 1230 1448 cnim
1253 1412 1283 1447 α
1305 1396 1518 1464 quidem
1545 1397 1691 1450 omni
1718 1413 1764 1459 c,
1807 1397 1834 1449 b
1863 1405 2041 1452 autem
2065 1399 2161 1453 ali-

574 1486 657 1538 cui
688 1503 713 1538 e
747 1487 942 1549 inesse,
975 1488 1077 1540 erit
1105 1501 1233 1554 ergo
1264 1502 1476 1541 rursum
1519 1489 1686 1556 prima
1720 1488 1886 1558 ﬁgura
1932 1489 2162 1556 particu-

573 1577 670 1630 lari
701 1579 1064 1646 propositione
1090 1593 1370 1644 conversa,
1401 1595 1534 1648 nam,
1553 1581 1596 1634 si
1623 1599 1654 1634 a
1683 1582 1827 1636 omni
1857 1598 1902 1647 ο,
1929 1600 1956 1635 c
1983 1593 2159 1638 autem

573 1667 728 1722 alicui
755 1671 802 1731 ὁ,
834 1677 886 1722 et
914 1685 944 1722 a
973 1669 1128 1722 alicui
1153 1670 1180 1722 b
1208 1670 1487 1739 contingit.
1523 1669 1590 1724 Et
1622 1671 1668 1726 si
1698 1671 1762 1725 ad
1794 1673 1822 1726 ὸ
1871 1689 1896 1727 c
1937 1685 2162 1742 ponatur

574 1761 891 1825 universale,
924 1761 1188 1815 similiter.
1219 1761 1480 1816 Similiter
1519 1773 1697 1817 autem
1734 1773 1786 1818 et
1836 1765 1877 1818 si
1909 1782 1939 1817 a
1969 1781 1996 1818 c
2045 1768 2161 1834 qui-

574 1852 692 1906 dem
720 1852 974 1920 privativa
1006 1855 1074 1906 sit
1101 1896 1113 1917 ,
1155 1853 1183 1906 b
1212 1869 1238 1905 c
1267 1864 1443 1908 autem
1475 1853 1813 1919 afﬁrmativa,
1864 1857 1967 1910 erit
1996 1873 2159 1913 unum
2194 1854 2242 1913 B

573 1959 784 1998 rubum
836 1947 1000 2014 prima
1071 1946 1236 2014 ﬁgura
1281 1960 1376 2015 per
1415 1947 1848 2012 conversionem,
1897 1950 1941 2003 si
1985 1959 2160 2006 autem

574 2044 813 2104 utraeque
845 2037 1120 2104 privativa:
1145 2045 1431 2106 ponantur,
1457 2037 1573 2093 haec
1589 2039 1806 2108 quidem
1850 2041 2164 2096 univerSali-

574 2139 676 2194 ter,
711 2131 798 2182 illa
831 2145 957 2185 vero
983 2133 1394 2199 particulariter,
1423 2147 1518 2202 per
1539 2149 1598 2187 ea
1624 2133 1840 2202 quidem
1875 2150 1993 2203 quae
2017 2151 2167 2190 sum-

575 2232 662 2290 pta
693 2233 818 2277 sunt
841 2239 946 2278 non
973 2225 1077 2278 erit
1103 2225 1466 2295 syllogismus,
1505 2229 1779 2282 conversis
1821 2237 1996 2282 autem
2050 2244 2167 2297 pro-

577 2317 927 2383 positionibus
967 2319 1540 2388 eritquemadmodum
1580 2321 1629 2375 in
1667 2321 1951 2390 prioribus.
1988 2322 2168 2388 Quan-

579 2408 646 2459 do
692 2419 868 2463 autem
926 2418 1164 2480 utrmque
1209 2411 1501 2466 indeﬁnitaa
1554 2413 1635 2468 vel
1681 2414 2030 2482 particulares
2077 2430 2167 2469 su-

579 2513 816 2568 muntur,
860 2518 964 2557 non
997 2507 1100 2558 er‘t
1123 2506 1484 2575 syllogismus,
1517 2507 1715 2562 etenim
1768 2523 1987 2564 necesse
2032 2519 2115 2564 est
2138 2529 2168 2564 α

581 2593 722 2646 omni
745 2594 793 2655 Ι),
823 2603 876 2647 et
903 2595 1029 2648 nulli
1055 2596 1251 2651 inesse.
1269 2596 1506 2652 Termini
1529 2599 1725 2664 inesse,
1748 2600 1964 2666 animal,
1985 2601 2166 2665 homo,

584 2683 758 2737 album
798 2702 807 2734 :
855 2701 959 2739 non
993 2686 1186 2751 inesse,
1230 2702 1420 2755 equus,
1467 2688 1658 2752 homo,
1691 2690 1926 2744 medium
1964 2691 2162 2747 album.

1187 2801 1418 2858 CAPUT
1456 2804 1574 2858 XX.

765 2896 945 2950 Mixtio
961 2898 1294 2966 contingentis
1318 2907 1363 2952 et
1379 2898 1541 2953 inesse
1561 2899 1615 2951 in
1637 2901 1783 2953 tertia
1803 2901 1988 2973 ﬁgura.

654 2989 708 3043 Si
746 2999 920 3056 autem
953 2989 1066 3043 haec
1094 2990 1309 3060 quidem
1365 2992 1788 3060 propositionum
1837 2996 2037 3063 inesse,
2081 2997 2166 3050 illa

585 3092 759 3134 autem
783 3083 1093 3152 contingere
1139 3083 1422 3150 signiﬁcet,
1479 3085 1754 3140 conclusio
1801 3087 2016 3155 quidem
2066 3089 2169 3142 erit

586 3175 831 3240 quoniam
849 3175 1124 3244 contingit,
1147 3184 1200 3229 et
1226 3190 1329 3230 non
1354 3175 1599 3244 quoniam
1637 3182 1796 3243 inest,
1827 3179 2170 3248 syllogismus

584 3275 758 3320 autem
779 3267 1087 3322 eriteodem
1122 3267 1281 3322 modo
1311 3282 1369 3322 se
1407 3268 1724 3323 habentibus
1773 3270 2035 3334 terminis,
2063 3285 2168 3339 quo

586 3366 640 3409 et
668 3357 718 3408 in
751 3359 1036 3424 prioribus.
1066 3359 1186 3413 Sint
1215 3361 1355 3413 enim
1394 3361 1622 3428 primum
1652 3359 2028 3428 prmdicativze,
2061 3369 2114 3413 et
2141 3377 2174 3411 α

587 3443 799 3510 quidem
820 3446 965 3498 omni
995 3463 1020 3498 c
1051 3448 1198 3510 insit,
1229 3448 1256 3499 ὸ
1289 3457 1466 3501 autem
1499 3449 1642 3503 omni
1671 3465 1696 3501 c
1717 3450 2012 3517 contingat,
2045 3463 2172 3502 con—

588 3549 738 3588 versa
759 3550 884 3604 ergo
906 3538 932 3587 b
959 3553 985 3587 c
1009 3539 1108 3590 erit
1133 3538 1300 3605 prima
1328 3538 1511 3608 ﬁgura,
1539 3550 1594 3595 et
1619 3539 1893 3595 conclusio
1923 3541 2169 3609 quoniam

588 3627 847 3695 contingit
875 3643 906 3678 a
927 3626 1082 3681 alicui
1111 3631 1138 3680 b
1170 3628 1370 3694 inesse,
1404 3645 1523 3684 cum
1553 3633 1694 3685 enim
1724 3631 1890 3684 altera
1932 3631 2173 3699 proposi-

588 3716 791 3768 tionmn
810 3716 1044 3784 inprima
1069 3718 1234 3787 ﬁgura
1260 3721 1578 3788 signiﬁcabit
1607 3721 1938 3790 contingere,
1965 3728 2018 3774 et
2046 3734 2174 3774 con-

589 3807 758 3860 clusio
775 3810 876 3861 erit
889 3809 1222 3878 contingens.
1238 3811 1494 3867 Similiter
1508 3823 1683 3868 autem
1699 3821 1753 3866 et
1773 3813 1813 3865 si
1839 3813 1866 3864 b
1906 3829 1931 3864 ε
1961 3812 2172 3880 quidem

588 3899 786 3960 inesse,
817 3917 846 3951 a
878 3916 902 3951 ε
931 3910 1104 3954 autem
1138 3904 1399 3973 contingit
1427 3906 1619 3959 inesse.
1656 3904 1721 3957 Et
1747 3904 1790 3956 si
1826 3919 1857 3955 α
1886 3921 1912 3954 «τ
1958 3903 2172 3972 quidem

587 3989 872 4059 privativa,
900 3992 927 4043 b
955 4008 980 4044 ε
1032 4001 1206 4048 autem
1243 3995 1601 4064 prmdicativa,
1636 3995 1763 4048 insit
1798 4004 1975 4049 autem
2015 3995 2176 4049 alter-

587 4093 700 4135 irra
735 4085 1000 4152 utrinque,
1028 4086 1346 4155 contingens
1376 4087 1787 4152 eritconclusio,
1813 4087 1866 4140 ﬁt
1897 4087 2038 4141 enim
2065 4103 2178 4142 rur-

584 4189 702 4226 sum
737 4175 902 4242 prima
929 4175 1115 4245 ﬁgura.
1150 4177 1435 4230 OStensum
1477 4186 1558 4230 est
1587 4189 1763 4231 autem
1822 4179 2071 4246 quoniam
2129 4179 2173 4232 si

585 4265 746 4318 altera
768 4267 1060 4334 pr0p053li0
1089 4267 1352 4333 signiﬁcet
1371 4268 1684 4335 contingere
1712 4270 1761 4321 in
1787 4273 1954 4336 prima
1983 4271 2170 4338 ﬁgura,

585 4367 636 4410 et
666 4359 938 4412 conclusio
990 4357 1092 4410 erit
1146 4360 1483 4424 contingens.
1539 4358 1594 4411 Si
1635 4368 1810 4410 autem
1856 4362 2172 4428 contingens

585 4448 836 4513 privativa
864 4457 1090 4516 ponatur
1116 4447 1182 4500 ad
1207 4447 1468 4500 minorem
1521 4447 1939 4511 extremitatem,
1999 4450 2081 4501 vel
2128 4448 2171 4502 si

585 4550 812 4607 utraque
843 4551 1066 4607 [intratur
1091 4540 1373 4609 privativa,
1402 4555 1494 4607 per
1511 4555 1572 4592 ea
1597 4540 1812 4609 quidem
1837 4555 1956 4608 qua:
1999 4542 2169 4611 posita

585 4639 710 4682 sunt
738 4646 839 4683 non
854 4634 954 4686 erit
974 4634 1338 4703 syllogismus,
1353 4635 1628 4688 conversis
1645 4642 1820 4688 autem
1847 4636 1966 4700 erit,
1985 4651 2175 4703 quem-

583 4722 869 4777 admodum
918 4733 972 4778 et
1023 4726 1075 4779 in
1123 4726 1411 4794 prioribus.
1465 4726 1522 4782 Si
1567 4734 1741 4780 autem
1797 4727 1910 4780 hmc
1960 4727 2170 4796 quidem

583 4815 1004 4882 propositionum
1033 4817 1102 4870 sit
1141 4817 1478 4880 universalis,
1519 4817 1603 4870 illa
1661 4831 1786 4872 vero
1813 4818 2168 4884 particularis,

583 4906 824 4974 utrisque
851 4907 1061 4975 quidem
1089 4909 1466 4976 praedicativis,
1501 4919 1592 4962 aut
1640 4909 1924 4962 universali
1956 4909 2172 4977 quidem

582 4995 869 5064 privativa,
910 4998 1218 5066 partienlari
1283 5008 1462 5052 autem
1522 4999 1858 5060 al‘ﬁrmativa,
1893 4999 2032 5051 idem
2059 5015 2174 5052 mo-

582 5091 683 5142 dus
709 5092 810 5144 erit
835 5091 1288 5158 syllogismorum,
1319 5102 1508 5142 omnes
1538 5087 1679 5140 enim
1730 5087 2050 5141 clauduntur
2081 5103 2175 5156 per

584 5183 1079 5251 primamﬁguram.
1127 5181 1304 5247 Quare
1361 5180 1704 5236 manifestum
1759 5181 2010 5249 quoniam
2063 5180 2176 5249 ejus

581 5274 724 5341 quod
749 5273 1184 5342 estcontingere,
1235 5281 1288 5326 et
1335 5287 1443 5326 non
1490 5270 1606 5339 ejus
1651 5270 1793 5340 quod
1838 5280 1922 5325 est
1977 5271 2174 5339 inesse,

579 5367 686 5417 erit
715 5364 1078 5434 syllogismus.
1098 5365 1152 5419 Si
1183 5373 1356 5419 autem
1380 5361 1694 5416 afﬁrmativa
1715 5361 1931 5431 quidem
1959 5363 2177 5418 univer-

583 5455 734 5519 salis,
770 5457 1027 5524 privativa
1058 5466 1236 5512 autem
1292 5455 1644 5525 particularis,
1697 5470 1790 5524 per
1845 5455 2174 5526 impossibile

584 5555 688 5609 erit
714 5555 1121 5610 demonstratio.
1161 5555 1289 5608 Insit
1309 5555 1451 5608 enim
1474 5553 1502 5606 ὸ
1530 5551 1743 5622 quidem
1765 5554 1909 5606 omni
1938 5568 1984 5616 c,
2015 5569 2046 5605 a
2074 5568 2171 5607 au-

585 5655 692 5700 tem
721 5649 990 5717 contingat
1016 5647 1172 5703 alicui
1198 5665 1224 5699 ε
1250 5663 1354 5702 ηοη
1402 5648 1592 5709 inesse,
1628 5659 1850 5700 necesse
1883 5652 1965 5700 est
1985 5659 2112 5712 ergo
2141 5660 2174 5695 α

589 5735 747 5787 alieni
778 5739 805 5787 b
829 5739 1143 5805 contingere
1171 5752 1276 5792 non
1305 5739 1501 5800 inesse,
1527 5751 1647 5791 nam
1677 5737 1720 5790 si
1749 5736 1892 5790 omni
1917 5737 1943 5787 b
1973 5735 2109 5788 inest
2141 5750 2172 5785 a

591 5836 661 5880 ex
693 5827 1033 5890 necessitate,
1067 5831 1095 5879 ὸ
1125 5837 1303 5882 autem
1355 5828 1498 5883 omni
1528 5843 1553 5879 c
1584 5827 1814 5896 positum
1855 5835 1936 5880 est
1976 5826 2170 5887 inesse,

2269 569 2351 614 est
2407 561 2573 628 prius,
2641 560 2735 614 sed
2791 560 3022 629 positum
3049 567 3131 614 est
3184 559 3341 614 alicui
3392 561 3697 630 contingere
3745 576 3849 616 non

2271 651 2469 706 inesse.
2521 650 2743 717 Quando
2800 661 2980 706 autem
3024 651 3331 718 indeﬁnitae,
3386 651 3468 706 vel
3507 653 3854 721 particularcs

2270 751 2554 798 sumuntur
2579 751 2842 813 utraeque,
2872 758 2978 797 non
3008 743 3111 798 erit
3135 744 3494 813 syllogismus,
3523 744 3854 799 demonstra;

2268 835 2344 890 tio
2363 847 2538 890 autem
2572 834 2756 891 eadem
2780 849 2898 905 quae
2927 844 2980 889 et
3010 835 3061 888 in
3109 835 3369 891 universis
3416 845 3470 890 et
3503 851 3596 906 per
3636 836 3853 891 eosdem

2268 928 2546 983 terminos.

2872 1041 3095 1097 CAPUT
3132 1039 3272 1097 XXI.

2369 1131 2555 1187 Mixtio
2576 1133 2843 1187 necessarii
2875 1141 2920 1187 et
2949 1133 3280 1204 contingenti:
3300 1132 3350 1187 in
3372 1133 3515 1187 tertia
3537 1133 3725 1203 ﬁgura.

2339 1242 2392 1298 Si
2416 1252 2593 1300 autem
2616 1253 2699 1299 est
2716 1243 2830 1298 haec
2853 1243 3064 1311 quidem
3089 1245 3505 1312 pr0positionum
3525 1247 3850 1312 necessaria,

2270 1335 2359 1390 illa
2384 1351 2516 1392 vero
2544 1334 2880 1405 contingens,
2910 1337 2953 1390 si
2986 1335 3309 1405 praedicativi
3337 1336 3550 1406 quidem
3572 1347 3696 1391 sunt
3743 1345 3848 1392 ter»

2267 1427 2419 1492 mini,
2444 1441 2655 1496 semper
2678 1426 2794 1494 ejus
2839 1425 2980 1496 quod
3022 1435 3103 1481 est
3147 1426 3456 1497 contingere
3478 1427 3579 1482 erit
3603 1427 3854 1498 syllogis.

2266 1534 2404 1574 mus.
2440 1517 2665 1586 Quando
2693 1526 2870 1573 autem
2885 1517 3046 1573 fuerit
3093 1517 3178 1573 hic
3205 1518 3416 1587 quidem
3456 1519 3850 1587 praedicativus,

2268 1609 2359 1663 ille
2389 1616 2570 1663 autem
2602 1608 2917 1677 privativus,
2957 1609 3002 1662 si
3024 1609 3095 1662 sit
3145 1606 3495 1663 afﬁrmativus
3519 1609 3730 1678 quidem
3763 1627 3851 1666 ne-

2265 1698 2556 1763 cessarius,
2579 1698 2695 1766 ejus
2722 1699 2825 1754 erit
2853 1695 2993 1768 quod
3015 1707 3096 1753 est
3117 1700 3425 1770 contingere
3457 1717 3561 1755 non
3586 1702 3780 1768 inesse,
3807 1701 3854 1758 si

2267 1797 2443 1843 autem
2476 1787 2787 1858 privativus,
2831 1796 2887 1843 et
2912 1788 3028 1857 ejus
3068 1789 3210 1856 quod
3259 1799 3339 1844 est
3389 1791 3700 1861 contingere
3746 1808 3852 1846 non

2270 1881 2468 1948 inesse,
2501 1882 2685 1950 etejus
2713 1881 2854 1951 quod
2871 1889 2953 1936 est
2981 1895 3084 1935 non
3116 1881 3325 1946 inesse;
3357 1883 3472 1952 ejus
3501 1892 3676 1938 autem
3707 1885 3850 1954 quod

2268 1982 2351 2028 est
2375 1987 2443 2028 ex
2475 1974 2794 2030 necessitate
2821 1988 2924 2028 non
2978 1975 3155 2030 inesse
3209 1990 3314 2029 non
3345 1976 3446 2030 erit
3487 1977 3842 2048 syllogismus,

2269 2065 2722 2134 quemadmodum
2755 2077 2807 2121 et
2835 2067 2886 2119 in
2915 2066 3032 2120 aliis
3060 2065 3263 2136 ﬁguris.
3287 2065 3404 2122 Sint
3435 2082 3563 2136 ergo
3593 2069 3850 2136 praedica-

2271 2159 2363 2213 tivi
2389 2159 2600 2214 termini
2629 2160 2880 2229 primum,
2914 2167 2969 2214 et
2992 2176 3022 2212 a
3051 2175 3078 2212 c
3107 2159 3322 2228 quidem
3350 2161 3492 2215 omni
3526 2161 3650 2215 insit
3671 2176 3735 2216 ex
3761 2177 3851 2218 ne-

2269 2251 2543 2316 cessitate,
2575 2251 2603 2302 b
2625 2259 2798 2304 autem
2831 2249 2974 2303 omni
3002 2267 3028 2302 c
3053 2251 3324 2320 contingat
3373 2252 3570 2314 inesse,
3599 2253 3851 2321 quoniam

2270 2356 2398 2410 ergo
2423 2359 2455 2394 a
2482 2341 2629 2394 omni
2655 2357 2682 2393 c
2703 2341 3008 2396 necessario
3033 2341 3191 2405 inest,
3221 2355 3249 2393 ε
3271 2346 3446 2395 autem
3477 2341 3634 2396 alicui
3662 2343 3690 2394 b
3721 2357 3848 2396 con-

2271 2433 2452 2499 tingit,
2482 2439 2536 2486 et
2565 2448 2595 2484 a
2622 2430 2778 2484 alicui
2801 2433 2827 2484 b
2848 2429 3163 2499 contingens
3189 2429 3312 2495 erit,
3344 2439 3397 2485 et
3427 2444 3536 2485 non
3558 2431 3734 2498 inerit,
3771 2433 3849 2487 sic

2271 2526 2412 2581 enim
2441 2525 2635 2579 accidit
2662 2525 2714 2577 in
2749 2525 2914 2592 prima
2951 2523 3137 2592 ﬁgura.
3177 2522 3436 2578 Similiter
3457 2531 3636 2578 autem
3666 2531 3850 2579 osten-

2273 2619 2451 2683 detur,
2483 2627 2535 2671 et
2560 2617 2604 2672 si
2634 2617 2661 2668 b
2683 2633 2708 2670 c
2737 2615 2951 2684 quidem
2975 2624 3204 2684 ponatur
3221 2615 3546 2679 necessaria,
3573 2632 3603 2668 a
3622 2630 3649 2666 c
3675 2623 3853 2669 autem

2273 2709 2608 2775 contingens.
2637 2705 2868 2759 Rursum
2902 2705 2972 2759 sit
3015 2704 3115 2758 hoc
3166 2703 3380 2773 quidem
3434 2702 3852 2772 prazdicativum,

2274 2799 2403 2852 illud
2433 2812 2558 2852 vero
2585 2796 2921 2865 privativum,
2970 2795 3328 2850 necessarium
3367 2802 3544 2849 autem
3598 2795 3858 2864 pradicaa

2278 2889 2464 2952 tivum,
2497 2895 2552 2941 et
2580 2903 2610 2939 a
2636 2886 2852 2956 quidem
2878 2884 3152 2954 contingat
3177 2885 3304 2939 nulli
3336 2900 3365 2938 ε
3393 2886 3592 2950 inesse,
3621 2886 3648 2937 ὸ
3679 2897 3858 2941 atem

2275 2981 2419 3032 omni
2453 2980 2578 3032 insit
2608 2994 2672 3033 ex
2701 2979 3019 3033 necessitate
3048 2993 3096 3040 c,
3123 2978 3224 3031 erit
3245 2991 3372 3046 ergo
3423 2991 3633 3032 rursum
3688 2980 3858 3047 prima

2277 3071 2460 3139 ﬁgura,
2503 3079 2557 3124 ct
2583 3069 2853 3123 conclusio
2875 3069 3208 3136 contingens,
3236 3067 3330 3123 sed
3367 3081 3472 3122 non
3502 3067 3696 3122 inesse.
3727 3067 3861 3124 Nam

2276 3163 2534 3232 privativa
2565 3162 2862 3231 propositio
2879 3161 3187 3228 contingere
3205 3159 3491 3228 signiﬁcat.
3525 3158 3860 3216 Manifestum

2280 3263 2364 3309 est
2414 3255 2574 3323 igitur
2623 3255 2872 3323 quoniam
2903 3251 3174 3306 conclusio
3203 3251 3308 3305 erit
3345 3252 3695 3320 contingens;
3739 3267 3862 3306 cum

2281 3351 2422 3405 enim
2446 3353 2523 3406 sic
2545 3367 2603 3405 se
2635 3351 2897 3405 habebant
2928 3349 3318 3420 propositiones
3371 3350 3422 3404 in
3476 3351 3641 3418 prima
3672 3349 3855 3418 ﬁgura,

2281 3451 2335 3496 et
2385 3441 2659 3494 conclusio
2688 3449 2804 3493 erat
2824 3441 3158 3508 contingens.
3189 3438 3243 3494 Si
3270 3447 3445 3493 autem
3474 3438 3731 3507 privativa
3790 3439 3856 3495 sit

2285 3531 2573 3600 propositio
2627 3529 2949 3589 necessaria.
3009 3537 3062 3583 et
3119 3528 3387 3585 conclusio
3435 3529 3552 3594 erit,
3606 3529 3857 3597 quoniam

2282 3620 2539 3688 contingit
2562 3621 2716 3674 alicui
2746 3636 2849 3673 non
2881 3621 3077 3684 inesse,
3120 3629 3173 3674 et
3217 3617 3464 3688 quoniam
3501 3633 3607 3673 non
3661 3619 3857 3676 inesse.

2284 3711 2514 3764 Ponatur
2540 3710 2680 3764 enim
2712 3728 2742 3762 a
2772 3724 2875 3764 non
2910 3710 3088 3765 inesse
3107 3726 3156 3773 c,
3187 3724 3250 3765 ex
3265 3709 3602 3774 necessitate,
3628 3711 3656 3763 ὁ
3679 3719 3859 3767 autem

2284 3803 2426 3856 omni
2456 3819 2480 3854 ε
2507 3801 2837 3870 contingere,
2866 3815 3124 3857 conversa
3141 3815 3269 3872 ergo
3292 3801 3320 3855 ό
3349 3818 3376 3856 c
3396 3801 3732 3870 alﬁrmativa,
3754 3803 3857 3873 pri-

2284 3915 2366 3953 ma
2397 3900 2498 3954 erit
2545 3900 2730 3968 ﬁgura,
2798 3910 2850 3955 et
2902 3901 3200 3956 necessaria
3252 3902 3510 3971 privativa
3550 3904 3859 3973 propositio.

2278 3993 2412 4047 Cum
2436 4004 2611 4048 autem
2634 3993 2711 4046 sic
2728 4007 2788 4047 se
2810 3993 3073 4048 habebant
3099 3995 3510 4064 propositiones,
3533 3996 3808 4051 accidebat
3831 4011 3862 4048 a

2282 4098 2336 4141 ct
2361 4089 2671 4157 contingere
2699 4087 2855 4141 alicui
2877 4104 2903 4140 c
2925 4101 3026 4142 non
3053 4089 3250 4154 inesse,
3273 4096 3326 4144 et
3351 4103 3459 4144 non
3477 4090 3677 4155 inesse,
3705 4104 3865 4158 quare

2281 4191 2335 4235 et
2361 4199 2392 4233 a
2423 4195 2640 4235 necesse
2667 4189 2748 4234 est
2777 4181 2932 4234 alicui
2954 4181 2983 4232 ὁ
3019 4193 3124 4234 non
3155 4181 3349 4235 inesse.
3405 4180 3638 4244 Quando
3687 4188 3863 4234 autem

2283 4271 2594 4337 privativum
2616 4273 2826 4339 ponitur
2845 4271 2908 4323 ad
2930 4271 3186 4324 minorem
3213 4271 3631 4335 extremitatem,
3660 4270 3705 4323 si
3735 4282 3858 4324 con-

2282 4361 2493 4427 tingens
2523 4361 2758 4428 quidem,
2793 4361 2892 4415 erit
2914 4359 3253 4429 syllogismus
3281 4367 3643 4429 transsumpta
3663 4373 3858 4429 propo-

2280 4449 2494 4516 sitione,
2530 4451 2980 4518 quemadmodum
3005 4458 3060 4504 et
3088 4449 3138 4504 in
3165 4449 3451 4525 prioribus.
3482 4451 3538 4506 Si
3564 4460 3740 4505 autem
3773 4467 3861 4506 ne-

2280 4542 2599 4609 cessarium,
2630 4557 2734 4596 non
2757 4544 2877 4597 erit.
2908 4541 3113 4596 Etenim
3145 4555 3362 4596 necesse
3388 4549 3472 4596 est
3486 4542 3633 4597 omni
3657 4552 3710 4596 et
3735 4542 3862 4602 nulll

2281 4633 2550 4701 contingat
2612 4635 2806 4688 inesse.
2867 4633 3102 4688 Termini
3159 4635 3304 4689 omni
3358 4634 3573 4699 inesse,
3627 4647 3863 4700 somnus,

2281 4738 2473 4792 equus,
2505 4725 2777 4778 dormiens
2808 4725 2989 4780 homo.
3022 4724 3160 4779 Nulli
3188 4727 3387 4794 inesse,
3409 4739 3650 4791 somnus,
3675 4740 3862 4796 equus,

2285 4813 2509 4882 vigilans
2533 4815 2711 4868 homo.
2739 4814 2998 4870 Similiter
3026 4825 3202 4871 autem
3233 4831 3292 4871 se
3331 4816 3564 4883 habebit,
3609 4825 3662 4871 et
3705 4817 3749 4869 si
3780 4817 3864 4870 hic

2283 4906 2497 4973 quidem
2530 4908 2876 4959 terminorum
2899 4907 2968 4962 sit
2992 4907 3329 4972 universalis,
3355 4907 3446 4963 ille
3483 4917 3658 4962 autem
3711 4909 3862 4976 parti-

2283 4996 2478 5050 cularis
2508 4997 2570 5049 ad
2597 4998 2848 5062 medium,
2877 5011 2997 5049 nam
3045 5000 3087 5051 si
3125 5000 3332 5066 utrique
3356 4999 3464 5052 sint
3510 4999 3864 5068 praedicalivi,

2285 5089 2401 5157 ejus
2422 5089 2563 5157 quod
2596 5102 2674 5144 est
2693 5090 3021 5159 contingere,
3045 5098 3097 5144 et
3124 5104 3228 5143 non
3255 5089 3373 5159 ejus
3415 5091 3553 5160 quod
3586 5097 3667 5144 est
3693 5090 3866 5144 inesse

2288 5181 2387 5233 erit
2419 5181 2778 5251 syllogismus.
2814 5182 2878 5234 Et
2901 5182 3113 5250 quando
3143 5181 3246 5236 hoc
3301 5181 3514 5251 quidem
3546 5183 3868 5250 privativum

2286 5281 2548 5339 sumetur,
2568 5272 2694 5326 illud
2728 5288 2858 5326 vero
2878 5273 3276 5337 afﬁrmativum,
3301 5275 3661 5328 necessarium
3685 5284 3864 5327 autem

2281 5366 2673 5428 alﬁrmativum.
2700 5365 2856 5434 hujus
2887 5366 3027 5436 quod
3055 5376 3136 5420 est
3161 5365 3488 5434 contingere.
3513 5366 3738 5431 Quando
3769 5381 3866 5418 au-

2281 5467 2388 5512 tem
2419 5459 2734 5528 privativum
2763 5460 3143 5522 necessarium,
3185 5467 3238 5511 et
3263 5457 3536 5512 conclusio
3587 5459 3685 5511 erit
3727 5457 3866 5527 quod

2279 5558 2360 5604 est
2383 5565 2485 5604 non
2516 5551 2720 5618 inesse,
2750 5565 2870 5603 nam
2905 5550 3045 5602 idem
3079 5547 3267 5602 modus
3297 5548 3400 5602 erit
3444 5548 3866 5602 demonstratio-

2280 5640 2382 5704 nis‘,
2417 5651 2470 5695 et
2499 5655 2621 5694 cum
2653 5638 2979 5694 universales
3010 5647 3065 5692 et
3091 5653 3196 5693 non
3229 5639 3561 5694 universales
3586 5650 3708 5693 sunt
3761 5649 3863 5692 ter-

2280 5732 2430 5786 mini.
2458 5733 2686 5786 Necesse
2716 5742 2798 5786 est
2825 5732 2965 5786 enim
3001 5746 3094 5799 per
3137 5731 3360 5800 primam
3406 5733 3627 5802 ﬁguram
3683 5731 3863 5800 perﬁci

2282 5825 2639 5893 syllogismos,
2683 5839 2843 5893 quare
2873 5834 2925 5877 ut
2955 5824 3006 5876 in
3036 5822 3162 5890 illis,
3197 5833 3249 5878 et
3273 5825 3325 5879 in
3367 5824 3448 5880 his
3497 5823 3860 5880 necessarium
