4296 6266
386 367 492 440 ess

1022 354 1327 415 PRIORUM
1367 348 1903 408 ANALYTICORUM
1945 345 2406 407 ARISTOTELIS
2446 353 3020 412 JNTERPRETATIO.

3547 359 3651 417 666

383 478 646 536 accidere.
701 475 924 541 Quando
1001 481 1178 527 autem
1227 468 1544 541 privativum
1596 461 1965 518 universaliter
1992 461 2040 523 Α
2071 460 2332 528 Quoniam
2368 463 2526 531 igitur
2556 467 2812 521 ostensivi
2839 467 3195 526 terminantur
3232 482 3328 542 per
3368 471 3650 542 praedictas

382 579 652 640 sumptum
695 568 912 637 ponitur
937 564 1002 618 ad
1026 564 1287 618 minorem
1314 555 1730 623 extremitatem,
1761 553 1806 608 si
1830 566 1961 607 con-

383 665 596 734 tingens
618 660 853 731 quidem,
884 657 986 712 erit
1028 655 1368 726 syllogismus
1416 666 1512 720 per
1532 658 1961 709 converswnem,

383 756 429 810 si
459 763 636 808 autem
667 749 1027 806 necessarium
1061 747 1152 808 sit,
1179 760 1284 799 non
1303 741 1426 808 erit,
1448 738 1758 797 ostendetur
1785 744 1962 790 autem

383 845 572 902 eodem
607 841 765 896 modo
796 853 900 909 quo
923 845 975 891 et
1002 835 1054 890 in
1087 832 1496 897 universalibus,
1549 839 1603 884 et
1631 842 1725 900 per
1744 824 1964 882 eosdem

383 935 665 988 terminos.
697 928 1030 984 ManifeStum
1062 941 1189 997 ergo
1230 935 1285 981 et
1323 926 1376 980 in
1407 923 1506 978 hac
1537 922 1702 992 ﬁgura
1752 918 1964 991 quando

219 991 238 1006 θ
286 1036 296 1086 ε
383 1022 724 1094 etquomodo
745 1021 847 1076 erit
872 991 1236 1089 syllogismus,
1279 1025 1332 1072 et
1391 1014 1602 1084 quando
1650 1009 1772 1082 ejus
1821 1008 1964 1082 quod

290 1099 301 1195 ξ
382 1124 466 1168 est
487 1113 814 1183 contingere,
839 1121 891 1167 et
907 1111 1121 1180 quando
1140 1109 1257 1178 ejus
1278 1106 1422 1178 quod
1450 1114 1534 1162 est
1554 1106 1750 1160 inesse.
1781 1101 1964 1158 Palam

380 1217 558 1261 autem
587 1216 641 1262 et
670 1206 920 1276 quoniam
941 1219 1128 1259 omnes
1148 1200 1470 1272 imperfecti,
1502 1206 1557 1255 et
1575 1195 1823 1270 quoniam
1843 1208 1965 1265 per-

383 1300 632 1356 ﬁciuntur
678 1314 776 1369 per
805 1299 1032 1369 primam
1059 1297 1303 1367 ﬁguram.

973 1429 1199 1485 CAPUT
1228 1425 1391 1481 XXII.

842 1544 920 1600 De
940 1544 1236 1614 syllogismo
1265 1538 1530 1595 ostensivo.

447 1687 709 1758 Quoniam
725 1686 983 1757 igiturqui
999 1685 1049 1738 in
1066 1685 1149 1740 his
1163 1683 1343 1754 ﬁguris
1359 1688 1482 1737 sunt
1498 1678 1789 1751 syllogismi
1813 1676 1967 1746 perti-

384 1780 600 1836 ciuntur
615 1794 712 1848 per
731 1792 824 1832 eos
836 1778 924 1846 qui
940 1777 991 1830 in
1009 1777 1177 1847 prima
1196 1774 1361 1844 ﬁgura
1373 1780 1498 1835 sunt
1514 1770 1843 1826 universales
1857 1768 1965 1839 syl-

2069 555 2287 627 ﬁguras,
2322 557 2659 612 manifestum
2682 570 2785 615 est.

2629 673 2853 731 CAPUT
2893 674 3077 732 XXIII.

2452 763 2529 821 De
2562 766 2860 836 syllogismo
2889 785 2952 822 ex
2976 768 3260 838 Itypothesi.

2140 858 2404 924 Quoniam
2447 869 2623 914 autem
2653 869 2708 916 et
2734 861 2825 930 qui
2855 861 2921 916 ad
2964 861 3314 930 impossibile,
3347 865 3516 932 palam
3549 864 3650 919 erit

2068 968 2165 1024 per
2199 953 2338 1020 haec,
2382 968 2569 1010 omnes
2614 955 2754 1009 enim
2801 955 2892 1024 qui
2942 968 3037 1024 per
3072 954 3399 1026 impossibile
3426 958 3646 1013 conclu-

2070 1047 2222 1113 dunt,
2266 1046 2457 1101 falsum
2508 1045 2723 1115 quidem
2773 1046 3111 1116 syllogizant.
3159 1045 3310 1112 Quod
3359 1056 3533 1101 autem
3581 1061 3647 1100 ex

2069 1138 2333 1208 principio
2381 1147 2515 1205 erat,
2567 1153 2632 1193 ex
2673 1137 2956 1209 hypothesi
3001 1137 3392 1203 demonstrant,
3436 1139 3648 1208 quando

2069 1228 2270 1298 aliquid
2297 1229 2493 1284 accidit
2541 1229 2871 1298 impossibile
2905 1230 3075 1299 posita
3117 1228 3558 1292 contradictione,
3590 1237 3649 1282 ut

2069 1321 2321 1390 quoniam
2345 1319 2604 1375 diameter
2632 1330 2716 1375 est
2743 1331 3030 1390 asymeter,
3062 1336 3128 1377 eo
3152 1320 3293 1390 quod
3323 1320 3455 1374 ﬁunt
3480 1318 3648 1374 abun-

2071 1412 2249 1466 dantia
2275 1412 2499 1481 :equalia
2531 1412 2798 1480 perfectis,
2828 1413 3003 1483 posito
3024 1421 3280 1482 symetro.
3306 1413 3447 1482 Ergo
3468 1425 3645 1482 aequa-

2069 1502 2142 1556 lia
2190 1502 2404 1572 quidem
2449 1503 2565 1557 ﬁeri
2614 1503 2938 1559 abundantia
2990 1504 3243 1574 perlectis
3287 1504 3640 1575 syllogizant,

2070 1604 2397 1666 asymetrum
2442 1604 2622 1652 autem
2671 1612 2791 1652 esse
2835 1598 3196 1663 diametrum,
3244 1613 3312 1652 ex
3363 1596 3645 1669 hypmhesi

2073 1697 2392 1753 monstrant,
2417 1689 2668 1757 quoniam
2693 1689 2885 1744 falsum
2914 1689 3109 1744 accidit
3137 1697 3354 1758 propter
3373 1689 3646 1744 contradi-

2072 1781 2325 1836 ctionem.
2355 1781 2468 1836 lloc
2493 1782 2637 1836 enim
2679 1780 2780 1837 fuit
2825 1771 2920 1853 per
2948 1781 3280 1852 impossibile
3306 1782 3646 1854 syllogizare,

383 1875 658 1943 logismos,
682 1881 736 1927 et
763 1873 815 1926 in
840 1871 937 1924 hos
955 1871 1303 1936 reducuntur,
1333 1867 1508 1937 palam
1539 1881 1604 1921 ex
1624 1864 1798 1919 dictis.
1816 1863 1964 1930 Quo-
1994 1844 2000 1902 Ῑ

2072 1873 2360 1929 ostendere
2385 1873 2582 1944 aliquid
2615 1841 2949 1943 impossibile
2975 1841 3194 1945 propter
3222 1841 3651 1946 prioremvhypo;

382 1967 524 2020 niam
551 1974 728 2019 autem
757 1963 1074 2032 simpliciter
1098 1961 1272 2016 omnis
1303 1960 1644 2032 syllogismus
1673 1959 1750 2012 sic
1775 1971 1832 2012 se
1866 1957 1964 2012 ha-

381 2056 548 2121 bebit,
575 2071 716 2120 nunc
740 2055 845 2110 erit
871 2054 1230 2119 manifestum,
1257 2067 1378 2108 cum
1401 2060 1652 2107 ostensus
1668 2051 1826 2106 fuerit
1851 2064 1967 2104 om-

381 2152 468 2205 nis
494 2151 580 2219 qui
622 2150 703 2215 tit,
753 2164 846 2217 per
879 2149 1109 2218 aliquam
1150 2147 1337 2202 harum
1369 2147 1657 2215 ﬁgurarum
1687 2144 1822 2200 ﬁeri.
1859 2143 1964 2198 Ne-

379 2256 534 2297 cesse
561 2250 791 2311 estergo
835 2251 1049 2294 omnem
1090 2237 1601 2294 demonstrationem
1649 2245 1703 2291 et
1749 2249 1963 2290 omnem

379 2333 748 2404 syllogismum
783 2339 872 2385 aut
901 2331 1078 2385 inesse
1117 2329 1264 2398 quid,
1327 2335 1417 2382 aut
1438 2342 1543 2381 non
1595 2326 1775 2381 inesse
1805 2339 1964 2379 mon-

379 2435 572 2480 strare.
604 2424 671 2478 Et
708 2424 810 2477 hoc
858 2433 950 2479 aut
976 2420 1376 2485 universaliter,
1423 2429 1513 2474 aut
1550 2418 1960 2489 particulariter,

381 2517 609 2586 amplius
642 2524 732 2569 aut
757 2515 1050 2580 ostensive,
1084 2522 1176 2568 aut
1204 2528 1271 2567 ex
1296 2510 1598 2583 hypothesi.
1629 2509 1758 2578 Ejus
1783 2517 1962 2563 autem

379 2607 520 2678 quod
545 2615 709 2662 estex
742 2606 1044 2677 hypothesi,
1072 2620 1199 2674 pars
1227 2615 1308 2660 est
1339 2619 1433 2674 per
1454 2602 1800 2673 impossibile.
1846 2603 1964 2657 Pri-

378 2718 522 2758 mum
573 2717 700 2772 ergo
727 2701 968 2757 dicemus
1000 2701 1070 2756 de
1096 2700 1402 2764 ostensivis,
1423 2699 1505 2754 his
1529 2699 1674 2753 enim
1706 2699 1960 2763 ostensis,

378 2795 718 2850 manifestum
742 2794 842 2849 erit
868 2802 923 2848 et
948 2793 1016 2848 de
1045 2793 1111 2846 iis
1126 2792 1213 2862 qui
1239 2792 1310 2846 ad
1332 2789 1680 2859 impossibile,
1711 2797 1764 2844 et
1791 2788 1965 2842 omni-

377 2900 448 2940 no
463 2885 528 2940 de
542 2887 604 2939 iis
615 2884 779 2954 quiex
796 2883 1098 2956 hypothesi.
1115 2882 1172 2938 Si
1188 2897 1314 2952 ergo
1335 2880 1729 2950 oporteatadeb
1746 2879 1962 2950 syllogi-

377 2994 517 3044 zare,
540 2978 622 3034 vel
651 2979 847 3043 inesse,
865 2978 948 3032 vel
967 2992 1072 3032 non
1088 2979 1282 3044 inesse,
1303 2991 1522 3032 necesse
1537 2985 1842 3031 estsumere
1864 2975 1964 3030 ali-

377 3073 502 3141 quid
515 3073 582 3127 de
597 3073 794 3142 aliquo.
809 3071 1005 3142 Siergo
1018 3088 1049 3124 a
1064 3079 1303 3125 sumatur
1319 3069 1386 3125 de
1399 3071 1448 3137 b,
1464 3068 1602 3139 quod
1615 3083 1680 3124 ex
1701 3068 1964 3137 principio

2072 1966 2270 2020 thesin.
2302 1966 2477 2032 Quare
2502 1967 2752 2036 quoniam
2785 1967 2950 2022 falsus
2977 1969 3036 2022 ﬁt
3055 1968 3396 2038 syllogismus
3422 1966 3652 2022 ostensi-

2071 2071 2167 2111 vus
2197 2057 2251 2111 in
2279 2057 2363 2112 his
2387 2073 2509 2128 quae
2534 2057 2601 2112 ad
2632 2058 2964 2127 impossibile
2989 2059 3344 2126 deducuntur,
3378 2060 3522 2128 quod
3550 2074 3642 2113 auo

2072 2157 2180 2205 tem
2239 2159 2322 2206 est
2375 2165 2442 2206 ex
2493 2151 2778 2220 principio,
2842 2167 2904 2207 ex
2959 2152 3239 2224 bypotbesi
3297 2160 3646 2218 monstratur.

2071 2242 2375 2297 ostensivos
2420 2251 2598 2297 autem
2641 2243 2871 2299 diximus
2912 2245 3080 2314 prius,
3121 2247 3374 2316 quoniam
3417 2258 3513 2315 per
3554 2244 3647 2300 has

2073 2335 2430 2389 terminantur
2457 2336 2676 2404 ﬁguras,
2705 2336 3041 2392 manifestum
3071 2336 3320 2407 quoniam
3350 2346 3406 2393 et
3435 2351 3532 2407 per
3553 2336 3647 2390 im-

2072 2428 2328 2497 possibile
2355 2429 2647 2498 syllogismi
2682 2444 2774 2497 per
2806 2429 2902 2485 has
2929 2439 3088 2485 erunt
3133 2429 3348 2500 ﬁguras.
3392 2429 3649 2486 Similiter

2071 2528 2251 2576 autem
2280 2530 2334 2576 et
2363 2521 2454 2574 alii
2487 2536 2673 2576 omnes
2696 2522 2787 2589 qui
2816 2531 2939 2577 sunt
2963 2536 3028 2578 ex
3059 2522 3363 2593 hypotbesi,
3395 2522 3449 2577 in
3479 2523 3650 2577 omni-

2070 2613 2174 2668 bus
2222 2613 2304 2668 his
2336 2613 2476 2668 enim
2521 2614 2862 2684 syllogismus
2903 2614 3118 2683 quidem
3168 2615 3225 2669 ﬁt
3251 2614 3321 2669 ad
3359 2621 3651 2669 transsum-
3701 2649 3715 2660 -

2071 2714 2246 2774 ptum,
2275 2704 2416 2773 quod
2456 2715 2631 2759 autem
2674 2715 2846 2760 estex
2895 2705 3177 2775 principio,
3209 2705 3526 2762 terminatur
3559 2719 3653 2776 per

2075 2796 2472 2870 confessionem
2505 2807 2594 2852 aut
2639 2813 2735 2867 per
2764 2797 2998 2868 aliquam
3042 2800 3198 2854 aliam
3228 2799 3572 2870 hypothesin.
3599 2799 3654 2856 Si

2074 2897 2253 2945 autem
2286 2891 2388 2944 hoc
2408 2905 2620 2956 verum,
2647 2905 2867 2945 necesse
2892 2901 2972 2946 est
2994 2904 3207 2945 omnem
3230 2891 3652 2946 demonstratio-

2075 2997 2197 3036 nem
2229 2991 2282 3037 et
2311 2997 2526 3036 omnem
2557 2982 2924 3053 syllogismum
2961 2983 3074 3037 ﬁeri
3116 2997 3212 3052 per
3243 2992 3350 3037 tres
3375 2982 3654 3052 praedictas

2077 3072 2294 3143 ﬁguras.
2325 3073 2436 3128 Hoc
2465 3084 2644 3128 autem
2696 3083 2934 3138 ostenso,
2975 3074 3148 3143 palam
3190 3074 3442 3143 quoniam
3481 3073 3656 3128 omnis

378 3163 480 3218 erit
509 3170 796 3230 sumptum,
819 3162 861 3216 si
885 3169 1060 3215 autem
1085 3177 1117 3213 a
1140 3160 1208 3215 de
1237 3175 1284 3226 c,
1317 3177 1344 3212 c
1375 3167 1550 3213 autem
1573 3157 1640 3212 de
1658 3157 1808 3211 nullo
1827 3157 1956 3224 alio,
1997 3225 2039 3236 Δ·
2074 3164 2419 3235 syllogismus
2451 3164 2724 3233 perﬁcitur
2752 3180 2849 3234 per
2877 3167 3104 3234 primam
3140 3166 3383 3236 ﬁguram,
3416 3173 3473 3222 et
3499 3163 3655 3220 redu-

377 3268 478 3309 nec
511 3254 652 3308 aliud
678 3252 744 3308 de
767 3252 857 3307 illo
897 3269 941 3318 c,
969 3267 1142 3322 neque
1168 3251 1234 3306 de
1279 3269 1311 3304 a
1357 3251 1611 3316 alterum,
1669 3265 1842 3319 neque
1889 3249 1960 3304 de
1991 3225 2041 3289 α
2072 3256 2212 3310 citur
2240 3256 2291 3310 in
2323 3255 2482 3324 hujus
2504 3255 2841 3310 universales
2866 3255 3231 3326 syllogismos.
3360 3257 3364 3260 ’

376 3344 544 3400 altero
573 3361 626 3413 a,
682 3344 857 3398 nullus
906 3345 1008 3399 erit
1052 3343 1412 3414 syllogismus,
1456 3356 1579 3396 nam
1618 3341 1670 3394 in
1718 3355 1786 3395 eo
1816 3342 1962 3410 quod

377 3451 538 3491 unum
567 3436 634 3491 de
655 3451 761 3491 uno
781 3437 1030 3501 sumitur,
1063 3436 1200 3490 nihil
1256 3434 1449 3490 accidit
1507 3449 1572 3489 ex
1616 3435 1959 3501 necessitate,
2011 3462 2017 3490 ε

376 3544 538 3598 quare
559 3530 873 3586 assumenda
899 3541 983 3585 est
1021 3531 1189 3585 altera
1242 3528 1554 3598 prapositio.
1589 3527 1646 3584 Si
1679 3529 1838 3600 igitur
1865 3545 1959 3585 su-
2011 3542 2036 3581 ιλ

376 3630 547 3676 matur
566 3639 597 3674 a
622 3623 687 3677 de
718 3623 848 3690 alio,
871 3630 964 3676 aut
983 3622 1126 3676 aliud
1148 3622 1215 3677 de
1238 3639 1291 3688 ιι,
1313 3630 1405 3676 aut
1425 3621 1493 3676 de
1523 3637 1550 3674 c
1569 3621 1815 3685 alterum,
1838 3636 1963 3678 esse

375 3714 582 3782 quidem
615 3715 980 3786 syllogismum
1005 3714 1135 3770 nihil
1189 3713 1457 3784 prohibet,
1487 3713 1555 3768 ad
1584 3714 1613 3768 ὁ
1642 3723 1818 3770 autem
1851 3730 1960 3771 non

376 3805 478 3860 erit
505 3821 597 3875 per
617 3822 679 3861 ea
701 3823 819 3876 quae
841 3815 1052 3874 sumpta
1066 3814 1210 3870 sunt,
1237 3821 1336 3861 nec
1351 3805 1564 3875 quando
1580 3823 1605 3859 c
1628 3805 1956 3874 inestalteri,
2011 3845 2014 3852 λ

375 3907 430 3952 et
455 3897 583 3952 illud
613 3898 725 3966 alii,
759 3909 813 3952 et
832 3899 932 3954 hoc
957 3899 1130 3966 alteri,
1168 3915 1272 3953 non
1296 3900 1576 3968 copuletur
1599 3909 1776 3956 autem
1809 3901 1873 3955 ad
1903 3903 1959 3969 b,

379 4000 478 4039 nec
511 3987 586 4039 sic
613 3987 713 4040 erit
742 3986 804 4040 ad
835 3990 861 4039 b
907 3988 1245 4056 syllogismus
1270 3988 1429 4056 ipsius
1447 4005 1499 4042 a.
1524 3988 1756 4043 Omnino
1811 3991 1959 4044 enim

376 4075 601 4130 dicimus
631 4077 878 4146 quoniam
929 4076 1100 4132 nullus
1145 4092 1411 4146 nunquam
1461 4080 1564 4133 erit
1614 4079 1961 4149 syllogismus

375 4167 510 4222 alius
531 4167 598 4222 de
624 4168 754 4236 alio,
813 4184 916 4222 non
948 4178 1162 4237 sumpto
1206 4170 1380 4239 aliquo
1436 4171 1636 4237 medio,
1694 4171 1835 4239 quod
1888 4171 1960 4226 ad

373 4267 658 4369 atrumq'f‘e
679 4275 739 4365 Sf:
785 4258 948 4314 habet
974 4274 1214 4369 fimi“?
1460 4261 1956 4369 pradicaliof'i.bu§'
2072 4258 2204 4352 nihil
2246 4298 2312 4352 ad
2353 4258 2453 4353 hoc
2483 4299 2624 4368 quod
2666 4299 2898 4369 positum
2944 4306 3046 4364 est,
3086 4258 3336 4356 siautem
3385 4258 3649 4366 eamdem,

524 4354 1555 4466 fim‘i'fmﬁ’?_q“f‘f?{'[_5TT]???ﬁ"
1575 4370 1959 4463 praposmonf'
2001 4384 2011 4454 ἓ
2070 4393 2212 4464 quod
2242 4409 2306 4449 ex
2347 4395 2615 4463 principio
2650 4404 2791 4461 erat,
2833 4394 3014 4450 sumit.
3048 4393 3211 4466 Magis
3242 4403 3416 4451 autem
3460 4395 3519 4448 ﬁt
3550 4408 3654 4448 ma-

376 4441 478 4497 bus
519 4453 644 4510 est,
689 4445 751 4497 ad
808 4446 908 4500 hoc
967 4457 1142 4501 autem
1192 4447 1533 4518 syllogismus
1583 4467 1646 4506 ex
1710 4451 1963 4522 proposi-
2003 4447 2010 4502 ἓ

373 4537 621 4601 tionibus,
651 4552 766 4607 quae
782 4537 846 4592 ad
878 4537 996 4602 hoc,
1020 4541 1107 4608 qui
1130 4549 1305 4594 autem
1335 4550 1416 4595 est
1441 4541 1596 4611 hujus
1618 4543 1823 4612 adhoc,
1858 4561 1960 4615 per

369 4629 760 4697 pr0positiones
792 4631 946 4702 hujus
976 4634 1040 4687 ad
1071 4635 1536 4704 hoc,impossibile
1567 4649 1648 4694 est
1674 4651 1850 4694 autem
1880 4642 1952 4695 ad

367 4717 396 4768 ὁ
425 4733 636 4776 sumere
688 4725 1141 4793 pr0positionem,
1184 4729 1313 4782 nihil
1360 4746 1534 4800 neque
1591 4733 1951 4801 praedicantes

365 4808 432 4862 de
460 4825 542 4878 eo,
575 4827 746 4881 neque
772 4826 1048 4884 negantes,
1075 4827 1166 4873 aut
1193 4836 1401 4876 rursum
1456 4823 1569 4892 ejus
1595 4824 1736 4893 quod
1781 4833 1863 4879 est
1914 4843 1948 4876 α

362 4901 429 4955 ad
457 4905 505 4968 ὁ,
533 4904 662 4958 nihil
694 4921 979 4963 commune
1003 4922 1296 4980 sumentes,
1333 4914 1425 4968 sed
1473 4917 1746 4986 utriusque
1821 4932 1949 4986 pro-

365 4994 476 5061 pria
504 4995 744 5062 quaedam
776 5000 1146 5068 prtedicantes,
1182 5014 1272 5058 aut
1315 5017 1592 5076 negantes,
1641 5024 1806 5076 quare
1855 5025 1949 5063 su-

362 5087 633 5155 mendum,
667 5090 940 5161 utriusque
987 5096 1126 5163 quod
1181 5098 1392 5167 copulet
1422 5101 1851 5168 praedicationes,
1899 5098 1948 5156 si

361 5178 460 5230 erit
486 5177 640 5247 hujus
665 5181 730 5236 ad
758 5182 857 5237 hoc
878 5184 1239 5254 syllogismus.
1274 5189 1413 5259 Ergo
1440 5194 1481 5244 si
1507 5209 1724 5252 necesse
1739 5208 1818 5252 est
1841 5199 1944 5254 ali-

359 5270 497 5337 quod
530 5286 743 5329 sumere
793 5276 859 5329 ad
909 5287 1193 5348 utrumque
1243 5297 1550 5349 commune,
1607 5281 1709 5343 hoc
1766 5300 1944 5346 autem

358 5361 616 5431 contingit
642 5365 948 5432 tripliciter,
974 5377 1066 5421 aut
1087 5370 1230 5423 enim
1260 5388 1292 5422 a
1323 5373 1389 5426 de
1416 5391 1442 5426 c
1490 5385 1546 5429 et
1582 5377 1650 5431 de
1685 5378 1713 5428 b
1746 5381 1945 5446 prandi-

356 5464 561 5518 cantes,
581 5465 672 5510 aut
692 5473 717 5508 c
739 5459 804 5512 de
827 5461 1088 5529 utrisque,
1119 5475 1208 5516 aut
1235 5473 1461 5536 utraque
1486 5470 1553 5522 de
1581 5486 1628 5534 c,
1655 5471 1736 5526 ha:
1763 5482 1946 5527 autem

353 5555 479 5599 sunt
503 5554 608 5600 tres
628 5548 785 5602 dicta:
816 5551 1017 5618 ﬁguras.
1045 5556 1388 5614 Manifestum
1427 5565 1677 5630 quoniam
1731 5581 1949 5623 omnem

354 5637 724 5708 syllogisnntm
749 5655 972 5696 necesse
999 5655 1080 5699 est
1115 5647 1231 5703 ﬁeri
1261 5666 1357 5719 per
1385 5653 1616 5725 aliquam
1665 5657 1856 5714 harum
1883 5662 1950 5713 tie

355 5753 627 5806 gttrarum.
663 5739 792 5795 Nam
822 5742 1010 5797 eadem
1041 5749 1178 5802 ratio
1204 5759 1308 5818 est,
1338 5755 1436 5809 etsi
1465 5770 1561 5825 per
1603 5759 1754 5830 plura
1786 5776 1954 5831 coim-

358 5838 496 5898 letur
528 5841 592 5898 ad
625 5844 675 5911 ό,
707 5844 896 5903 eadem
925 5845 1065 5938 enim
1115 5853 1218 5907 erit
1274 5855 1440 5926 ﬁgura
1489 5868 1543 5916 et
1597 5862 1649 5920 in
1680 5865 1948 5957 pluribus.

1883 5971 1907 6012 Ι

2110 3423 2114 3426 .
2636 3368 2862 3425 CAPUT
2904 3369 3112 3424 XXIV.‘

2134 3464 2214 3519 De
2239 3463 2488 3535 qualitate
2516 3474 2564 3519 et
2594 3465 2884 3534 quantitate
2916 3464 3248 3519 terminorum
3281 3465 3585 3536 syllogismi.

2144 3560 2388 3630 Amplius
2418 3567 2594 3615 autem
2628 3560 2682 3614 in
2711 3561 2961 3616 omnibus
2983 3561 3444 3632 oporteLaliquem
3470 3572 3652 3617 ternu-

2073 3666 2264 3707 norum
2311 3652 2705 3722 praedicativum
2740 3670 2859 3709 esse
2889 3664 2943 3709 et
2973 3655 3352 3721 universalem,
3393 3656 3506 3711 sine
3538 3656 3654 3710 uni-

2071 3743 2271 3799 versali
2311 3745 2452 3799 enim
2500 3761 2604 3800 non
2636 3745 2738 3801 erit
2783 3747 3144 3817 syllogismus,
3180 3757 3270 3802 aut
3316 3763 3420 3803 non
3460 3748 3526 3803 ad
3557 3747 3654 3804 hoc

2073 3839 2214 3902 quod
2261 3837 2493 3905 positum
2525 3847 2627 3903 est,
2675 3847 2768 3892 aut
2811 3839 2951 3908 quod
2983 3856 3045 3893 ex
3077 3841 3338 3910 principio
3366 3851 3450 3898 est
3490 3851 3650 3911 petet.

2073 3927 2309 3984 Ponatur
2341 3929 2483 3984 enim
2512 3930 2770 3984 musicam
2803 3925 3128 3997 voluptatem
3169 3947 3288 3987 esse
3331 3933 3649 4000 studiosam,

2073 4021 2119 4074 si
2152 4036 2278 4090 ergo
2322 4023 2627 4091 poposcerit
2660 4020 2983 4089 voluptatem
3033 4035 3153 4076 esse
3195 4025 3513 4089 studiosam,
3548 4041 3653 4078 non

2070 4111 2276 4167 addens
2305 4128 2542 4177 omnem,
2570 4127 2675 4167 non
2721 4112 2822 4166 erit
2854 4110 3220 4180 syllogismus,
3256 4113 3300 4166 si
3346 4123 3523 4168 autem
3556 4115 3652 4167 ali-

2071 4219 2228 4274 quam
2274 4204 2602 4274 voluptatem
2639 4217 2758 4260 esse
2787 4202 3104 4270 studiosam,
3138 4205 3184 4260 si
3222 4205 3380 4260 aliam
3412 4206 3652 4276 quidem,

2069 4485 2322 4540 nifestum
2352 4489 2405 4540 in
2453 4485 2655 4553 ﬁguris,
2691 4496 2749 4541 ut
2785 4487 3037 4556 quoniam
3083 4486 3394 4556 aaquicruris
3422 4485 3653 4557 aequales

2076 4586 2205 4632 sunt
2234 4576 2434 4645 anguli,
2466 4579 2552 4646 qui
2602 4588 2726 4632 sunt
2761 4578 2826 4631 ad
2866 4577 3075 4632 basim:
3107 4579 3214 4633 sint
3253 4577 3395 4635 enim
3444 4578 3496 4634 in
3528 4595 3654 4635 cen-

2074 4676 2212 4722 trum
2246 4669 2417 4723 ductze
2449 4686 2479 4720 a
2501 4669 2553 4732 ὁ,
2595 4670 2637 4722 si
2672 4684 2798 4740 ergo
2836 4669 3096 4745 (aqualem
3126 4673 3416 4740 sumpserit
3449 4689 3482 4726 a
3504 4689 3530 4724 c
3562 4689 3654 4726 an-

2070 4761 2251 4830 gulum
2285 4761 2331 4815 ei
2377 4759 2468 4830 qui
2513 4769 2595 4814 est
2639 4762 2667 4813 la
2696 4761 2749 4825 Δ,
2800 4775 2905 4815 ηοη
2938 4761 3156 4818 omnino
3193 4771 3382 4833 petens
3421 4765 3654 4833 aequales

2071 4870 2164 4910 eos
2194 4855 2281 4924 qui
2311 4862 2436 4908 sunt
2471 4853 2957 4923 semicirculorum,
3004 4864 3057 4909 et
3084 4871 3293 4912 rursum
3324 4875 3350 4910 ιτ
3375 4858 3424 4911 ei
3451 4859 3540 4928 qui
3574 4867 3656 4914 est

2073 4950 2131 5013 d,
2160 4964 2262 5002 non
2287 4962 2500 5003 onmem
2526 4963 2806 5003 assumens
2829 4964 2949 5003 eum
2979 4951 3070 5019 qui
3093 4959 3175 5006 est
3205 4950 3500 5006 incisionis.
3527 4953 3655 5006 Am-

2076 5041 2233 5109 plius,
2267 5042 2332 5096 ab
2356 5041 2648 5110 mqualibus
2679 5042 3036 5096 eximentibus
3069 5045 3191 5097 totis
3220 5042 3450 5114 angulis,
3479 5057 3655 5112 aequa-

2076 5133 2215 5188 libus
2260 5134 2511 5203 demptis,
2557 5134 2792 5204 aequales
2840 5149 2959 5190 esse
3002 5135 3260 5206 reliquos,
3306 5137 3510 5192 scilicet
3551 5155 3578 5190 ρ
3608 5141 3648 5208 f,

2075 5226 2304 5295 quodex
2339 5227 2597 5295 principio
2626 5235 2710 5281 est
2743 5235 2908 5296 petet,
2958 5227 3056 5282 nisi
3096 5238 3271 5282 sumat
3298 5229 3366 5284 ab
3405 5228 3654 5284 omnibus

2075 5319 2386 5387 :equalibus,
2421 5319 2585 5388 :equis
2617 5318 2871 5387 demptis,
2906 5321 3127 5389 mqualia
3160 5320 3410 5390 relinqui.
3434 5320 3654 5378 Manife-

2071 5419 2212 5463 stum
2245 5411 2401 5480 igitur
2430 5412 2680 5481 quoniam
2717 5414 2768 5465 in
2794 5413 2940 5467 omni
2964 5413 3276 5483 syllogismo
3303 5426 3515 5482 oportet
3544 5417 3632 5471 uni

2072 5502 2282 5556 versate
2311 5519 2451 5558 esse.
2489 5504 2553 5557 Et
2583 5504 2833 5572 quoniam
2873 5504 3170 5560 universale
3198 5507 3412 5575 quidem
3445 5525 3508 5563 ex
3537 5523 3652 5564 om-

2067 5593 2230 5648 nibus
2254 5595 2495 5649 terminis
2526 5594 2922 5650 universalibus
2948 5605 3297 5665 monstratur,
3331 5601 3653 5669 particulare

2070 5694 2248 5741 autem
2274 5696 2326 5741 et
2353 5685 2452 5749 sic,
2483 5696 2536 5739 et
2557 5687 2731 5741 aliter.
2765 5688 2943 5752 Quare
2972 5689 3016 5743 si
3043 5689 3318 5744 conclusio
3343 5692 3409 5746 sit
3439 5694 3649 5748 univer-

2072 5779 2220 5840 salis,
2252 5789 2305 5831 et
2353 5778 2610 5832 terminos
2663 5793 2885 5835 necesse
2929 5790 3012 5837 est
3049 5781 3382 5858 universales
3426 5799 3564 5847 esse,
3607 5786 3650 5840 si

2073 5876 2250 5926 autem
2279 5867 2606 5925 universales
2637 5873 2743 5927 sint
2781 5876 3018 5945 termini,
3065 5875 3325 5946 contingit
3351 5878 3649 5934 conclusio-
